2540 4016
1077 115 1098 143 4

290 182 387 236 1175

725 191 764 226 Β.
793 189 963 226 RABANI
989 188 1137 227 MAUR!
1161 189 1374 227 ARCHIEP.
1402 189 1607 231 MOGUNT.
1633 193 1822 232 OPERUM
1847 194 1966 232 PARS
1990 194 2017 231 1.

2363 196 2456 234 11⁷6

341 266 534 306 Abimelech
568 277 702 312 quoque
733 266 878 300 audiens
910 266 1001 301 viros
1028 267 1135 302 turris
1171 266 1345 302 Siclnimo-
1361 266 1450 308 Ain
1469 267 1588 304 Sanir.
1618 269 1878 316 Septuaginta:
1901 269 1948 306 Ει
1982 270 2134 306 surrexit
2149 275 2226 318 post
2243 270 2463 316 Abimelech,

293 343 368 366 -um
386 325 518 372 pariter
532 325 754 372 conglobatos
765 352 775 368 ,
804 325 960 361 ascendit
976 326 1014 362 in
1031 331 1183 362 montem
1199 325 1344 363 Selmon

291 397 368 422 cum
385 386 481 422 omni
494 386 621 433 populo
641 397 728 429 suo‚·
748 392 794 430 et,
811 393 952 432 arrepta
965 388 1091 430 securi,
1110 387 1267 433 praecidit
1285 399 1343 423 ar-

291 444 383 480 boris
400 455 551 486 ramum,
569 445 836 492 impositumque
861 446 974 491 ferens
992 447 1136 482 humero
1149 474 1159 490 ,
1188 448 1277 483 dixu
1297 447 1342 483 ad

288 506 397 540 socios
414 516 426 540 .·
444 504 545 547 Quod
564 517 618 541 me
637 506 756 541 videtis
778 507 907 552 facere,
923 508 989 543 cito
1004 508 1120 553 facite.
1138 508 1254 555 Igitur
1265 521 1342 545 cer-

290 566 389 600 tatim
415 576 531 600 ramos
559 565 602 600 de
632 565 816 603 arboribus
853 568 1077 613 praecidentes
1111 570 1343 615 sequebantur

287 624 428 667 ducem,
469 625 529 670 qui
566 625 820 661 circumdantes
854 627 1018 672 praesidio
1030 655 1040 671 ,
1071 628 1337 664 succenderunt.

287 684 395 731 Atque
420 684 469 719 ita
489 684 620 728 sactum
640 691 702 726 est,
724 691 762 719 ut
786 685 882 731 fumo
901 691 933 722 et
953 687 1031 733 ique
1048 687 1144 722 mille
1159 688 1339 722 bantinum

289 750 506 786 necarentur,
525 744 589 779 viri
607 746 740 790 pariter
769 756 810 780 ac
829 745 990 782 mulieres
1014 747 1249 782 habitatorum
1267 753 1341 781 tur-

285 807 332 841 ris
350 805 501 847 Siclzem,
519 810 589 841 etc.
606 805 698 848 Nota
727 814 782 842 est
811 807 962 844 historia
983 809 1160 854 quomodo
1194 809 1339 844 Abime-

284 865 364 902 lech
385 866 842 910 Sichimitas,dissensione
857 879 899 904 ac
915 869 1089 905 seditione
1106 869 1213 913 faeta,
1234 880 1338 915 supe-

286 928 378 962 ravit
399 933 504 973 atque
530 928 724 964 interemit.
749 928 820 965 Sed
843 930 957 976 magis
978 929 1079 975 juvat
1095 930 1290 973 lectorem,
1306 931 1337 966 si

281 988 486 1034 allegoriam
499 988 585 1024 sacti
603 999 690 1024 sano
707 989 790 1025 fidei
808 990 913 1026 oculo
938 991 1079 1026 intente
1095 991 1335 1035 prospexerit.

282 1048 394 1092 Quem
410 1056 529 1085 autem
549 1049 678 1085 melius
692 1050 761 1085 iste
774 1049 982 1086 Abimelech
1000 1051 1253 1086 seditiosorum
1273 1060 1337 1085 rex

280 1118 387 1152 quam
406 1109 665 1145 Antichristum
684 1135 693 1150 ‚
728 1109 888 1143 omnium
913 1109 1118 1153 iniquorum
1150 1114 1256 1153 caput
1295 1119 1337 1144 ae

1410 328 1469 374 qui
1489 328 1622 364 salvum
1641 330 1769 376 faceret
1785 330 1911 374 Israel,
1931 330 2054 372 Thala,
2076 329 2172 375 filius
2199 333 2308 378 patris
2338 324 2462 377 fratrib
2493 334 2496 342 '

1410 386 1499 433 ejus,
1517 390 1570 424 vir
1587 389 1748 425 Isaohar.
1766 389 1899 426 Filium
1925 390 2045 436 patrui
2061 388 2139 434 ejus
2155 389 2247 426 dixit
2261 390 2375 436 filium
2389 391 2465 437 fra-

1410 449 1474 484 tris
1489 450 1601 496 patris
1621 449 1696 495 ejus
1712 475 1723 492 ,
1763 460 1845 486 cum
1875 451 2075 486 ordinatius
2097 455 2134 486 et
2156 450 2326 505 ugtatius
2354 457 2464 497 atque

1410 510 1568 554 apertius
1579 509 1771 552 diceretur,
1783 509 1896 544 tilium
1904 509 2028 548 fratris
2033 510 2148 557 patris
2154 510 2234 557 ejus
2243 522 2253 554 ;
2262 511 2357 548 filius
2365 512 2462 548 enim

1409 573 1487 603 erat
1502 569 1623 614 patrui
1657 568 1749 613 ejus,
1767 569 1862 605 sicut
1876 564 2076 606 evidentius
2104 571 2142 607 in
2171 581 2214 607 ea
2247 572 2464 617 interpreta-

1408 627 1507 663 tione
1526 637 1606 672 quae
1622 637 1666 663 ex
1681 628 1833 664 Hebraeo
1853 634 1926 672 est,
1954 630 2148 666 invenitur.
2165 630 2242 667 Nou
2259 642 2346 678 ergo
2366 632 2463 678 quod

1409 687 1544 723 dictum
1561 693 1617 724 est
1634 690 1743 734 patris
1761 690 1894 735 fratris,
1908 691 1953 726 ab
1967 701 2010 727 eo
2024 692 2243 728 declinatum
2258 698 2315 729 est
2336 694 2373 729 in
2387 703 2459 730 no-

1407 747 1595 790 minativo,
1612 754 1711 793 pater
1731 748 1853 794 fratris
1862 762 1875 793 ;
1907 751 1970 787 sed
2000 752 2045 786 ab
2078 762 2121 787 eo
2143 753 2239 797 quod
2273 758 2328 788 est
2351 753 2460 798 patris

1407 807 1536 852 [rotem
1558 809 1626 844 hoc
1642 814 1697 845 est
1721 811 1817 846 enim
1836 816 1999 856 patruus.
2021 811 2112 847 Nam
2132 813 2207 848 sive
2242 817 2396 859 ponatur
2423 813 2460 848 in

1406 869 1640 913 nominativo,
1656 871 1711 906 hic
1727 878 1825 917 pater
1845 872 1966 918 [ratris
1979 899 1989 916 ,
2009 873 2083 908 sive
2097 877 2266 918 ponatur,
2281 873 2337 908 hic
2350 874 2460 919 patris

1408 929 1517 975 frater
1532 931 1728 977 genitivum
1746 932 1858 976 facit,
1890 933 1996 979 hujus
2025 935 2135 980 patris
2157 934 2291 977 [ratris.
2325 934 2460 970 Verum
2495 923 2498 927 ⁴

1407 990 1519 1026 altera
1539 992 1655 1027 oritur
1669 994 1839 1037 quaestio;
1870 994 2049 1039 quomodo
2065 994 2175 1029 fuerit
2199 999 2349 1039 patruus
2374 993 2461 1030 Abi-

1406 1051 1544 1087 melech
1562 1052 1618 1088 vir
1634 1052 1790 1096 lsachar,
1811 1054 1847 1088 id
1863 1059 1930 1096 est,
1952 1055 2007 1088 vir
2026 1055 2069 1090 de
2092 1054 2186 1089 trihu
2201 1053 2359 1097 Isachar‚
2375 1065 2458 1090 cum

1406 1111 1614 1149 Abimelech
1640 1121 1779 1160 patrem
1805 1115 1971 1150 habuerit
2001 1114 2144 1150 Gedeon
2162 1143 2172 1158 ‚
2207 1115 2268 1161 qui
2306 1115 2451 1151 Gedeon

279 1169 496 1214 principem,
516 1179 707 1214 possumus
735 1169 934 1214 intelligere
951 1195 959 1211 ,
996 1169 1056 1212 qui
1088 1168 1184 1204 viros
1223 1169 1334 1204 turris
1353 1164 1385 1203 B
1404 1171 1448 1206 de
1465 1172 1560 1207 tribu
1573 1172 1833 1209 fuitManasse?
1850 1174 2035 1217 Quomodo
2052 1183 2137 1219 ergo
2150 1173 2251 1208 Phua
2262 1179 2298 1208 et
2312 1173 2456 1209 Gedeon

281 1228 524 1265 Sicliimorum
555 1231 662 1265 ramis
695 1230 855 1274 praeeisis
882 1230 925 1264 de
943 1234 1064 1264 monte
1086 1228 1251 1271 Selm0n‚
1269 1239 1334 1274 per

277 1290 414 1325 fumum
434 1296 470 1325 et
499 1290 619 1335 ignem
635 1290 827 1331 exstinxit,
857 1300 938 1324 cum
965 1289 1136 1334 superbos
1172 1298 1335 1333 quosque

276 1353 406 1386 mentis
426 1352 647 1387 obscuritate
674 1351 833 1386 obcrccat
853 1360 894 1385 ac
917 1350 998 1394 igne
1016 1349 1221 1394 cupiditatis
1250 1358 1335 1383 ene-

274 1410 356 1446 cat?
374 1410 584 1447 Ahimelech
597 1421 696 1457 ergo,
714 1411 824 1456 frater
844 1421 940 1446 meus
968 1421 1029 1444 rex
1047 1410 1330 1455 interpretatum

276 1469 474 1506 Sichimitae
487 1471 623 1506 humeri
632 1483 645 1514 ;
669 1478 704 1507 et
721 1471 865 1507 Selmon
879 1471 1109 1506 consentiens.
1123 1469 1236 1516 Igitur
1248 1469 1334 1505 Abi-

274 1531 425 1573 mclech,
443 1532 599 1578 degener
616 1539 652 1568 et
671 1533 845 1578 reprobus
861 1543 938 1575 rex,
952 1532 1160 1568 Sichimitas
1176 1533 1213 1567 in
1234 1537 1333 1567 turre

274 1594 532 1637 consistentes,
563 1604 628 1640 per
651 1596 820 1631 arborum
843 1605 990 1630 suarum
1019 1594 1164 1630 frondes
1184 1602 1333 1629 succen-

273 1664 332 1690 sos
358 1656 501 1697 occidit,
521 1666 603 1691 cum
631 1656 872 1693 Antichristus
901 1667 963 1692 eos
995 1656 1056 1701 qui
1087 1656 1122 1691 in
1156 1654 1331 1700 superbiae

273 1720 410 1750 turrem
431 1717 572 1752 arbitrii
593 1717 647 1752 sui
682 1717 846 1753 libertate
866 1717 967 1763 potiti
992 1717 1250 1757 conscendunt,
1274 1725 1331 1750 ra-

271 1785 350 1811 mos
363 1776 533 1811 arborum
552 1777 596 1812 de
618 1782 740 1813 monte
765 1777 921 1820 selmon,
942 1778 1011 1814 hoe
1026 1782 1081 1813 est
1098 1803 1107 1819 ,
1142 1776 1330 1811 hominum

270 1838 507 1881 reproborum
527 1838 692 1883 nequiter
716 1838 783 1873 sibi
805 1837 1107 1874 consentientium
1143 1841 1246 1871 actus
1278 1845 1330 1871 se-

270 1897 348 1931 curi
365 1898 534 1942 nequitiae
559 1908 632 1933 suae
663 1908 704 1933 ac
728 1899 799 1933 doli
828 1903 1032 1943 amputans,
1052 1896 1176 1932 oculos
1195 1895 1328 1931 mentis

268 1957 365 1994 sumo
383 1959 541 2004 perfidiae
564 1960 735 2000 obcaecat,
755 1970 796 1994 ac
827 1959 908 2005 igne
938 1957 1072 1993 suroris
1091 1962 1198 2003 atque
1230 1956 1329 2001 cupi-

269 2020 389 2055 ditatis
410 2021 571 2057 suffocat.
593 2021 664 2057 Sed
688 2021 780 2056 sicut
795 2020 1005 2056 Abimeleeh
1030 2024 1109 2064 post
1126 2017 1328 2054 consectam

267 2081 400 2116 eaedem
416 2084 629 2128 condignam
647 2085 817 2119 ultionem
838 2084 964 2120 mortis
992 2082 1325 2128 recompensatione

267 2143 417 2187 recepit,
435 2143 485 2177 ita
502 2149 537 2178 et
555 2145 631 2187 ipse
646 2144 891 2179 Antichristus
909 2149 991 2188 post
1019 2142 1233 2187 completam
1248 2152 1325 2176 ma-

266 2203 380 2238 litiam
395 2214 497 2239 suam
528 2204 564 2239 in
586 2204 742 2240 caedibus
761 2210 983 2247 sanctorum,
1002 2210 1146 2239 aeternae
1174 2205 1323 2239 damna-

267 2263 376 2298 tionis
403 2263 621 2305 mercedem,
637 2263 734 2307 justo
766 2264 886 2309 judice
913 2264 1157 2306 retribuente,
1196 2263 1233 2297 in
1253 2262 1325 2297 fine

266 2323 459 2368 percipiet;
483 2323 551 2358 hoc
574 2323 672 2358 enim
692 2328 954 2368 consequenter
979 2322 1134 2367 scriptor
1162 2321 1325 2356 historice

266 2383 447 2418 narrando
467 2382 659 2427 exprimit,
695 2392 776 2418 cum
794 2382 950 2418 ostendit
977 2381 1186 2417 Abimeleeh
1213 2391 1324 2426 oppu-

267 2449 437 2489 gnantem
473 2448 608 2478 turrem
630 2441 750 2487 oppidi
777 2440 944 2483 Thebes,
978 2440 1130 2475 muliere
1160 2439 1324 2484 fragmen

267 2503 370 2539 molae
389 2502 498 2548 capiti
524 2501 602 2547 ejus
620 2502 774 2548 desuper
796 2501 980 2546 injiciente
998 2528 1007 2542 ‚
1051 2510 1094 2535 ac
1135 2500 1324 2535 cerebrum

267 2564 545 2605 comminuente,
567 2562 791 2598 occubuisse.
824 2562 916 2605 Quid
935 2561 1031 2596 enim
1049 2561 1229 2607 significat
1247 2561 1326 2596 haec

266 2626 408 2669 mulier,
430 2626 499 2661 nisi
517 2630 676 2661 sanctam
695 2624 894 2660 Ecclesiam
909 2650 917 2666 ,
957 2633 1036 2669 quse
1067 2633 1132 2668 per
1161 2622 1325 2668 fragmen

268 2687 385 2729 molas,
406 2688 474 2721 hoc
492 2692 558 2728 est,
579 2697 643 2731 per
659 2686 857 2722 sententias
875 2695 985 2721 sacrae
1007 2684 1204 2729 Scriptura}
1219 2689 1326 2730 capnt

266 2750 494 2791 Antichristi‚
511 2750 606 2794 quod
622 2754 676 2785 est
690 2749 865 2790 diabolus,
883 2748 1055 2790 conterit;
1076 2758 1118 2782 ac
1135 2747 1325 2783 cerebrum

268 2811 344 2856 ejus
362 2811 588 2853 comminuit,
606 2821 684 2846 cum
705 2820 848 2846 sensnm
864 2810 1009 2845 malitiae
1031 2819 1104 2845 suae
1132 2809 1323 2851 subvertit,

268 2873 410 2916 quando
439 2870 515 2915 jam
548 2871 753 2906 hominibus
789 2870 1039 2916 praedicando,
1074 2881 1116 2905 ac
1148 2870 1325 2905 bonorum

1402 1232 1532 1268 fratres
1552 1233 1715 1276 fuerunt,
1734 1239 1774 1269 ut
1794 1234 1907 1278 possit
1925 1243 2004 1270 esse
2019 1234 2120 1269 Phua
2146 1240 2296 1279 patruus
2313 1235 2458 1271 Abime-

1402 1291 1493 1334 lech,
1515 1292 1615 1336 cujus
1633 1294 1752 1338 patrui
1771 1293 1865 1328 filius
1893 1294 2006 1329 Thola
2030 1295 2237 1331 succederet
2261 1297 2457 1333 secundum

1403 1351 1507 1387 istam
1530 1354 1773 1390 narrationem
1795 1355 1861 1400 ipsi
1877 1355 2108 1392 Abimelech?
2137 1356 2338 1394 Potuerunt
2368 1369 2456 1404 ergo

1401 1412 1546 1448 Gedeon
1578 1420 1614 1450 et
1639 1415 1738 1450 Phua
1759 1426 1868 1451 unam
1889 1417 2023 1453 habere
2053 1422 2222 1461 matrem,
2239 1428 2283 1454 ex
2304 1429 2374 1464 qua
2402 1421 2456 1456 di-

1401 1473 1515 1509 versis
1545 1475 1707 1519 patribus
1727 1484 1974 1519 nascerentur,
1994 1483 2031 1513 et
2058 1477 2191 1514 fratres
2209 1484 2331 1515 essent
2349 1480 2456 1515 unius

1400 1534 1528 1570 matris
1554 1535 1631 1575 filii,
1650 1547 1722 1573 non
1743 1538 1848 1573 unius
1864 1538 1990 1584 patris.
2012 1537 2183 1574 Solebant
2197 1539 2292 1574 enim
2318 1540 2455 1575 nubere

1400 1593 1541 1630 feminae
1559 1596 1602 1632 de
1615 1597 1694 1632 aliis
1710 1598 1875 1634 tribubus
1895 1599 1931 1633 in
1950 1598 2037 1634 alias
2055 1599 2192 1634 tribus:
2208 1599 2301 1634 unde
2318 1603 2353 1634 et
2369 1598 2456 1634 Saul

1400 1666 1480 1692 cum
1497 1663 1592 1694 esset
1611 1659 1654 1694 de
1674 1659 1770 1694 tribu
1787 1658 1985 1704 Benjamin,
2001 1660 2099 1695 dedit
2130 1659 2242 1695 filiam
2261 1670 2362 1696 suam
2388 1661 2456 1695 Da-

1398 1717 1458 1752 vid
1473 1718 1610 1753 homini
1629 1719 1780 1754 detribu
1799 1718 1907 1762 Juda;
1935 1725 1970 1755 et
1986 1720 2154 1756 sacerdos
2170 1719 2270 1756 Judae
2289 1748 2298 1763 ,
2328 1721 2454 1766 utique

1398 1777 1505 1814 homo
1521 1779 1564 1814 de
1581 1779 1676 1815 tribu
1687 1779 1787 1829 Levi,
1811 1780 1912 1815 duxit
1938 1780 2048 1816 liliam
2073 1780 2192 1816 Joram
2214 1781 2319 1827 regis,
2338 1781 2454 1817 homi-

1398 1837 1454 1873 1115
1474 1838 1517 1873 de
1539 1839 1634 1874 tribu
1654 1837 1758 1874 Juda.
1783 1839 1874 1875 Hinc
1903 1839 2039 1876 factum
2059 1845 2126 1884 est,
2148 1846 2188 1876 ut
2214 1841 2397 1877 Elisabeth
2416 1846 2452 1877 et

1398 1897 1510 1934 Maria
1525 1906 1695 1945 cognatas
1719 1901 1755 1936 in
1781 1901 1974 1947 Evangelio
1999 1902 2177 1949 legimus(
2197 1902 2283 1938 Luc.
2307 1902 2349 1950 1),
2369 1913 2452 1938 cum

1397 1957 1507 1993 suerit
1521 1959 1702 1995 Elisabeth
1720 1962 1762 1996 de
1778 1962 1917 1997 filiabus
1934 1962 2052 1998 Aaron
2070 1975 2077 1997 :
2095 1973 2140 1998 ex
2155 1973 2225 2008 quo
2240 1963 2452 2008 intelligitur

1397 2019 1441 2054 de
1456 2019 1550 2054 trihu
1567 2019 1652 2054 Levi
1671 2025 1707 2054 et
1737 2021 1877 2056 filiabus
1893 2022 2014 2057 Aaron
2030 2023 2187 2067 aliquam
2221 2024 2385 2067 nupsisse
2413 2023 2450 2058 in

1397 2079 1528 2114 tribum
1547 2078 1688 2123 Judam,
1716 2080 1811 2116 unde
1832 2081 1882 2116 ita
1906 2081 2008 2117 fieret
2040 2082 2134 2117 iuter
2169 2081 2293 2117 ambas
2313 2082 2372 2117 illa
2391 2092 2451 2117 co-

1393 2140 1526 2182 gnatio,
1550 2145 1589 2174 ut
1617 2141 1758 2176 Domini
1780 2151 1863 2176 caro
1890 2152 1962 2177 non
1986 2141 2101 2177 solum
2127 2142 2170 2177 de
2187 2142 2300 2188 regia,
2324 2152 2451 2179 verum

1393 2200 1500 2234 etiam
1519 2199 1563 2234 de
1577 2201 1791 2236 sacerdotali
1813 2202 1924 2246 stirpe
1939 2207 2213 2247 propagaretur.

1440 2259 1535 2294 Huic
1551 2262 1715 2296 successit
1733 2261 1812 2297 Jair
1833 2259 2046 2303 Galaadites,
2066 2263 2125 2308 qui
2145 2262 2318 2308 judicavit
2336 2262 2451 2300 Israel

1393 2332 1454 2367 per
1471 2321 1591 2366 viginti
1610 2326 1643 2355 et
1667 2322 1753 2357 duos
1772 2332 1895 2365 annos,
1918 2323 2046 2358 habens
2065 2323 2208 2369 triginta
2226 2323 2319 2369 filios
2333 2324 2451 2360 seden-

1393 2388 1442 2417 tes
1464 2392 1567 2427 super
1588 2382 1730 2427 triginta
1751 2382 1865 2427 pullos
1895 2383 2074 2418 asinarum
2092 2411 2101 2426 ,
2133 2389 2164 2418 et
2195 2385 2367 2430 principes
2389 2384 2452 2418 tri-

1392 2442 1489 2488 9inta
1517 2442 1709 2485 civitatum,
1736 2453 1813 2488 quw
1839 2453 1881 2478 ex
1909 2444 2048 2478 nomine
2065 2443 2141 2489 ejus
2155 2444 2337 2490 appellatio
2368 2451 2450 2479 sunt

1392 2502 1502 2537 Avoth
1522 2501 1614 2544 Jair,
1634 2502 1670 2537 id
1690 2508 1753 2546 est,
1777 2503 1903 2549 oppida
1936 2503 2016 2538 Jair
2045 2515 2152 2550 usque
2175 2504 2213 2539 in
2246 2510 2449 2550 proesentem

1393 2563 1484 2598 diem
1503 2564 1540 2598 in
1554 2569 1647 2599 terra
1668 2562 1819 2599 Galaad.
1841 2563 2068 2610 Mortuusque
2087 2571 2137 2600 est
2162 2563 2187 2599 J
2189 2565 2255 2607 air,
2274 2575 2316 2600 ac
2331 2564 2449 2611 sepul-

1394 2631 1448 2660 lus
1466 2625 1502 2660 in
1517 2624 1591 2660 loco
1622 2626 1744 2660 cuiest
1769 2624 1974 2660 vocabulum
2006 2625 2152 2661 Gomon.
2186 2625 2298 2670 Quem
2329 2631 2450 2662 autem

1393 2684 1470 2720 Jair
1491 2686 1559 2721 iste
1575 2685 1779 2721 Galaadites
1802 2685 1930 2721 melius
1947 2685 2111 2732 designat
2128 2713 2137 2729 ,
2169 2695 2276 2731 quam
2296 2684 2452 2721 Redem-

1392 2751 1534 2790 ptorem
1552 2749 1730 2788 nostrum,
1746 2745 1806 2790 qui
1827 2745 1899 2780 dux
1929 2749 1966 2780 et
1984 2755 2045 2780 rex
2064 2749 2120 2780 cst
2135 2745 2255 2790 populi
2273 2743 2450 2780 Christia-

1393 2804 1455 2839 ni?
1486 2804 1588 2848 Quod
1607 2804 1699 2840 bene
1719 2804 1795 2850 ipsa
1815 2804 2065 2840 demonstrant
2082 2804 2241 2839 nomina.
2259 2802 2335 2838 Jair
2351 2803 2448 2839 enim

1394 2865 1654 2910 interpretatur
1683 2863 1887 2900 illuminans
1902 2891 1911 2908 ,
1949 2870 1986 2900 et
2018 2864 2152 2901 Galaad
2230 2864 2263 2913 j„
2279 2874 2320 2898 us
2359 2865 2452 2899 testi-

268 2943 418 2978 operum
435 2933 598 2977 exempla
617 2932 914 2973 demonstrando,
933 2933 1034 2966 virus
1061 2932 1231 2975 nequitiae
1251 2942 1325 2967 suae
1344 2951 1379 2989 D
1396 2927 1517 2961 monii·
1544 2926 1754 2962 lllumissalls
1781 2926 1873 2962 bene
1891 2926 2022 2962 dicitur
2036 2925 2209 2961 Dominus
2226 2913 2351 2960 flOStffl'
2363 2952 2372 2967 2
2408 2928 2451 2962 de

268 2994 306 3028 in
322 3003 384 3028 eos
404 2992 586 3028 effundere
606 3002 679 3027 non
692 2993 867 3037 permittit
881 2997 916 3026 ct
939 2991 983 3025 ad
1003 2996 1204 3026 extremum
1225 2992 1326 3026 unita

270 3054 377 3100 capiti
405 3063 470 3089 suo
491 3052 684 3088 devincens
718 3057 885 3092 mortem,
912 3051 1039 3086 mortis
1071 3057 1255 3087 auctorem
1289 3052 1328 3088 111

270 3122 446 3151 aeternum
466 3115 625 3155 damnat,
645 3123 746 3159 quem
765 3111 936 3147 Dominus
951 3112 1075 3156 utique
1096 3111 1199 3148 Jesus
1222 3112 1329 3147 inter-

270 3178 361 3222 ficiet
378 3177 503 3223 spiritu
524 3175 594 3211 oris
621 3175 699 3218 sui,
724 3179 754 3209 et
773 3173 926 3210 destruet
943 3171 1178 3208 illustratione
1198 3174 1328 3209 adven-

272 3245 326 3273 tus
343 3237 397 3273 sui
415 3236 449 3284 (1
467 3235 586 3272 Thess.
603 3235 658 3283 11).

667 3312 817 3351 CAPUT
825 3311 832 3314 ”
841 3310 933 3348 XW.

275 3390 376 3433 Quod
393 3395 470 3435 post
489 3389 685 3424 Abimelecli
723 3387 875 3423 surrexit
912 3383 1025 3421 Israel
1065 3382 1195 3437 Pholo,
1231 3382 1327 3428 filius

321 3437 440 3479 Phua,
457 3436 574 3482 patrui
594 3435 811 3477 Abimeleclz,
846 3434 902 3468 cui
934 3437 1010 3475 post
1043 3435 1164 3476 myraei
1192 3434 1225 3464 et
1260 3435 1329 3464 tres

319 3494 430 3518 annos
467 3483 630 3517 successit
665 3481 771 3524 Jair,
811 3478 1037 3522 Galaadites,
1073 3476 1133 3523 qui
1155 3475 1330 3522 judicavi!

321 3528 436 3565 Israel
454 3540 516 3574 per
532 3529 650 3575 1119111τὶ
669 3528 758 3564 duos
777 3537 901 3563 arznos.

321 3604 420 3651 (CAP.
440 3603 494 3651 x.)
525 3601 611 3638 Post
631 3601 826 3637 Abimelech
863 3600 1016 3635 surrexit
1046 3598 1120 3634 dux
1144 3597 1183 3632 in
1216 3594 1331 3632 Israel

278 3661 400 3706 leola,
420 3663 514 3709 filius
534 3663 652 3706 Phua,
667 3661 785 3709 patrui
813 3658 1022 3701 Abimelech,
1043 3658 1096 3694 vir
1107 3657 1150 3694 de
1166 3656 1327 3698 Isachar,

275 3723 336 3769 qui
367 3723 533 3759 habitavit
557 3724 595 3759 in
613 3722 721 3759 Sanir
739 3721 864 3758 montis
884 3718 1068 3767 Ephraim,
1100 3722 1134 3753 et
1156 3714 1332 3763 judicavit

1397 2997 1468 3033 quo
1484 2988 1658 3033 scriptum
1677 2993 1732 3023 est
1749 2988 1785 3023 in
1802 2987 1995 3034 Evangelio
2012 2999 2021 3022 :
2044 2986 2133 3022 Erat
2152 2986 2214 3022 lux
2242 2997 2323 3022 vera
2339 3013 2349 3029 ,
2374 2997 2452 3032 quoe

1396 3047 1572 3082 illuminat
1584 3058 1719 3083 omnem
1735 3048 1908 3083 hominem
1920 3047 2108 3084 venientem
2125 3047 2162 3082 iu
2177 3046 2268 3081 hunc
2282 3046 2451 3081 mundum

1398 3107 1520 3155 (Ioan.
1541 3108 1589 3155 1);
1606 3107 1702 3144 etad
1717 3119 1824 3154 quem
1844 3108 1881 3143 in
1901 3107 2055 3143 Psalmis
2067 3106 2247 3153 Propheta
2264 3106 2314 3141 ait
2333 3118 2342 3141 :
2361 3105 2453 3140 Illu-

1398 3170 1511 3204 minas
1529 3175 1566 3204 tu
1584 3169 1792 3204 mirabiliter
1804 3180 1826 3203 α
1843 3167 2018 3203 montibus
2033 3166 2173 3202 aeternis
2192 3164 2307 3212 (Psal.
2327 3163 2450 3210 Lxxv).

1399 3228 1465 3263 Hie
1484 3238 1570 3273 ergo
1586 3238 1631 3263 ex
1653 3226 1788 3262 Galaad
1806 3231 1885 3269 est,
1920 3226 2004 3271 quia
2036 3235 2082 3260 ex
2111 3224 2308 3268 scripturis
2339 3223 2453 3259 sacris

1401 3285 1478 3330 ejus
1502 3286 1630 3322 notitia
1646 3285 1860 3331 percipitur,
1883 3293 1990 3328 quem
2009 3278 2070 3328 qui
2090 3282 2141 3317 ibi
2169 3282 2277 3318 corde
2307 3282 2453 3319 credulo

1400 3346 1542 3392 quaerit,
1560 3346 1638 3382 sine
1657 3344 1765 3381 dubio
1781 3343 1929 3380 invenit.
1951 3342 2018 3379 Hic
2047 3343 2222 3390 judicavit
2246 3343 2356 3380 lsrael
2388 3354 2454 3390 per

1399 3406 1526 3455 viginti
1542 3411 1580 3442 et
1606 3406 1696 3442 duos
1715 3414 1849 3448 annos;
1875 3402 1959 3449 quia
1975 3412 2099 3439 omnes
2116 3402 2178 3448 qui
2198 3402 2235 3440 in
2247 3402 2456 3440 11111011Το-

1400 3473 1580 3505 stamento
1607 3470 1645 3503 et
1671 3466 1708 3502 in
1727 3463 1827 3502 Novo
1845 3463 1970 3500 fideles
1986 3462 2144 3507 fuerunt,
2165 3472 2230 3500 suo
2246 3462 2326 3509 ejus
2348 3473 2453 3500 man-

1399 3530 1567 3566 datorum
1582 3526 1718 3573 judicio
1725 3525 1905 3563 vixerunt.
1924 3523 2135 3561 Vicenarius
2199 3522 2208 3531 “
2264 3531 2452 3566 numerus,

1400 3588 1534 3635 quibis
1555 3586 1754 3624 denarium
1783 3584 1944 3621 continet
1961 3611 1972 3628 ,
2005 3581 2090 3630 perf
2295 3581 2386 3628 legis
2415 3586 2454 3619 et

1399 3649 1584 3698 Evangelii
1597 3648 1835 3689 demonstrat,
1854 3645 1916 3682 ubi
1946 3645 2098 3682 duorum
2238 3647 2383 3690 ptorum
2401 3642 2455 3679 in-

1400 3711 1502 3757 signe
1514 3708 1711 3745 maximum
1733 3717 1777 3744 ac
1793 3706 2056 3744 validissimum
2071 3707 2140 3750 eet.
2153 3704 2224 3742 hoc
2251 3708 2308 3741 est
2326 3731 2338 3748 ,
2365 3702 2454 3741 dile·-

282 3781 392 3818 lsrael
409 3784 527 3828 viginti
543 3784 654 3820 tribus
678 3783 796 3827 annis,
809 3779 1035 3827 „torturisque
1051 3790 1094 3816 ac
1108 3777 1340 3824 sepulcrum
1401 3771 1532 3811 otienis
1555 3770 1671 3810 Deiet
1686 3769 1867 3818 proximi:
1891 3768 1940 3808 ln
1968 3767 2023 3806 hic
2040 3767 2134 3805 euim
2167 3765 2454 3813 duobuvroeoe·
