2540 4016
807 0 858 48 q

250 186 320 223 959

251 259 383 298 merito
403 262 525 296 movet
543 263 585 294 ιιι
611 258 832 304 requiratur,
863 267 930 294 our
949 266 1023 295 nou
1053 256 1175 303 potius
1192 254 1309 292 eredi-
1324 258 1362 300 Α

252 320 323 359 tori
351 319 567 365 praeceperit
581 324 622 356 ιιι
650 329 723 356 non
749 318 893 358 auferat
911 318 1041 364 pignus
1061 317 1158 363 quod
1182 316 1310 353 eodem

253 383 310 419 die
325 385 470 426 oportet
483 379 640 419 restitui.
658 378 760 423 Quod
775 379 806 416 si
837 379 884 416 ad
902 377 1190 424 compellendum
1210 377 1311 415 debi-

247 450 365 479 torem
386 440 468 476 fieri
484 439 656 483 voluerit,
674 439 856 485 quomodo
884 449 925 475 se
949 443 1080 484 urgeat
1097 438 1144 477 ad
1158 438 1311 475 redden-

248 503 348 545 dum,
370 510 452 537 cum
485 500 576 536 sciat
593 500 724 548 pignus
756 500 884 536 eodem
905 500 964 536 die
999 510 1038 536 se
1058 498 1311 546 recepturum?

247 563 302 600 An
335 562 431 599 sorte
450 562 519 599 hoc
539 560 620 598 fieri
653 560 810 598 voluerit
839 565 990 606 propter
1014 559 1244 603 memoriam,
1266 568 1311 595 ue

250 622 484 660 obliviscatur
502 621 667 664 reddere,
689 625 726 657 et
743 625 830 657 tunc
843 631 916 658 non
931 620 1072 664 reddat,
1090 621 1119 656 si
1142 630 1226 656 vere
1238 630 1311 656 non

247 684 439 722 habuerit?
459 684 617 720 maxime
641 683 726 729 quia
757 683 946 719 creditoris
978 683 1033 719 sui
1064 681 1311 719 misericordia

205 787 207 789 ,
247 746 422 789 vincitur,
445 744 504 781 cui
519 754 599 781 esse
617 753 687 779 non
716 744 822 780 debet
839 744 1005 791 ingratus
1020 744 1050 780 si
1065 744 1195 790 pignus
1213 751 1314 779 rece-

194 811 197 813 '
217 792 234 834 *³
247 808 302 857 pit
326 808 363 844 in
387 817 459 853 quo
477 806 655 850 dormiat3
677 805 785 842 simul
801 811 838 842 et
853 807 1027 848 creditor,
1049 816 1130 842 cum
1163 804 1221 841 ille
1241 814 1313 840 non

189 882 202 894 ·
248 868 463 911 reddiderit,
481 868 586 904 debet
617 877 700 903 eum
716 866 866 902 credere
883 877 954 902 non
977 866 1124 908 habere,
1153 865 1215 910 qui
1245 864 1314 899 hae

249 933 334 976 eget
348 928 609 970 misericordia,
629 932 668 963 ut
684 927 814 973 pignus
830 927 863 963 ei
878 931 1071 974 propterea
1085 926 1315 969 restituatur,

249 989 348 1037 quod
365 989 464 1025 aliud
483 999 556 1024 non
573 988 680 1024 babet
698 988 759 1023 ubi
773 987 943 1024 dormiat.

305 1063 319 1084 ‹
341 1050 421 1087 Non
442 1049 592 1097 negabis
622 1048 829 1085 mercedem
859 1048 1071 1094 indigentis,
1092 1053 1128 1084 et
1147 1047 1316 1094 pauperis

253 1124 266 1145 ‹
292 1109 418 1146 fratris
454 1110 520 1152 tui,
543 1109 619 1144 sive
655 1109 806 1151 advena,
846 1108 907 1153 qui
942 1114 1061 1144 tecum
1095 1114 1260 1144 moratur
1277 1108 1314 1143 in

254 1184 269 1207 ι
293 1177 403 1214 terra,
423 1176 461 1207 et
480 1171 575 1207 intra
593 1175 717 1216 portas
735 1175 817 1206 tuas
835 1175 904 1214 est,
923 1171 987 1206 sed
1005 1171 1131 1207 eadem
1157 1171 1214 1206 die
1232 1170 1314 1206 red·
1334 1167 1366 1207 B

257 1244 269 1266 ι
294 1233 357 1268 des
392 1238 430 1268 et
460 1231 616 1278 pretium
647 1231 783 1267 laboris
816 1232 871 1267 sui
903 1237 988 1267 ante
1019 1232 1105 1268 solis
1130 1242 1312 1275 occasum,

253 1304 266 1325 a
292 1293 377 1338 quia
403 1301 541 1337 pauper
556 1294 625 1333 est,
646 1296 684 1326 et
702 1301 745 1326 ex
764 1301 807 1326 eo
822 1295 1003 1327 sustentat
1022 1293 1180 1327 animam
1197 1302 1313 1335 suam,

254 1367 266 1388 ι
292 1364 338 1390 ne
358 1354 492 1389 clamet
510 1358 638 1389 contra
652 1358 688 1388 te
707 1353 751 1389 ad
771 1353 977 1395 Dominum,
995 1358 1032 1388 et
1046 1358 1232 1398 reputetur
1249 1353 1315 1388 tibi

252 1425 264 1446 ‹
288 1413 326 1447 in
340 1416 545 1457 peccatum.
572 1425 584 1446 ι
611 1412 818 1448 Secundum
839 1412 1030 1447 historiam
1049 1412 1107 1447 lex
1127 1421 1314 1448 commen-

250 1474 310 1510 dat
324 1472 430 1508 nobis
446 1471 706 1508 misericordiae
734 1471 916 1515 aflectum,
934 1479 969 1507 et
1000 1472 1182 1517 {equitatis
1196 1473 1317 1518 operis

250 1544 336 1581 erga
355 1534 558 1580 indigentes
581 1539 617 1568 et
647 1543 840 1579 pauperes.
861 1532 970 1568 Juxta
997 1533 1205 1579 allegoriam
1229 1543 1316 1569 vero

250 1594 396 1630 instruit
414 1594 572 1640 plebem,
587 1593 744 1639 qualiter
774 1604 860 1639 erga
877 1594 1135 1639 praedicatores
1152 1604 1236 1629 suos
1254 1594 1317 1630 de—

251 1655 362 1691 beunt
377 1663 458 1689 esse
474 1653 633 1689 solliciti.
661 1653 731 1698 Ipsi
753 1653 849 1688 enim
872 1659 954 1688 sunt
976 1663 1153 1699 pauperes
1171 1653 1314 1699 spiritu,

250 1714 381 1760 quibus
398 1714 574 1749 Dominus
602 1713 638 1748 in
661 1713 854 1760 Evangelio
884 1714 1069 1759 praecepit,
1096 1725 1107 1746 ι
1129 1719 1168 1748 ιιι
1200 1722 1316 1759 neque

249 1779 447 1822 sacculum,
467 1789 584 1825 neque
604 1788 742 1824 peram,
776 1788 893 1823 neque
925 1778 1170 1813 calceamenta
1190 1783 1315 1823 porta-

252 1845 334 1874 rent
352 1838 387 1874 in
407 1838 479 1881 via,
502 1848 621 1884 neque
637 1838 727 1874 duas
742 1838 882 1873 tunicas
901 1839 1090 1881 haberent,
1120 1838 1180 1874 scd
1200 1846 1318 1882 neque

248 1900 286 1934 in
301 1899 403 1934 zonis
417 1909 465 1934 aes
488 1911 501 1933 »
525 1898 625 1945 (Luc.
646 1898 697 1943 x).
716 1898 818 1934 Unde
837 1904 956 1934 autem
976 1909 1123 1944 sperare
1143 1899 1319 1934 deberent

250 1959 469 2002 necessaria,
508 1958 693 2004 subjunxit
729 1960 853 1994 dicens
878 1972 885 1994 :
908 1971 919 1992 ι
942 1959 1076 2004 Dignus
1104 1964 1160 1995 est
1190 1969 1317 2005 opera-

249 2022 325 2057 rius
342 2021 510 2056 mercede
527 2031 604 2056 sua.
632 2034 643 2054 ι
664 2021 756 2057 ilinc
777 2027 813 2057 et
832 2022 965 2058 Paulus
997 2022 1047 2056 ait
1067 2031 1075 2057 ε
1098 2034 1110 2054 ι
1129 2021 1315 2057 Laboran-

250 2087 325 2118 tem
361 2081 556 2127 agricolani
579 2087 722 2126 oportet
744 2083 786 2117 dc
805 2082 981 2118 fructibus
1012 2083 1197 2128 percipere
1217 2095 1228 2116 ι
1261 2081 1318 2128 (ΙΙ
1337 2076 1367 2117 C

252 2140 343 2176 Tim.
377 2139 439 2187 ιι).
473 2140 577 2175 Unde
615 2146 651 2174 et
685 2141 858 2176 Dominus
888 2143 1081 2185 ordinavit,
1125 2154 1135 2174 ι
1163 2142 1219 2177 bis
1256 2141 1318 2186 qui

253 2200 491 2247 Evangelium
525 2201 755 2244 annuntiant,
782 2202 824 2237 de
845 2203 1041 2249 Evangelio
1073 2204 1207 2239 vivore.
1235 2217 1247 2237 ›
1276 2204 1319 2238 Et

255 2263 342 2298 item
364 2273 372 2296 z
394 2274 407 2295 ‹
433 2261 471 2297 Si
509 2262 769 2298 seminavimus
803 2264 916 2307 vobis,
955 2266 1086 2310 inquit,
1127 2265 1317 2310 spiritalia,

251 2331 424 2368 magnum
460 2327 516 2357 est
538 2322 567 2357 si
590 2328 711 2358 vestra
735 2330 914 2359 metamus
935 2324 1123 2359 carnalia?
1144 2338 1155 2357 »
1181 2324 1215 2370 (I
1236 2324 1317 2359 Gor.

254 2383 329 2428 ix.)
358 2382 451 2418 Ante
485 2383 570 2419 solis
607 2393 694 2430 ergo
717 2395 890 2421 occasum
923 2387 1078 2431 pretium
1102 2386 1235 2422 laboris
1264 2386 1320 2421 sui

254 2455 275 2479 a
295 2443 481 2489 subjectis,
504 2444 592 2490 ipsis
615 2444 825 2482 doctoribus
843 2447 1066 2482 reddendum
1085 2452 1153 2491 est,
1180 2448 1263 2493 quia
1283 2448 1321 2483 in

252 2506 425 2552 praesenti
443 2505 516 2540 vita
537 2505 591 2541 eis
623 2508 830 2543 necessaria
851 2508 1004 2554 praeberi
1031 2515 1187 2554 oportet,
1223 2509 1321 2546 salva

253 2569 421 2604 mercede
438 2568 574 2613 futura,
597 2580 704 2615 quam
722 2571 758 2606 in
774 2577 910 2608 :eterna
930 2574 1004 2610 vita
1022 2584 1043 2609 a
1059 2573 1231 2620 largitore
1247 2586 1323 2612 om-

256 2630 359 2666 nium
375 2631 553 2667 bonorum
575 2634 758 2678 accepturi
776 2639 871 2669 suut.

643 2707 795 2745 CAPUT
821 2709 917 2747 xvu

255 2765 309 2802 De
327 2777 397 2819 νιοη
416 2757 614 2803 occidendis
629 2770 788 2815 patribus
809 2783 870 2817 pro
886 2771 986 2817 filus,
1009 2784 1069 2808 nec
1086 2773 1170 2820 liliis
1184 2785 1246 2822 pro
1261 2785 1323 2821 pa-

303 2816 436 2895 trtllilum
458 2820 490 2849 et
505 2825 574 2850 non
601 2818 832 2861 pervertendis
847 2819 996 2864 Judiciis
1024 2820 1166 2856 advenae
1197 2827 1229 2855 et
1255 2832 1320 2868 pu-

304 2872 338 2907 pi
391 2887 399 2895 .

305 2937 424 2984 (lem.)
445 2949 458 2971 ‹
486 2937 566 2972 Non
580 2939 793 2974 occidentur
825 2946 949 2985 patres
964 2951 1031 2986 pro
1051 2941 1148 2986 filiis,
1170 2953 1238 2978 nec
1257 2942 1321 2979 filii

263 3010 274 3031 ι
301 3007 368 3043 pro
387 2997 565 3042 patribus,
583 2998 646 3033 sed
666 2999 915 3044 unusquisque
929 3000 966 3035 in
991 3011 1056 3036 suo
1074 3008 1223 3047 peccato
1244 3013 1322 3039 mo-

264 3069 276 3091 «
301 3058 429 3093 rietur.
452 3069 464 3091 ι
486 3057 580 3093 Ecce
598 3068 670 3093 non
703 3058 816 3094 solum
835 3060 1021 3105 prophetae
1052 3061 1122 3097 hoc
1138 3061 1319 3106 dixerunt,

259 3129 388 3155 verum
401 3119 511 3155 etiam
530 3118 588 3155 lex
603 3119 689 3155 dicit
707 3129 771 3155 sua
790 3120 895 3166 culpa
915 3131 1095 3168 quemque
1110 3123 1323 3160 interimen-

262 3180 368 3224 dum;
400 3190 472 3216 non
501 3186 622 3215 autem
653 3181 768 3226 patris
790 3182 845 3218 sui
862 3187 924 3218 aut
956 3183 1019 3219 filii
1053 3185 1120 3220 sui.
1140 3186 1233 3229 Quid
1267 3191 1324 3223 est

262 3252 349 3288 ergo
367 3242 464 3288 quod
493 3241 588 3278 Deus
620 3242 752 3279 dicitur
770 3244 926 3281 reddens
953 3251 1104 3292 peccata
1124 3253 1266 3294 patrum
1288 3249 1323 3284 in

263 3304 370 3348 filios,
399 3304 436 3351 in
458 3305 604 3340 tertiam
635 3311 672 3342 et
699 3312 867 3353 quartam
898 3309 1261 3355 generationem?An
1282 3310 1326 3347 de

265 3362 350 3399 filiis
378 3363 537 3400 nondum
569 3365 665 3402 natis
694 3366 932 3413 intelligitur,
970 3375 1118 3416 propter
1152 3371 1327 3417 originale

266 3427 470 3468 peccatum,
494 3425 590 3471 quod
609 3426 719 3463 etiam
739 3437 785 3463 ex
804 3428 921 3465 Adam
941 3431 1050 3466 traxit
1069 3439 1182 3477 genus
1200 3430 1328 3469 huma-

266 3483 380 3519 num?
400 3483 467 3520 Hic
486 3491 607 3522 autem
623 3487 700 3534 jam
716 3490 811 3526 natis
829 3490 924 3528 facta
953 3492 1150 3538 distinctio,
1164 3500 1204 3531 ut
1218 3505 1328 3532 unus-

268 3543 421 3590 quisque
437 3544 475 3581 in
491 3556 558 3583 suo
570 3554 721 3595 peccato
737 3552 904 3597 proximo
919 3555 1110 3596 moriatur.
1137 3555 1216 3594 Non
1230 3557 1327 3594 enim

267 3606 380 3643 trahit
401 3606 539 3656 aliquid
555 3619 600 3646 ex
612 3617 730 3659 patre,
752 3614 813 3660 qui
829 3612 904 3660 iam
933 3621 1040 3653 natus
1072 3618 1163 3663 crat,
1182 3618 1326 3669 quando

268 3673 372 3711 pater
388 3668 466 3716 ejus
482 3668 659 3718 peccavit.
679 3672 751 3710 Sed
769 3683 853 3712 cum
872 3675 922 3713 ihi
938 3677 1024 3714 dicit
1042 3691 1051 3714 ε
1071 3676 1136 3716 His
1155 3675 1218 3727 qui
1241 3679 1328 3721 ode-

270 3735 356 3765 runt
387 3741 461 3778 me,
478 3733 712 3772 manifestum
741 3742 798 3774 est
812 3738 920 3776 etiam
954 3740 1051 3777 illam
1085 3743 1328 3794 conditionem

271 3792 404 3827 mutari
434 3800 555 3840 posse,
588 3798 620 3834 si
642 3799 707 3836 tilii
724 3805 925 3847 ‘parentum
961 3809 1108 3842 suorum
1130 3803 1223 3843 facta
1257 3817 1327 3844 non

675 179 717 218 B.
745 178 917 221 RABANI
941 178 1090 219 MAURt
1110 177 1326 219 ARCHIEP.
1352 174 1559 221 MOGUHT·
1588 176 1783 220 ortium
1803 176 1925 220 mlta
1946 175 1976 215 1.

1377 254 1514 297 fuerint
1522 256 1671 295 imitati.
1691 256 1784 294 Nam
1799 261 1836 296 et
1849 255 1939 294 iilud
1967 264 2015 292 ex
2027 253 2159 292 'Adam
2181 253 2438 302 temporatim

1378 319 1553 365 redditur,
1574 321 1659 368 quia
1689 330 1816 357 omnes
1849 323 1998 366 propter
2028 317 2099 354 hoo
2118 317 2335 362 moriuntur,
2356 325 2431 355 non

1379 386 1499 418 autem
1518 382 1556 419 in
1573 387 1749 418 {eternum
1764 381 1818 417 eis
1836 379 1900 426 qui
1919 377 2056 416 fuerint
2070 379 2303 427 pergratiam
2321 378 2432 427 spiri-

1378 443 1486 479 talem
1517 443 1734 492 regenerati,
1754 443 1792 478 in
1825 451 1940 488 eaque
1966 442 2234 489 pemnnsertnt
2262 442 2432 489 usquein

1378 504 1498 542 finem.
1523 504 1696 549 Quamvis
1716 509 1754 541 et
1771 503 1858 540 illud
1872 504 2007 540 merito
2017 496 2132 550 quteri
2149 504 2276 551 pessit,
2297 504 2327 542 si
2350 504 2437 543 rod-

1379 566 1514 602 duntur
1542 570 1690 612 peccata
1721 571 1868 612 patrum
1901 565 1939 601 in
1970 565 2065 602 fllios
2096 565 2154 602 his
2185 565 2248 612 qui
2279 566 2442 603 oderunt*

1379 625 1506 668 Deum,
1528 636 1593 662 cur
1620 626 1819 662 intertium
1846 631 1882 663 et
1906 632 2073 673 quartam
2092 627 2364 675 generationem
2377 626 2438 664 vei

1378 688 1623 734 praetermissa
1639 688 1756 734 prima
1777 693 1812 724 et
1829 689 1999 734 secunda,
2013 689 2072 726 vel
2087 699 2160 726 non
2179 689 2287 726 etiam
2313 690 2351 726 in
2367 698 2436 726 cae-

1381 752 1477 784 teras
1507 754 1742 795 permanente
1759 749 1946 797 impietate
1964 755 2001 787 et
2027 747 2229 788 imitatione
2258 751 2435 789 malorum
2478 751 2481 770 ³

1379 812 1596 858 parentum?
1613 811 1669 847 An
1686 822 1752 858 per
1767 812 1864 849 hunc
1885 821 2090 862 numerum,
2111 813 2283 860 quoniam
2314 819 2443 860 septe-¹
2481 812 2505 863 ,¹5¹

1380 873 1504 908 narius
1539 883 1711 910 numerus
1743 872 1968 922 intelligitur,
2000 875 2274 912 universitatem
2302 876 2438 923 signifi·
2484 876 2506 906 '‘1''

1382 943 1466 970 care
1482 933 1620 970 voluit?
1639 934 1684 970 Et
1701 935 1782 972 ideo
1811 942 1882 972 non
1907 936 2024 985 ipsum
2041 936 2163 983 potius
2193 937 2438 983 septenarium
2480 939 2504 1001 ἐξ

1381 995 1514 1041 posuit,
1537 999 1578 1030 ut
1609 995 1758 1040 diceret,
1784 1009 1797 1030 ι
1822 997 1857 1032 in
1889 997 2080 1043 septimam
2111 997 2395 1045 generationem.
2418 1008 2435 1034 ι
2484 994 2502 1047 ’ςς

1382 1055 1435 1092 Ac
1455 1056 1507 1092 sic
1540 1057 1656 1093 omnis
1689 1058 1964 1104 intelligeretur,
1985 1060 2070 1106 quia
2088 1068 2234 1096 causam
2254 1059 2442 1107 perfectio-

1384 1118 1440 1153 nis
1459 1117 1564 1164 hujus
1600 1119 1742 1154 numeri
1771 1120 1840 1156 hoc
1875 1119 1982 1156 modo
2007 1121 2127 1167 potius
2146 1120 2336 1156 intimavit.
2357 1119 2441 1157 Ideo
2495 1171 2501 1173 „

1385 1191 1541 1227 namque
1572 1182 1781 1227 perhibetur
1809 1183 2007 1228 perfectus,
2038 1183 2123 1229 quia
2150 1193 2192 1219 ex
2226 1184 2283 1219 his
2303 1183 2441 1219 duobus
2492 1179 2493 1182 ’

1385 1247 1528 1278 constat
1549 1254 1557 1277 :
1579 1243 1739 1278 ternario
1760 1243 1898 1279 scilicet
1910 1244 2028 1290 primo
2047 1242 2175 1289 impari
2188 1249 2276 1287 toto,
2292 1248 2328 1279 et
2353 1254 2442 1290 qua-

1386 1305 1545 1340 ternario
1562 1304 1680 1350 primo
1698 1302 1776 1349 pari
1803 1307 1892 1340 toto.
1909 1303 2012 1340 Unde
2029 1309 2065 1340 et
2079 1304 2166 1340 illud
2194 1315 2274 1341 esse
2289 1304 2443 1353 prophe·
2488 1303 2502 1350 ’ξ

1386 1365 1497 1400 ticum
1517 1365 1696 1408 existimo,
1720 1365 1815 1409 quod
1844 1365 1986 1401 assidue
2015 1366 2191 1411 repetitur
2209 1378 2216 1402 ε
2238 1379 2249 1400 ι
2270 1367 2308 1402 In
2328 1366 2443 1403 tribus
2492 1397 2498 1414 ἱ

1386 1430 1421 1460 et
1436 1430 1590 1470 quatuor
1621 1425 1869 1470 impietatibus
1901 1436 1972 1462 non
1990 1428 2198 1463 aversabor.
2225 1441 2236 1462 ›
2261 1427 2330 1464 Per
2347 1429 2443 1475 quod

1385 1486 1498 1521 voluit
1523 1486 1727 1532 impietates
1747 1487 1951 1532 universas,
1985 1488 2105 1534 potius
2135 1498 2243 1534 quain
2276 1494 2351 1526 tres
2386 1490 2444 1527 vel

1386 1555 1542 1594 quatuor
1564 1547 1729 1592 intelligi.
1990 1539 1996 1542 ¹

1438 1622 1450 1643 ‹
1470 1609 1548 1646 Non
1568 1615 1753 1656 pervertes
1767 1609 1942 1656 judicium
1973 1611 2120 1648 advenae
2133 1612 2189 1648 vel
2219 1611 2356 1659 pupilli,
2379 1623 2446 1649 nec

1391 1686 1403 1707 ι
1426 1672 1569 1709 auferes
1597 1673 1757 1719 pignoris
1787 1673 1866 1710 loco
1898 1675 2154 1711 vestimentum
2184 1675 2314 1711 vidum.
2337 1689 2347 1709 ι
2367 1675 2445 1713 Νοιι
2479 1720 2484 1725 ῃ

1388 1734 1584 1770 declinabis
1601 1733 1776 1779 judicium
1811 1735 1971 1778 advenae,
1992 1742 2027 1772 et
2057 1735 2224 1782 orphani,
2249 1741 2285 1772 et
2314 1736 2443 1782 viduae,

1386 1799 1424 1829 et
1456 1805 1525 1830 non
1544 1794 1752 1841 pignorabis
1774 1795 2026 1832 vestimentum
2054 1797 2205 1832 eorum?
2236 1797 2321 1841 Quae
2350 1797 2447 1834 enim
2482 1830 2486 1836 .

1387 1863 1495 1889 causa
1524 1859 1591 1897 est,
1616 1860 1654 1889 ut.
1683 1855 1793 1890 trium
1821 1855 1975 1892 istorum
1993 1856 2168 1902 judicium
2188 1857 2368 1897 declinare
2386 1866 2447 1893 ve-

1387 1918 1510 1962 tuerit,
1533 1918 1663 1965 pignus
1682 1924 1803 1955 autem
1837 1919 1971 1956 auferri
1988 1920 2242 1956 vestimentum
2261 1920 2371 1956 solius
2394 1920 2448 1957 vi-
2494 1955 2497 1959 ,

1390 1978 1479 2020 dure,
1502 1989 1572 2013 non
1595 1983 1630 2014 et
1649 1979 1805 2023 illorum,
1841 1980 1909 2016 nisi
1937 1981 2019 2025 quia
2051 1980 2185 2025 judicia
2217 1981 2378 2021 omnium
2395 1981 2450 2015 sa-
2486 1971 2493 2018 ².

1389 2038 1516 2073 cienda
1534 2043 1727 2084 propterea
1749 2039 2027 2083 commendavit,
2057 2040 2140 2085 quia
2167 2051 2236 2076 non
2267 2039 2402 2076 habent
2429 2048 2449 2077 a
2483 2034 2499 2078 ss

1389 2099 1519 2146 quibus
1534 2098 1797 2135 defendantur:
1814 2100 1890 2136 sive
1901 2100 2053 2143 advena,
2066 2102 2150 2147 quia
2165 2100 2201 2136 in
2218 2107 2313 2136 terra
2333 2101 2450 2138 aliena
2492 2131 2494 2133 .

1388 2167 1464 2204 cst;
1487 2162 1562 2197 sive
1597 2162 1794 2207 orpbanUS,
1816 2161 1851 2198 id
1882 2168 1951 2205 cst,
1978 2163 2148 2208 pupillus,
2180 2163 2264 2208 quia
2291 2163 2450 2209 parenti-
2483 2158 2486 2171 '

1387 2221 1455 2256 bus
1476 2226 1596 2262 carct;
1614 2221 1689 2257 sive
1704 2221 1825 2264 vidua,
1847 2223 1928 2268 quia
1962 2223 2133 2259 maritum
2151 2234 2222 2259 non
2244 2222 2374 2259 habet?
2391 2220 2449 2259 Pi-

1389 2292 1481 2328 gnus
1495 2291 1581 2317 vcro
1597 2292 1676 2317 cum
1699 2283 1866 2328 prohibet
1887 2284 2138 2320 vestimentum
2158 2283 2302 2320 auferre
2316 2285 2446 2329 viduae,

1389 2347 1476 2387 puto
1496 2343 1591 2387 quod
1624 2343 1711 2379 satis
1732 2344 1922 2390 diligenter
1942 2346 2111 2382 admonet
2130 2356 2193 2382 cas
2224 2355 2309 2382 vere
2329 2346 2450 2383 dicen·
2480 2359 2489 2397 ζ

1391 2402 1455 2438 das
1473 2413 1552 2438 esse
1573 2404 1713 2447 viduas,
1747 2416 1827 2451 qua}
1856 2407 1966 2442 etiam
1987 2418 2164 2453 pauperes
2181 2413 2277 2444 sunt.
2299 2408 2337 2445 ld
2354 2408 2450 2444 enim

1391 2467 1426 2498 et
1444 2462 1637 2508 Apostolus
1668 2465 1854 2502 evidenter
1890 2468 2060 2511 ostendit,
2083 2469 2143 2503 ubi
2173 2469 2250 2503 ait:
2277 2481 2288 2501 ι
2311 2468 2347 2503 Si
2380 2478 2451 2514 qua
2483 2467 2491 2503 ζ

1392 2530 1512 2559 autem
1540 2525 1646 2560 vidua
1678 2525 1768 2562 [ilios
1786 2532 1822 2563 et
1840 2533 1988 2574 nepotes
2005 2528 2126 2572 habet,
2148 2529 2262 2565 discat
2293 2529 2450 2575 primum
2476 2526 2494 2589 ἥξ

1392 2583 1538 2620 domum
1559 2595 1660 2621 suam
1679 2587 1738 2632 pie
1754 2592 1925 2632 tractare,
1942 2595 1977 2624 et
2006 2595 2168 2626 mutuam
2195 2590 2310 2626 vicem
2326 2601 2452 2637 paren·
2478 2589 2494 2606 '²‘

1391 2645 1488 2681 tibus
1523 2647 1686 2691 reddere,
1721 2649 1790 2685 hoc
1808 2655 1864 2686 cst
1895 2650 1991 2686 enim
2020 2656 2206 2696 acceptum
2240 2660 2361 2687 coram
2379 2651 2449 2687 Do·
2472 2648 2497 2698 ῥ’

1392 2706 1504 2742 mino.
1528 2706 1614 2750 Quae
1633 2713 1752 2744 autem
1767 2720 1853 2745 vere
1870 2710 1975 2746 vidua
2005 2715 2060 2747 est
2079 2716 2114 2747 et
2134 2709 2306 2753 desolata,
2329 2721 2452 2759 spera·
2483 2707 2486 2710 ’

1393 2767 1446 2802 bit
1467 2767 1503 2802 in
1521 2768 1714 2811 Dominum
1733 2779 1741 2805 ε
1761 2775 1795 2806 et
1811 2771 1981 2817 persistet
2001 2772 2036 2807 in
2056 2771 2281 2808 orationibus
2298 2778 2402 2807 nocte
2416 2775 2452 2807 et

1395 2826 1452 2862 die
1477 2840 1488 2861 »
1521 2827 1555 2875 (Ι
1577 2828 1666 2864 Tim.
1700 2829 1874 2878 v).1⁷lanc
1905 2842 2030 2868 veram
2055 2832 2201 2869 viduam
2233 2832 2336 2878 dixit,
2372 2843 2452 2878 quae

1394 2896 1464 2921 non
1495 2888 1602 2924 habet
1622 2900 1641 2925 a
1659 2890 1790 2936 quibus
1824 2897 2046 2929 sustentetur
2065 2893 2173 2940 :quia
2193 2903 2264 2929 non
2297 2893 2410 2929 solum
2430 2903 2451 2929 a
2470 2911 2471 2914 =

1394 2947 1488 2991 viro,
1508 2950 1569 2985 sed
1588 2951 1696 2986 etiam
1718 2962 1736 2987 a
1753 2953 1908 2998 posteris
1936 2959 2042 3000 atque
2068 2954 2166 2990 omni
2195 2965 2262 3001 ope
2282 2955 2451 2992 destituta
2472 2983 2473 2987 ,

1395 3014 1464 3044 est.
1482 3009 1634 3047 Divitem
1649 3013 1793 3060 quippe,
1813 3024 1884 3050 non
1899 3014 2035 3050 diceret
2055 3014 2268 3051 desolatam.
2299 3015 2464 3062 Pauperi-

1394 3070 1518 3116 itaque
1548 3082 1619 3107 non
1655 3078 1710 3109 est
1745 3074 1979 3111 auferendum
2015 3075 2146 3123 pignus
2180 3076 2467 3112 vestimentum.

1395 3130 1509 3168 Porro
1527 3134 1556 3168 si
1574 3135 1774 3171 occurrerit
1800 3137 1935 3180 animo,
1957 3137 2044 3184 quid
2061 3138 2091 3174 si
2108 3138 2222 3174 multa
2241 3137 2374 3180 habeat
2389 3146 2463 3178 ve-

1398 3193 1567 3230 stimenta
1583 3204 1654 3231 non
1673 3198 1892 3242 necessaria,
1914 3199 1976 3234 sed
1991 3198 2184 3248 superflua,
2203 3200 2383 3247 quomodo
2399 3196 2436 3241 in
2462 3208 2463 3211 ’

1400 3253 1571 3300 telligitur
1588 3266 1672 3291 vere
1695 3258 1826 3293 vidua?
1846 3258 1923 3295 Hoc
1937 3265 2081 3296 estnon
2110 3261 2227 3304 solum
2246 3272 2319 3300 non
2350 3262 2429 3300 des·
2462 3259 2463 3262 '

1396 3312 1482 3356 lata,
1505 3322 1630 3350 verum
1655 3315 1764 3354 etiam
1783 3318 1867 3364 quia
1901 3319 1937 3354 in
1958 3317 2097 3356 deliciis
2118 3322 2206 3367 agit,
2227 3333 2336 3369 quam
2369 3334 2428 3363 su

1391 3372 1479 3420 jecit
1513 3373 1637 3411 diceus
1657 3387 1665 3411 ε
1690 3387 1702 3408 ‹
1726 3375 1813 3424 Quae
1829 3381 1951 3415 autem
1985 3376 2022 3417 in
2046 3380 2186 3420 deliciis
2216 3383 2303 3430 agit,
2326 3385 2425 3423 viver
2440 3396 2456 3415 -·’

1396 3441 1538 3475 mortua
1558 3440 1613 3475 est
1639 3450 1651 3472 ›
1675 3436 1816 3489 (Ibid.).
1835 3435 1880 3482 Et
1897 3438 1991 3483 banc
2009 3443 2143 3498 quippe
2171 3446 2352 3499 opposuit,
2422 3461 2426 3474 ·

1397 3502 1506 3543 quam
1524 3507 1544 3533 e
1560 3497 1743 3539 contrario
1761 3509 1848 3536 vere
1865 3495 1995 3546 viduae,
2014 3508 2184 3553 tanquam
2205 3499 2287 3550 talis
2315 3518 2391 3552 nou,
2426 3506 2436 3517 ’

1398 3558 1519 3599 vidua.
1541 3558 1771 3611 Quaecunque
1801 3566 1922 3605 autem
1953 3564 2084 3609 divites
2105 3560 2207 3612 aliastv
2227 3558 2377 3622 nuptiae
2390 3578 2411 3613 g

1397 3616 1510 3669 periri
1523 3616 1730 3669 noluerunt,
1747 3624 1969 3670 coutinentia
1984 3620 2024 3672 itt
2039 3627 2092 3670 eis
2108 3621 2289 3678 laudatur,
2307 3640 2380 3680 ¹¹9⁸}
2402 3644 2418 3670 .-

1399 3678 1528 3723 solatio
1544 3682 1830 3731 commendatur.
1847 3684 1911 3727 11ae
1927 3680 2061 3745 quippe
2080 3692 2221 3733 tantum
2242 3689 2439 3743 jum-mss

1401 3739 1518 3791 duatae
1531 3748 1629 3803 sunt,
1648 3757 1719 3788 non
1739 3746 1820 3791 aliis
1833 3749 1956 3796 rebus,
