2540 4016
319 265 385 303 ηε
755 258 795 293 n.
820 252 990 293 mmm
1014 202 1159 287 mutu
1182 241 1395 282 Ancum?-
1422 239 1630 279 uocum-r.
1658 238 1850 279 ornanti
1874 239 1995 277 mas
2021 239 2047 276 1.
2376 213 2473 277 ηπ

314 338 415 378 nolus
436 332 597 382 pontifex
616 360 625 377 ,
653 342 723 368 non
746 331 822 367 sine
846 328 1035 376 sanguine,
1055 331 1160 370 quem
1175 317 1351 356 offerebat
1367 317 1404 358 A
1419 315 1559 353 civibus
1575 319 1738 352 narrent.
1770 314 1952 351 Inter-etur
1968 318 2084 350 autem
2103 310 2215 348 velum
2230 320 2294 358 per
2304 312 2472 359 circulos,

1419 376 1514 413 intra
1532 375 1626 424 quod
1641 387 1746 424 pones
1765 386 1886 411 arcam
1904 373 2122 418 testamenti,
2146 383 2215 421 quo
2230 374 2475 412 sanandum

1418 443 1451 474 et
1465 438 1660 474 sanctuarii
1675 437 1879 474 sanctuaria
1893 436 2104 473 dividemur.
2123 434 2258 474 Circuli
2275 437 2338 484 qui
2355 448 2475 488 neque

1419 498 1563 535 initium
1584 498 1719 535 habere
1741 508 1859 545 neque
1882 498 1991 535 finem
2009 497 2189 538 videntur,
2214 505 2474 543 nonnunquam

1419 557 1457 593 iu
1478 557 1665 604 Scriptura
1690 568 1794 593 sacra
1825 569 1891 604 pro
1921 557 2124 594 aeternitate
2151 555 2235 602 poni
2262 554 2392 592 solent.
2429 554 2477 591 Et

1419 624 1504 665 apte
1521 617 1642 654 velum
1666 627 1739 664 quo
1762 616 1893 652 coelum
1917 616 2106 664 figuratur,
2131 627 2198 664 per
2215 617 2370 654 circulos
2395 627 2476 654 sus-

1419 690 1572 727 pensum
1592 689 1674 716 esse
1693 679 1919 726 perhibetur.
1955 679 2021 716 Vel
2051 680 2135 726 quia
2166 679 2205 715 in
2234 684 2371 714 aeterno
2399 685 2477 714 erat

1422 742 1575 779 consilio
1595 741 1797 777 divinitatis
1813 768 1823 785 ‚
1856 740 1999 787 quando
2028 739 2183 776 mundus
2210 744 2410 783 crearetur,
2442 737 2477 774 in

1422 814 1495 851 quo
1525 804 1683 850 primum
1717 809 1825 849 atque
1855 801 2027 838 eximium
2061 801 2179 837 locum
2209 800 2320 836 habet
2348 805 2476 835 natura

1422 865 1593 909 coelestis,
1613 865 1670 901 vel
1689 865 1773 911 quia
1798 865 1848 900 ita
1867 864 2001 900 sactum
2020 867 2076 900 est
2093 862 2362 899 firmamentum
2381 861 2477 904 coeli,

1423 931 1464 963 ut
1482 935 1666 972 nunquam
1686 924 1764 970 ejus
1783 924 1921 960 factura
1940 924 2111 961 solvatur.
2138 921 2230 958 Nam
2249 922 2333 969 quia
2354 921 2478 958 Domi-

1425 996 1493 1022 nus
1510 986 1580 1027 ait,
1601 983 1734 1025 Coelum
1753 991 1785 1020 et
1804 983 2114 1029 terra‚transibunt
2134 982 2280 1030 (Matth.
2297 981 2411 1029 xxiv),
2435 980 2480 1016 de

1426 1047 1518 1084 coelo
1536 1053 1591 1083 est
1609 1047 1766 1082 aethereo
1787 1044 2049 1091 accipiendum.
2071 1043 2171 1079 Intra
2190 1043 2259 1079 hoc
2278 1049 2402 1079 autem
2418 1050 2482 1078 ve-

1427 1107 1501 1144 lum
1520 1108 1637 1155 posita
1656 1113 1712 1144 est
1730 1118 1813 1143 arca
1835 1105 2054 1148 testamenti,
2072 1105 2155 1151 quia
2172 1104 2351 1140 mediator
2366 1102 2430 1138 Dei
2445 1105 2484 1139 et

1430 1168 1614 1204 hominum
1630 1168 1737 1203 homo
1752 1166 1916 1202 Christus
1931 1164 2048 1207 Jesus,
2064 1164 2123 1209 qui
2140 1163 2236 1199 solus
2251 1169 2484 1208 paternorum

1430 1236 1485 1266 est
1510 1230 1675 1266 conscius
1706 1238 1918 1264 arcanorum
1936 1254 1945 1270 ,
1978 1232 2060 1273 post
2084 1226 2288 1271 passionem
2308 1233 2408 1259 suam
2427 1233 2485 1259 re-

1429 1290 1761 1334 surrectionemque
1783 1299 1803 1323 a
1823 1287 1990 1329 mortuis,
2027 1295 2136 1332 super
2170 1284 2281 1321 coelos
2309 1283 2484 1320 coelorum

1430 1354 1629 1390 ascendens
1647 1353 1747 1388 sedet
1768 1351 1811 1387 ad
1834 1351 2022 1386 dexteram
2040 1347 2172 1384 Patris.
2211 1346 2285 1383 Hoc
2302 1345 2381 1382 velo
2400 1356 2484 1382 san-
2524 1341 2526 1349 '

1429 1415 1609 1452 ctuarium
1635 1419 1672 1449 ct
1697 1411 1894 1449 sanctuarii
1919 1410 2125 1447 sanctuaria
2148 1408 2370 1450 dividuntur,
2395 1416 2486 1452 quo-

1430 1479 1525 1514 niam
1544 1476 1706 1513 Ecclesia
1725 1485 1805 1520 quae
1828 1483 1872 1509 ex
1897 1472 2033 1518 angelis
2060 1470 2194 1507 sanctis
2219 1474 2254 1505 et
2279 1467 2486 1504 hominibus
2526 1490 2532 1496 ·

1430 1547 1612 1579 constans,
1629 1539 1762 1584 partim
1782 1537 1898 1572 adhuc
1914 1534 2169 1582 peregrinatur
2188 1533 2224 1568 in
2241 1531 2388 1574 intimis,
2402 1539 2487 1575 par-

1431 1604 1496 1640 tim
1517 1608 1652 1638 aeterna
1676 1600 1791 1647 patria
1819 1604 1945 1646 regnat
1973 1599 2009 1633 in
2036 1597 2222 1643 supernis,
2255 1595 2370 1631 adhuc
2388 1594 2487 1630 cives

1432 1673 1516 1698 suos
1535 1662 1726 1697 dirimente
1742 1661 1821 1696 velo
1841 1660 1925 1695 coeli
1951 1659 2062 1694 habet
2082 1658 2127 1694 ab
2147 1657 2299 1692 invicem
2321 1664 2488 1701 segrega·-
2526 1647 2540 1698 ’ῑ

1432 1728 1499 1757 tos.
1528 1720 1642 1756 Pones
1658 1727 1688 1756 et
1702 1720 1981 1766 propitiatorium
1995 1729 2099 1764 snper
2111 1728 2230 1753 arcam
2244 1715 2431 1752 testimonii
2449 1715 2487 1750 in
2525 1707 2540 1757 ⁴.

1433 1788 1554 1817 sancto
1573 1787 1788 1816 sanctorum.
1821 1779 1911 1824 Apte
1930 1779 2219 1824 propitiatorium
2239 1787 2346 1823 super
2365 1786 2487 1812 arcam
2519 1787 2540 1811 u

1432 1842 1588 1887 positum
1620 1851 1700 1875 esse
1728 1839 1875 1881 dicitur,
1909 1839 1995 1883 quia
2035 1838 2101 1883 ipsi
2141 1837 2329 1873 mediatori
2359 1836 2421 1872 Dei
2453 1839 2490 1871 et

1434 1901 1643 1941 hominum,
1673 1898 1877 1943 specialiter
1904 1909 1923 1932 a
1947 1898 2019 1933 Deo
2041 1897 2149 1932 Patre
2174 1898 2342 1932 donatum
2368 1902 2424 1932 est
2449 1900 2490 1931 ut
2529 1895 2540 1927 ἦ

1434 1965 1529 1996 esset
1547 1959 1756 2005 propitiatio
1784 1968 1848 2003 pro
1876 1958 2036 2004 peccatis
2064 1958 2210 1993 nostris.
2246 1957 2348 1992 Unde
2377 1956 2488 1992 etiam
2526 1945 2540 2004 “,

1434 2020 1567 2055 Paulus
1585 2019 1671 2054 dicit
1690 2029 1698 2053 :
1721 2018 1825 2054 Jesus
1839 2017 1997 2053 Christus
2014 2018 2072 2064 qui
2092 2023 2247 2052 mortuus
2267 2022 2330 2059 est,
2347 2016 2415 2051 imo
2428 2016 2490 2062 qui
2519 2006 2540 2071 ‘i

312 410 380 446 pro
415 396 471 432 sui
502 401 539 431 et
563 393 683 441 populi
706 391 905 439 ignorantia
925 387 1028 435 (Eeb.
1048 383 1114 430 tx).
1136 380 1262 417 Velum
1283 379 1353 415 hoc

313 456 446 495 coelum
472 455 736 500 interpretatur.
759 450 859 495 Quod
884 453 1003 484 autem
1030 445 1067 480 in
1094 442 1215 490 priore
1233 441 1354 476 taber-

315 517 442 554 naculo
465 513 623 561 quotidie
650 521 714 557 per
748 518 878 545 annum
915 505 1109 542 introibant
1131 513 1213 540 cum
1241 500 1353 537 saeri-

316 578 410 614 tlciis
429 572 632 611 sacerdotes
646 596 656 613 ,
677 579 783 613 super
801 568 907 614 huius
925 566 1008 602 vitae
1029 568 1126 600 statu
1146 562 1321 599 edisserat
1340 586 1351 605 ‚

313 635 503 672 uhisancti
524 633 672 669 nomino
707 631 782 667 sine
815 629 1079 666 intermissione
1109 626 1322 662 famulantes
1340 650 1351 668 ,

313 694 539 741 quotidianos
554 701 626 728 suae.
647 689 852 736 tragilitatis
872 694 1015 726 erratus
1033 688 1110 724 sine
1127 687 1256 733 quibus
1274 694 1354 721 csse

314 756 350 791 in
386 755 454 791 hac
478 755 552 790 vita
579 753 783 790 nullatenus
818 758 982 798 possunt,
1004 750 1224 798 quotidianis
1242 749 1354 784 bono-

313 828 390 853 rum
421 827 567 863 operum
586 815 755 858 victimis,
778 814 997 860 quotidianis
1011 814 1252 860 lacrymarum
1272 820 1356 846 sua-

312 889 391 913 rum
426 877 654 913 libaminibus
669 904 678 918 ‚
723 876 825 922 quasi
866 876 942 912 veri
980 874 1184 911 sacerdotes
1218 872 1281 908 Dei
1320 875 1357 907 ct

313 937 443 973 Christi
471 938 562 984 eius,
582 937 739 982 expiant.
774 935 961 972 Summum
990 945 1076 971 vero
1102 933 1325 971 sacerdotem
1343 959 1355 975 ,

313 997 372 1043 qui
398 995 505 1032 semel
530 996 564 1031 in
599 1006 692 1031 anno
712 1003 833 1031 sancta
853 1000 1058 1031 sanctorum
1075 1005 1158 1031 cum
1185 991 1358 1038 sanguine

312 1058 539 1092 victimarum
556 1057 835 1102 ingrediebatur,
852 1056 968 1102 ipsum
987 1056 1152 1102 intelligit
1173 1064 1251 1090 esse
1270 1064 1358 1099 pon-

314 1120 445 1156 tificem
468 1129 650 1164 magnum,
670 1119 726 1155 cui
744 1119 879 1155 dictum
903 1124 958 1154 est
980 1130 989 1154 ε
1011 1117 1062 1153 Tu
1086 1129 1119 1153 es
1142 1117 1301 1152 sacerdos
1321 1117 1359 1151 in

317 1187 497 1223 oeternum,
511 1180 699 1215 secundum
715 1180 869 1216 ordinem
882 1179 1147 1215 Melchisedech.
1167 1179 1233 1223 Qui
1250 1176 1360 1214 semel

315 1240 456 1277 oblatus
473 1251 536 1286 pro
553 1241 710 1286 peccatis
728 1241 877 1283 nostris,
907 1242 982 1286 ipse
1002 1241 1172 1276 sacerdos
1191 1247 1227 1276 et
1240 1240 1358 1276 hostia

316 1311 381 1348 per
394 1302 574 1348 proprium
592 1302 798 1348 sanguinem
817 1302 851 1337 in
868 1302 983 1348 ipsum
1000 1302 1128 1338 coelum
1144 1302 1303 1343 intravit,
1321 1306 1360 1336 ut

317 1369 485 1408 appareat
504 1373 597 1398 nunc
612 1362 721 1398 vultui
734 1363 795 1398 Dei
811 1373 875 1408 pro
890 1364 1003 1399 nobis.
1016 1363 1117 1407 Quod
1132 1370 1250 1399 autem
1267 1364 1359 1398 idcm

317 1423 432 1458 velum
453 1423 495 1458 de
519 1424 711 1469 hyacintho
732 1430 767 1459 et
785 1433 941 1469 purpura
958 1430 995 1459 et
1016 1435 1124 1460 cocco
1146 1424 1200 1459 bis
1235 1424 1357 1466 tincto,

317 1491 351 1519 et
369 1484 474 1530 bysso
488 1490 620 1520 retorta
637 1484 783 1529 pulchra
799 1484 973 1520 varietate
981 1491 1189 1522 contextum
1201 1491 1268 1527 est,
1280 1485 1360 1530 quis

315 1554 385 1578 non
400 1543 636 1579 videatetiam
647 1543 748 1588 juxta
760 1543 916 1579 litteram
931 1544 1187 1589 pulchritudini
1204 1544 1361 1580 coelestis

315 1613 511 1649 congruere
542 1604 718 1639 visionis?
739 1604 777 1639 Si
807 1605 903 1639 enim
935 1605 1100 1640 decorem
1125 1604 1360 1648 flammasque

318 1668 512 1705 astrorum,
531 1663 560 1698 si
579 1663 810 1698 multifariam
837 1664 986 1698 nubium
1006 1664 1176 1708 speciem,
1197 1663 1226 1698 si
1248 1663 1361 1707 ipsam

320 1720 399 1755 irim
408 1721 612 1756 consideras
623 1721 718 1756 mille
729 1722 930 1757 trahentem
939 1722 1058 1758 varios
1065 1723 1215 1758 adverso
1226 1722 1299 1757 solc
1308 1733 1365 1758 co-

320 1779 554 1821 lores,nonne
573 1780 706 1815 videris
728 1781 790 1815 tihi
807 1780 920 1816 multo
934 1780 1055 1826 plures
1068 1791 1109 1816 ac
1125 1781 1362 1827 pulchriores,

320 1849 426 1885 quam
437 1839 514 1874 velo
534 1840 754 1876 tabernaculi
772 1841 915 1876 intextae
925 1847 1020 1884 sunt,
1038 1842 1172 1877 inditas
1193 1842 1285 1878 coelo
1304 1851 1364 1877 co-

318 1897 430 1933 lorem
440 1904 563 1934 notare
578 1900 760 1945 picturas?
777 1901 941 1944 Quatuor
955 1906 1073 1936 autem
1089 1901 1263 1937 columna:
1281 1906 1366 1936 ante

320 1968 408 2004 quas
418 1968 608 2004 appensum
619 1965 674 1995 est
693 1961 761 1995 hoc
778 1961 910 2002 velum,
923 1961 1123 1996 coelestium
1141 1966 1223 1995 sunt
1241 1967 1363 2006 potes-

320 2023 412 2054 tates
426 2019 822 2065 agminum,virtutibus
832 2025 987 2065 quatuor
1007 2021 1148 2055 eximiis
1168 2021 1364 2065 praeclarae,

321 2078 504 2123 dequibus
522 2084 558 2113 et
577 2088 686 2124 supra
706 2079 956 2122 diximus,h0c
967 2086 1022 2116 est
1037 2080 1363 2124 fortitudine,tem-

322 2138 495 2182 perantia,
517 2139 720 2183 prudentia,
738 2141 879 2185 justitia
899 2154 906 2176 :
935 2153 1014 2188 quae
1034 2143 1177 2188 quidem
1198 2146 1364 2188 virtutes,

324 2198 428 2233 aliter
448 2198 484 2233 in
504 2199 686 2235 laboribus
705 2206 741 2236 et
760 2203 930 2238 :erumnis
952 2204 1034 2238 vitae
1062 2204 1166 2249 hujus
1200 2216 1219 2240 a
1249 2207 1366 2248 nobis,

324 2256 429 2292 aliter
461 2257 498 2292 in
530 2258 630 2293 coelis
664 2266 854 2295 servantur
887 2261 931 2296 ab
963 2262 1099 2308 angelis
1125 2269 1160 2298 et
1182 2265 1369 2300 animabus

326 2317 475 2355 sanctis.
504 2318 553 2355 lbi
574 2331 726 2367 namque
747 2323 936 2367 regnantia
956 2333 1114 2369 praesens
1134 2325 1275 2360 videtur
1292 2336 1370 2362 csse

325 2380 505 2415 subditum
528 2380 687 2426 justitiae.
727 2381 791 2416 Est
818 2387 854 2417 et
880 2382 948 2418 hoc
981 2383 1193 2419 immortalis
1226 2385 1370 2420 onmino

325 2440 490 2485 iustitiae;
514 2441 649 2477 nullum
670 2442 800 2477 bonum
821 2443 894 2478 Deo
910 2454 1120 2490 praeponere
1137 2446 1193 2480 vel
1212 2456 1370 2492 mquare,

325 2499 543 2546 prudentiae;
572 2500 645 2536 Deo
663 2500 869 2537 firmissime
891 2502 1092 2546 cohaerere,
1123 2503 1368 2548 sortitu‹linis;

325 2559 361 2594 in
382 2558 441 2595 illo
469 2559 608 2611 delectu
638 2560 748 2595 noxio
778 2559 976 2604 delectari,
1010 2563 1269 2607 temperantiae.
1306 2563 1371 2599 Hic

326 2625 446 2657 antem
475 2619 569 2664 quod
599 2619 673 2666 agit
697 2618 836 2664 iustitia
870 2620 906 2656 in
936 2621 1180 2658 subveniendo
1213 2623 1368 2667 miseris,

328 2679 423 2724 quod
440 2678 627 2724 prudentia
646 2677 682 2712 in
701 2679 944 2724 praecavendis
963 2681 1102 2718 insidiis
1115 2709 1124 2724 ,
1151 2682 1245 2727 quod
1265 2682 1370 2719 sorti-

329 2736 414 2772 tndo
437 2736 474 2771 in
492 2734 713 2780 perferendis
734 2737 927 2781 molestiis,
957 2740 1050 2784 quod
1074 2743 1311 2787 temperantia
1335 2743 1371 2779 in

329 2795 539 2833 coercendis
558 2795 854 2832 delectationibus
873 2798 1016 2842 pravis,
1039 2810 1110 2835 non
1132 2801 1179 2836 ibi
1198 2803 1287 2845 crit,
1311 2804 1372 2839 ubi

331 2856 421 2893 nihil
446 2856 516 2892 erit
541 2855 687 2892 omnino
717 2854 814 2891 mali.
851 2855 945 2892 Bene
973 2864 1092 2893 autem
1118 2860 1173 2895 ha:
1201 2862 1374 2898 columnae

333 2916 377 2952 de
391 2915 499 2960 lignis
517 2915 648 2951 sethim
665 2920 748 2950 sunt
762 2914 876 2957 factae,
893 2916 948 2951 vel
962 2917 1046 2962 quia
1064 2918 1208 2963 spiritus
1225 2921 1374 2966 angelici

1386 2109 1415 2150 C

332 2973 621 3020 incorruptibiles
645 2978 771 3009 natura
798 2980 835 3010 et
860 2975 1080 3012 immortales
1108 2983 1192 3013 sunt
1218 2980 1374 3022 conditi,
1392 3000 1428 3039 D
1445 2991 1564 3021 antem
1592 2996 1720 3032 supra,
1750 2987 1833 3032 quia
1862 2987 1956 3024 latus
1983 2988 2216 3025 tabernaculi,
2232 2988 2492 3032 meridianum,

333 3032 392 3070 vel
414 3033 499 3079 quia
525 3033 658 3079 absque
677 3040 826 3079 peccato
849 3034 1005 3077 conditi,
1035 3035 1282 3073 intemeratam
1303 3049 1376 3075 suae

338 3092 554 3130 conditionis
570 3093 762 3139 puritatem
780 3103 920 3140 semper
936 3095 1155 3132 custodiunt.
1180 3097 1229 3133 De
1249 3099 1378 3144 quihus

337 3157 420 3199 apte
437 3151 601 3189 subditur
617 3164 625 3188 :
653 3151 740 3195 Quae
762 3153 846 3199 ἔρια
863 3153 1001 3200 quidem
1018 3155 1196 3192 deaurata·
1211 3165 1326 3202 erum,
1346 3165 1378 3195 et

338 3210 510 3246 habebunt
527 3211 642 3257 capita
661 3221 782 3255 aurea,
801 3212 863 3248 ced
881 3218 914 3248 et
931 3212 1029 3249 bases
1047 3222 1240 3261 aryemeas.
1262 3218 1378 3254 Dean·

335 3275 424 3306 ratae
441 3269 572 3316 quippe
601 3274 686 3306 sunt
712 3269 889 3307 columna
907 3277 992 3308 ante
1008 3282 1098 3318 quas
1117 3275 1379 3320 appenderetur

338 3328 470 3371 velum,
489 3327 574 3375 qnia
590 3329 719 3375 positae
746 3329 842 3365 intra
859 3329 978 3367 velum
997 3331 1078 3368 coeli
1097 3332 1250 3370 virtutes
1272 3345 1379 3381 ange-

338 3387 473 3431 lorum,
492 3397 641 3425 summa
657 3386 834 3425 claritatis
848 3390 1065 3437 cumgratia
1081 3391 1232 3428 vestitae.
1254 3391 1379 3439 Capita

338 3443 474 3481 habent
489 3455 620 3490 aurea,
646 3445 732 3493 qnia
760 3452 918 3484 mentem
946 3458 1018 3495 qna
1047 3455 1222 3496 reguntur
1245 3451 1380 3489 habent

338 3506 529 3551 pruentia
545 3506 675 3544 ‹tivi-ae
692 3507 906 3556 cognitioni·
923 3516 968 3546 ac
981 3509 1132 3548 visionis
1149 3510 1376 3551 illusa-atam.

340 3560 483 3600 Habeat
506 3569 546 3600 et
568 3563 898 3614 hamat-genten,
925 3566 1291 3615 quan-anismam
1315 3582 1380 3611 na-

341 3625 425 3660 tara
448 3621 488 3661 in
510 3622 580 3664 hoc
597 3624 702 3671 quasi
718 3625 953 3666 fundamento
971 3627 1179 3676 specialiter
1196 3630 1379 3678 suham,

343 3684 389 3719 nt
409 3681 536 3721 haam
563 3682 777 3732 lum
802 3696 869 3725 ιω
892 3688 1072 3727 nuditati
1094 3690 1386 3739 &nanctae

598 3843 603 3848 .
630 3800 1026 3855 ,immnuta-¹
1034 3805 1386 3863 mao-

1212 3924 1269 3931 «ιο
1324 3924 1375 3934 ιι,

2413 109 2430 126 0

2399 136 2432 162 0

2172 170 2197 194 Ο

1436 2087 1467 2116 et
1487 2081 1653 2122 surrexit,
1672 2079 1731 2124 qui
1752 2086 1799 2114 ese
1820 2079 1864 2113 ad
1885 2078 2064 2113 dexteram
2086 2077 2163 2120 Dei,
2183 2077 2242 2123 qni
2261 2077 2365 2112 etiam
2384 2077 2491 2112 inter-

1437 2141 1542 2187 pellat
1564 2152 1626 2186 pro
1645 2140 1741 2175 nobis
1761 2139 1878 2186 (Rom.
1896 2141 1991 2185 vni).
2018 2138 2174 2174 Mensam
2196 2145 2294 2173 extra
2312 2136 2441 2180 velum,
2458 2140 2493 2174 et

1438 2208 1561 2238 contra
1594 2212 1749 2236 mensam
1780 2201 2026 2236 candelabrum
2066 2201 2102 2235 in
2137 2199 2244 2234 latere
2276 2197 2494 2235 tabernaculi

1438 2264 1644 2299 meridiano.
1683 2262 1805 2298 Mensa
1837 2263 1928 2298 enim
1961 2262 2063 2297 stabit
2100 2261 2136 2295 in
2172 2267 2269 2307 parte
2301 2259 2491 2306 aquilonis.
2523 2278 2540 2295 ,-

1439 2324 1561 2360 Mensa
1595 2329 1631 2360 et
1662 2323 1916 2360 candelabrum
1940 2322 2161 2359 tabernaculi
2193 2320 2404 2367 temporalia
2427 2319 2494 2357 Dei
2536 2308 2540 2315 ⁸

1439 2384 1614 2421 beneficia
1634 2385 1835 2431 designant,
1857 2386 1987 2431 quibus
2007 2385 2043 2420 in
2066 2385 2235 2431 praesenti
2257 2383 2439 2420 reficimur
2456 2386 2494 2419 et
2530 2383 2534 2418 ζ

1439 2446 1694 2489 illuminamur,
1730 2453 1770 2482 ut
1803 2447 1859 2482 his
1892 2447 2035 2482 interim
2070 2445 2263 2481 confortati
2294 2450 2331 2480 et
2364 2443 2492 2491 adjuti,

1440 2513 1624 2543 crescente
1649 2507 1765 2553 gratia
1792 2508 2025 2549 meritorum,
2055 2506 2099 2541 ad
2125 2515 2256 2551 panem
2284 2505 2495 2551 angelorum

1439 2567 1475 2603 in
1494 2568 1594 2604 coelis
1610 2567 1911 2609 manducandum,
1930 2573 1965 2603 et
1982 2568 2025 2603 ad
2043 2567 2234 2602 videndam
2249 2576 2371 2602 veram
2388 2575 2509 2601 muna

1439 2628 1474 2664 di
1499 2628 1613 2664 lucem
1643 2629 1778 2664 intrare
1795 2629 1991 2663 valeamus.
2027 2628 2112 2671 Quae
2143 2632 2226 2663 sunt
2255 2627 2362 2663 ambo
2383 2631 2513 2662 extra·

1438 2688 1575 2731 velum,
1591 2689 1761 2734 quoniam
1782 2689 1816 2724 in
1838 2689 1907 2724 hac
1926 2688 2150 2724 solummodo
2168 2688 2242 2724 vita
2258 2687 2315 2724 vel
2334 2686 2508 2734 Scripta·-

1440 2749 1491 2784 ris
1513 2749 1647 2785 sanctis
1673 2759 1716 2784 ae
1742 2748 1963 2790 doctoribus,
1992 2748 2048 2783 vel
2075 2748 2217 2784 caeteris
2236 2746 2494 2794 redemptionis

1440 2814 1573 2844 nostrae
1594 2809 1830 2844 sacramentis
1851 2818 1941 2853 opus
1963 2807 2151 2851 habemus,
2174 2808 2211 2844 in
2230 2806 2352 2844 futuro
2372 2811 2482 2844 auten

1442 2869 1574 2904 saeculo
1591 2868 1652 2903 ubi
1666 2867 1839 2903 Dominus
1860 2868 1977 2913 palam
1995 2868 2038 2904 de
2055 2868 2164 2904 Patre
2181 2867 2410 2904 annuntiabit
2428 2876 2496 2903 no-

1443 2926 1519 2969 bis,
1544 2926 1580 2961 id
1597 2932 1674 2967 est,
1699 2925 1818 2971 palam
1836 2927 1979 2964 Patrem
1999 2929 2167 2965 ostendet
2184 2928 2301 2964 nohis.
2329 2926 2498 2965 Diximus·

1446 3045 1629 3090 antiquam
1650 3045 1712 3082 Dei
1736 3046 1876 3092 plebem
1899 3047 2142 3093 significaret,
2164 3059 2244 3096 quae
2260 3049 2361 3097 prior
2376 3048 2447 3085 1ιι
2466 3059 2495 3082 w

1445 3104 1576 3140 divinoe
1591 3106 1820 3151 cognitionis,
1835 3106 1934 3152 prior
1951 3106 2128 3144 servorem
2145 3109 2278 3146 divinae
2293 3107 2498 3146 dilectioni

1446 3166 1589 3212 accipit.
1619 3166 1708 3202 Pars
1724 3177 1811 3203 vero
1830 3168 2121 3213 septentrionalis
2143 3169 2307 3216 eiusdem
2326 3170 2476 3207 taberna

1447 3224 1540 3267 culi,
1561 3229 1818 3270 congregatam
1838 3224 1883 3260 de
1899 3226 2066 3271 gentibus
2081 3227 2295 3272 Ecclesiam,
2315 3237 2394 3276 quae
2412 3225 2476 3266 diu

1450 3283 1523 3319 tius
1543 3283 1581 3318 in
1604 3282 1764 3319 tenebris
1785 3289 1821 3319 et
1838 3283 1875 3319 in
1893 3285 2021 3321 umbra
2044 3287 2172 3324 mortis
2188 3290 2426 3332 remanserat,
2469 3304 2472 3316 =

1451 3342 1602 3379 dicaret.
1629 3342 1731 3380 Unde
1747 3347 1846 3379 recta
1865 3343 2099 3383 distinctione
2114 3347 2223 3383 etiam
2240 3349 2354 3386 cande
2401 3365 2417 3379 ··
2444 3364 2498 3379 γι-ι·

1451 3401 1546 3449 quod
1565 3402 1602 3438 in
1619 3406 1722 3449 parte
1734 3402 1884 3439 australi
1897 3402 2104 3447 collocatur,
2119 3410 2239 3452 potest
2251 3406 2404 3453 gratiam
2425 3412 2475 3450 ιἰζ

1449 3458 1563 3507 priori
1582 3459 1714 3507 populo
1729 3460 1813 3497 data
1831 3465 1910 3505 est,
1939 3461 2134 3501 insinuare.
2172 3463 2296 3502 Mensa
2312 3473 2400 3503 vero
2459 3511 2464 3515 ,

1450 3520 1489 3557 in
1506 3524 1611 3568 parte
1626 3521 1807 3568 aquilonia
1822 3520 1964 3565 stabat,
1983 3533 2027 3559 ea
2045 3532 2126 3570 quae
2141 3524 2248 3563 nobis
2262 3530 2351 3563 sunt
2407 3571 2413 3574 ‚
2435 3518 2473 3575 J

1451 3577 1720 3624 Deibnnetlcia,
1737 3578 1939 3627 animare.
1966 3580 2079 3620 Recte
2096 3580 2353 3636 candem
2449 3619 2460 3626 .

1450 3636 1788 3686 mma-apum
1809 3638 2052 3686 easefficitur,
2082 3641 2169 3689 quia
2223 3642 2232 3653 ·
2259 3665 2274 3674 ..
2326 3645 2386 3674 Ἰ

1450 3700 1557 3744 ιιι-Ι
1576 3695 1672 3745 ΜΙ-
1686 3703 1736 3734 ···
1759 3697 2019 3746 mmmm
2039 3708 2107 3748 ret
2121 3703 2245 3742 mh

1450 3812 1562 3861 bns
1593 3814 1828 3864 etnam
1849 3823 1893 3856 aa
1917 3817 2241 3867 ata-asum:
2259 3855 2261 3857 ,

1717 3959 1738 3980 ο
