2540 4016
288 244 357 281 855

284 381 381 417 rae?
401 393 414 415 ι
438 380 509 417 Sed
543 383 628 428 quia
657 385 877 421 erubescunt
911 397 987 422 non.
1017 387 1212 424 defendere
1243 389 1340 435 quod

284 439 513 484 confitentur,
533 451 600 486 pro
617 442 744 478 eadem
773 443 844 480 fide
868 455 978 490 quam
998 445 1154 491 professi
1183 453 1267 485 sunt
1295 449 1341 485 ad

284 504 466 535 certamen
484 507 693 546 properant,
708 511 860 549 eamque
885 515 959 541 non
979 506 1062 550 sibi,
1085 508 1148 544 sed
1163 510 1339 554 proximis

284 559 481 596 vindicant.
514 573 527 594 ι
561 561 664 598 Unde
698 568 736 599 et
767 564 811 600 ad
844 564 990 612 Moysen
1027 567 1171 604 dicunt:
1210 569 1340 606 Caulas

283 620 404 656 ovium
420 613 692 666 fabricavimus,
714 629 752 659 et
771 625 913 661 stabula
927 626 1191 672 jumentorum,
1207 639 1339 675 parvu-

282 680 326 716 lis
344 681 478 716 nostris
504 678 612 718 urbes
633 684 805 720 munitas.
826 684 899 722 Nos
922 691 1043 722 autem
1069 688 1138 734 ipsi
1158 690 1287 724 armati
1302 694 1339 724 et

282 741 434 777 accincti
454 751 646 788 pergemus
670 744 715 780 ad
731 745 894 790 praelium
916 746 1072 783 filiorum
1091 748 1213 784 lsrael.
1237 761 1249 782 ›
1270 749 1338 792 Qui

282 811 366 836 mox
386 800 497 838 sortes
513 812 577 847 pro
588 803 825 841 aliisveniunt
843 809 1188 853 etrepromissionis
1203 814 1338 845 terram

281 862 325 897 ab
340 862 503 898 hostibus
523 863 678 901 liberant
695 871 732 902 et
751 867 973 913 relinquunt,
995 876 1104 916 atque
1123 871 1169 906 ad
1183 881 1339 916 pascen-

283 922 327 957 da
349 929 511 959 armenta
533 932 636 962 extra
661 926 856 964 Jordanem
886 936 1067 977 pergunt,
1096 934 1180 978 quia
1212 939 1338 970 contra

282 982 390 1019 iidem
414 984 640 1030 baptismatis
667 993 742 1024 tota
760 995 881 1025 mente
898 991 1068 1036 omnique
1086 992 1264 1029 desiderio
1286 1003 1338 1029 re-

280 1043 347 1079 bus
371 1045 543 1090 perituris
581 1047 793 1083 inserviunt.
829 1049 897 1092 Qui
928 1056 1063 1093 tamen,
1096 1057 1135 1087 ut
1166 1053 1334 1096 diximus,

280 1113 362 1139 cum
382 1105 463 1140 fidei
490 1108 641 1144 tentatio
662 1109 788 1150 oritur,
810 1110 1059 1146 defensionum
1081 1114 1192 1148 armis
1212 1114 1335 1150 accin-

281 1170 427 1207 guntur,
457 1166 581 1202 hostes
602 1166 683 1203 fidei
710 1169 924 1205 trucidando
946 1177 1130 1216 superant,
1160 1178 1195 1208 et
1219 1174 1335 1210 haere-

731 245 774 281 B.
803 245 973 284 RABANI
996 247 1144 286 MAURI
1168 247 1382 286 ARCHIEP.
1409 249 1617 290 MOGUNT.
1644 251 1834 292 OPERUM
1858 253 1978 292 PARS
2002 254 2031 290 1.
2236 308 2239 311 Ι

286 321 345 359 hic
369 320 596 359 residebitis?
611 322 685 359 Cur
711 325 921 362 subvertitis
947 332 1090 363 mentes
1117 326 1275 364 filiorum
1290 327 1342 364 Is-
1358 328 1395 369 Α
1409 328 1476 366 bus
1500 332 1588 376 suis,
1620 334 1843 369 contendunt
1864 331 2021 369 transire
2051 330 2246 371 Jordanem
2269 337 2308 371 et
2325 326 2379 372 ad'
2398 363 2399 366 η

2311 239 2460 332 *sse

1407 395 1504 428 trum
1518 394 1709 439 pervenire
1725 393 1918 440 promissa.

1800 465 1952 503 CAPUT
1975 466 2065 504 VIII.

1407 527 1618 564 Exhortatio
1637 525 1752 572 Moysi
1778 526 1824 561 ad
1846 526 1970 580 ‚Israel
1999 532 2039 562 ut
2067 527 2264 582 custodiant
2291 533 2442 577 proecept

1712 578 1816 619 atque
1834 573 1974 618 judicia
1998 572 2158 609 Domini.

1452 634 1555 680 (Cn).
1590 632 1658 679 iv.)
1695 644 1708 666 ‹
1730 631 1775 668 Et
1807 642 1917 676 nunc,
1948 633 2072 676 lsrael,
2100 633 2185 670 audi
2216 639 2399 681 praecepta
2429 638 2468 672 et

1410 705 1422 727 ‹
1436 692 1572 738 judicia
1590 702 1670 738 quae
1688 701 1754 738 ego
1783 693 1894 728 doceo
1914 698 1972 735 te;
1994 698 2034 728 ut
2059 692 2198 730 faciens
2214 703 2270 738 ea,
2290 694 2405 739 vivaS,
2426 699 2467 733 et

1410 766 1422 787 ‹
1442 754 1649 800 ingrediens
1676 754 1862 799 possideas
1889 759 2025 790 terram
2044 764 2152 800 quam
2179 755 2351 791 Dominus
2371 755 2487 802 Deus}

1409 812 1422 847 ι’
1441 819 1586 860 patrum
1606 818 1809 850 vestrorum
1837 814 1984 849 daturus
2009 819 2064 850 est
2085 813 2199 851 vobis.
2221 813 2300 851 Non
2326 815 2498 854 addetis

1409 887 1423 908 ‹
1442 874 1487 910 ad
1507 875 1657 910 verbum
1674 874 1770 920 quod
1797 874 1898 910 vobis
1914 874 2056 920 loquor,
2085 884 2204 920 neque
2221 874 2396 911 auferetis
2418 884 2466 911 ex
2492 908 2495 909 γ

1412 948 1423 970 ‹
1442 945 1498 971 eo.
1519 934 1705 970 Custodite
1729 934 1901 970 mandata
1918 934 2062 970 Domini
2077 934 2143 970 Dei
2158 934 2284 977 vestri,
2301 944 2380 980 quae
2400 944 2468 981 ego

1411 1008 1423 1030 ‹
1441 995 1610 1042 praecipio
1631 995 1747 1037 vobis,
1775 1000 1843 1030 etc.
1873 1007 1884 1028 )
1907 995 2020 1031 Docet
2036 1004 2202 1030 normam
2218 993 2411 1039 aequitatis,
2431 998 2470 1031 et

1407 1065 1554 1092 omnem
1583 1055 1752 1091 haeresim
1770 1055 1839 1090 hac
1867 1056 2048 1090 sententia
2077 1055 2263 1101 percutit:
2299 1055 2383 1101 quia
2404 1054 2487 1091 ad·-

1407 1116 1491 1151 dere
1506 1115 1593 1161 quid
1612 1115 1754 1150 aliunde
1770 1114 1813 1150 ad
1835 1120 1974 1151 rectam
1995 1115 2199 1151 doctrinam
2226 1124 2271 1150 ex
2289 1115 2470 1151 inventio-

1406 1177 1511 1212 nibus
1531 1177 1651 1222 pravis
1674 1181 1787 1218 vetat,
1820 1181 1856 1211 et
1877 1176 1920 1211 de
1938 1176 1994 1211 his
2015 1186 2096 1221 quae
2112 1174 2310 1210 secundum
2334 1175 2470 1211 verita·
2518 1197 2523 1220 ς

283 1223 431 1259 ditatcm
452 1230 558 1261 terrae
588 1229 891 1273 repromissionis,
917 1230 953 1265 id
979 1238 1045 1274 est,
1075 1232 1234 1268 fructum
1254 1233 1336 1270 fidei
1356 1225 1388 1263 Β
1410 1243 1483 1274 tem
1499 1242 1610 1273 rectae
1634 1237 1717 1273 fidei
1737 1236 1879 1282 prolata
1902 1241 1987 1273 sunt
2006 1242 2171 1273 avertere
2194 1236 2329 1282 aliquid
2344 1235 2471 1282 prohi-
2513 1226 2530 1282 {t

280 1293 352 1318 non
371 1290 513 1327 ainant;
537 1286 661 1330 sicque
680 1298 746 1332 pro
780 1289 837 1323 illa
858 1296 1033 1335 pugnant,
1067 1298 1106 1326 ut
1131 1297 1250 1328 tamen
1271 1304 1335 1328 sua

281 1343 431 1388 pignora
446 1350 549 1379 extra
566 1345 662 1380 illam
678 1346 871 1391 deponant.
883 1350 972 1391 Quia
987 1351 1082 1386 enim
1099 1354 1270 1396 parvulos
1284 1354 1338 1388 so-

279 1404 330 1438 ris
351 1405 500 1445 habent,
517 1404 684 1441 effectum
702 1406 739 1441 in
758 1408 836 1453 ejus
855 1409 1080 1445 habitatione
1094 1420 1166 1445 non
1185 1412 1333 1446 liabent.

280 1461 381 1496 Unde
404 1463 447 1497 ad
468 1465 683 1509 campestria
714 1466 878 1509 redeunt,
909 1468 992 1512 quia
1015 1468 1060 1502 ab
1079 1468 1161 1504 altis
1182 1470 1339 1505 cacumi-

278 1522 383 1557 nibus
405 1524 597 1566 monssum,
619 1526 722 1570 quasi
743 1537 763 1561 a
783 1536 846 1571 spe
876 1528 1082 1563 coelestium
1105 1529 1335 1573 delabuntur,

278 1587 313 1617 ct
328 1588 429 1618 extra
458 1586 751 1630 repromissionis
778 1592 911 1623 terram
933 1589 1039 1623 bruta
1074 1589 1244 1625 animalia
1276 1601 1339 1626 nu-

279 1644 391 1678 triunt
412 1656 419 1678 :
454 1646 538 1689 quia
564 1647 609 1681 ad
634 1647 834 1692 pascendos
851 1650 954 1684 vanis
976 1650 1165 1686 desideriis
1194 1652 1338 1689 irratio-

278 1703 418 1739 nabiles
448 1706 558 1740 animi
585 1714 705 1743 motus
723 1708 925 1752 elaborant,
958 1711 1043 1755 quia
1076 1717 1219 1748 aeternae
1248 1713 1338 1749 lucis

279 1771 412 1808 quanta
447 1766 492 1801 sit
524 1767 670 1803 claritas
704 1780 775 1805 non
801 1777 971 1814 noscunt,
1010 1772 1092 1817 quia
1129 1773 1339 1810 transituris

278 1827 575 1871 occupationibus
596 1830 837 1876 obcaecantur,
872 1838 908 1868 et
937 1834 1022 1869 dum
1046 1835 1203 1871 terrenis
1231 1836 1340 1872 rebus

279 1886 502 1930 superbiunt,
527 1889 686 1925 coelestis
713 1892 781 1928 sibi
815 1893 964 1930 luminis
995 1895 1133 1931 aditum
1153 1895 1338 1933 claudunt.

279 1943 380 1988 Quod
411 1952 447 1982 et
472 1947 578 1984 aliter
608 1950 759 1998 intelligi
778 1957 911 1999 potest.
934 1954 1062 1991 Ruben
1093 1966 1249 2002 namque
1267 1957 1341 2002 pri-

278 2006 483 2051 mogenitus
504 2007 614 2044 Jacob
642 2016 710 2046 cst.
732 2011 836 2048 Licet
866 2015 1168 2052 contaminaverit
1196 2016 1341 2052 thorum

1406 1299 1479 1334 bet.
1502 1298 1568 1333 Via
1586 1298 1684 1333 enim
1702 1297 1802 1343 regia
1827 1298 2070 1334 incedendum
2091 1303 2146 1334 est
2167 1309 2176 1333 ε
2202 1306 2269 1334 nec
2288 1298 2374 1334 licet
2394 1298 2472 1335 sive
2517 1306 2529 1322 ³·

1407 1359 1453 1394 ad
1478 1359 1666 1394 dexteram
1704 1358 1782 1394 sive
1818 1358 1863 1393 ad
1903 1358 2089 1395 sinistram
2125 1358 2231 1394 alicui
2273 1358 2470 1402 declinare,
2513 1354 2530 1386 ἶ’

1407 1419 1492 1464 quia
1524 1429 1597 1454 non
1626 1420 1775 1455 habebit
1804 1420 1987 1455 insontem
2021 1421 2210 1466 Dominus,
2242 1422 2303 1467 qui
2335 1422 2472 1458 deserit

1407 1479 1503 1514 viam
1527 1484 1676 1522 rectam,
1708 1484 1743 1515 et
1774 1480 1931 1515 declinat
1947 1480 1984 1515 in
2011 1481 2163 1517 semitas
2189 1491 2336 1526 pravas.
2359 1482 2473 1518 Recte
2528 1488 2530 1490 ’

1407 1538 1503 1573 enim
1530 1543 1613 1573 sunt
1647 1538 1714 1574 viae
1742 1538 1900 1581 Domini,
1935 1543 1971 1574 et
1997 1538 2087 1584 justi
2118 1539 2303 1575 ambulant
2338 1541 2378 1576 in
2401 1541 2470 1577 eis.
2518 1534 2535 1582 ζ]

1408 1600 1495 1635 Tale
1517 1595 1602 1645 quid
1619 1605 1655 1635 et
1682 1601 1718 1635 in
1737 1599 1954 1646 Apocalypsi
1974 1599 2309 1647 Joa1nnislegimus,
2335 1613 2348 1635 ‹
2373 1600 2469 1637 Bea-
2520 1601 2528 1603 “

1410 1666 1485 1702 tus,
1508 1660 1639 1705 inquit,
1664 1661 1725 1706 qui
1746 1661 1905 1697 custodit
1929 1661 2041 1697 verba
2059 1661 2260 1707 prophetiae
2290 1659 2397 1706 hujus
2430 1660 2474 1696 li-

1407 1721 1463 1757 bri
1475 1721 1645 1768 (Apoc.1).
1662 1734 1673 1755 ›
1689 1721 1732 1757 Et
1746 1722 1851 1767 paulo
1869 1727 1969 1768 post:
1989 1722 2195 1766 contestor,
2213 1723 2278 1765 ait,
2296 1732 2362 1769 ego
2372 1722 2472 1759 omni
2523 1746 2540 1761 γ.

1409 1782 1568 1818 audienti
1587 1783 1696 1818 verba
1732 1783 1933 1828 prophetiae
1956 1783 2063 1830 hujus
2082 1783 2179 1827 libri,
2197 1783 2228 1819 si
2255 1783 2338 1829 quis
2357 1792 2471 1828 appo-
2535 1792 2540 1838 J

1409 1842 1524 1878 suerit
1560 1842 1604 1877 ad
1637 1843 1728 1885 haec,
1768 1848 1925 1889 apponet
1956 1853 2064 1889 super
2098 1843 2198 1878 illum
2226 1842 2322 1879 Deus
2348 1841 2475 1888 plagas
2524 1854 2540 1885 [7

1409 1903 1565 1948 scriptas
1582 1902 1619 1938 in
1638 1902 1732 1939 libro
1751 1903 1833 1939 isto.
1855 1903 1900 1938 Et
1919 1903 1950 1939 si
1965 1904 2047 1949 quis
2062 1902 2274 1938 diminuerit
2290 1902 2334 1938 de
2348 1901 2472 1938 verbis

1409 1964 1608 2010 prophetiae
1635 1963 1742 2009 hujus
1762 1964 1864 2007 libri,
1893 1963 2032 2000 auferet
2055 1963 2151 2000 Deus
2168 1967 2311 2009 partem
2330 1961 2409 2008 eius
2428 1960 2474 1998 de
2526 1974 2540 2003 ἡ·

1409 2023 1501 2060 libro
1520 2025 1619 2068 vitae,
1642 2029 1678 2060 et
1694 2025 1737 2060 de
1753 2024 1901 2060 civitate
1921 2029 2060 2068 sancta,
2077 2030 2115 2060 et
2131 2023 2176 2059 de
2196 2023 2254 2059 his
2275 2032 2355 2069 quae
2379 2021 2472 2059 scri-

276 2067 406 2111 patris,
437 2069 698 2115 Pl'imOgessifflS
728 2078 848 2109 tamen
880 2081 947 2111 est.
969 2076 1153 2113 MssffllSSssS
1181 2087 1338 2123 ‘lumine’
1358 2117 1387 2157 C
1409 2090 1471 2130 pta
1498 2091 1581 2122 sunt
1608 2087 1646 2122 in
1662 2087 1755 2122 libro
1775 2086 1858 2123 isto.
1880 2087 1966 2122 Haec
1994 2092 2049 2122 est
2077 2085 2173 2121 enim
2191 2094 2277 2121 vera
2296 2083 2473 2130 sapientia

279 2126 382 2171 cujus
403 2128 550 2164 dimidia
581 2130 695 2167 tribus
725 2138 829 2168 extra
860 2134 1056 2172 Jordanem
1087 2138 1336 2183 consequitur,

280 2188 317 2219 et
336 2185 413 2230 ipse
431 2187 515 2223 licet
537 2189 581 2224 de
599 2189 769 2237 AEgyptia
789 2199 896 2231 natus
914 2201 983 2239 est,
1006 2198 1264 2244 primogenitus
1284 2206 1338 2236 ta-

278 2255 363 2282 men
386 2254 455 2284 est.
477 2250 613 2287 Omnes
631 2263 716 2299 ergo
740 2255 801 2290 isti
818 2257 1052 2304 primogeniti
1082 2266 1178 2303 sunt,
1201 2267 1237 2296 et
1257 2262 1338 2298 ideo

278 2306 435 2352 priorem
450 2311 621 2356 populum
636 2313 841 2360 designant,
874 2318 934 2362 qui
965 2329 1035 2354 non
1058 2330 1123 2365 per
1144 2320 1338 2358 Dominum

280 2372 444 2404 nostrum
465 2369 589 2407 Jesum
622 2372 820 2418 Christum,
855 2377 918 2412 sed
957 2389 1022 2424 per
1059 2380 1204 2426 Moysen
1236 2387 1339 2417 extra

285 2426 480 2464 Jordanem
502 2436 638 2468 sortem
666 2433 888 2472 haereditatis
920 2438 1115 2483 accipiunt.
1141 2439 1339 2477 Considera

280 2495 400 2526 autem
419 2492 626 2539 diligentius
645 2496 754 2532 etiam
775 2507 921 2534 causam
946 2510 1017 2545 qua
1041 2505 1077 2536 et
1106 2501 1207 2547 prior
1231 2507 1288 2538 est
1304 2508 1341 2539 et

281 2556 383 2585 extra
410 2550 620 2598 Jordanem,
640 2561 677 2591 et
698 2560 954 2603 sequestratim
975 2571 995 2596 a
1024 2562 1181 2604 caeteris,
1216 2572 1340 2599 conse-

280 2611 404 2656 quitur
437 2613 700 2652 haereditatem.
741 2616 920 2661 Jumenta,
964 2621 1096 2667 inquit,
1132 2628 1168 2658 et
1206 2633 1341 2668 pecora

280 2671 392 2707 multa
413 2679 498 2709 sunt
512 2675 627 2711 nobis.
647 2676 732 2713 Haec
754 2689 842 2725 ergo
858 2691 969 2717 causa
992 2687 1049 2717 est
1065 2692 1137 2728 qua
1155 2684 1257 2729 prior
1272 2695 1340 2731 po-

280 2731 386 2775 pulus
416 2733 461 2767 ad
496 2735 744 2774 haereditatem
779 2747 885 2777 terrae
917 2742 1012 2779 illius
1033 2755 1112 2790 quae
1133 2745 1225 2782 lacte
1247 2746 1338 2792 fluit,

282 2794 362 2835 q'uae
382 2792 488 2828 melle
508 2794 681 2840 abundat,
711 2808 790 2844 quae
818 2800 920 2838 savus
940 2804 1056 2840 mellis
1073 2811 1129 2842 est
1146 2817 1221 2852 prae
1241 2809 1341 2844 omni

286 2857 399 2896 terra,
433 2864 504 2890 non
536 2858 652 2902 potuit
670 2861 873 2905 pervenire,
906 2874 973 2900 nec
1005 2866 1162 2903 Verbum
1193 2879 1340 2905 carnem

280 2914 398 2957 potuit
418 2925 630 2961 agnoscere,
658 2920 742 2964 quia
773 2922 886 2958 multa
914 2923 1081 2968 jumenta
1111 2928 1271 2964 habebat
1303 2934 1340 2965 et

281 2974 563 3020 multaspecora.
589 2979 765 3016 Animalis
791 2983 888 3018 enim
909 2995 981 3019 non
1012 2987 1128 3030 potuit
1149 2990 1338 3035 percipere

282 3037 362 3078 quae
385 3040 468 3069 sunt
489 3037 638 3081 spiritus
658 3038 736 3082 Dei,
768 3051 836 3076 nec
852 3043 1089 3087 spiritualiter
1112 3046 1337 3094 dijudicare;

282 3093 367 3138 quia
394 3093 502 3132 homo
518 3106 600 3132 cuin
622 3098 660 3133 in
679 3098 817 3135 honore
837 3106 944 3144 esset,
975 3113 1047 3139 non
1066 3105 1257 3151 intellexit,
1279 3111 1343 3146 sed

283 3162 514 3202 comparatus
533 3163 589 3194 est
603 3157 778 3204 jumentis
792 3160 1059 3208 insipientibus,
1083 3171 1119 3202 et
1138 3167 1267 3205 similis
1291 3169 1343 3206 sa-

281 3221 362 3253 ctus
378 3222 433 3253 est
451 3218 629 3255 his.'Pro
661 3221 793 3266 quibus
826 3222 1076 3260 haereditatem
1106 3236 1209 3262 suam
1237 3234 1342 3265 extra

280 3275 450 3315 Jordanis
468 3278 604 3316 fluenta
630 3282 806 3328 percepit,
833 3287 870 3318 et
887 3294 907 3319 a
923 3288 1022 3320 terra
1041 3295 1080 3320 se
1099 3291 1226 3322 sancta
1252 3287 1340 3324 fecit

286 3337 455 3375 alienum.
482 3339 546 3375 llle
565 3351 652 3388 ergo
681 3342 835 3388 populus
855 3344 995 3391 accepit
1012 3345 1259 3382 haereditatem
1275 3357 1342 3392 per

284 3399 445 3446 Moysen,
463 3403 602 3447 accepit
614 3408 750 3439 terram
766 3404 918 3441 duorum
931 3415 1056 3453 regum
1071 3408 1336 3445 tantummodo.

283 3459 364 3496 Non
397 3462 494 3496 enim
525 3463 680 3509 amplius
711 3466 831 3512 potuit
854 3465 997 3514 Moyses
1031 3467 1237 3505 interlicere
1268 3468 1327 3506 nis

282 3519 306 3554 rt
318 3530 373 3556 ios
394 3531 512 3568 reges,
533 3533 687 3569 quorum
709 3529 845 3562 terram
865 3526 1042 3564 divideret
1061 3528 1206 3575 populis
1224 3529 1340 3566 multa

282 3582 454 3620 animalia
470 3584 656 3631 multaque
678 3597 811 3632 pecora
830 3588 1061 3626 habentibus.
1078 3589 1152 3626 Illis
1170 3599 1258 3627 vero
1277 3589 1340 3636 qui
1360 3615 1361 3618 =

283 3639 476 3679 Jordanem
496 3651 684 3682 transeunt
711 3646 818 3684 Jesus
845 3648 973 3686 dividit
1005 3654 1154 3693 terram,
1174 3649 1340 3696 quamvis

284 3700 442 3739 habeant
461 3706 571 3753 etiam
602 3707 671 3754 ipsi
697 3707 880 3752 animalia,
913 3709 1072 3746 habeant
1098 3721 1244 3757 pecora,
1265 3712 1340 3748 non

286 3764 405 3798 tamen
423 3770 525 3814 tanta
543 3778 624 3813 quae
641 3777 704 3804 eos
722 3768 917 3805 excludant
937 3779 982 3804 ne
999 3768 1195 3807 Jordanem
1222 3777 1363 3809 tram-m

284 3826 382 3871 eant.
405 3823 478 3864 Sed
495 3837 577 3877 cuni
602 3829 690 3876 ipsis
721 3835 759 3867 et
783 3830 996 3872 mulieribus
1021 3836 1059 3871 et
1082 3842 1169 3874 cum
1188 3833 1359 3880 infanti?

1256 3892 1344 3923 W.-

1408 2149 1445 2180 et
1462 2145 1664 2182 intellectus
1685 2156 1811 2182 coram
1828 2146 1986 2192 populis,
2016 2149 2056 2181 u‘t
2087 2145 2280 2182 audientes
2299 2144 2473 2180 universa

1406 2210 1588 2251 praecepta
1607 2206 1696 2249 haec,
1717 2206 1840 2242 dicant
1858 2218 1867 2241 :
1895 2218 1907 2239 ‹
1936 2206 1989 2242 En
2009 2206 2164 2252 populus
2193 2204 2337 2251 sapiens
2355 2209 2392 2239 et
2413 2204 2472 2240 in·
2525 2210 2540 2227 ἐ

1413 2275 1425 2296 ‹
1444 2263 1620 2310 telligens‚
1641 2275 1729 2310 gens
1749 2275 1893 2312 magna,
1914 2275 1981 2302 nec
1998 2271 2053 2302 est
2074 2267 2143 2302 alia
2157 2266 2257 2302 natio
2273 2271 2349 2303 tam
2366 2274 2474 2311 gran·
2532 2308 2535 2309 ⁷

1413 2337 1426 2358 ‹
1446 2325 1514 2368 dis,
1536 2335 1614 2370 quae
1635 2326 1769 2362 habeat
1791 2327 1880 2363 deos
1902 2328 2234 2374 appropinquantes
2262 2325 2345 2370 sibi,
2379 2324 2474 2361 sicut
2525 2352 2540 2357 ι

1414 2397 1424 2417 ι
1448 2385 1623 2421 Dominus
1642 2386 1737 2422 Deus
1763 2392 1888 2422 noster
1907 2388 2011 2423 adest
2038 2387 2178 2423 cunctis
2211 2383 2473 2422 obsecrationi·
2524 2406 2540 2428 .:

1413 2458 1425 2479 ‹
1444 2447 1511 2482 bus
1529 2446 1678 2489 nostris,
1702 2460 1714 2481 »
1739 2453 1810 2483 etc.
1827 2447 2012 2484 Grandem
2033 2449 2120 2484 dicit
2138 2448 2335 2489 nationem,
2355 2445 2473 2491 digni-
2487 2429 2540 2514 1

1407 2511 1482 2541 tate
1491 2505 1689 2553 Monoi-um,
1707 2517 1779 2542 non
1793 2507 2026 2542 multitudine
2039 2506 2268 2552 populorum.
2284 2504 2358 2541 Nec
2374 2504 2473 2540 enim
2529 2530 2534 2531 κ

1409 2574 1495 2611 gens
1510 2563 1718 2600 Judaeorum
1744 2575 1896 2602 numero
1924 2565 2094 2602 vincebat
2115 2565 2204 2601 alias
2233 2569 2372 2611 gentes,
2410 2566 2474 2599 aut

1407 2626 1569 2671 potentia
1595 2625 1793 2662 excellebat
1813 2638 1821 2660 ε
1844 2626 1907 2661 sed
1925 2626 2166 2672 praerogativa
2186 2629 2335 2671 patrum
2349 2623 2472 2661 divina

1410 2683 1571 2731 dignatio
1588 2694 1651 2720 eos
1671 2684 1867 2728 exaltabat,
1886 2684 1980 2720 sicut
2008 2684 2104 2720 idem
2129 2683 2270 2730 Moyses
2286 2683 2323 2719 in
2352 2683 2473 2720 subse·
2530 2692 2540 2703 2

1410 2744 1603 2790 quentibus
1618 2749 1773 2780 testatur
1795 2744 1944 2780 dicens:
1971 2756 1984 2777 ι
2007 2743 2087 2780 Non
2106 2743 2190 2789 quia
2215 2748 2366 2779 cunctas
2382 2751 2471 2788 gen·
2527 2759 2540 2784 3

1415 2817 1427 2838 ‹
1448 2810 1503 2841 tes
1522 2814 1674 2841 numero
1687 2804 1901 2848 vincebatis,
1927 2804 2031 2840 vobis
2053 2804 2204 2850 junctus
2220 2808 2277 2838 est
2293 2802 2468 2838 Dominus
2530 2812 2540 2840 7

1414 2877 1426 2898 «
1446 2870 1482 2901 et
1502 2865 1610 2910 elegit
1624 2874 1705 2907 vos,
1720 2874 1803 2900 cum
1815 2864 1985 2900 omnibus
2003 2863 2083 2899 sitis
2100 2862 2245 2909 populis
2259 2862 2466 2907 pauciores,

1379 2946 1391 2951 -
1415 2936 1427 2957 ‹
1448 2925 1511 2961 sed
1529 2924 1614 2970 quia
1635 2924 1761 2960 dilexit
1779 2934 1845 2960 vos
1863 2924 2050 2967 Dominus,
2069 2927 2106 2960 et
2136 2922 2333 2959 custodivit
2361 2921 2467 2968 jura-
2529 2966 2540 2975 ¹

1415 2998 1428 3020 ‹
1447 2990 1610 3022 mentum
1630 2986 1726 3030 quod
1744 2986 1935 3032 juraverat
1961 2983 2127 3031 patribus
2143 2983 2288 3019 vestris.
2309 2996 2322 3017 »

1813 3058 1964 3096 CAPUT
1998 3057 2059 3094 lx.

1412 3120 1464 3156 De
1479 3131 1518 3155 eo
1541 3119 1632 3166 quod
1660 3118 1877 3165 prohibuerit
1902 3118 2079 3164 facturam
2106 3115 2376 3152 simulacrorum
2393 3126 2471 3151 om·
2512 3134 2518 3174 s

1459 3167 1557 3202 nium
1583 3166 1816 3201 animantium
1839 3170 1942 3211 atque
1958 3164 2200 3210 jumentorum
2217 3173 2296 3209 quae
2311 3166 2393 3198 sunt
2408 3171 2470 3198 su—

1457 3224 1520 3256 per
1547 3218 1690 3248 terram.

1458 3285 1592 3331 (Imm).
1616 3297 1629 3317 ‹
1648 3284 1835 3320 Custodite
1860 3293 1947 3329 ergo
1973 3283 2127 3319 sollicite
2153 3283 2295 3318 animas
2309 3287 2466 3319 vestras.
2519 3279 2528 3302 '-

1416 3357 1429 3379 ‹
1446 3343 1616 3390 Nunquid
1632 3344 1774 3379 vidistis
1791 3343 1950 3389 aliquam
1970 3342 2243 3379 similitudinem
2265 3343 2303 3378 in
2322 3342 2379 3378 die
2395 3352 2468 3389 qua
2513 3373 2526 3382 ,,

1415 3417 1428 3439 ι
1446 3405 1587 3441 locutus
1603 3409 1660 3440 est
1674 3403 1849 3439 Dominus
1857 3402 1961 3438 vobis
1976 3402 2014 3438 in
2027 3401 2149 3439 Horeb
2159 3403 2203 3439 de
2217 3403 2335 3440 medio
2349 3403 2468 3450 ignis?

1415 3479 1427 3501 ι
1447 3476 1493 3503 ne
1512 3467 1608 3502 iorte
1625 3463 1780 3511 decepti,
1806 3462 1952 3500 faciatis
1967 3463 2071 3500 vobis
2094 3464 2274 3511 sculptam
2302 3465 2469 3501 similitu-

1413 3540 1425 3562 «
1446 3527 1580 3570 dinem,
1600 3529 1662 3562 aut
1686 3524 1880 3571 imaginem
1909 3523 2061 3560 masculi
2082 3529 2146 3560 aut
2162 3524 2319 3562 feminae.
2343 3537 2357 3560 ι
2392 3518 2482 3574 (Ex'

1409 3586 1636 3636 Anqustino.)
1657 3586 1750 3631 Quid
1761 3585 1906 3623 intersit
1919 3586 2015 3623 inter
2029 3586 2302 3624 similitudinem
2317 3590 2355 3623 et
2372 3585 2465 3622 ima-

1409 3651 1531 3697 ginem
1547 3647 1667 3696 quaeri
1697 3647 1800 3685 solet.
1831 3645 1904 3684 Sed
1930 3648 1991 3684 hic
2018 3658 2091 3685 non
2123 3648 2230 3686 video
2257 3647 2345 3695 quid
2369 3647 2484 3703 inte-¹

1410 3723 1510 3751 resse
1530 3712 1693 3755 voluerit,
1713 3712 1784 3749 nisi
1803 3719 1865 3749 aut
1884 3711 2024 3751 duobus
2048 3714 2130 3752 istis
2146 3706 2334 3753 vocabulis
2351 3712 2464 3753 unam

1409 3784 1486 3812 rem
1503 3772 1774 3822 significaverit,
1793 3778 1856 3810 aut
1869 3774 2140 3812 similitudinem
2151 3767 2289 3815 ‘fflxefit
2298 3773 2347 3827 si,
2359 3773 2464 3811 veihi

1409 3835 1553 3889 gratia„
1570 3833 1642 3880 liat-
1656 3837 1776 3875 statua
1803 3834 1861 3875 vel
1882 3834 2118 3876 simulacrum
2134 3816 2290 3878 h'ab‘etss
2307 3829 2462 3886 efflent
