2540 4016
576 89 624 102 do*

237 153 304 189 759

662 118 703 184 B.
730 146 902 186 RABANI
927 146 1074 185 MAURI
1098 146 1312 190 ARGHlEP.
1338 145 1544 187 MOGUNT.
1571 147 1762 190 OPERUM
1785 147 1909 194 PARS
1928 147 1957 185 t.

2327 147 2414 189 7η»

232 230 339 268 neque
354 219 443 254 sicut
458 216 555 262 filius
575 218 725 255 hominis
743 225 860 256 terret.
881 219 922 256 ln
942 220 1150 257 hominihus
1170 220 1284 256 inter-
1301 219 1444 269 Aban«)
1473 220 1762 259 benedictionem
1791 232 1865 259 non
1891 221 2036 270 avertit,
2061 229 2131 267 nec
2158 220 2256 269 ,enim
2279 227 2403 277 ms&

232 283 313 317 dum
345 278 558 314 sententiam
586 269 704 315 mutat
735 285 772 316 et
800 285 926 317 terret.
957 281 1053 316 Deus
1072 285 1191 316 autem
1221 280 1282 327 qui

231 350 336 386 supra
355 339 474 374 omnia
494 343 562 382 est,
581 350 602 374 a
621 350 692 385 quo
713 343 840 377 terreri
858 346 992 387 potest,
1009 346 1049 376 ut
1067 341 1282 377 sententiam

227 399 364 435 mutet?
383 398 420 435 Si
439 409 524 434 vero
544 400 741 443 secundum
762 401 831 437 hoc
864 401 1097 448 accipiamus,
1123 401 1218 448 quod
1243 402 1281 437 in

227 461 307 496 aliis
323 459 588 506 exemplaribus
605 459 766 497 diximus
788 460 934 507 lectum,
952 461 1022 498 hoc
1038 467 1094 498 est
1109 471 1225 508 neque
1240 461 1283 499 Ιίτ

227 521 297 557 nus
315 521 470 557 hominis
494 524 621 563 terret,
647 519 734 556 iilud
753 521 935 557 videbitur
953 521 1038 566 dici,
1059 509 1154 568 quod
1170 522 1283 558 homi-

225 591 288 618 nes
306 581 451 628 quidem
470 590 537 627 pro
551 581 728 627 Jactantia
760 582 941 619 interdum
960 587 1118 619 terrores
1146 582 1283 619 faciunt

225 647 260 677 et
279 641 396 677 minas
415 641 525 676 etiam
548 641 620 685 his,
641 642 772 688 quibus
789 652 1048 689 nonnunquam
1063 652 1194 680 nocere
1209 653 1281 678 non

223 702 374 748 possint.
409 702 504 738 Deus
527 708 648 739 autem
670 713 741 739 non
773 695 822 739 ita
844 709 956 740 terret
974 704 1151 747 homines,
1178 702 1281 748 qnasi

225 763 287 809 qui
310 762 440 808 punire
461 773 532 799 non
555 764 685 810 possit,
707 765 771 800 sed
794 769 830 801 ct
848 765 879 801 si
899 770 1026 809 terret,
1047 765 1186 801 ratione
1209 769 1282 799 101-

224 828 291 859 ret.
312 823 440 860 Terret
458 824 554 860 enim
575 829 613 860 nt
632 825 806 871 corripiat
825 825 1008 862 hominem
1028 825 1066 860 in
1087 823 1282 866 auditionis

225 883 479 927 tribulatione,
513 888 549 919 et
578 884 689 920 verbo
732 884 1023 920 comminationis
1066 881 1280 924 deterritus,

223 943 391 980 emendet
405 955 455 987 se,
483 945 545 991 qui
560 945 654 981 male
669 945 755 992 agit,
778 956 822 981 nc
839 945 1028 992 perveniat
1044 945 1088 980 ad
1103 955 1184 980 011111
1202 944 1282 990 ipsa

223 1005 382 1042 vindicta
401 1006 495 1042 male
513 1011 697 1054 gestorum
719 1017 880 1043 suorum.
901 1006 981 1041 Non
998 1016 1083 1052 ergo
1109 1005 1159 1040 ita
1189 1006 1284 1040 Deus

224 1070 339 1100 terret
358 1070 398 1100 ut
415 1066 524 1102 homo
541 1076 549 1100 :
568 1065 676 1101 homo
692 1066 802 1107 enim,
821 1071 859 1100 ut
877 1065 1048 1107 diximus,
1067 1075 1133 1111 pro
1145 1064 1284 1109 jactan-

223 1126 287 1168 tia,
308 1125 402 1166 Deus
420 1135 506 1162 vero
526 1135 592 1172 pro
612 1126 863 1161 emendatione
883 1130 1077 1161 conterret.
1097 1124 1184 1161 Post
1204 1124 1282 1160 haec

223 1186 275 1222 ait
294 1197 302 1221 :
321 1186 402 1232 Ipse
428 1197 507 1221 cum
535 1186 663 1221 dixerit
694 1197 763 1221 non
788 1186 893 1231 saciet
910 1187 925 1221 ?
944 1185 1121 1232 Loquetur
1148 1191 1181 1221 et
1212 1195 1283 1220 non

222 1248 468 1295 permanebit?
494 1247 555 1284 Sic
583 1248 755 1294 legendus
775 1253 831 1283 051
858 1251 970 1291 100115,
993 1248 1094 1293 qnasi
1124 1247 1280 1282 interro—

225 1308 345 1355 gantis
365 1307 495 1344 affectu
511 1307 620 1343 dicat.
647 1306 741 1353 Ipse,
759 1308 828 1342 hoc
850 1313 918 1351 est,
938 1307 1046 1343 Deus.
1070 1307 1171 1351 Quod
1191 1306 1282 1342 dicit

222 1377 344 1403 nonne
367 1356 408 1403 et
433 1366 565 1402 saciet?
588 1366 633 1402 Et
651 1377 731 1412 quae
757 1366 898 1401 locutus
916 1366 1025 1401 fuerit
1044 1376 1115 1401 non
1139 1375 1282 1412 perma-

225 1427 326 1463 nebit
340 1438 384 1464 ex
403 1427 481 1463 eis?
498 1426 588 1463 Cum
609 1428 734 1472 utique
760 1427 925 1462 homines
953 1436 1025 1462 non
1043 1425 1178 1461 faciant
1204 1435 1282 1470 quae

226 1487 350 1524 dicunt
374 1486 462 1522 vitio
495 1487 662 1522 humanae
687 1483 914 1532 fragilitatis,
947 1490 981 1520 et
1007 1484 1065 1521 his
1096 1495 1167 1522 non
1197 1493 1280 1530 per-

224 1551 396 1583 maneant
414 1555 494 1591 quae
522 1546 730 1591 loquuntur.
756 1544 936 1580 Mutabilis
954 1543 1050 1579 enim
1083 1549 1137 1579 est
1159 1544 1279 1585 homo,

226 1604 461 1641 immutabilis
485 1615 571 1640 vero
588 1606 695 1640 Deus.
719 1603 788 1640 Sed
804 1609 924 1649 potest
942 1603 1072 1649 aliquis
1089 1612 1282 1638 occurrere

224 1669 260 1700 et
278 1664 399 1701 dicere
416 1673 425 1699 :
443 1663 630 1708 Quomodo
646 1673 732 1711 ergo
749 1674 821 1699 non
841 1663 1040 1710 permansit
1057 1663 1151 1698 Deus
1171 1662 1206 1697 in
1226 1662 1279 1698 liis

223 1735 304 1772 quae
322 1725 463 1762 locutus
480 1731 534 1762 est
551 1727 595 1762 de
616 1725 757 1769 Ninive,
775 1732 812 1760 ut
828 1731 903 1772 post
922 1725 1078 1760 triduum
1109 1724 1282 1760 subverte-

223 1785 441 1832 retur-(1071.
474 1785 544 1833 111),
566 1795 682 1832 neque
713 1785 749 1820 in
779 1785 848 1829 his,
880 1795 960 1831 quae
991 1785 1133 1820 locutus
1162 1790 1217 1820 cst
1238 1784 1282 1820 de

224 1845 366 1891 Daniel,
386 1848 445 1883 ubi
468 1847 585 1883 tribus
616 1847 741 1883 diebus
760 1847 937 1894 promissa
966 1847 1083 1883 suerat
1109 1857 1221 1890 mors,
1243 1850 1283 1881 ut

220 1912 381 1944 vastaret
399 1907 584 1955 populum,
605 1913 641 1943 et
659 1908 754 1943 intra
771 1918 879 1943 unam
898 1907 994 1943 diem
1014 1916 1128 1953 usquc
1148 1907 1193 1941 ad
1219 1906 1282 1942 110-

223 1978 303 2004 ram
333 1968 474 2014 prandii
502 1968 680 2004 cessavit‘?
711 1968 756 2004 Et
779 1967 960 2003 videbitur
988 1966 1167 2009 fortassis,
1197 1964 1282 2011 quia

224 2029 302 2066 haee
317 2039 396 2075 quae
415 2039 481 2076 per
504 2029 822 2075 interrogationem
842 2029 1025 2072 dicuntur,
1046 2038 1117 2063 nou
1137 2027 1282 2073 penitus

221 2099 287 2136 pro
306 2088 453 2124 definito
473 2089 682 2134 accipienda
699 2089 783 2131 sint,
810 2089 872 2125 5011
888 2089 968 2124 talis
983 2089 1148 2134 quaedam
1167 2087 1283 2134 ligura

222 2148 324 2185 verbi
349 2148 410 2191 sit,
446 2158 526 2194 (11110
546 2148 703 2184 medium
733 2149 867 2195 aliquid
890 2149 1054 2185 videatur
1075 2148 1282 2192 ostendere,

222 2220 297 2246 non
319 2215 393 2245 tam
415 2210 563 2246 definite
591 2215 627 2246 ct
651 2210 897 2247 irrevocabilis
919 2211 1107 2246 sententiae
1127 2209 1286 2246 declaret

226 2270 394 2307 effectum
413 2282 421 2306 :
439 2281 510 2317 (1110
527 2271 789 2317 temperantius
806 2271 942 2317 aliquid
961 2271 1094 2306 dictum
1119 2270 1286 2305 videatur

223 2332 259 2368 in
275 2342 318 2369 eo
336 2332 432 2379 quod
449 2333 626 2379 scriptum
645 2338 700 2368 est
717 2345 724 2368 :
745 2333 825 2379 Ipse
844 2343 921 2368 cum
941 2332 1067 2368 dixerit
1092 2342 1204 2367 nonne
1226 2331 1284 2376 sa-

224 2394 290 2429 ciet
307 2394 323 2428 ?
340 2392 444 2439 quasi
467 2393 642 2441 scriptum
658 2398 755 2431 esset
772 2406 780 2429 :
799 2394 879 2440 Ipse
899 2404 980 2430 cum
1009 2394 1153 2436 dixerit,
1170 2393 1286 2429 omni-

225 2454 342 2491 modis
372 2453 493 2490 saciet.
515 2454 588 2491 Sed
606 2455 643 2490 in
660 2455 765 2506 ‘ipsis
791 2455 912 2491 verbis
941 2454 1178 2501 propheticis,
1210 2464 1284 2491 non

226 2521 302 2551 tam
319 2525 505 2552 sermones
528 2515 606 2559 Dei,
632 2525 740 2562 quam
762 2515 922 2562 ipsorum
942 2517 1200 2562 prophetarum
1225 2525 1284 2551 ac-

224 2575 388 2622 cipienda
418 2581 513 2619 sunt,
545 2586 625 2622 quae
639 2575 742 2623 juxta
765 2576 897 2612 merita
916 2575 1138 2622 singulorum
1157 2580 1283 2620 protu-

223 2634 360 2678 lerunt,
387 2636 450 2671 sed
475 2636 540 2672 Dei
567 2636 812 2679 miseratione,
841 2646 887 2673 ne
915 2645 1023 2682 super
1042 2646 1104 2672 eos
1119 2636 1286 2671 venirent

223 2705 410 2741 suspensae
427 2700 523 2731 sunt.
553 2695 643 2731 ltem
672 2705 736 2741 per
760 2696 955 2732 Jeremiam
977 2695 1150 2731 Dominus
1170 2695 1282 2731 dicit:

224 2755 272 2793 In
284 2756 390 2802 finem
422 2755 560 2803 loquar,
591 2757 661 2793 hoc
678 2763 748 2800 est,
771 2768 815 2794 ex
841 2758 989 2794 definito
1009 2758 1152 2804 loquar,
1182 2769 1287 2805 super

224 2826 361 2866 pentem
383 2825 415 2855 et
442 2830 547 2866 super
560 2830 705 2867 reqnum
722 2831 733 2855 .-
749 2822 909 2867 auferam
939 2832 996 2856 eos
1014 2828 1046 2856 et
1069 2821 1284 2868 disperdam.

224 2878 272 2914 Et
292 2879 323 2915 si
344 2886 565 2915 convertatur
578 2891 660 2926 qens
679 2879 742 2915 illa
759 2892 780 2915 a
805 2881 908 2916 malis
924 2882 1009 2923 suis,
1028 2881 1224 2927 paenitendo
1242 2881 1285 2917 de

1350 281 1460 320 etiam
1481 283 1513 320 si
1530 283 1651 326 vellet,
1672 284 1822 320 verbum
1844 282 1908 318 Dei
1938 281 2096 330 bumana¹
2112 281 2234 331 lingua
2248 291 2402 326 conver:-

1348 344 1435 376 tere.
1458 340 1544 377 Post
1561 342 1638 378 haec
1656 342 1707 377 ait
1725 355 1733 377 :
1752 341 1834 377 Non
1848 347 1898 376 est
1913 339 2047 375 idolam
2065 341 2104 377 in
2117 336 2244 388 Jacob,
2260 354 2322 384 nec
2349 343 2402 381 vi-

1348 399 1450 436 detur
1468 401 1696 437 simulacrum
1716 402 1754 436 in
1771 399 1896 436 Israel.
1923 399 2007 438 Haec
2024 410 2111 446 ergo
2131 404 2331 445 secundum
2346 403 2404 441 hi-

1348 460 1498 496 storiam
1524 454 1709 507 ‘quomodo
1730 466 1826 496 stare
1857 466 2020 507 possunt,
2043 473 2126 509 011111
2150 462 2219 511 ipsi
2237 457 2404 509 carnales

1347 519 1534 564 Israelitae,
1553 526 1590 555 et
1606 520 1671 555 tilii
1687 520 1800 556 Jacob
1816 521 2044 567 patriarchae,
2062 522 2192 569 saepius
2205 530 2404 572 arguantur

1347 589 1413 626 per
1430 580 1629 625 prophetas
1653 589 1720 625 pro
1743 579 1945 616 idololatria
1972 591 2081 628 quam
2099 584 2312 629 gesserant?
2332 584 2404 630 Sed

1347 643 1477 678 melius
1508 644 1552 679 (10
1574 643 1696 679 futuro
1715 644 1861 691 populo,
1884 645 1953 681 hoc
1970 651 2039 688 est,
2062 646 2159 683 veris
2179 653 2215 688 01
2234 647 2406 695 spiritali-

1348 701 1416 738 bus
1447 701 1622 738 Israelitis
1653 702 1924 750 intelligendum
1945 710 2015 748 cst,
2050 705 2144 751 quod
2177 707 2226 744 ibi
2257 718 2328 750 11011
2357 708 2405 746 sit

1349 759 1490 795 cultura
1511 760 1703 804 idolorum,
1736 762 1800 797 sed
1822 763 1929 809 unius
1947 764 2011 800 Dei
2037 766 2308 812 omnipotentis,
2336 768 2403 804 Pa-

1350 819 1430 862 tris,
1456 825 1492 855 et
1511 819 1608 863 Filii,
1641 826 1677 856 01
1706 821 1863 868 Spiritus
1887 824 2003 860 sancti
2022 826 2191 871 servitus,
2222 828 2347 874 religio
2367 834 2404 865 et

1349 879 1467 915 cultus
1503 885 1714 926 perpetuus.
1754 883 1858 927 Quod
1883 888 2002 920 autem
2035 885 2104 921 alia
2135 886 2246 923 editio
2269 888 2403 925 habet:

1351 938 1433 974 Non
1460 941 1539 983 erit,
1561 940 1690 987 inquit,
1710 941 1809 979 labor
1830 944 1867 979 iu
1884 943 2007 987 Jacob,
2029 956 2137 993 neque
2157 947 2291 982 videtur
2306 947 2407 984 dolor

1350 1000 1480 1045 Israel,
1509 1007 1632 1049 aperte
1653 1003 1689 1038 in
1721 1004 1800 1040 istis
1834 1005 2062 1042 sermonibus
2092 1006 2221 1043 suturae
2238 1008 2319 1043 vitae
2345 1007 2408 1044 de-

1351 1062 1495 1097 nuntiat
1518 1064 1665 1099 statum.
1682 1063 1770 1108 Quis
1793 1066 1890 1101 enim
1909 1072 1978 1109 est,
2000 1068 2061 1112 qui
2079 1069 2174 1104 hanc
2197 1070 2309 1105 vitam
2328 1071 2406 1107 sine

1352 1122 1477 1159 labore
1496 1129 1531 1158 et
1561 1123 1688 1160 dolore
1705 1127 1951 1162 transcurrat?
1971 1127 2045 1164 Nec
2063 1129 2094 1164 si
2122 1129 2253 1166 Petrus
2269 1131 2316 1167 sit
2342 1132 2409 1168 ali-

1351 1183 1448 1228 quis,
1476 1189 1538 1219 aut
1557 1184 1587 1220 si
1616 1184 1748 1221 Paulus
1774 1186 1837 1230 sit,
1869 1188 2048 1232 quomodo
2073 1199 2146 1225 non
2167 1189 2346 1227 inlabere
2370 1198 2408 1228 et

1351 1244 1474 1280 dolore
1499 1250 1565 1287 est,
1589 1256 1669 1281 cam
1695 1247 1799 1293 virqis
1822 1247 1982 1294 creditur,
2016 1250 2121 1285 semel
2139 1250 2333 1298 lapidatur,
2355 1258 2410 1289 ter

1351 1307 1576 1353 naasraqium
1606 1307 1702 1353 fecit,
1731 1309 1768 1344 in
1798 1311 1973 1356 profundo
2008 1324 2116 1349 maris
2154 1314 2210 1350 die
2240 1326 2282 1351 ac
2309 1322 2408 1352 nocte

1351 1367 1387 1414 (I
1406 1367 1487 1403 Cor.
1506 1369 1586 1414 xn),
1620 1370 1762 1416 aliaque
1793 1372 1983 1408 innumera
2013 1376 2229 1422 perpetitur,
2255 1387 2337 1424 quae
2363 1378 2408 1414 dc

1351 1429 1536 1465 laboribus
1567 1439 1609 1465 ac
1636 1430 1819 1467 doloribus
1854 1433 1930 1468 suis
1966 1435 2112 1478 scribit;
2135 1437 2199 1473 sed
2231 1436 2283 1473 tbi
2311 1437 2410 1476 istud

1351 1489 1605 1535 complebitur,
1619 1490 1682 1526 ubi
1702 1491 1837 1527 dictum
1855 1497 1923 1535 est,
1943 1493 2109 1540 Aufuyiet
2123 1494 2236 1539 dolor,
2255 1502 2287 1531 et
2301 1498 2411 1533 tristi-

1351 1549 1416 1592 tia,
1438 1555 1468 1583 et
1489 1549 1649 1595 yemitas.
1674 1549 1776 1593 Quod
1799 1556 1917 1587 tamen
1940 1562 2011 1589 non
2043 1554 2089 1589 ad
2116 1565 2256 1599 01111105,
2281 1556 2346 1593 5011
2364 1557 2411 1594 ad

1350 1620 1414 1646 eos
1438 1615 1577 1645 tantum
1600 1611 1661 1656 qui
1678 1611 1818 1648 meritis
1836 1611 1945 1650 Jacob
1960 1619 1997 1649 et
2013 1614 2123 1652 Israel
2142 1615 2277 1653 fuerint
2294 1618 2410 1654 refer-

1351 1677 1434 1706 tur:
1456 1676 1495 1706 ut
1516 1670 1583 1707 suit
1612 1678 1648 1707 01
1668 1672 1726 1708 illc
1745 1672 1920 1717 Lazarus,
1944 1676 2006 1722 qui
2030 1683 2247 1722 praesentem
2265 1679 2410 1725 quidem

1350 1731 1462 1766 vitam
1480 1731 1515 1766 in
1538 1731 1662 1768 labore
1678 1738 1715 1769 et
1731 1733 1854 1770 dolore
1870 1736 2056 1783 transegit.
2073 1735 2124 1773 lbi
2137 1742 2258 1774 autem
2276 1738 2410 1776 dicitur

1352 1794 1396 1828 ad
1417 1792 1587 1829 ‹ii-vitem:
1608 1794 1797 1839 Memento,
1812 1796 1880 1842 fili,
1905 1798 1989 1844 qaia
2016 1805 2053 1834 ta
2080 1800 2239 1846 recepisti
2255 1800 2345 1836 bona
2373 1801 2410 1838 in

1352 1852 1420 1887 vita
1444 1859 1516 1895 tua,
1542 1859 1573 1888 et
1596 1853 1754 1891 Lazarus
1778 1855 1940 1893 similiter
1958 1857 2066 1894 mala.
2089 1858 2195 1895 Nunc
2211 1866 2327 1896 autem
2353 1861 2410 1898 hic

1353 1917 1532 1962 requiescit
1552 1923 1610 1952 :tu
1632 1929 1708 1954 vero
1737 1921 1907 1956 cruciaris
1923 1920 2024 1968 (Luc.
2052 1921 2142 1971 xv1).
2168 1923 2230 1960 Ille
2247 1934 2333 1973 ergo
2355 1930 2411 1964 est

1354 1975 1463 2012 lsrael
1489 1983 1524 2013 01
1547 1977 1673 2023 Jacob,
1704 1980 1744 2015 in
1760 1991 1867 2026 (1110111
1894 1991 1965 2017 11011
1984 1982 2083 2018 venit
2114 1982 2216 2020 labor
2237 1991 2274 2021 et
2293 1985 2407 2022 dolor.

1303 2042 1332 2085 C
1355 2037 1462 2074 Dives
1480 2040 1577 2076 enim
1594 2041 1654 2078 ille
1681 2047 1759 2077 crat
1778 2043 1935 2089 quidem,
1957 2048 1994 2080 et
2012 2044 2089 2089 ipse
2113 2046 2310 2082 secundum
2330 2056 2411 2084 car-

1354 2110 1437 2135 nem
1458 2100 1581 2137 Israel.
1608 2102 1747 2138 Dicitur
1771 2104 1866 2139 enim
1887 2114 1935 2148 01,
1959 2115 2042 2151 quta
2060 2105 2187 2151 fratres
2206 2106 2258 2141 tui
2283 2106 2411 2144 hubent

1355 2159 1464 2207 lcyem
1480 2167 1510 2196 e!
1534 2164 1717 2209 prophetas
1736 2164 1882 2200 audiant
1896 2164 1974 2200 illos
1991 2164 2130 2213 (Ibat).
2149 2165 2220 2202 Sed
2240 2165 2324 2213 quia
2338 2177 2411 2204 non

1353 2227 1432 2259 erat
1461 2224 1659 2260 secundum
1684 2226 1851 2271 spiritum
1866 2226 1995 2271 lsrael,
2015 2227 2095 2264 ideo
2122 2229 2222 2265 venit
2246 2239 2354 2275 super
2369 2229 2412 2272 ii-

1354 2286 1429 2323 lum
1454 2288 1556 2324 labor
1581 2295 1619 2326 et
1645 2291 1759 2328 dolor.
1794 2292 1967 2339 Sequitur
1984 2305 1992 2331 z
2009 2294 2185 2331 Dominus
2214 2294 2309 2331 Deus
2334 2293 2413 2339 ejus

1353 2359 1432 2384 cum
1457 2361 1495 2385 00
1522 2357 1585 2395 est,
1606 2358 1637 2387 et
1662 2352 1806 2400 01009ον
1825 2355 1980 2390 victorioe
2005 2355 2094 2401 reqis
2113 2356 2150 2391 in
2175 2354 2250 2392 illo.
2272 2355 2350 2392 Hoc
2367 2355 2412 2392 de

1354 2408 1610 2454 praedicatione
1640 2411 1824 2458 Evangelii
1853 2413 1891 2447 in
1922 2413 2057 2458 populo
2081 2412 2287 2450 Christiano
2307 2413 2410 2458 dicit,

1354 2468 1412 2504 ubi
1431 2475 1556 2514 aperta
1583 2480 1672 2506 voce
1693 2472 1930 2508 annuntiatur
1949 2474 2130 2518 quomodo
2155 2484 2221 2510 rex
2244 2474 2411 2511 Christus

1353 2538 1417 2574 per
1452 2530 1571 2566 crucis
1601 2536 1775 2576 tropaeum
1794 2532 1839 2567 dc
1857 2532 1998 2568 diabolo
2021 2533 2270 2579 triumphavit,
2289 2543 2333 2570 ac
2358 2544 2414 2570 10-

1354 2600 1464 2637 gnum
1495 2590 1565 2626 sibi
1597 2592 1791 2636 acquisivit
1818 2598 2047 2639 perpetuum.
2079 2593 2181 2630 Unde
2205 2593 2282 2640 ipse
2309 2599 2412 2641 post-

1355 2660 1463 2696 quam
1483 2652 1683 2687 resurrexit
1702 2662 1722 2687 a
1748 2653 1915 2696 mortuis,
1935 2651 2122 2700 discipulis
2141 2653 2216 2690 suis
2247 2654 2414 2701 apparuit

1355 2715 1390 2746 01
1417 2712 1466 2746 ait
1490 2724 1497 2746 :
1517 2711 1613 2747 Data
1640 2718 1690 2748 est
1718 2712 1805 2752 milli
1836 2713 1948 2749 omnis
1972 2719 2123 2760 potestas
2148 2713 2186 2751 in
2209 2713 2293 2750 coelo
2313 2720 2346 2750 et
2375 2714 2413 2750 in

1354 2777 1463 2816 terra,
1483 2778 1552 2808 etc.
1589 2772 1733 2820 (Marta.
1760 2772 1855 2821 ult.).
1876 2772 1968 2810 Hinc
1992 2780 2029 2810 et
2056 2773 2188 2815 Paulus
2207 2786 2216 2811 :
2236 2773 2410 2819 Christus,

1357 2833 1489 2879 inquit,
1512 2833 1628 2879 sactus
1647 2839 1697 2870 est
1727 2834 1887 2870 obediens
1904 2845 1968 2882 pro
1990 2834 2087 2870 nobis
2106 2833 2209 2870 Patri
2239 2845 2348 2882 usque
2365 2834 2411 2879 ad

1355 2901 1517 2937 mortem,
1537 2900 1683 2932 mortem
1697 2902 1814 2932 autem
1833 2896 1962 2932 crucis.
1978 2895 2128 2943 Propter
2145 2896 2238 2949 quod
2256 2897 2352 2933 Deus
2369 2896 2413 2933 il-

225 2940 386 2985 ⁰m²¹ibu³
409 2940 527 2984 malis,
557 2952 635 2988 11²⁴oe
654 2940 802 2988 cogitavi
823 2941 938 2987 facere
958 2942 1020 2976 ‘³5⁸-
1054 2941 1100 2975 Et
1124 2942 1161 2976 in
1178 2942 1283 2986 finem
1300 2958 1336 2997 1)
1353 2952 1425 2988 lum
1447 2953 1630 2999 exaltavit,
1658 2960 1693 2992 et
1710 2956 1852 2993 donavit
1870 2951 1924 2992 illi
1951 2967 2088 3000 nomen,
2111 2956 2203 3006 quod
2231 2962 2282 2995 est
2308 2969 2413 3005 super

225 2998 352 3046 loquar
369 3010 473 3046 saper
490 3007 623 3046 pentem
651 3006 683 3036 et
711 3011 868 3047 requam,
890 3007 927 3035 ut
950 3002 1154 3046 rea’disicem
1175 3012 1231 3036 003
1251 3008 1283 3037 et

225 3058 417 3106 replantem
431 3071 444 3104 ,·
459 3061 531 3096 etsi
550 3060 670 3107 fecerit
687 3060 781 3096 mata
800 3061 837 3096 in
854 3068 1036 3107 conspectu
1052 3072 1142 3104 meo,
1161 3067 1197 3095 ut
1214 3072 1283 3097 non

225 3113 373 3154 audiant
383 3130 498 3156 vocem
514 3131 641 3166 meam,
661 3114 836 3168 poenitebit
851 3131 905 3155 me
925 3121 967 3156 cle
990 3121 1147 3156 omnibus
1169 3121 1280 3165 bonis,

226 3188 304 3225 qacc
335 3177 473 3214 locutus
497 3179 633 3226 sueram
666 3186 704 3215 ut
737 3179 887 3226 facerem
913 3180 961 3215 eis
991 3179 1136 3227 (Jerem.
1160 3180 1278 3227 xviii).

227 3238 414 3284 Quomodo
433 3251 518 3289 ergo
536 3251 730 3289 possumus
745 3242 802 3278 his
818 3252 896 3288 quae
914 3242 1076 3278 absolute
1098 3253 1163 3289 per
1182 3242 1283 3279 ,1010-

227 3297 338 3335 miam
360 3299 457 3337 dicta
492 3307 575 3337 sunt
601 3301 774 3348 praeferre
801 3301 862 3338 illa
882 3313 962 3348 quae
987 3303 1197 3348 suspensive
1218 3313 1284 3349 per

226 3357 372 3396 Balaam
389 3361 571 3407 dicuntur,
592 3362 662 3399 nisi
681 3362 767 3409 quia
783 3363 1048 3410 negligentibus
1064 3369 1101 3399 et
1117 3368 1282 3400 contem-

226 3419 393 3465 ptoribus
413 3421 473 3456 illa
494 3423 744 3460 confirmanda
763 3435 771 3459 τ
787 3423 865 3460 haec
893 3434 981 3460 vero
1005 3417 1283 3472 perfectioribus

229 3481 405 3517 secretius
433 3483 652 3521 advertenda
673 3490 770 3522 sunt.
799 3485 872 3522 Sed
899 3490 983 3538 post
1012 3487 1091 3523 haee
1110 3485 1281 3522 Balaam:

228 3537 335 3586 Ecce,
355 3541 484 3590 inquit,
505 3543 550 3580 ad
565 3545 837 3583 benedicendum
853 3552 1053 3594 assumptus
1068 3556 1146 3582 sum
1160 3555 1173 3580 .·
1189 3545 1287 3583 bene-

229 3599 348 3639 dicam
372 3597 405 3640 et
435 3616 506 3642 non
535 3614 687 3644 avertam
711 3619 804 3645 eum.
833 3608 888 3645 Ad
913 3600 1197 3646 benedicendum
1219 3607 1288 3644 Ba-

231 3663 324 3702 laam
359 3677 566 3719 assumptus
592 3679 649 3711 est
669 3673 789 3717 Balac,
813 3674 877 3710 sed
903 3684 923 3709 a
953 3674 1042 3717 Deo,
1070 3673 1131 3720 qui
1164 3671 1289 3719 injecit

233 3727 381 3792 *terbum
413 3731 448 3767 in
473 3742 514 3781 os
548 3734 628 3781 eJus
667 3745 739 3790 quo
770 3734 942 3789 populum
969 3734 1215 3772 benediceret.
1242 3733 1288 3772 Et

1355 3027 1456 3053 omne
1475 3028 1613 3061 nomen,
1639 3024 1679 3059 ut
1697 3019 1736 3062 in
1754 3021 1891 3063 nomine
1910 3019 1997 3067 ,Iesu
2011 3030 2110 3056 omne
2130 3031 2220 3067 qenu
2234 3020 2410 3068 flectatur,

1356 3077 1561 3122 coelestium,
1582 3081 1812 3125 terrestrium,
1833 3086 1867 3116 et
1888 3079 2108 3126 infernorum
2124 3088 2135 3114 .·
2151 3085 2184 3115 et
2207 3078 2317 3116 omnis
2346 3078 2413 3115 lin-

1354 3151 1423 3186 900
1445 3141 1666 3186 confiteatur,
1685 3143 1768 3190 quia
1786 3142 1955 3177 Dominus
1969 3142 2072 3178 Jesus
2091 3140 2266 3185 Christus,
2281 3141 2317 3177 in
2336 3140 2412 3188 qlo-

1355 3201 1409 3235 ria
1439 3207 1489 3236 est
1519 3202 1584 3237 Dei
1619 3200 1740 3237 Patris
1772 3202 1920 3249 (Philip.
1951 3205 2007 3251 11).
2038 3202 2141 3246 Quod
2166 3206 2286 3246 autem
2308 3200 2412 3248 juxta

1355 3259 1464 3294 aliam
1493 3260 1689 3296 editionem
1715 3261 1845 3305 legitur
1867 3260 2065 3310 :Dominus
2096 3260 2190 3296 Deus
2213 3272 2291 3296 cum
2320 3262 2407 3315 ipsa,

1354 3317 1526 3364 praeclara
1558 3319 1754 3365 principum
1774 3329 1852 3353 cum
1882 3319 1958 3366 ipso
1980 3325 2083 3361 sunt,
2117 3328 2294 3367 nunquam
2317 3319 2410 3355 enim

1354 3377 1469 3416 Israel
1484 3390 1586 3415 suum
1606 3379 1733 3414 deserit
1751 3379 1860 3414 Deus.
1886 3379 2047 3425 Quorum
2068 3383 2188 3415 autem
2205 3380 2410 3428 principum

1355 3439 1529 3486 praeclara
1555 3450 1636 3475 cum
1667 3439 1745 3487 ipso
1769 3439 1878 3490 lsrael
1901 3439 1987 3484 sint,
2009 3439 2207 3476 videamus.
2230 3438 2409 3490 Praeclara

1354 3500 1573 3548 principum,
1599 3505 1762 3548 potestas
1778 3505 1834 3547 est
1849 3500 2073 3549 principatus
2097 3504 2134 3550 et
2159 3507 2321 3551 regnum.
2339 3491 2409 3545 Yess

1356 3571 1438 3598 111111
1461 3560 1634 3609 quoniam
1646 3564 1730 3609 sunt
1749 3563 1786 3596 et
1803 3558 1914 3605 ali11ui
1931 3559 2114 3608 principes
2127 3558 2190 3606 qni
2211 3559 2255 3598 de
2271 3558 2408 3605 princi-

1355 3627 1443 3669 patu
1468 3631 1534 3658 suo
1550 3619 1608 3657 vel
1622 3618 1793 3668 pellendi,
1818 3619 1875 3656 vel
1888 3619 1965 3666 jam
1985 3620 2079 3656 forte
2098 3617 2237 3666 depulsi
2253 3622 2352 3669 sunt,
2370 3623 2408 3656 et

1354 3681 1527 3729 inlocum
1546 3691 1589 3718 ac
1611 3681 1854 3734 principatum
1876 3691 2002 3729 eornm
2017 3679 2266 3719 introducendi
2291 3678 2407 3736 niqui

1353 3753 1440 3783 vere
1455 3743 1630 3793 Israelitae
1640 3749 1741 3798 sunt,
1756 3743 1932 3797 praeclara
1950 3742 2012 3783 illa
2034 3739 2157 3790 1111111111
2175 3751 2255 3797 quae
2269 3740 2418 3798 habu&
