2540 4016
293 182 360 218 711

714 166 963 212 'BTRABANI
987 172 1134 212 uAniu
1156 165 1390 213 Anemo?
1399 165 1608 214 mossur.
1633 169 1826 209 ornanti
1849 142 1971 207 rins
1995 169 2025 205 1.

291 252 516 303 profluentis,
536 251 615 298 ejus
645 253 817 291 sanctitas
846 254 1030 291 declarata
1061 259 1129 290 est.
1161 253 1219 289 An
1250 252 1347 289 forte
1363 255 1400 295 A
1413 256 1455 287 ut
1471 250 1540 287 illis
1556 250 1603 287 sit
1620 260 1713 297 aqua
1730 247 2040 291 contradictionis,
2059 245 2139 283 istis
2155 246 2470 302 sanctificationis.

290 317 360 353 duo
375 324 508 363 genera
521 314 708 351 hominum
728 314 1002 359 demonstravit,
1029 320 1066 351 et
1093 315 1346 352 contradicen-

289 375 378 411 tium
398 374 523 420 gratiae
551 372 630 417 Dei,
651 378 689 410 et
702 374 978 420 percipientium
999 374 1153 419 gratiam
1183 374 1342 419 Christi,

1415 313 1507 349 Nam
1519 319 1557 350 et
1576 313 1620 349 de
1634 313 1713 359 ipso
1734 313 1888 348 Domino
1910 311 1948 346 in
1972 308 2167 356 Evangelio
2194 309 2327 356 legitur
2340 310 2417 348 :Et
2432 312 2472 349 in

1414 376 1553 422 siqnum
1567 375 1624 410 cui
1649 373 1908 410 contradicetur
1929 370 2030 419 (Luc.
2047 371 2103 419 ιι).

1118 543 1321 595 LIBER
1370 541 1688 593 TERTIUS.

630 703 781 740 CAPUT
804 703 998 741 PRIMUM.

286 780 338 822 De
357 783 506 818 transitu
521 782 675 827 filiorum
694 782 808 818 Israel
829 795 850 818 a
870 783 982 819 Gades
1008 784 1046 819 in
1061 787 1214 818 montem
1246 779 1336 823 Hor,

355 836 386 863 et
414 841 530 875 puqna
548 841 666 864 eorum
698 836 800 877 atque
821 831 964 866 victoria
978 830 1015 865 in
1032 829 1267 866 Chananaeos.

332 904 430 948 (Gap,
453 903 513 950 xx)
538 904 634 939 Misit
646 905 778 940 interea
798 905 936 940 nuntios
957 905 1093 951 Moyses
1108 906 1149 940 cle
1169 903 1281 938 Gades
1298 902 1343 937 ad

283 974 396 1009 reqem
417 959 546 1007 Edam,
568 966 627 1011 qui
643 965 798 1000 dicerent
814 976 825 1000 .·
844 965 931 1001 Hoec
959 966 1104 1001 mandat
1122 965 1233 1010 frater
1261 971 1341 999 tuus

281 1023 408 1060 Israel.
440 1025 544 1061 Nosti
573 1038 708 1061 omnem
736 1026 889 1062 laborem
919 1028 978 1073 qui
1009 1027 1233 1072 apprehendit
1263 1037 1339 1068 nos,

280 1085 452 1129 quomodo
469 1085 719 1121 descenderunt
748 1093 862 1132 patres
885 1087 995 1122 nostri
1015 1087 1051 1122 in
1071 1087 1279 1133 AE'qyptum,
1309 1091 1341 1120 et

281 1143 553 1180 habitaverimus
588 1146 636 1180 ibi
667 1146 776 1182 multo
803 1152 968 1193 tempore,
995 1148 1248 1194 afflixerintque
1279 1158 1340 1182 nos

280 1203 427 1249 AEqypti
446 1210 477 1239 et
507 1211 621 1250 patres
643 1212 791 1250 nostros,
818 1213 850 1242 et
876 1208 1049 1253 quomodo
1073 1207 1338 1243 clamaverimus

280 1263 326 1298 ad
344 1264 534 1299 Dominum
563 1271 594 1300 et
621 1266 817 1301 exaudierit
845 1278 919 1309 nos,
943 1268 1144 1313 miseritque
1161 1267 1337 1313 anqelum,

280 1324 341 1370 qui
356 1325 515 1359 eduxerit
533 1336 594 1360 nos
612 1326 841 1371 deAEqypto.
861 1326 952 1361 Ecce
965 1327 1003 1361 in
1016 1327 1099 1361 urbe
1115 1326 1242 1369 Gades,
1261 1338 1339 1371 quoe

278 1390 328 1419 est
352 1385 390 1419 in
418 1386 580 1419 extremis
615 1386 745 1430 finibus
776 1387 845 1421 tuis
875 1388 993 1432 positi,
1021 1387 1265 1430 obsecramus,
1300 1393 1339 1422 ut

278 1443 374 1478 nobis
392 1445 543 1479 transire
559 1443 661 1479 liceat
678 1456 738 1490 per
755 1452 885 1480 terram
903 1451 1014 1480 tuam.
1033 1445 1116 1480 Non
1135 1446 1262 1481 ibimus
1279 1458 1339 1492 per

277 1515 393 1550 aqros,
419 1515 479 1539 nec
514 1515 575 1550 per
589 1505 719 1539 vineas.
753 1504 835 1540 Non
860 1506 1011 1540 bibemus
1034 1517 1144 1551 aquas
1159 1506 1200 1541 de
1227 1507 1338 1552 puteis

277 1565 360 1607 tuis,
386 1564 593 1610 qradiamur
606 1565 660 1599 via
674 1565 828 1610 publica,
847 1565 955 1600 donec
975 1573 1195 1601 transeamus
1217 1567 1337 1601 termi-

277 1634 338 1659 nos
355 1631 446 1666 tuos,
470 1629 505 1660 et
524 1625 589 1659 rel.
612 1625 713 1668 Quod
740 1626 836 1661 inter
854 1627 1022 1662 mandata
1045 1627 1184 1673 Moyses
1200 1628 1245 1664 ad
1278 1639 1336 1663 re-

276 1689 357 1731 gem
379 1684 492 1720 Edom
509 1684 595 1719 dicit
615 1685 709 1720 inter
736 1691 878 1729 caetera,
901 1697 1009 1732 neque
1037 1687 1190 1722 bibemus
1209 1699 1338 1733 aquam

280 1744 322 1779 de
335 1744 427 1787 lacu,
455 1746 726 1792 intelligendum
746 1754 801 1783 est
819 1749 943 1794 gratis,
976 1750 1012 1784 id
1046 1755 1116 1792 est,
1140 1750 1224 1796 quia
1266 1761 1338 1785 nou

277 1805 390 1850 gratis
424 1805 602 1842 bibemus.
639 1807 740 1850 Quod
771 1815 897 1853 postea
936 1810 1146 1846 manifestat
1183 1811 1335 1847 dicens:

278 1863 343 1898 Sin
368 1870 483 1899 autem
514 1865 555 1900 de
579 1878 670 1912 aqua
699 1874 760 1902 tua
779 1868 930 1904 bibemus
958 1881 1018 1915 eqo
1049 1877 1080 1905 et
1099 1882 1225 1916 pecora
1245 1883 1334 1914 mea,

275 1924 365 1959 dabo
407 1927 555 1972 pretium
588 1928 662 1962 tibi.
687 1929 770 1964 Non
800 1930 1049 1966 declinabimus
1083 1932 1120 1966 in
1156 1933 1335 1967 dexteram

274 1996 381 2031 neque
411 1989 449 2022 in
483 1989 675 2025 sinistram.
717 1991 907 2028 Pluraliter
945 1993 1082 2029 dietum
1114 1999 1169 2030 est
1203 1995 1241 2030 in
1267 2006 1330 2039 ea,
1353 2015 1383 2056 C

276 2056 355 2091 quae
371 2047 518 2083 dextera
533 2055 630 2093 sunt,
655 2051 712 2085 vel
730 2062 808 2096 quae
823 2053 970 2089 sinistra
990 2060 1084 2090 sunt.

324 2122 479 2170 Cumque
514 2132 630 2162 castra
661 2129 846 2165 movissent
878 2132 920 2167 de
949 2132 1073 2176 Gades,
1105 2142 1270 2172 venerunt
1297 2138 1334 2172 in

275 2190 428 2219 montem
449 2184 538 2228 Hor,
559 2187 618 2232 qui
639 2194 687 2222 est
706 2188 742 2223 in
761 2190 888 2234 sinibus
907 2198 1010 2228 terroe
1026 2194 1153 2229 Edom.
1178 2195 1244 2230 Ubi
1258 2196 1332 2231 Do-

273 2244 389 2279 minus
408 2245 545 2280 locutus
570 2254 618 2282 est
641 2249 686 2283 ad
708 2250 879 2295 Moysen:
901 2251 1046 2299 Ρενᾳαε,
1069 2255 1195 2300 inquit,
1215 2255 1334 2291 Aaron

277 2303 322 2336 ad
336 2303 502 2349 populum
531 2317 646 2342 suum.
683 2309 765 2344 Non
785 2312 876 2345 enim
901 2313 1045 2347 intrabit
1066 2320 1210 2358 terram,
1229 2326 1334 2360 quam

274 2363 354 2398 dedi
373 2364 457 2408 filiis
491 2366 619 2411 Israel,
642 2380 680 2403 eo
699 2371 789 2415 quod
809 2372 1009 2408 incredulus
1042 2375 1147 2419 suerit
1177 2376 1229 2410 ori
1257 2387 1333 2411 meo

273 2425 318 2459 ad
334 2437 443 2471 aquas
460 2429 758 2474 contradictionis,
777 2437 845 2467 etc.
868 2433 1065 2479 Trigesima
1088 2442 1216 2480 quarta
1234 2447 1334 2472 man-

273 2485 326 2520 sio
346 2492 400 2521 est
420 2486 457 2521 in
478 2495 599 2524 monte
617 2490 691 2525 Hor
704 2518 713 2533 ,
731 2492 767 2526 in
796 2495 968 2530 extremis
989 2495 1120 2532 finibus
1140 2497 1267 2541 Edom,
1297 2498 1334 2533 in

272 2557 342 2592 quo
358 2549 520 2584 aseendit
533 2550 655 2587 Aaron
666 2552 766 2597 juxta
782 2562 1002 2601 praeceptum
1018 2558 1172 2602 Domini,
1190 2564 1226 2595 et
1240 2570 1334 2595 mor—

273 2612 356 2643 tuus
381 2614 437 2644 est
456 2620 550 2646 anno
570 2613 845 2660 quadragesimo
862 2618 1080 2662 egressionis
1095 2628 1139 2654 ex
1156 2618 1328 2666 AEgypto.

272 2670 323 2705 Eo
345 2671 484 2706 scilieet
504 2682 610 2715 anno,
638 2685 709 2719 quo
739 2687 853 2713 novus
868 2680 1020 2724 populus
1038 2682 1331 2726 repromissionis

273 2733 407 2764 terram
426 2730 624 2767 intraturus
639 2739 706 2768 est.
729 2735 772 2770 Et
792 2747 999 2782 quanquam
1015 2740 1053 2775 in
1070 2747 1192 2778 monte
1211 2753 1332 2779 saeer-

274 2788 410 2824 dotium
443 2790 618 2827 Eleazaro
642 2792 715 2828 filio
749 2795 995 2842 dereliquerit,
1027 2799 1157 2845 lexque
1176 2812 1238 2838 eos
1269 2804 1330 2848 qui

271 2857 351 2883 eam
368 2848 596 2894 impleverint
616 2852 793 2895 perducat
810 2856 855 2890 ad
875 2866 1070 2901 summum,
1092 2865 1212 2896 tamen
1251 2862 1328 2908 ipsa

271 2909 475 2946 sublimitas
495 2921 567 2946 non
587 2918 642 2947 est
662 2918 763 2950 trans
775 2915 910 2952 fluenta
924 2917 1104 2962 Jordanis,
1125 2923 1186 2957 sed
1207 2923 1244 2958 in
1264 2935 1327 2960 ex-
1346 2917 1382 2956 D

271 2970 398 3004 tremis
429 2975 658 3007 terrenorum
678 2983 828 3018 operum
845 2976 989 3014 finibus.
1011 2979 1057 3014 Et
1085 2981 1218 3027 planqit
1249 2995 1327 3019 eum

269 3028 417 3074 populus
443 3030 587 3076 triyinta
602 3032 735 3069 diebus.
757 3034 876 3071 Aaron
906 3038 1099 3085 plangitur,
1122 3041 1228 3079 Jesus
1254 3055 1327 3080 non

270 3088 466 3135 plangitur.
488 3090 528 3126 In
542 3091 620 3138 lege
638 3093 830 3131 descensus
847 3097 892 3132 ad
907 3097 1055 3144 inferos,
1076 3101 1113 3136 in
1133 3102 1326 3150 Evangelio

272 3148 318 3184 ad
337 3151 545 3194 paradisum
566 3155 850 3201 transmigratio.

319 3220 420 3268 (CAP.
460 3223 553 3271 xxi.)
581 3224 683 3268 Quod
709 3239 788 3263 cum
821 3231 975 3268 audisset
1005 3233 1226 3271 Ghananaeus
1265 3248 1326 3273 rea:

269 3281 380 3327 Arad,
409 3285 469 3331 qui
499 3286 678 3323 habitabat
699 3290 744 3325 ad
763 3292 959 3337 meridiem,
977 3294 1109 3330 venisse
1125 3295 1240 3332 Israel
1265 3308 1326 3343 per

270 3344 530 3390 exploratorum
556 3349 663 3394 viam,
693 3353 858 3398 puqnavit
877 3361 998 3390 contra
1025 3355 1139 3401 illum,
1165 3363 1196 3393 et
1217 3358 1327 3394 victor

270 3406 435 3450 existens,
455 3408 554 3444 duxit
569 3421 612 3445 ex
639 3422 678 3447 eo
697 3413 867 3459 praedam.
887 3414 932 3450 At
950 3415 1065 3453 Israel
1096 3423 1172 3454 voto
1191 3429 1226 3454 se
1251 3417 1328 3455 Do-

269 3466 365 3502 mino
386 3466 542 3514 obliyans
573 3471 652 3506 ait:
671 3471 711 3508 Si
735 3473 926 3510 tradideris
952 3476 1118 3523 populum
1151 3478 1258 3513 istum
1289 3479 1328 3514 in

269 3537 378 3563 manu
392 3539 482 3572 mea,
503 3530 622 3568 delebo
637 3534 756 3570 urbem
771 3535 860 3581 ejus.
881 3535 1139 3586 Exaudivitque
1153 3540 1327 3578 Dominus

269 3598 386 3633 preces
406 3589 532 3635 Israel,
554 3598 586 3628 et
601 3594 746 3630 tradidit
761 3595 1015 3635 Chananoeum.
1051 3599 1162 3644 Quem
1184 3601 1244 3638 ille
1269 3603 1328 3639 in-

271 3647 403 3692 terfecit
416 3651 588 3695 subversis
613 3654 756 3692 urbibus
774 3656 864 3703 ejus,
889 3665 921 3694 et
942 3661 1072 3697 vocavit
1103 3672 1227 3699 nomen
1259 3663 1327 3700 tota·

271 3704 366 3742 illius
402 3710 559 3756 Horma,
585 3714 621 3749 id
657 3722 731 3760 est,
764 3719 967 3756 anathema.
997 3721 1069 3769 (Ex
1101 3723 1326 3774 Amymone»)

261 3763 359 3836 &Sive
373 3773 414 3804 ut
431 3771 469 3808 in
487 3773 572 3818 aliis,
585 3773 852 3823 exemplaribus
868 3780 1025 3828 legitur}
1052 3784 1096 3821 Et
1111 3787 1200 3823 vovit
1212 3787 1327 3827 tm

1411 703 1528 733 votum
1547 697 1711 742 Domino,
1732 703 1765 734 et
1779 698 1871 734 dixit
1891 709 1903 735 :
1923 698 1966 736 Si
1993 700 2079 737 mihi
2092 702 2280 739 tradideris
2303 704 2472 751 populum

1409 759 1515 794 istum
1536 759 1744 805 subjectum,
1772 759 1809 795 id
1829 765 1893 802 est,
1913 760 1942 796 si
1961 761 2047 797 mihi
2065 773 2143 797 eum
2169 764 2377 801 tradendum
2392 767 2473 801 sub-

1414 821 1551 866 jeceris,
1568 822 1798 857 anathemabo
1819 821 1920 857 illum
1936 830 1967 857 et
1982 824 2137 859 civitates
2157 825 2246 871 ejus.
2265 825 2331 862 Hie
2348 827 2473 864 viden-

1415 881 1499 917 dum
1525 888 1600 925 est,
1631 883 1809 927 quomodo
1846 883 1988 919 dicatur
2023 885 2208 920 anathema
2241 887 2336 931 quod
2368 897 2474 923 vove-

1414 948 1488 987 tur,
1508 949 1544 979 et
1562 949 1681 979 tamen
1699 955 1765 990 pro
1781 945 1976 981 maledicto
1991 946 2152 991 ponitur,
2170 947 2264 982 sicut
2283 953 2319 983 et
2336 949 2380 984 de
2402 949 2473 985 isto

1413 1006 1543 1052 populo
1557 1006 1698 1042 dicitur.
1721 1006 1824 1042 Unde
1857 1007 1944 1043 illud
1961 1013 2018 1043 est
2035 1020 2042 1043 :
2063 1007 2102 1043 Si
2119 1009 2196 1054 quis
2214 1009 2308 1045 vobis
2329 1022 2474 1057 evange-

1414 1067 1571 1103 lizaverit
1583 1074 1710 1114 praeter
1728 1069 1821 1115 quod
1850 1070 2046 1115 accepistis,
2062 1071 2249 1106 anathema
2267 1073 2311 1106 sit
2338 1071 2469 1118 (Galat.

1411 1120 1481 1175 111)ss
1518 1130 1610 1165 Hine
1629 1130 1736 1176 vulgo
1757 1131 1902 1166 ductum
1939 1136 2006 1175 est,
2036 1136 2076 1167 ut
2106 1133 2276 1168 devotare
2315 1133 2469 1169 dicatur.

1410 1189 1502 1225 Nam
1531 1190 1719 1226 ·devotare
1752 1201 1970 1236 quemquam
2006 1201 2112 1227 nemo
2149 1192 2238 1227 dicit
2273 1192 2364 1236 sere,
2399 1194 2468 1230 nisi

1409 1249 1642 1285 maledicens.
1668 1250 1712 1285 Et
1745 1251 1993 1286 anathemavit
2016 1261 2101 1287 eum
2129 1257 2166 1287 et
2185 1252 2355 1289 civitates
2375 1253 2469 1298 ejus,

1408 1315 1444 1346 et
1460 1316 1628 1346 vocatum
1654 1315 1709 1346 est
1741 1321 1875 1347 nomen
1907 1312 1976 1348 loci
2014 1313 2109 1348 illius
2138 1314 2343 1349 anathema.
2380 1313 2473 1349 Hine

1410 1369 1562 1404 duorum
1579 1375 1635 1405 est
1655 1371 1863 1414 anathema,
1883 1376 1922 1405 ut
1939 1371 2154 1407 detestabile
2169 1372 2308 1418 aliquid
2330 1377 2365 1408 et
2387 1373 2473 1407 abo-

1411 1428 1582 1463 minabile
1599 1430 1778 1464 videatur.
1801 1430 1845 1466 Ut
1860 1431 1956 1465 enim
1977 1431 2066 1465 nihil
2086 1431 2168 1467 inde
2186 1433 2305 1468 vietor
2323 1433 2360 1468 in
2385 1443 2472 1469 usus

1409 1499 1491 1524 suos
1506 1488 1676 1531 auferret,
1696 1490 1759 1525 sed
1781 1495 1894 1526 totum
1908 1491 1945 1525 in
1959 1500 2104 1535 poenam
2120 1492 2289 1527 luendam
2308 1503 2470 1540 voveret,

1407 1550 1476 1586 hoe
1501 1555 1579 1585 erat
1607 1551 1859 1594 anathemare,
1887 1552 1983 1597 quod
1999 1551 2106 1598 vulgo
2136 1553 2267 1589 dicitur
2285 1555 2468 1593 devotare.

1408 1611 1517 1657 Origo
1533 1617 1654 1647 autem
1677 1612 1783 1658 hujus
1803 1614 1903 1649 verbi
1922 1619 1977 1649 est
1993 1613 2046 1659 'gin
2070 1613 2195 1650 Graeca
2214 1615 2336 1662 lingua
2351 1618 2394 1653 ab
2414 1618 2471 1653 his

1406 1672 1515 1708 rebus
1535 1683 1614 1718 quae
1636 1679 1728 1709 votae
1746 1679 1782 1709 et
1800 1675 2004 1719 persolutae,
2028 1675 2096 1711 hoc
2114 1680 2181 1719 est,
2216 1677 2403 1722 promissae
2434 1683 2472 1713 et

1407 1732 1575 1775 redditae,
1611 1743 1754 1768 sursum
1781 1735 2008 1779 ponebantur
2037 1735 2075 1770 in
2110 1736 2276 1782 templis,
2312 1739 2379 1774 ἀπὸ
2405 1742 2468 1774 τοῦ

1407 1794 1598 1837 ἀναθέσθαι,
1623 1794 1691 1830 hoe
1715 1800 1790 1838 est,
1826 1806 1969 1832 sursum
1995 1806 2144 1843 ponere,
2175 1798 2231 1835 vel
2252 1798 2393 1845 figendo
2415 1801 2471 1836 vel

1417 1856 1680 1900 suspendendo.

1452 1915 1594 1951 Audiuit
1619 1928 1752 1964 quoque
1790 1918 2025 1964 Ghananceus,
2059 1922 2151 1967 quod
2188 1922 2333 1958 venisset
2355 1922 2469 1959 Israel

1404 1977 1440 2011 in
1459 1977 1573 2012 locam
1597 1978 1871 2024 exploratorum.
1896 1980 1963 2016 Ubi
1995 1981 2175 2026 quondam
2193 1982 2385 2019 ostendisse
2403 1994 2468 2030 po-

1405 2038 1529 2083 pulum
1560 2045 1750 2082 noverunt,
1775 2041 1900 2076 ineunt
1921 2042 2101 2087 praelium,
2134 2049 2170 2079 et
2198 2045 2381 2089 captivum
2405 2045 2468 2080 du-

1405 2104 1491 2133 cunt
1504 2099 1625 2135 Israel.
1655 2101 1886 2147 Rursumque
1904 2102 1941 2137 in
1970 2103 2097 2138 eodem
2123 2103 2202 2139 loeo
2219 2111 2401 2151 pugnatur
2420 2115 2465 2140 ex

1404 2163 1502 2200 voto,
1542 2160 1659 2196 rietor
1676 2161 1847 2205 vincitur,
1875 2162 1962 2198 vieti
1987 2169 2170 2208 superant.
2194 2163 2263 2199 Per
2284 2166 2380 2210 quod
2413 2166 2468 2202 in-

1406 2219 1610 2263 telligimus,
1639 2227 1678 2256 ut
1697 2233 1778 2258 eum
1799 2233 1865 2259 nos
1881 2224 1945 2259 Dei
1967 2224 2100 2260 auxilio
2121 2226 2325 2269 destitutos,
2344 2227 2465 2264 hostes

1405 2279 1618 2325 invaserint,
1655 2283 1895 2331 duxerintque
1921 2286 2098 2330 captivos,
2128 2297 2201 2322 non
2233 2288 2467 2334 desperemus

1405 2339 1569 2382 salutem,
1605 2343 1669 2377 sed
1703 2343 1836 2379 iterum
1867 2355 2051 2380 armemur
2072 2347 2115 2382 ad
2135 2347 2310 2393 praelium.
2344 2347 2467 2385 Potest

1404 2397 1497 2441 fieri,
1519 2407 1558 2434 ut
1575 2401 1764 2438 vincamus
1781 2404 1842 2438 ubi
1861 2405 1952 2439 vieti
1974 2416 2112 2450 sumus,
2141 2416 2176 2443 et
2195 2408 2233 2443 in
2247 2409 2374 2444 eodem
2388 2409 2467 2445 loco

1407 2458 1686 2505 trIumphemus,
1707 2462 1743 2496 in
1763 2473 1833 2507 quo
1852 2462 1986 2499 suimus
2007 2466 2156 2510 captivi.

1826 2538 1978 2575 CAPUT
2006 2541 2047 2575 ΙΙ.

1402 2594 1455 2630 De
1475 2596 1689 2641 profectione
1724 2609 1845 2633 eorum
1863 2611 1885 2634 a
1902 2606 2016 2635 monte
2036 2600 2115 2636 Hor
2138 2608 2170 2637 et
2191 2604 2296 2639 tcedio
2316 2605 2463 2648 itineris,

1447 2643 1636 2689 populique
1663 2656 1863 2688 niztrmure;
1885 2658 1992 2693 quare
2021 2648 2139 2694 iynitis
2166 2651 2379 2696 serpentibus
2401 2664 2466 2699 pu-

1450 2690 1558 2733 nitur,
1579 2691 1744 2737 siqnoque
1766 2694 1935 2738 serpentis
1953 2695 2041 2729 (enei
2059 2702 2172 2731 erecto
2191 2704 2352 2733 sanatur.

1449 2763 1566 2812 (lem.)
1605 2764 1763 2811 Profecti
1786 2774 1867 2803 sunt
1897 2774 2013 2804 autem
2047 2769 2114 2815 filii
2131 2770 2246 2806 Israel
2267 2772 2309 2807 de
2344 2778 2460 2808 monle

1401 2823 1493 2868 Hor,
1511 2836 1573 2870 per
1590 2826 1683 2860 viam
1705 2839 1783 2872 quoe
1801 2828 1898 2863 ducit
1916 2830 1962 2864 ad
1979 2841 2074 2865 mare
2091 2829 2263 2875 Rubrum,
2284 2839 2321 2867 ut
2338 2833 2462 2868 circai-

1401 2890 1475 2918 rent
1493 2890 1624 2919 terram
1642 2885 1771 2921 Edom.
1795 2887 1842 2922 Et
1865 2889 1994 2924 taedere
2018 2890 2115 2935 ccepit
2133 2892 2299 2937 populum
2325 2893 2462 2928 itineris

1401 2955 1442 2978 ac
1459 2943 1602 2980 laboris.
1630 2945 1849 2994 Locutusque
1881 2955 2002 2984 contra
2032 2950 2223 2986 Dominum
2257 2957 2289 2986 et
2315 2952 2461 2999 Moysen

1399 3005 1449 3039 ait
1470 3015 1482 3039 .·
1510 3003 1582 3039 Gur
1605 3006 1756 3042 eduaeisti
1777 3020 1839 3044 nos
1859 3009 1902 3044 de
1929 3009 2098 3057 AEqypto‚
2121 3018 2158 3047 ut
2183 3023 2398 3049 moreremur
2423 3015 2462 3051 in

1398 3063 1613 3101 solitudine?
1631 3067 1735 3103 Deest
1748 3071 1863 3114 panis,
1883 3082 1952 3106 non
1971 3078 2051 3107 sunt
2067 3084 2180 3119 aquoe.
2197 3073 2324 3110 Anima
2340 3082 2460 3112 nostra

1392 3125 1472 3170 jam
1512 3134 1658 3163 nauseat
1682 3140 1785 3175 super
1811 3131 1886 3165 cibo
1909 3132 1976 3167 isto
2009 3132 2196 3169 levissimo.
2212 3133 2459 3178 ‘Quamobrem

1398 3186 1491 3221 misit
1511 3187 1684 3223 Dominus
1703 3190 1741 3224 in
1759 3190 1926 3236 populum
1946 3193 2072 3238 ignitos
2091 3200 2278 3240 serpentes.
2295 3194 2350 3231 Ad
2369 3207 2458 3242 quo-

1398 3253 1477 3278 rum
1499 3245 1621 3291 plaqas
1641 3252 1673 3281 et
1689 3255 1817 3283 mortes
1835 3249 2084 3294 plurimorum,
2103 3260 2268 3290 venerunt
2286 3255 2332 3290 ad
2355 3254 2458 3302 Moy-

1396 3312 1458 3336 sen
1481 3309 1583 3348 atquc
1607 3304 1771 3340 dixerunt
1791 3317 1803 3341 :
1823 3306 2064 3353 Peccavimus,
2097 3312 2180 3356 quia
2205 3312 2313 3348 locuti
2335 3326 2458 3351 sumus

1397 3369 1519 3398 contra
1535 3363 1725 3400 Dominum
1743 3372 1775 3400 et
1789 3373 1834 3401 te.
1852 3367 1926 3403 Ora
1952 3375 1990 3404 ut
2003 3368 2104 3404 tollat
2117 3382 2139 3406 a
2150 3371 2250 3408 nobis
2264 3381 2453 3420 serpentes.

1398 3422 1522 3459 Oravit
1538 3424 1676 3471 Moyses
1690 3437 1754 3472 pro
1770 3427 1912 3475 populo,
1931 3434 1966 3465 et
1981 3428 2119 3467 locutus
2131 3437 2184 3468 est
2205 3433 2376 3471 Dominus
2408 3438 2455 3474 ad

1397 3497 1477 3522 eum
1491 3497 1504 3522 .·
1524 3486 1557 3521 F
1559 3498 1600 3522 ac
1617 3495 1808 3534 serpentem
1821 3498 1971 3534 aeneum,
1989 3496 2022 3527 et
2047 3504 2135 3539 pone
2154 3505 2234 3530 eum
2248 3507 2311 3543 pro
2339 3488 2451 3544 siano.

1398 3545 1469 3589 Qui
1479 3557 1664 3593 percussus
1682 3550 1853 3595 aspexerit
1869 3560 1961 3594 eum,
1981 3551 2079 3588 vivet.
2101 3552 2203 3590 Fecit
2219 3565 2300 3605 erqo
2314 3550 2453 3603 Moyses

1395 3616 1588 3656 serpentem
1603 3611 1756 3655 aeneum,
1772 3617 1806 3647 et
1817 3613 1933 3658 posuit
1951 3625 2031 3650 eum
2039 3625 2102 3662 pro
2121 3616 2236 3665 siquo.
2248 3614 2359 3660 Quem
2373 3630 2454 3659 cum

1394 3670 1550 3718 percussi
1586 3664 1780 3718 aspicerent
1817 3674 2047 3711 sanabantur.
2085 3665 2288 3732 Trigesima
2324 3670 2452 3734 quinta

1394 3730 1536 3767 mansio
1567 3736 1623 3768 est
1650 3732 1688 3768 in
1717 3731 1900 3770 Sehnona.
1931 3731 2136 3786 Trigesiina
2169 3739 2283 3775 sexta·
2307 3731 2397 3781 insi

1393 3790 1503 3828 estin
1520 3790 1673 3830 Phinon.
1693 3791 1757 3830 1}ae
1777 3792 1858 3833 duae
1874 3786 2136 3847 mansiqnesin
2149 3785 2330 3841 ordffleffii'
2367 3794 2374 3799 ”
2400 3791 2401 3794 ’
2420 3848 2422 3850 V

2393 169 2470 208 '112
2519 210 2523 212 ,
