2540 4016
294 174 362 211 745

290 310 357 344 iste
385 308 462 353 ipse
488 306 632 352 quidem
663 306 810 342 Balaam
842 306 1070 352 recipiendus
1100 315 1120 339 a
1144 305 1249 340 nobis
1272 310 1340 341 est.

289 370 389 405 Unus
421 373 477 403 cst
505 367 602 402 enim
633 377 678 402 ex
693 367 751 402 his
775 377 866 413 quos
887 367 999 412 recipi
1033 366 1198 411 prohibet
1221 366 1342 402 divina

289 429 479 466 sententia.
498 426 571 463 Sed
588 427 736 462 adverte
750 426 971 473 diligentius,
989 431 1027 462 et
1039 431 1222 463 memento
1245 427 1341 473 quod

287 492 323 526 in
344 486 590 535 superioribus
605 485 770 531 legimus,
791 485 999 520 ubidicitur
1016 485 1060 521 de
1075 495 1119 521 eo
1142 485 1227 531 quia
1253 485 1342 531 inje-

287 553 331 587 cit
356 550 527 586 Dominus
554 547 694 583 verbum
708 556 811 583 suum
832 547 870 581 in
893 557 931 582 os
954 546 1043 592 ejus.
1061 546 1138 582 Non
1157 557 1243 594 ergo
1262 547 1340 582 haec

287 623 381 649 nunc
403 612 448 648 ad
462 610 625 653 Balaam,
646 609 709 645 sed
727 618 748 644 a
771 609 882 644 verbo
900 608 980 651 Dei,
1016 608 1112 654 quod
1129 609 1166 644 in
1182 619 1246 644 ore
1261 608 1339 654 ejus

286 674 442 721 positum
461 677 529 718 est,
568 671 733 708 dicimus.
766 669 842 705 Nisi
862 669 959 705 enim
986 669 1099 705 verba
1126 669 1269 704 Domini
1284 677 1340 703 es-

287 740 380 778 sent,
415 743 488 770 non
521 742 564 769 ea
592 732 717 778 utique
740 730 938 767 revelasset
967 729 1100 765 famulo
1128 738 1192 765 suo
1211 727 1336 774 Moysi,

287 796 347 843 qui
360 794 486 842 procul
502 794 653 842 positus,
675 803 758 830 cum
777 792 822 828 ab
840 802 883 828 eo
902 791 977 838 regi
991 791 1100 827 Balac
1115 791 1337 832 dicerentur,

287 862 424 894 certum
453 861 509 892 est
539 855 635 902 quod
665 854 736 890 nisi
756 864 776 890 a
795 853 869 889 Deo
902 853 972 889 sibi
1008 851 1167 893 revelata
1200 850 1341 897 Moyses

287 919 380 955 scire
399 929 470 954 non
485 917 623 964 tpotuit.
655 916 742 953 Post
775 915 868 959 haec,
896 914 1000 958 Ecce,
1037 914 1168 960 inquit,
1191 913 1340 960 populus

286 979 374 1014 sicut
404 978 516 1015 leaena
546 977 598 1014 vel
618 976 755 1012 catulus
787 976 896 1012 leonis
923 981 1098 1022 exsurqet‚
1119 980 1150 1010 et
1170 975 1260 1010 sicut
1288 973 1340 1009 leo

286 1039 486 1075 exsultabit.
519 1038 559 1074 ln
577 1038 634 1074 his
655 1038 744 1073 mihi
778 1038 920 1073 videtur
938 1036 1194 1073 confidentiam
1219 1035 1340 1082 populi

287 1099 490 1135 describere
506 1098 687 1134 credentis
704 1098 739 1132 in
758 1096 916 1140 Christo,
940 1103 976 1132 et
1005 1096 1211 1132 libertatem
1231 1106 1339 1142 quam

287 1158 394 1195 habet
414 1159 451 1194 in
477 1158 559 1201 fide,
595 1162 632 1194 et
656 1157 932 1193 exsultationem
956 1167 1064 1203 quam
1083 1157 1176 1204 gerit
1194 1157 1230 1192 in
1260 1167 1337 1202 spe.
1357 1162 1390 1201 B
1408 1164 1462 1189 nae
1482 1153 1560 1199 eJus
1580 1155 1691 1190 verba
1721 1154 1950 1199 suscipimus.
1990 1154 2061 1190 Sed
2081 1160 2117 1190 et
2146 1155 2198 1191 illi
2229 1156 2470 1192 nihilominus

286 1219 525 1266 Comparatur
560 1219 679 1255 catulo
707 1218 821 1254 leonis
836 1218 920 1254 dum
941 1218 1055 1254 tendit
1070 1219 1114 1253 ad
1145 1217 1340 1263 perfectio-

289 1291 370 1316 nem
387 1281 490 1316 laetiis
508 1285 545 1316 et
563 1280 682 1315 velox.
705 1279 818 1314 Leoni
846 1289 932 1314 vero
953 1279 1148 1321 confertur,
1168 1289 1250 1314 cum
1266 1279 1340 1324 jam

287 1342 425 1378 obtinet
453 1350 533 1386 quae
561 1339 723 1385 perfecta
741 1344 837 1374 sunt.
869 1339 970 1374 Sicut
987 1339 1082 1374 enim
1101 1338 1157 1373 leo
1177 1344 1210 1373 et
1229 1339 1341 1373 leaena

287 1401 343 1437 vel
369 1400 509 1436 catulus
541 1400 655 1435 leonis
680 1399 820 1434 nullum
852 1398 999 1441 animal,
1025 1398 1159 1432 nullam
1189 1398 1342 1433 bestiam

287 1460 431 1503 timent,
456 1460 519 1495 sed
534 1465 618 1495 sunt
638 1458 691 1494 eis
715 1463 843 1494 cuncta
866 1458 1040 1502 subjecta,
1061 1458 1111 1492 ita
1129 1463 1164 1493 et
1180 1457 1341 1503 perfecto

286 1521 504 1565 Christiano,
525 1521 586 1567 qui
602 1519 696 1556 tollit
712 1530 857 1555 crucem
875 1529 991 1562 suam,
1010 1524 1045 1554 et
1060 1518 1223 1564 sequitur
1238 1518 1343 1554 Chri-

287 1587 382 1617 stum
407 1590 417 1615 :
438 1580 499 1626 qui
526 1584 644 1626 potest
682 1579 802 1615 dicere
827 1591 835 1614 z
858 1578 947 1613 Mihi
979 1578 1129 1613 mundus
1152 1577 1343 1622 crucifixus

288 1647 338 1676 est
365 1646 396 1675 et
416 1651 477 1686 eqo
500 1640 629 1675 mundo
663 1639 757 1686 (Gal.
794 1638 857 1686 vi),
894 1644 1024 1675 cuncta
1060 1637 1220 1683 subJ'ecta
1244 1644 1341 1682 sunt,

289 1707 419 1737 cuncta
436 1700 632 1737 calcantur.
660 1700 819 1746 Despicit
838 1699 935 1736 enim
949 1704 986 1735 et
1001 1699 1203 1735 contemnit
1222 1699 1343 1735 omnia

288 1771 368 1807 quae
387 1761 424 1796 in
442 1762 512 1797 hoc
531 1761 665 1797 mundo
684 1767 781 1803 sunt,
811 1765 847 1796 et
872 1760 1034 1796 imitatur
1053 1770 1136 1796 eum
1154 1760 1215 1806 qui
1234 1759 1286 1796 leo
1301 1760 1344 1795 de

288 1820 380 1857 tribu
400 1821 498 1856 Juda
526 1827 558 1857 et
576 1820 711 1856 catulus
744 1821 852 1856 leonis
866 1821 1008 1856 dicitur.
1048 1821 1139 1865 Quia
1156 1821 1250 1858 sicut
1268 1821 1345 1867 ipse

289 1880 351 1917 lux
372 1887 428 1918 est
442 1882 579 1924 mundi,
614 1887 651 1918 et
668 1882 853 1929 discipulis
873 1883 949 1919 suis
970 1883 1068 1920 dedit
1084 1890 1125 1919 ut
1144 1889 1180 1919 et
1199 1884 1267 1930 ipsi
1287 1894 1345 1920 es-

291 1948 370 1978 sent
392 1943 454 1979 lux
484 1944 622 1988 mundi,
658 1944 707 1980 ita
723 1948 759 1980 et
778 1954 860 1980 cum
894 1944 973 1990 ipse
999 1944 1046 1980 sit
1074 1944 1129 1981 leo
1150 1950 1186 1981 et
1203 1945 1344 1981 catulus

290 2002 420 2047 leonis,
443 2004 554 2039 etiam
579 2003 808 2040 credentibus
822 2004 859 2039 in
876 2014 927 2047 se,
946 2014 1078 2041 nomen
1098 2005 1213 2041 leonis
1231 2012 1268 2040 et
1285 2015 1345 2041 ca-

723 159 773 206 Bi
792 167 964 207 RABANI
987 167 1135 207 MAURl
1156 167 1372 205 ARCHIEP.
1400 165 1607 206 MOGUNT.
1635 167 1826 207 OPERUM
1850 168 1971 207 PARS
1992 170 2021 207 1.

291 259 382 290 reni,
419 254 536 291 neque
560 244 658 282 aliud
676 246 915 292 quodcunque
933 246 1063 281 horum
1083 245 1257 290 recipere,
1274 254 1341 280 nec
1359 245 1394 285 A
1409 243 1556 288 bantur,
1585 245 1821 281 scandalizati
1859 249 1943 280 sunt
1968 249 2005 280 et
2030 240 2200 280 diierunt
2220 255 2229 294 ς
2252 245 2340 289 Quis
2356 255 2468 294 potest

2395 172 2467 212 742

1413 305 1627 341 manducare
1640 317 1774 348 carnes,
1785 311 1819 341 et
1828 304 2032 350 sanquinem
2042 304 2155 340 bibere
2168 304 2293 352 (loan.
2305 306 2381 354 vi)?
2395 308 2469 346 Sed

1410 357 1564 412 populus
1585 366 1827 407 Christianus,
1865 364 2020 409 populus
2038 365 2153 401 fidelis
2182 366 2283 402 audit
2302 367 2392 412 haec,
2431 365 2494 411 eti

1410 426 1640 471 amplectitur
1658 430 1694 461 et
1712 425 1875 469 sequitur
1891 433 1974 460 eum
1993 425 2055 471 qui
2081 425 2197 461 dicit.
2214 425 2296 462 Nisi
2319 427 2492 465 manda-f
2487 446 2494 478 j

1410 489 1572 524 caveritis
1587 498 1727 523 carnem
1739 498 1866 530 meam,
1897 492 1931 522 et
1945 487 2100 524 biberitis
2115 492 2322 538 sanquinem
2335 503 2468 539 meum,

1409 559 1479 583 non
1503 547 1671 582 habebitis
1704 548 1811 583 vitam
1849 548 1887 583 in
1918 548 2012 584 vobis
2031 549 2130 596 ipsis.
2153 550 2246 594 Quia
2276 563 2358 590 caro
2391 564 2471 591 mea

1409 618 1485 643 vere
1523 613 1572 643 est
1613 607 1736 651 cibus,
1774 613 1806 643 et
1846 609 1990 655 sanquis
2033 620 2130 646 meus
2165 622 2243 647 vere
2279 619 2330 648 est
2366 619 2471 660 potue

1410 666 1445 713 (Ι
1448 667 1550 714 bid).
1567 668 1613 704 Et
1629 668 1754 715 utique
1770 669 1832 715 qui
1849 669 1926 707 haec
1934 670 2091 715 dicebat,
2106 672 2316 710 vulneratus
2329 679 2386 712 est
2398 685 2465 721 pro

1409 728 1637 772 hominibus;
1654 728 1735 775 Ipse
1755 731 1847 765 enim
1863 730 2063 768 vulneratus
2080 739 2129 768 est
2144 744 2208 780 pro
2228 735 2381 780 peccatis
2397 746 2463 771 no-

1406 788 1487 823 stris
1498 787 1533 835 (Ι
1534 800 1587 824 sa.
1598 789 1676 836 ιιιι)
1683 817 1692 832 ,
1703 790 1797 825 sicut
1810 790 1922 827 Isaias
1933 791 2171 830 dicit.⁴Bibere
2180 799 2303 831 autem
2312 795 2470 832 dicimur

1410 848 1627 894 sanguinem
1644 849 1794 894 Christi,
1817 861 1890 887 non
1909 851 2024 888 solum
2045 859 2355 892 sacramentorum
2374 855 2461 899 ritu,

1412 908 1476 945 sed
1496 920 1578 945 cum
1611 920 1797 948 sermones
1816 913 1894 960 ejus
1914 914 2124 960 recipimus,
2161 915 2199 950 in
2232 916 2364 961 quibus
2393 917 2470 952 vita

1410 971 1588 1015 consistit,
1611 972 1703 1008 sicut
1718 979 1755 1009 et
1775 974 1852 1020 ipse
1867 975 1956 1011 dicit
1978 987 1986 1010 ε
2008 975 2137 1020 Verba,
2157 987 2235 1022 quoe
2251 987 2313 1023 eqo
2332 976 2470 1013 locutus
2516 1000 2524 1006 -

1409 1043 1499 1075 sum,
1510 1032 1651 1079 spiritus
1661 1039 1691 1068 et
1704 1034 1773 1068 vita
1785 1040 1864 1069 sunt
1877 1035 1914 1080 (J
1917 1046 1997 1070 oan.
2009 1035 2074 1082 vl).
2091 1035 2155 1071 Est
2163 1046 2249 1083 ergo
2263 1036 2341 1083 ipse
2348 1037 2471 1073 vulne-

1409 1098 1524 1136 ratus,
1545 1092 1646 1139 cujus
1665 1103 1731 1129 nos
1747 1094 1958 1140 sanguinem
1980 1095 2149 1138 bibimus,
2172 1095 2208 1131 id
2242 1100 2311 1139 est,
2331 1095 2470 1132 doctri-

1410 1214 1587 1250 vulnerati
1613 1220 1708 1257 sunt,
1740 1215 1802 1261 qui
1822 1215 1925 1251 nobis
1943 1216 2094 1251 verbum
2111 1215 2187 1261 ejus
2202 1217 2466 1262 praedicarunt.

1411 1272 1457 1308 Et
1474 1273 1632 1317 ipsorum
1650 1273 1759 1317 enim,
1781 1274 2023 1319 apostolorum
2041 1275 2118 1322 ejus
2131 1277 2240 1312 verba
2275 1287 2357 1312 cum
2383 1277 2470 1324 legi-

1411 1342 1505 1375 mus,
1531 1338 1568 1368 et
1600 1333 1712 1368 vitam
1737 1343 1782 1368 ex
1810 1335 1863 1370 eis
1898 1337 2167 1381 consequimur,
2199 1337 2470 1376 vulneratorum

1412 1393 1623 1439 sanguinem
1642 1394 1810 1430 bibimus.
1846 1395 1929 1430 Non
1950 1407 2046 1442 erqo,
2067 1397 2197 1443 inquit,
2219 1398 2385 1444 dormiet,
2408 1400 2472 1437 do·
2519 1414 2522 1415 ⁷

1412 1463 1473 1487 nec
1499 1453 1655 1488 comedat
1677 1454 1847 1498 praedam.
1869 1454 1940 1490 Iste
1959 1456 2058 1491 enim
2076 1457 2243 1502 populus,
2271 1460 2334 1504 qui
2350 1461 2472 1497 catulo

1411 1512 1525 1548 leonis
1558 1512 1617 1549 vel
1634 1513 1727 1548 leoni
1743 1519 1988 1560 comparatur,
2013 1525 2086 1551 non
2109 1517 2271 1562 quiescet
2297 1529 2364 1556 nec
2390 1521 2473 1556 dor·
2499 1549 2503 1555 .
2525 1529 2535 1541 ·*

1412 1574 1514 1617 miet,
1542 1575 1657 1610 donec
1677 1574 1795 1620 rapiat
1820 1576 1994 1621 praedam,
2018 1576 2054 1612 id
2085 1582 2155 1621 est,
2183 1578 2297 1616 donec
2326 1580 2474 1627 diripiat

1412 1645 1564 1682 regnum
1590 1635 1764 1671 coelorum
1787 1647 1796 1671 t
1820 1637 1904 1683 quia
1940 1649 1962 1673 a
1997 1637 2118 1674 diebus
2141 1638 2293 1676 Joannis
2327 1652 2472 1688 reqnum

1413 1695 1575 1731 coelorum
1592 1696 1660 1731 vim
1677 1696 1820 1742 patitur,
1845 1702 1876 1732 et
1897 1698 1963 1733 vim
1984 1698 2148 1743 facientes
2183 1700 2354 1747 diripiunt
2381 1702 2471 1738 titud

1414 1755 1557 1802 (Matth.
1579 1755 1646 1803 xi).
1673 1756 1720 1792 Ut
1741 1761 1863 1792 autem
1879 1757 2081 1795 evidentius
2098 1769 2312 1806 cognoscas,
2331 1762 2409 1798 haec
2429 1763 2475 1799 de
2537 1807 2540 1812 Α

1413 1822 1538 1852 nostro
1547 1816 1678 1863 populo
1691 1817 1801 1869 qui—in
1813 1819 2053 1855 sacramentis
2063 1818 2197 1857 Christi
2208 1821 2474 1859 eonfoederatus
2537 1820 2540 1835 ¹

1413 1883 1470 1913 εει
1490 1877 1613 1921 scribi,
1637 1878 1720 1914 audi
1756 1879 1936 1924 quomodo
1957 1885 1994 1915 et
2018 1879 2055 1915 in
2073 1880 2155 1917 aliis
2172 1881 2315 1928 Moyses
2340 1882 2474 1919 similia

1412 1938 1623 1983 pronuntiat
1641 1939 1764 1976 dicens
1784 1952 1792 1974 r
1809 1940 1983 1987 Butyrum
2001 1941 2104 1978 boum
2124 1954 2166 1978 ac
2181 1942 2236 1979 lac
2250 1944 2378 1989 ovium,
2394 1956 2474 1980 cum
2539 1939 2540 1942 ¹

1415 1998 1516 2044 adipe
1536 2011 1708 2045 aqnorum
1733 2006 1764 2036 et
1785 2002 1954 2045 arietum,
1974 2002 2129 2047 filiorum
2147 2010 2329 2041 taurorum
2349 2011 2380 2041 et
2398 2006 2473 2041 hir-

289 2064 356 2100 tuli
386 2065 502 2101 leonis
545 2065 706 2101 ascribit.
754 2066 843 2101 Vide
877 2071 997 2101 autem
1040 2066 1125 2112 quia
1161 2067 1348 2103 evidenter
1366 2070 1396 2110 C
1418 2070 1552 2104 mrum,
1574 2072 1652 2096 cum
1678 2061 1780 2108 adipe
1800 2063 2475 2112 Tenumlrumemh⁶²3'ffi19u57122722⁴²²ae

291 2133 362 2159 non
382 2124 426 2159 de
445 2123 504 2159 illo
519 2123 579 2169 qui
594 2128 679 2159 tunc
694 2130 848 2169 praeerat
867 2125 1011 2170 populo,
1036 2126 1098 2161 sed
1122 2125 1166 2161 de
1185 2126 1255 2161 hoc
1282 2127 1344 2171 qui

291 2184 435 2220 futurus
455 2190 534 2220 erat
553 2184 622 2220 ista
650 2184 831 2220 dicuntur.
853 2183 914 2219 Ait
940 2185 1037 2220 enim
1060 2197 1068 2220 ε
1091 2185 1182 2221 Ecce
1197 2186 1346 2231 populus

290 2247 379 2282 sicut
410 2246 546 2282 catulus
563 2246 670 2282 leonis
694 2253 867 2293 eoesurqet‚
888 2253 920 2282 et
943 2248 1032 2283 sicut
1062 2247 1116 2283 leo
1142 2248 1344 2284 exsultabit.

291 2307 593 2343 Exsurrecturum
626 2307 713 2343 dicit
742 2307 926 2353 populum,
960 2308 1087 2354 utique
1107 2309 1170 2354 qui
1204 2308 1346 2345 futurus

290 2373 383 2404 erat.
408 2367 499 2404 Nam
518 2369 549 2404 si
568 2369 611 2405 de
629 2379 673 2405 eo
695 2369 834 2406 diceret
868 2380 974 2416 quem
1011 2370 1167 2414 videbat,
1194 2372 1345 2409 dixisset

291 2429 366 2465 sine
400 2429 508 2465 dubio
527 2442 535 2464 2
557 2430 650 2466 Ecce
683 2430 835 2476 populus
858 2431 952 2467 sicut
968 2431 1109 2468 catulus
1143 2432 1257 2469 leonis
1281 2444 1344 2469 ex-

290 2492 460 2527 surrexit.
483 2491 553 2528 Sed
575 2496 714 2527 certum
732 2496 800 2535 est,
841 2492 922 2537 quia
942 2492 984 2528 de
999 2492 1060 2528 illo
1076 2494 1207 2539 populo
1228 2494 1337 2536 dicat,

290 2547 333 2583 de
353 2558 423 2594 quo
433 2553 469 2583 et
484 2547 521 2583 in
540 2547 618 2584 aliis
637 2547 810 2593 scriptum
828 2553 882 2583 est
901 2558 911 2582 ι
933 2547 979 2582 Ει
1002 2549 1259 2584 annuntiabunt
1278 2561 1347 2585 εω-

290 2606 315 2642 li
329 2607 508 2653 justitiam
523 2607 599 2653 ejus
613 2606 740 2653 populo
754 2607 813 2652 qui
829 2613 1005 2650 nascetur,
1024 2619 1124 2654 quem
1136 2607 1217 2654 [ecit
1228 2608 1348 2643 Domi-

290 2678 356 2704 nus
366 2667 480 2714 (Psal.
492 2668 582 2715 xxi).
595 2669 659 2704 Est
669 2679 754 2715 ergo
764 2669 917 2715 populus
926 2669 985 2705 hic
994 2669 1134 2706 catulus
1144 2670 1348 2706 leonis·cum

293 2727 423 2770 adhuc,
464 2733 630 2774 tanquam
673 2739 781 2773 nuper
810 2729 915 2774 qenitt‘
944 2730 1112 2775 infantes,
1142 2730 1349 2766 rationabile

293 2793 327 2823 et
353 2788 428 2823 sine
458 2787 539 2823 dolo
575 2786 629 2822 lac
660 2789 882 2834 concupiunt.
904 2789 977 2825 Leo
999 2795 1119 2826 autem
1150 2791 1348 2834 exsultans,

293 2857 375 2883 cum
391 2846 448 2882 vir
463 2845 626 2890 effectus,
664 2855 744 2891 quae
759 2847 899 2892 parvuli
924 2854 1026 2885 erant
1056 2850 1235 2896 deposuit.
1264 2849 1343 2886 Non

293 2907 448 2942 dormiet
463 2907 577 2943 donec
597 2907 761 2943 comedat
774 2909 947 2953 praedam,
972 2917 1009 2945 et
1037 2912 1250 2956 sanguinem
1270 2911 1350 2947 vul-

293 2971 502 3001 neratorum
525 2966 638 3002 bibat.
658 2965 699 3002 In
724 2966 781 3002 his
799 2967 930 3010 verbis,
960 2969 1042 3013 quis
1074 2970 1123 3005 ita
1147 2971 1217 3006 erit
1236 2972 1350 3008 histo·
1366 2968 1402 3007 D
1418 2975 1476 3011 ille

294 3025 381 3061 ricae
402 3024 623 3061 narrationis
648 3027 896 3064 contentiosus
921 3034 1095 3073 assertor,
1114 3030 1186 3066 imo
1205 3033 1286 3078 quis
1302 3034 1351 3070 ita

294 3086 424 3122 brutus
441 3085 661 3130 invenietur,
697 3086 759 3132 qui
778 3098 852 3123 non
869 3088 1085 3126 horrescens
1104 3100 1232 3128 sonum
1255 3093 1350 3130 litte-

294 3155 361 3190 rae,
383 3147 430 3182 ad
446 3146 627 3194 allegoriae
646 3147 871 3184 dulcedinem
890 3149 967 3195 ipsa
987 3152 1204 3188 necessitate
1222 3153 1349 3190 confu-

293 3205 396 3254 giat?
431 3204 620 3250 Quomodo
659 3208 757 3244 enim
775 3208 844 3245 iste
861 3210 1013 3257 populus
1033 3216 1108 3248 tam
1139 3212 1346 3258 laudabilis,

295 3272 371 3303 tam
389 3266 616 3315 magnificus,
633 3269 677 3305 de
694 3279 766 3315 quo
781 3274 884 3306 tanta
901 3272 1080 3317 praeconia
1101 3281 1221 3309 sermo
1243 3273 1349 3310 dinu-

295 3333 425 3373 merat,
448 3329 485 3365 in
514 3329 585 3366 hoc
602 3330 737 3375 veniet,
761 3336 803 3368 ut
831 3332 1043 3379 sanguinem
1074 3334 1349 3371 vulneratorum

296 3389 409 3434 bibat,
445 3400 528 3427 cum
545 3395 620 3428 tam
646 3391 774 3429 validis
790 3394 994 3440 praeceptis,
1029 3394 1132 3431 cibus
1163 3397 1350 3442 sanguinis

298 3449 549 3496 interdicatur,
567 3452 657 3489 adeo
677 3458 716 3490 ut
734 3453 846 3490 etiam
864 3463 931 3491 nos
954 3454 1016 3501 qui
1035 3465 1082 3491 ex
1099 3455 1264 3503 gentibus
1286 3466 1351 3493 vo·

299 3510 371 3547 cati
389 3521 527 3555 sumus,
547 3514 756 3551 necessario
769 3515 958 3551 videamur
976 3515 1172 3560 abstinere,
1196 3517 1291 3554 sieut.
1305 3517 1351 3553 ab

299 3572 357 3609 his
381 3583 462 3619 quae
479 3573 584 3610 idolis
599 3575 846 3621 immolantur,
882 3577 933 3614 ita
949 3582 986 3614 et
1017 3588 1038 3614 a
1056 3579 1260 3625 sanguine?
1292 3579 1354 3615 Di-

301 3638 404 3670 scant
422 3643 507 3681 ergo
529 3645 551 3670 a
567 3635 685 3680 nobis,
703 3637 786 3683 quis
805 3642 861 3674 est
878 3638 945 3674 iste
964 3638 1128 3685 populus,
1151 3639 1213 3685 qui
1235 3639 1272 3675 in
1286 3648 1353 3677 usu

300 3691 436 3731 liabent
457 3697 670 3744 sanguinem
686 3698 823 3736 bibere.
859 3699 944 3737 Haec
959 3706 1064 3736 erant
1083 3701 1216 3747 quaein
1233 3701 1352 3737 Evan-

305 3754 395 3799 gelio
430 3759 618 3797 audientes
634 3759 673 3798 hi
690 3761 814 3806 quiex
829 3761 964 3801 Judaeis
991 3762 1184 3802 Dominum
1215 3771 1348 3809 seque-

1418 2121 1532 2157 bibent
1554 2123 1670 2158 vinum
1702 2123 1821 2170 (Deut.
1839 2124 1971 2171 xxxii).
1990 2124 2036 2160 Et
2055 2126 2114 2161 hic
2131 2136 2218 2173 ergo
2235 2127 2385 2174 sanguis
2413 2127 2476 2174 qui

1416 2184 1623 2220 nominatur
1641 2196 1718 2221 uvae
1751 2186 1861 2230 illius,
1879 2197 1949 2222 uva
1974 2192 2045 2231 est,
2064 2198 2144 2233 quae
2161 2188 2329 2225 nascitur
2352 2199 2398 2226 ex
2413 2189 2475 2226 illa

1416 2245 1488 2280 vite
1506 2245 1550 2281 de
1574 2256 1645 2291 qua
1670 2246 1837 2283 Salvator
1858 2248 1946 2284 dicit
1967 2260 1975 2284 :
1997 2248 2072 2295 qu
2094 2260 2172 2285 sum
2187 2250 2266 2286 vitis
2292 2261 2386 2295 vera,
2402 2250 2476 2287 dis-

1415 2306 1521 2352 cipuli
1545 2318 1623 2343 vero
1652 2308 1826 2354 palmites.
1840 2307 1951 2345 Pater
1970 2316 2086 2345 autem
2107 2311 2265 2357 aqricola
2285 2317 2335 2348 est
2351 2311 2473 2359 (Joan.

1414 2367 1490 2414 xv),
1509 2368 1570 2412 qui
1589 2374 1720 2414 purgat
1740 2379 1816 2412 eos,
1848 2375 1888 2404 ut
1920 2369 2078 2405 fructum
2097 2370 2293 2416 plurimum
2304 2370 2472 2407 afferant.

1416 2429 1469 2464 Tu
1489 2440 1574 2476 ergo
1593 2440 1631 2465 es
1645 2440 1752 2466 verus
1770 2430 1924 2476 populus
1942 2431 2066 2474 lsrael,
2087 2432 2150 2477 qui
2169 2433 2241 2468 scis
2262 2433 2475 2479 sanguinem

1414 2490 1552 2533 bibere,
1585 2495 1622 2525 et
1658 2491 1753 2526 nosti
1792 2501 1940 2526 carnem
1969 2491 2070 2527 verbi
2099 2491 2164 2527 Dei
2200 2493 2404 2536 comedere,
2439 2499 2477 2530 et

1417 2553 1627 2598 sanguinem
1648 2553 1749 2589 verbi
1769 2554 1920 2596 bibere;
1953 2559 1989 2590 et
2013 2564 2092 2590 uvae
2126 2555 2338 2601 sanguinem
2362 2556 2474 2601 illius,

1417 2623 1496 2658 quse
1527 2618 1583 2648 cst
1613 2623 1658 2649 ex
1690 2624 1776 2650 vera
1810 2615 1898 2658 vite,
1928 2620 1964 2651 et
1991 2615 2126 2651 exiliis
2144 2616 2366 2662 palmitibus,
2386 2628 2476 2664 quos

1415 2675 1524 2710 Pater
1539 2681 1683 2722 purgat,
1721 2676 1880 2713 haurire.
1917 2676 2078 2721 Quorum
2097 2678 2288 2723 palmitum
2320 2679 2473 2724 fructus,

1417 2736 1687 2772 vulneratorum
1706 2738 1854 2784 sanguis
1872 2738 2002 2773 merito
2022 2738 2161 2774 dicetur
2182 2748 2192 2774 z
2211 2749 2317 2784 quem
2332 2749 2377 2774 ex
2394 2750 2477 2776 ver-

1417 2796 1474 2832 bis
1491 2806 1615 2832 eorum
1642 2802 1679 2832 ct
1705 2796 1872 2833 doctrina
1891 2797 2060 2842 bibimus,
2092 2797 2122 2834 si
2142 2803 2264 2834 tamen
2286 2799 2400 2836 simus
2436 2806 2476 2838 ut

1419 2856 1527 2892 catuli
1553 2863 1802 2902 exsurgentes.

1466 2916 1565 2952 Dixit
1589 2918 1705 2964 itaque
1719 2918 1830 2954 Balac
1850 2919 1895 2954 ad
1917 2918 2065 2954 Balaam
2079 2931 2092 2955 .·
2109 2919 2184 2956 Nec
2204 2920 2408 2958 maledicas.
2428 2922 2476 2958 Et

1497 2987 1509 3012 ,-
1528 2976 1669 3021 Nonne,
1692 2978 1756 3022 ait,
1773 2978 1848 3014 dixi
1863 2979 1938 3023 tibi,
1966 2979 2057 3026 quod
2082 2979 2252 3027 quidquid
2269 2982 2354 3018 milti
2381 2983 2476 3020 Deus
2536 3012 2540 3014 .

1418 3039 1618 3084 imperaret,
1650 3038 1714 3074 hoc
1731 3039 1883 3085 facerem
1897 3041 1914 3076 ?
1933 3039 1980 3075 Et
1995 3041 2044 3075 ait
2063 3040 2176 3077 Balac
2195 3043 2241 3077 ad
2259 3053 2337 3079 eum
2353 3054 2364 3080 .·
2390 3043 2478 3081 Veni

1419 3104 1452 3134 et
1478 3098 1605 3134 ducam
1626 3105 1659 3135 te
1687 3100 1734 3134 ad
1761 3100 1871 3136 alium
1901 3101 2030 3145 locum,
2052 3102 2082 3138 si
2111 3103 2202 3148 forte
2219 3103 2356 3150 placeat
2386 3105 2475 3151 Deo,

1418 3164 1456 3194 ut
1479 3158 1560 3194 inde
1581 3158 1772 3195 maledicas
1790 3161 1852 3196 eis.
1876 3161 1964 3197 Cum
1983 3162 2159 3198 eduxisset
2180 3174 2259 3200 eum
2275 3175 2379 3212 super
2397 3176 2476 3202 ver·
2537 3154 2540 3155 ⁷

1417 3220 1519 3254 ticem
1537 3221 1664 3255 montis
1685 3220 1840 3267 Phoqor,
1868 3223 1928 3268 qui
1949 3224 2087 3269 respicit
2118 3225 2353 3271 solitudinem,
2386 3227 2477 3263 dixit
2531 3256 2540 3273 2

1419 3279 1452 3314 ei
1460 3278 1611 3314 Balaam
1621 3290 1634 3314 :
1647 3279 1807 3325 AEdifica
1819 3282 1906 3316 mihi
1924 3289 2054 3328 septem
2067 3294 2163 3328 aras,
2182 3291 2215 3320 et
2226 3297 2315 3331 para
2330 3288 2476 3324 totidem
2534 3303 2540 3317 ε

1420 3336 1559 3380 vitulos,
1585 3337 1808 3384 eiusdemque
1838 3341 1974 3374 numeri
2003 3340 2144 3376 arietes.
2170 3340 2274 3378 Fecit
2310 3342 2417 3380 Balac
2436 3352 2476 3382 ut
2527 3338 2540 3376 ἒ

1420 3396 1571 3432 Balaam
1593 3396 1743 3442 dixerat,
1777 3398 2009 3446 imposuitque
2047 3400 2173 3438 vitulos
2206 3408 2240 3438 et
2264 3404 2390 3441 arietes
2413 3417 2478 3453 per

1421 3455 1578 3502 sinqulas
1609 3467 1705 3492 aras.
1723 3456 1851 3494 Infelix
1882 3457 1952 3495 iste
1981 3458 2104 3504 Balac,
2131 3467 2263 3508 putans
2287 3465 2384 3510 quod
2406 3465 2478 3503 Ba-

1422 3517 1519 3554 laam
1537 3517 1672 3562 divino,
1683 3519 1730 3555 ad
1738 3517 2032 3557 maledicendum
2046 3521 2118 3558 loci
2136 3525 2387 3570 opportunitas
2397 3537 2477 3563 ma-

1424 3579 1478 3627 gis
1501 3578 1655 3616 defuerit
1690 3589 1799 3626 quam
1826 3580 2008 3625 voluntas,
2046 3584 2173 3622 utilius
2199 3595 2280 3622 esse
2308 3591 2411 3624 ratus
2443 3588 2475 3625 si
2510 3595 2514 3598 ’

1422 3644 1579 3676 mutaret
1593 3639 1726 3676 locum.
1751 3638 1852 3684 Veni,
1884 3641 2012 3688 inquit,
2031 3650 2064 3679 et
2090 3644 2236 3680 educam
2261 3652 2294 3682 te
2308 3647 2344 3682 in
2363 3646 2472 3684 alium

1423 3699 1549 3744 locum,
1580 3702 1611 3737 si
1628 3701 1738 3748 placet
1765 3702 1852 3747 Deo,
1876 3710 1909 3739 et
1931 3704 2211 3742 tnalediceseum
2239 3707 2335 3744 inde.
2354 3707 2402 3744 Et
2416 3718 2478 3745 as-

1423 3763 1574 3809 sumpsit
1586 3763 1731 3802 Balaam
1750 3765 1788 3802 in
1804 3767 1977 3805 verticem
1989 3768 2124 3806 montis
2139 3767 2295 3816 Phogor,
2315 3768 2377 3817 qui
2393 3773 2476 3807 ten-
