2540 4016
267 238 355 280 1057

264 384 357 419 tem;
382 375 631 409 verumtamen
660 370 779 407 adhue
802 373 840 405 et
863 368 932 415 ipsi
955 372 1130 415 pugnant,
1151 367 1188 403 in
1205 371 1324 403 certa-

262 438 359 474 mine
378 438 462 472 sunt
478 443 547 480 pro
565 432 623 469 his
641 432 705 478 qui
723 430 790 468 sub
810 429 896 467 Jesu
916 428 1086 470 militant.
1107 427 1180 477 Sed
1200 434 1238 466 et
1267 439 1324 465 re-

263 497 377 544 quiris
393 494 456 541 qui
485 498 568 530 sunt
587 492 648 539 qui
667 495 851 539 pugnent,
873 497 909 527 et
933 500 1014 537 quae
1033 494 1088 527 est
1106 499 1226 543 pugna
1254 488 1325 525 ista

264 566 373 603 quam
392 554 443 591 illi
466 553 620 601 gerunt?
636 553 712 600 Ego
732 552 784 588 sic
803 551 972 595 arbitror,
992 550 1088 596 quod
1106 559 1232 586 omnes
1259 549 1323 593 illi,

265 619 326 665 qui
346 616 569 654 dormierunt
588 619 672 650 ante
691 623 776 650 nos.
794 618 915 659 patres
944 615 1103 658 pugnent
1139 609 1325 646 nobiscum

266 684 302 716 et
322 676 492 722 adjuvent
509 684 576 711 nos
593 673 820 710 orationihus
837 671 926 708 suis.
951 670 1024 707 Ista
1043 679 1201 716 namque
1218 669 1326 705 etiam

268 741 460 788 quemdam
488 738 532 774 de
557 735 762 773 senioribus
788 733 974 781 magIstris
1001 733 1121 769 audivi
1147 732 1327 768 dicentem

269 804 306 839 in
323 812 365 839 eo
382 801 462 837 loeo
481 800 518 835 in
541 809 612 845 quo
630 798 806 846 scriptum
827 801 882 833 est
905 796 943 831 in
962 794 1130 831 Numeris
1156 793 1257 841 (Cap.
1277 792 1327 839 iv)

268 864 353 910 quia
382 862 543 907 ablinget
574 869 759 907 synagoga
791 857 850 893 illa
868 857 963 893 hanc
994 864 1211 903 synagogam
1237 854 1331 889 sicut

269 924 421 971 ablingit
438 923 571 958 vitulus
590 921 742 957 herbam
765 919 918 955 viridem
937 917 981 953 de
1004 907 1154 962 camp03
1190 914 1332 950 dicebat

270 987 365 1023 enim
385 998 392 1020 :
415 985 536 1029 Quare
556 982 762 1030 hujusmodi
792 979 987 1017 similitudo
1010 982 1153 1024 sumpta
1174 981 1243 1019 est,
1262 974 1333 1011 nisi

269 1047 354 1093 quia
379 1046 448 1082 hoc
469 1044 741 1092 intelligendum
771 1046 826 1078 est
858 1041 895 1076 in
920 1040 1001 1076 loco
1027 1038 1122 1084 quod
1144 1036 1333 1084 Synagoga

268 1106 426 1149 Domini,
446 1116 526 1152 quae
551 1115 617 1140 nos
650 1102 850 1150 praecessit,
885 1102 920 1136 in
948 1100 1084 1136 sanctis
1110 1103 1202 1141 oret,
1230 1103 1266 1133 et
1297 1098 1334 1132 in

270 1167 392 1214 lingua
412 1170 600 1201 consumet
621 1162 849 1199 adversarias
869 1169 1084 1206 synagogas,
1105 1158 1141 1193 id
1159 1162 1229 1199 est,
1250 1166 1333 1191 ora-

689 234 732 270 Β.
760 228 931 269 ΒΑΒΑΝΙ
956 224 1106 267 MAtJm
1131 226 1346 267 anonim).
1373 224 1583 266 noem.
1611 218 1806 263 ornum!
1829 214 1950 259 PARS
1971 220 2002 258 1.

253 322 299 362 ¹et
318 311 418 359 digni
439 307 592 356 judicati
612 312 697 344 sunt
719 317 790 354 per
799 306 944 353 Moysen
974 314 1107 351 capere
1134 303 1323 341 haeredita·
1339 308 1377 346 Α
1439 301 1558 352 (Im.)
1581 313 1595 336 ‹
1614 299 1742 338 Tribui
1766 293 1994 335 auoem‘Levi
2023 298 2097 330 non
2120 290 2220 331 dedit
2247 292 2461 342 pesenae?i

2348 107 2526 259 ...r

2355 343 2426 360 vm.

1396 374 1410 398 ι
1439 373 1542 409 nem;
1570 361 1634 400 sed
1653 358 1832 399 sacrificia
1850 365 1888 396 et
1908 355 2069 395 victimae
2091 351 2236 391 Domini
2252 352 2318 390 Dei

1398 436 1411 458 t
1435 423 1516 471 ipsa
1529 429 1586 461 est
1601 421 1679 469 ejus
1695 420 1901 464 haereditas,
1919 417 2015 455 sieut
2040 414 2186 452 locutus
2201 417 2255 452 est
2273 413 2360 459 ml„

1392 487 1530 526 Levitis
1547 495 1665 533 neque
1673 484 1813 532 Moyses
1828 479 2183 518 dedithaereditatem
2197 484 2318 524 neque
2331 473 2454 514 lesus:

1394 552 1515 596 Quare
1533 548 1621 596 quid
1643 545 1741 583 aliud
1765 541 1996 581 sentiendum
2013 547 2082 586 est,
2102 537 2175 577 nisi
2189 538 2286 588 quod
2303 543 2388 576 sunt
2414 535 2461 587 ὶιῂῗ

1394 610 1556 648 Ecclesia
1574 606 1719 645 Domini
1743 604 1890 652 quidam
1914 602 1977 650 qui
2001 602 2135 639 virtute
2154 599 2265 637 animi
2290 604 2329 636 et
2345 597 2456 635 meri*
2476 645 2479 650 Α
2521 637 2533 651 ³

1396 677 1515 709 torum
1540 669 1657 717 gratia
1684 674 1835 704 caeteros
1867 664 2034 701 homines
2064 662 2291 710 praeeedunt,
2325 628 2501 707 quibus]¹
2523 654 2532 675 ²²

1397 732 1474 778 ipse
1490 729 1666 767 Dominus
1696 737 1776 764 esse
1804 725 1997 765 haereditas
2023 723 2167 761 dicitur.
2202 723 2248 759 Et
2272 721 2303 758 si
2327 719 2383 758 sas
2401 711 2501 774 est'}
2524 716 2532 726 ’

1399 790 1524 827 audire
1551 789 1588 825 in
1609 788 1757 832 talibus,
1778 791 1817 823 et
1842 785 1968 822 arcani
1999 784 2179 822 reconditi
2210 783 2347 830 aliquid
2374 791 2459 829 ape·
2483 774 2504 815 ⁰?
2521 802 2531 812 .

1399 852 1484 895 rire,
1504 852 1690 888 videamus
1712 860 1757 886 ne
1789 848 1885 885 forte
1906 848 1995 884 illud
2025 848 2073 884 sit
2101 846 2199 900 quod
2230 843 2460 885 sacerdotum
2484 843 2492 871 ·'·

1400 923 1437 953 et
1467 916 1677 953 Levitarum
1712 914 1865 961 figuram
1900 912 2055 950 latenter
2088 908 2272 952 ostendit,
2306 907 2391 954 quia
2424 906 2462 943 in
2515 915 2530 956 ς

1401 979 1500 1016 omni
1520 978 1668 1026 populo,
1689 987 1814 1013 eorum
1837 975 1916 1012 dieo
1933 973 1994 1022 qui
2024 972 2223 1014 salvantur,
2243 969 2360 1018 maior
2386 969 2463 1005 sine

1403 1041 1511 1077 dubio
1528 1050 1613 1087 pars
1632 1043 1688 1075 est
1713 1044 1748 1074 et
1767 1036 1874 1087 longe
1892 1034 2122 1073 numerosior
2153 1043 2279 1070 eorum
2298 1030 2359 1078 qui
2378 1029 2464 1068 sim·
2521 1052 2525 1054 v

1402 1102 1546 1149 pliciter
1570 1100 1776 1143 eredentes,
1808 1098 1845 1134 in
1867 1098 1998 1133 timore
2028 1095 2093 1131 Dei
2127 1105 2193 1142 per
2215 1103 2325 1140 opera
2354 1091 2463 1135 hona,
2516 1118 2526 1121 >v

1403 1172 1468 1208 per
1488 1163 1658 1198 honestos
1675 1169 1795 1196 mores
1814 1162 1851 1194 et
1868 1162 1970 1193 actus
1989 1154 2195 1203 probabiles
2215 1152 2368 1189 Domino
2385 1151 2463 1197 pla-

268 1227 429 1263 tionibus
454 1229 491 1261 et
515 1224 685 1271 precibus
721 1219 948 1257 adversarios
981 1223 1126 1254 nostros
1148 1215 1336 1253 absumet?
1355 1216 1387 1256 Β
1406 1229 1508 1268 ρρῃῑ;
1536 1222 1642 1270 pauci
1668 1231 1757 1257 vero
1786 1224 1870 1256 sum
1899 1222 1934 1253 et
1961 1217 2066 1252 valde
2097 1215 2172 1250 rari
2195 1213 2257 1260 qui
2281 1210 2467 1262 sapientiae

271 1289 351 1325 Non
373 1297 459 1332 ergo
486 1286 524 1320 in
552 1284 664 1320 armis
693 1281 923 1330 pugnandum
950 1287 1005 1315 est
1029 1278 1133 1314 nobis
1165 1278 1338 1313 adversus

271 1351 395 1384 hostes
425 1350 567 1382 nostros
595 1342 811 1384 invisibiles,
832 1340 895 1376 sed
915 1338 1142 1375 orat1011ibus
1162 1343 1198 1372 et
1217 1337 1338 1373 verbis

271 1408 443 1450 Domini,
485 1403 782 1441 meditationibus
817 1407 854 1437 et
888 1400 1058 1446 operibus
1096 1408 1139 1434 ac
1174 1398 1338 1433 sensibus

271 1469 381 1505 rectis
403 1479 410 1503 ε
431 1467 483 1503 sie
507 1466 604 1501 enim
626 1463 861 1499 armabantur
888 1466 923 1495 et
942 1466 1078 1507 patres,
1100 1458 1168 1494 ssde
1190 1463 1226 1494 et
1252 1468 1339 1503 ope-

272 1531 372 1566 ribus
393 1529 601 1569 vincentes;
640 1526 693 1560 sic
723 1523 860 1559 umbrae
892 1528 929 1558 et
961 1520 1182 1567 exemplaria
1218 1519 1339 1555 deser-

271 1593 376 1628 viunt
412 1589 614 1626 coelestium
644 1587 681 1622 lii
711 1586 771 1633 qui
802 1585 919 1631 legem
943 1583 1159 1629 suscipiunt,
1180 1592 1259 1627 quae
1285 1586 1340 1618 est

273 1654 370 1690 illius
394 1640 490 1689 verae
513 1651 603 1698 legis
629 1649 775 1692 umbra3
804 1648 852 1683 ita
880 1652 915 1682 et
939 1645 1124 1691 exemplar
1153 1653 1188 1680 et
1209 1644 1339 1679 umbra

276 1719 541 1762 consequenter
571 1717 656 1748 sunt
684 1710 872 1747 divisionis
905 1708 1065 1745 coelestis
1084 1708 1121 1743 hi
1142 1707 1203 1754 qui
1224 1707 1258 1741 in
1279 1704 1340 1742 Ju-

275 1780 350 1815 daea
370 1776 619 1814 haereditatem
641 1773 805 1810 dividunt
825 1778 942 1807 terr-³3.
969 1771 1056 1806 Erat
1078 1780 1163 1816 ergo
1185 1769 1222 1804 in
1238 1768 1340 1805 coelis

275 1840 424 1882 veritas,
444 1838 681 1875 umbra—vero
701 1840 740 1872 et
755 1833 943 1879 exemplar
962 1831 1129 1867 veritatis
1154 1831 1191 1867 in
1210 1830 1339 1873 terris;

278 1906 314 1938 et
333 1902 446 1938 donec
465 1900 599 1936 'umbra
621 1899 699 1933 haec
727 1896 917 1933 constabat
944 1894 979 1930 in
1000 1899 1122 1936 terris,
1142 1899 1222 1929 erat
1238 1892 1341 1928 Jeru-

276 1963 388 1999 salem
411 1961 613 2004 terrestris,
632 1964 710 1995 crat
743 1957 931 2004 templum,
953 1962 1033 1992 erat
1064 1955 1190 1999 altare,
1211 1960 1247 1990 et
1264 1958 1343 1990 erat

280 2023 435 2060 visibilis
462 2023 595 2065 cultus,
617 2026 723 2057 erant
741 2018 930 2066 pontifices
950 2023 986 2054 et
1012 2017 1232 2059 sacerdotes,
1257 2026 1343 2052 eon-

275 2083 422 2119 stabant
449 2084 559 2117 etiam
580 2081 746 2116 civitates
775 2084 810 2114 et
830 2078 901 2114 vici
920 2076 1035 2121 Judae,
1061 2081 1096 2112 et
1117 2077 1237 2112 omnia
1266 2075 1342 2110 haec

1406 1295 1554 1332 operam
1572 1284 1716 1325 dantes,
1747 1285 1783 1316 et
1812 1283 1971 1314 mentem
2001 1286 2104 1312 suam
2123 1284 2252 1321 puram
2279 1271 2468 1308 mundam·
2523 1310 2526 1311 ⁷

1406 1355 1476 1391 que
1501 1348 1702 1383 servantes,
1725 1345 1834 1385 atque
1861 1338 1898 1373 in
1922 1335 2091 1372 omnibus
2117 1333 2302 1382 praeclaris
2325 1331 2470 1368 virtuti-

1406 1407 1475 1442 bus
1502 1414 1587 1440 suas
1608 1402 1747 1438 animas
1771 1398 1992 1440 excolentes,
2013 1396 2156 1433 caeteris
2187 1394 2468 1442 simplicioribus

1405 1476 1470 1515 per
1490 1465 1664 1502 doetrinae
1684 1462 1841 1510 gratiam
1859 1460 2064 1496 illuminant
2083 1459 2150 1494 iter
2166 1468 2238 1504 quo
2258 1455 2470 1504 gradiuntur

1407 1534 1443 1565 et
1458 1528 1607 1563 veniunt
1628 1524 1671 1560 ad
1693 1523 1859 1560 salutem.
1895 1520 1940 1556 Hi
1973 1519 2139 1556 fortassis
2174 1517 2240 1555 sub
2258 1515 2469 1552 Levitarum

1410 1595 1445 1625 et
1465 1587 1694 1624 sacerdotum
1713 1583 1858 1620 nomine
1877 1581 2125 1628 designantur,
2149 1589 2302 1626 quorum
2319 1575 2472 1613 haeredi-
2526 1586 2528 1588 ’

1407 1658 1465 1687 tas
1487 1651 1565 1696 ipse
1590 1647 1766 1684 Dominus
1796 1650 1864 1687 est,
1884 1644 1945 1690 qui
1972 1648 2027 1679 est
2052 1640 2245 1689 sapientia,
2271 1650 2380 1686 quam
2397 1649 2473 1686 prae
2520 1644 2525 1647 ’

1409 1710 1551 1747 caeteris
1577 1708 1745 1745 omnibus
1773 1703 1944 1741 dilexisse
1963 1703 2213 1750 perhibentur.
2247 1699 2394 1736 Invenio
2415 1703 2473 1734 ta-

1409 1782 1492 1808 men
1514 1770 1672 1817 aliquam
1691 1764 1935 1803 differentiam
1955 1764 1991 1799 in
2012 1764 2068 1799 his
2087 1773 2167 1809 quae
2187 1760 2329 1809 Moyses
2349 1758 2472 1796 distri-

1408 1833 1487 1868 buit
1513 1836 1549 1867 et
1579 1831 1614 1866 in
1644 1829 1701 1865 his
1728 1839 1808 1874 quae
1834 1828 1953 1864 Jesus.
1986 1825 2126 1872 Moyses
2152 1832 2308 1868 namque
2334 1821 2474 1859 duabus

1410 1900 1446 1931 et
1464 1895 1572 1931 semis
1606 1893 1770 1929 tribubus
1805 1898 1941 1927 terram
1974 1889 2197 1926 distribuens
2228 1887 2325 1923 ultra
2342 1884 2473 1921 Jorda-

1410 1968 1508 2000 nem,
1541 1966 1613 1992 non
1647 1954 1746 1990 dedit
1777 1953 1914 1990 Levitis
1946 1950 2141 1988 habitaculi
2171 1948 2374 1997 portionem
2396 1954 2475 1992 quae
2500 1984 2505 1985 ⁷

1411 2029 1473 2055 eos
1494 2016 1741 2062 contingebat.
1772 2013 1878 2050 Jesus
1911 2019 2030 2049 autem
2063 2011 2161 2048 dedit
2190 2021 2262 2046 non
2287 2007 2402 2045 solum
2419 2005 2476 2042 his

1411 2078 1577 2115 tribubus
1600 2086 1690 2122 quas
1710 2075 1787 2121 ipse
1808 2074 2007 2119 dispensat,
2035 2081 2159 2107 verum
2179 2070 2288 2105 etiam
2307 2067 2376 2103 illis
2395 2076 2476 2113 quae

277 2153 358 2188 quae
385 2153 479 2177 nunc
527 2142 563 2175 iu
590 2141 683 2175 libro
713 2140 780 2175 hoe
811 2139 990 2184 descripta
1019 2148 1100 2173 esse
1125 2137 1340 2172 recitantur.
1361 2122 1391 2163 C
1413 2152 1434 2177 a
1453 2140 1573 2187 Moyse
1601 2144 1701 2174 trans
1719 2136 1913 2173 ,Im-danem
1940 2135 2086 2172 fuerant
2112 2133 2309 2170 collocatgff
2330 2130 2475 2167 Habita.

277 2204 368 2240 Cum
384 2212 472 2238 vero
493 2201 528 2238 in
552 2201 707 2236 adventu
726 2199 926 2235 Salvator-is
945 2200 1007 2235 Dei
1043 2199 1160 2234 nostri
1181 2200 1225 2233 de
1241 2197 1342 2234 coelis

278 2264 555 2306 descendentis,
582 2263 718 2297 veritas
747 2263 791 2297 de
817 2267 914 2296 terra
944 2266 1024 2296 orta
1050 2266 1117 2303 est,
1142 2267 1179 2295 et
1202 2260 1343 2306 Juskitia

280 2325 323 2360 de
342 2324 434 2360 coelo
450 2323 649 2369 prospexit,
665 2323 803 2358 umbrae
821 2327 857 2357 et
873 2321 1093 2366 exemplaria
1111 2320 1340 2363 ceciderunt3

279 2384 414 2419 cecidit
446 2383 542 2417 enim
577 2382 801 2424 Jerusalem,
841 2381 971 2417 cecidit
1004 2380 1174 2425 templum
1188 2406 1197 2423 ‚
1230 2378 1344 2415 altare

279 2445 462 2480 sublatum
481 2448 548 2486 est,
573 2447 612 2478 ut
632 2452 749 2487 neque
769 2443 804 2477 in
824 2447 947 2477 monte
967 2440 1143 2484 Garizim,
1170 2451 1287 2487 neque
1307 2441 1344 2476 in

279 2506 479 2543 Jerusalem
513 2506 559 2541 sit
594 2505 693 2542 locus
716 2505 776 2541 ubi
801 2509 943 2551 oportet
975 2505 1148 2546 adorare;
1185 2504 1247 2539 sed
1268 2502 1344 2538 veri

281 2568 492 2604 adoratores
509 2566 570 2612 qui
590 2567 743 2602 adorant
759 2566 916 2609 Patrem,
937 2565 974 2600 in
992 2565 1121 2611 spiritu
1138 2571 1175 2601 et
1191 2565 1346 2600 veritate

283 2630 447 2665 adorent.
478 2628 538 2664 Sic
562 2639 649 2675 ergo
666 2634 844 2675 praesente
862 2627 1016 2663 veritate
1042 2633 1147 2674 typus
1166 2633 1201 2662 et
1218 2626 1346 2661 umbra

284 2691 462 2732 cessavit;
500 2695 536 2724 et
567 2699 647 2724 cum
675 2690 818 2724 adesset
848 2687 1021 2734 templum
1042 2687 1143 2731 illud,
1165 2687 1260 2733 quod
1280 2696 1346 2732 per

282 2748 458 2794 Spiritum
480 2749 545 2807 Dei
565 2754 602 2783 et
620 2750 790 2785 virtutem
810 2749 986 2784 Altissimi
1007 2749 1043 2784 in
1064 2754 1168 2784 utero
1186 2747 1346 2794 Virginis

281 2807 496 2843 fabricatum
515 2814 584 2851 est,
604 2808 765 2843 dirutum
784 2813 839 2843 est
864 2807 1035 2854 templum
1045 2818 1088 2844 ex
1098 2807 1277 2854 lapidibus
1294 2807 1346 2843 fa-

280 2870 460 2906 bricatum
471 2880 480 2905 1
493 2871 618 2906 aderat
634 2870 794 2916 pontifex
805 2870 1009 2907 futurorum
1021 2872 1213 2914 bonorum,
1224 2880 1345 2906 cessa-

280 2937 409 2966 verunt
424 2932 614 2978 pontifices
634 2937 820 2968 taurorum
837 2932 1092 2976 ethi1·corum;
1115 2932 1347 2979 venitAgmus

282 2993 347 3028 Dei
370 2993 431 3038 qui
452 2994 543 3028 tollit
561 2999 709 3039 peccata
727 2994 868 3037 mundi,
886 2994 1024 3030 destitit
1042 3005 1158 3041 agnus
1175 3005 1219 3031 ex
1237 3006 1347 3040 pecu-

282 3054 386 3090 dibus
406 3062 625 3100 assumptus,
651 3059 688 3090 et
714 3056 959 3102 nequidquam
989 3061 1099 3102 atque
1123 3057 1279 3094 inaniter
1295 3064 1348 3095 tot

283 3115 425 3152 saeculis
439 3115 639 3163 jugulatus.
664 3116 834 3152 Refertur
861 3123 981 3154 autem
998 3119 1116 3164 prima
1135 3125 1170 3155 et
1187 3121 1346 3157 secunda

282 3177 503 3212 litereditatis
518 3176 614 3212 saeta
633 3177 782 3214 divisio:
801 3178 915 3225 prima
933 3179 1076 3225 quidem
1097 3191 1161 3226 per
1176 3181 1343 3228 Moysen3

285 3239 443 3276 secunda
462 3249 563 3284 vero,
583 3251 663 3287 quae
682 3246 718 3277 et
736 3242 916 3287 potentior
933 3247 1003 3287 est,
1021 3252 1086 3288 per
1105 3241 1230 3280 Jesum
1249 3243 1346 3280 facta

286 3301 523 3338 describitur:
542 3307 579 3338 et
593 3302 732 3349 Moyses
750 3309 849 3339 trans
864 3302 1059 3341 Jordanem
1077 3305 1186 3343 tribui
1202 3305 1342 3350 Ruben,

285 3367 322 3400 et
342 3363 451 3399 tribui
470 3363 560 3408 Gad‚
578 3369 615 3400 et
635 3364 792 3402 dimidiae
813 3365 924 3403 tribui
945 3365 1125 3410 Manasse,
1145 3366 1347 3413 possessio-

286 3435 371 3462 nem
392 3427 575 3471 decernit3
603 3429 724 3465 caeteri
753 3439 840 3469 vero
857 3438 985 3467 omnes
1008 3439 1074 3476 pet
1087 3428 1211 3470 lesum
1233 3430 1348 3468 susci-

282 3485 391 3532 piunt
419 3486 684 3531 haereditatem.
731 3488 896 3529 Diximus
927 3489 1006 3537 iam
1038 3489 1140 3538 prius
1165 3484 1347 3537 quomado

282 3557 350 3594 per
365 3546 483 3596 legem
500 3547 717 3597 placuerunt
730 3549 819 3595 Deo,
835 3551 1083 3597 praecedentes
1104 3557 1267 3598 tempore
1283 3560 1348 3590 eos

285 3610 347 3657 qui
365 3621 425 3659 pei
447 3609 556 3648 fidem
568 3608 656 3653 Jesu
674 3612 720 3654 ad
737 3613 917 3660 promissa
937 3614 1170 3660 perveniunt,
1187 3613 1349 3656 aonidum

285 3681 328 3708 ea
350 3682 431 3720 quae
458 3673 622 3720 perfecta
656 3679 741 3721 sum
773 3681 1046 3725 consequuntur
1063 3685 1075 3718 ς
1094 3680 1348 3722 exspectantes

286 3742 353 3773 eos.
375 3735 437 3780 qui
466 3736 705 3784 posteriores.
732 3737 876 3791 diverso
897 3735 1055 3789 ¹quidem
1083 3742 1262 3786 ternpore,
1284 3736 1350 3786 ΕΝ

288 3804 359 3830 una
388 3795 459 3833 fide
486 3798 696 3849 placebunt,
729 3801 824 3845 sicut.
836 3799 1037 3849 Apostolus
1049 3801 1175 3845 dixita
1199 3800 1349 3849 Uim

288 3854 365 3892 sine
385 3853 490 3894 nohis
507 3852 770 3918 perfectionem
800 3869 1111 3910 consequerentur
1129 3860 1164 3909 (1
1176 3844 1260 3899 Gor.
1279 3860 1344 3909 iv).

1412 2203 1492 2240 cula
1511 2202 1645 2239 etenim
1655 2199 1792 2236 Levitis
1809 2199 1847 2234 in
1866 2198 2016 2246 singulis
2033 2196 2199 2234 tribubus
2215 2195 2474 2236 decernuntur,

1411 2270 1452 2300 ut
1469 2269 1505 2300 et
1523 2262 1705 2310 permulto
1737 2259 2029 2306 magnificentius
2062 2256 2278 2305 mysterium
2306 2263 2476 2291 noscere-

1411 2337 1506 2362 mus.
1531 2324 1603 2361 lste
1626 2324 1725 2360 enim
1753 2323 1841 2358 ordo
1859 2321 2044 2357 Leviticus
2074 2324 2110 2355 et
2145 2314 2392 2358 sacerdotalis,
2415 2312 2478 2360 qui

1412 2389 1478 2424 Dei
1502 2386 1689 2433 sapientiae
1709 2392 1745 2422 et
1765 2385 1927 2421 scientiae
1943 2393 2092 2430 operam
2115 2379 2304 2427 impendit,
2324 2388 2397 2414 non
2412 2386 2477 2423 po·-

1413 2448 1481 2484 tuit
1501 2458 1522 2482 a
1539 2446 1660 2492 Moyse
1680 2450 1815 2481 sortem
1837 2444 2076 2480 habitationis
2097 2451 2274 2488 accipere,
2298 2438 2384 2485 quia
2403 2447 2475 2475 non

1414 2515 1493 2546 erat
1510 2508 1652 2555 Moyses
1672 2506 1847 2549 veritatis,
1878 2505 1940 2541 sed
1958 2505 2096 2540 umbrae
2119 2501 2339 2547 exemplaris
2366 2499 2476 2535 mini-

1415 2577 1503 2609 ster.
1525 2569 1630 2606 Jesus
1654 2579 1741 2604 vero
1759 2567 1934 2603 Dominus
1958 2572 2095 2610 noster,
2114 2565 2175 2611 qui
2200 2568 2279 2600 erat
2301 2561 2478 2608 sapientia

1415 2632 1493 2675 Dei,
1522 2631 1598 2678 ipse
1618 2629 1826 2666 habitacula
1859 2628 2084 2675 sapientibus
2111 2627 2260 2673 praebet.
2283 2624 2362 2661 Non
2381 2623 2478 2660 enim

1415 2693 1534 2740 potuit
1566 2692 1687 2729 dicere
1717 2691 1880 2738 Moyses,
1923 2702 1936 2725 ‹
1964 2689 2077 2732 Vade,
2099 2689 2214 2724 vende
2245 2685 2366 2723 omnia
2398 2694 2479 2731 quae
2527 2708 2530 2710 v

1416 2755 1544 2798 habes,
1573 2760 1609 2790 et
1638 2754 1684 2789 da
1713 2753 1946 2800 pauperibus,
1966 2756 2003 2788 et
2018 2750 2170 2787 habebis
2197 2748 2410 2785 thesaurum
2441 2746 2478 2782 in

1417 2817 1539 2861 eoelis;
1561 2821 1598 2852 et
1616 2815 1712 2859 veni,
1738 2825 1892 2861 sequere
1912 2824 1971 2850 me
2001 2812 2147 2848 (ΜαιιΙι.
2165 2811 2258 2858 xlx).
2281 2824 2294 2845 ›
2330 2809 2405 2845 Hoc
2422 2812 2478 2844 est
2512 2804 2515 2805 ⁷

1417 2879 1512 2914 enim
1531 2884 1671 2924 partem
1692 2879 1777 2915 dare
1794 2878 1943 2915 Levitis.
1962 2877 2035 2914 Nec
2050 2877 2166 2924 potuit
2182 2875 2302 2911 dicere
2320 2873 2475 2920 Moyses,
2519 2918 2524 2919 ⁷

1418 2939 1503 2985 quia
1526 2951 1537 2972 α
1563 2938 1624 2985 Qui
1644 2950 1717 2976 non
1737 2940 2000 2976 renuntiaverit
2019 2937 2189 2974 omnibus
2208 2946 2287 2982 quae
2303 2935 2474 2982 possidet,
2513 2948 2523 2951 ·

1419 3012 1491 3039 non
1510 3006 1629 3047 potest
1652 3012 1754 3038 meus
1785 3012 1865 3038 esse
1893 2999 2090 3047 discipulus
2110 2997 2212 3045 (Luc.
2231 2995 2323 3044 xiv).
2349 3009 2361 3030 ›
2398 2994 2477 3033 Non
2513 3023 2525 3030 ⁷-

1419 3064 1516 3100 enim
1545 3064 1663 3110 potuit
1686 3064 1806 3100 dicere
1826 3063 1968 3110 Moyses
1989 3075 1997 3097 ε
2022 3074 2035 3096 ι
2055 3060 2183 3098 Omnis
2211 3059 2306 3096 enim
2325 3058 2478 3104 quinon
2509 3062 2524 3066 “·

1418 3125 1538 3162 oderit
1565 3131 1706 3171 patrem
1725 3126 1781 3162 vel
1810 3129 1980 3169 matrem,
2001 3129 2038 3161 et
2057 3123 2190 3159 fratres
2209 3128 2247 3158 et
2264 3129 2409 3157 sorores
2441 3122 2479 3155 et
2515 3145 2529 3151 -

1418 3189 1524 3233 filios,
1546 3196 1582 3226 et
1614 3191 1762 3236 insuper
1789 3190 1898 3226 etiam
1940 3189 2098 3225 animam
2119 3197 2239 3229 suam,
2267 3195 2340 3221 non
2357 3185 2477 3230 potest
2519 3184 2526 3223 ξ

1417 3260 1497 3286 esse
1515 3262 1619 3287 meus
1635 3251 1832 3297 discipulus
1850 3250 1960 3297 (md.
1979 3261 2010 3284 v.
2027 3249 2103 3295 26).
2124 3261 2137 3282 ι
2165 3246 2243 3282 Hoe
2260 3245 2402 3291 Moyses
2415 3243 2474 3279 fa-

1359 3352 1361 3354 ,
1416 3322 1499 3348 cere
1523 3323 1596 3348 non
1618 3312 1749 3357 potuit,
1770 3311 1907 3348 idcireo
1931 3308 2139 3346 habitacula
2168 3307 2398 3343 sacerdotum
2416 3304 2474 3342 vel
2512 3306 2526 3355 ‘3

1415 3371 1626 3408 Levitarum
1651 3371 1862 3417 dispensare
1890 3379 1963 3407 non
1990 3368 2122 3415 potuit.
2150 3367 2284 3404 Beatus
2307 3375 2396 3413 ergo
2418 3370 2474 3402 eet

1417 3434 1479 3480 qui
1499 3443 1539 3470 se
1557 3432 1704 3471 exhibet
1734 3431 1855 3474 talem,
1875 3437 1912 3467 et
1934 3430 1972 3466 in
1996 3429 2079 3466 istis
2100 3428 2265 3465 omnibus
2282 3437 2364 3474 quae
2379 3435 2490 3474 pair
2523 3432 2529 3468 g

1417 3494 1504 3541 cipit
1518 3493 1624 3531 lesus
1649 3492 1835 3530 invonitur
1855 3500 1935 3528 eoae
1955 3489 2153 3536 perfectus,
2171 3488 2274 3525 mab
2289 3487 2380 3525 lesu
2398 3493 2498 3525 m·
2524 3497 2529 3513 ³

1415 3561 1490 3592 tem
1520 3555 1680 3592 coelestis
1705 3552 1905 3592 mansionis
1930 3551 2086 3598 accipiat
2115 3549 2317 3593 inf-tum
2334 3546 2506 3593 dequo'

1413 3617 1498 3664 ipse
1510 3616 1684 3657 Dominus
1707 3615 1784 3652 nit:
1804 3625 1822 3648 a
1840 3614 1963 3658 Pater,
1982 3613 2066 3650 velo
2089 3611 2209 3655 tit-bi
2233 3618 2417 3657 mun,
2453 3622 2476 3632 f*

1417 3675 1480 3717 ‘mir
1492 3677 1567 3718 eim
1585 3685 1730 3714 aecum
1745 3674 1868 3723 (Joan.
1888 3673 2036 3722 nub:
2050 3673 2138 3713 Etim
2149 3669 2261 3710 sm
2277 3669 2410 3718 ewi-
2474 3696 2476 3700 .

1416 3744 1507 3779 estu
1526 3739 1640 3780 inne
1656 3747 1768 3775 unum
1787 3747 1928 3783 sumus,
1947 3736 2066 3780 otiati
2087 3734 2253 3773 iun-bi·
2269 3739 2383 3775 unflm
2419 3730 2428 3740 ⁶

1417 3799 1527 3849 (ΙΜ-
1545 3811 1578 3838 u·
1595 3799 1673 3845 at).
1691 3812 1704 3836 ι
1724 3798 1834 3844 Quod
1848 3799 1883 3836 ni
1900 3798 2052 3838 affl
2065 3795 2367 3845 mutu-ot

1404 3860 1624 3916 nemim-um
1649 3859 1909 3899 haereditatem
1917 3858 2121 3900 mum
2136 3856 2233 3904 Η.
2251 3854 2408 3905 ignoras
2442 3866 2450 3881 ·-
2466 3864 2474 3877 *
