2540 4016
76 299 78 301 ,
125 263 160 290 r
185 253 308 290 divina
330 256 476 301 natura,
503 249 570 289 eod
593 253 638 286 ut
652 257 722 295 per
737 248 817 286 haee
832 251 871 284 et
895 246 1009 295 Moysi
1026 247 1112 284 cha-

58 305 63 315 ·
165 323 275 364 quam
293 322 380 364 erga
402 313 577 362 populum
600 309 778 355 nahmi,
807 309 937 347 anei
952 309 1110 356 bonitas,

55 381 93 409 ὐ
111 392 131 409 :2
161 381 310 424 superat
327 381 474 414 omnem
495 377 668 419 mentem,
688 374 946 410 innotesceret.
964 371 1114 419 Mystice

82 586 89 591 1
125 563 233 606 posse
252 559 420 604 accipere
437 569 460 595 a
481 559 636 596 Domino
669 562 804 595 terram
830 557 1112 604 repromissam,

55 613 59 615 ’
91 618 264 655 ribamm
285 622 325 653 et
356 617 623 654 Pharisaeorum
653 618 891 665 praetulerunt
923 617 1112 653 indicium.

40 677 157 714 ·.·0ut
173 677 272 713 enim
287 675 340 712 illi
357 686 423 724 per
437 677 584 725 Moysen
606 679 709 715 missi
733 683 831 722 sunt,
854 683 894 714 ut
910 677 977 714 soli
994 674 1116 713 fecun-

43 738 208 778 fflatem
233 738 389 774 sollicita
424 740 717 776 consideratione
747 744 969 780 tractarent,
1005 738 1055 772 ita
1072 736 1117 783 sset

42 799 115 836 m
132 808 198 844 per
218 798 335 845 legem
366 804 403 834 et
422 800 619 845 prophetas
638 800 739 835 missi
761 803 856 841 sunt,
877 802 918 833 ut
932 802 999 842 per
1017 796 1115 832 Scri-

36 890 41 901 2
62 865 243 896 tutat-um
281 860 602 907 investigationem
628 859 857 896 Dominieum
886 857 1115 903 specularen-

39 940 41 943 ν
78 932 112 957 ιι·
148 921 358 958 adventum.
392 922 431 957 ln
464 930 536 968 quo
562 926 643 958 erat
694 926 806 962 terra,
840 919 877 954 id
913 923 992 961 est,
1029 926 1115 954 caro

39 988 193 1026 nancta,
223 983 263 1018 in
283 992 356 1029 qua
375 992 527 1028 regnum
548 983 613 1018 Dei
631 985 670 1017 et
694 981 900 1016 ubertatem
929 980 1115 1016 fructuum

40 1043 284 1090 spiritalium,
315 1047 354 1078 et
386 1043 498 1078 vitam
536 1047 711 1078 aeternam
743 1042 916 1088 consequi
949 1048 1111 1088 possent.

39 1163 96 1201 fle
112 1162 177 1200 Dei
197 1163 438 1211 promissione
455 1163 703 1207 considerent,
725 1163 775 1199 ita
793 1168 831 1199 et
848 1163 909 1199 isti
930 1164 1059 1200 scribae
1083 1169 1119 1200 et

42 1223 226 1262 Pharisaei
255 1230 451 1261 suaserunt
480 1224 613 1271 populo
632 1223 839 1261 Judaeorum
855 1234 901 1260 ne
927 1225 1119 1261 crederent

39 1285 250 1329 Christum,
269 1286 314 1322 ad
331 1285 530 1332 AEgyptum
546 1286 668 1322 saeculi
689 1286 797 1332 huJus
815 1285 936 1321 redire
966 1286 1117 1332 cupien-

40 1351 118 1390 tes,
139 1346 373 1392 repudiantes
389 1357 524 1381 manna
543 1346 640 1389 fidei,
661 1350 868 1391 quaerentes
882 1345 972 1381 ollas
990 1355 1119 1391 pecca-

40 1411 170 1443 torum
190 1407 324 1453 nigras,
347 1411 383 1442 et
406 1415 515 1452 cepas
532 1405 842 1451 blasphemiarum
875 1405 1055 1451 putridas,
1083 1410 1119 1440 et

39 1476 222 1514 impones,
259 1467 433 1502 vitiorum
464 1476 507 1502 ac
533 1466 726 1502 libidinum
756 1466 992 1512 corruptione
1018 1475 1117 1501 mar-

39 1532 248 1563 tcescentes.
274 1525 339 1562 lile
372 1532 493 1561 autem
525 1527 653 1562 botrus
690 1536 782 1570 uvae,
812 1536 920 1572 quem
954 1527 991 1563 in
1020 1526 1118 1572 ligno

42 1587 217 1625 ‹deteri-a
236 1587 530 1633 repromissionis
550 1588 621 1623 duo
639 1588 818 1624 advexere
839 1594 1018 1632 vectores,
1050 1590 1117 1625 bo-

41 1652 130 1684 nrus
147 1648 310 1695 pendens
334 1658 354 1684 e
377 1648 488 1694 ligno,
515 1649 640 1694 utique
661 1648 828 1686 Christus
850 1659 894 1686 ex
921 1650 1019 1696 ligno
1038 1660 1119 1686 cru-

45 1708 110 1745 ·cis
128 1709 330 1754 promissus
349 1709 515 1756 gentibus
541 1709 585 1744 (le
615 1714 711 1745 terra
745 1710 930 1757 genitricis
967 1709 1088 1746 Maria:
1106 1738 1116 1755 ,

40 1774 207 1805 tterrenae
234 1770 357 1815 stirpis
383 1770 582 1805 secundum
614 1779 763 1806 carnem
794 1771 995 1807 visceribus
1031 1769 1119 1806 effu-

41 1841 129 1867 ssus.
150 1831 227 1866 Duo
253 1830 365 1876 bajuli
395 1832 457 1877 qui
493 1831 560 1866 sub
588 1841 699 1867 onere
729 1833 824 1867 botri
856 1832 954 1868 illius
974 1833 1117 1869 incede-

40 1893 153 1937 lbant,
171 1894 326 1940 populus
346 1899 401 1930 est
428 1900 581 1940 uterquc
607 1894 710 1939 quus
731 1895 830 1940 prior
849 1894 1021 1932 Judaicus
1050 1906 1120 1932 cae-

40 1963 116 1990 «cus
143 1961 181 1990 et
208 1965 371 1998 aversus,
394 1955 542 2001 ignarus
559 1957 753 2001 pendentis
785 1958 932 2003 gratian,
954 1965 989 1994 et
1015 1969 1118 2005 pres-

40 2021 116 2054 tans
152 2022 262 2051 onere
294 2016 477 2061 suspensi,
513 2016 572 2052 cui
605 2016 798 2062 subjicitur
821 2019 1001 2065 Judicanti
1033 2032 1042 2055 z

41 2075 185 2124 quibus
205 2075 338 2111 dicitur
360 2087 367 2110 :
401 2087 412 2108 α
439 2074 690 2112 obscurentur
708 2077 804 2113 oculi
839 2088 965 2114 eorum
987 2090 1031 2116 ne
1063 2081 1115 2115 vi-

40 2135 176 2177 mant,
209 2141 246 2172 et
281 2136 428 2172 dorsum
458 2146 585 2172 eorum
625 2148 767 2185 semper
801 2140 951 2176 incurva
988 2141 1112 2188 (Psal.

51 2195 195 2244 vam).
221 2209 233 2231 ι
263 2196 331 2240 Qui
349 2206 437 2233 vero
457 2199 636 2243 posterior
665 2200 849 2245 veniebat,
884 2202 1007 2248 populi
1028 2214 1117 2249 gen-

53 2257 144 2294 tium
178 2258 325 2304 gerebat
359 2258 541 2306 figuram,
573 2261 633 2306 qui
676 2262 828 2298 eredens
858 2267 894 2298 et
930 2263 1116 2300 Christum

53 2322 140 2353 ante
162 2317 287 2354 oculos
312 2318 470 2363 habens,
493 2328 637 2365 semper
663 2330 745 2356 eum
765 2326 915 2367 portans
940 2323 1058 2367 videt;
1081 2330 1118 2360 et

52 2377 160 2431 quasi
181 2388 308 2415 servus
328 2380 514 2415 dominum
531 2385 569 2417 et
594 2381 796 2427 discipulus
817 2383 1032 2430 magistrum
1064 2395 1118 2421 sc-

50 2439 191 2486 quitur‚
214 2441 310 2477 sicut
340 2442 418 2488 ipse
448 2442 623 2479 Dominus
656 2444 694 2479 in
711 2444 907 2492 Evangelio
927 2447 978 2483 ait
1003 2460 1010 2482 :
1041 2460 1053 2481 r
1078 2448 1117 2484 Si

51 2501 135 2547 quis
158 2502 235 2538 vult
265 2508 349 2549 post
378 2513 438 2540 me
469 2505 608 2548 venire,
630 2505 734 2540 tollat
757 2516 905 2542 crucem
930 2518 1047 2550 suam,
1081 2515 1117 2544 et

48 2565 229 2607 sequatur
248 2571 306 2598 me
327 2560 472 2609 (ΜαιιΙι.
499 2565 620 2611 xviii).
645 2578 657 2598 ›
688 2564 756 2600 Hic
773 2571 828 2601 est
845 2572 966 2602 autem
990 2568 1116 2606 botrus

48 2623 116 2670 qui
138 2622 292 2659 effusum
325 2623 362 2658 in
392 2624 545 2660 salutem
579 2631 743 2662 nostram
762 2627 886 2663 vinum
924 2631 1115 2676 sanguinis

47 2683 111 2721 sui
143 2684 262 2720 crucis
292 2685 512 2721 contritione
551 2685 723 2731 perfudit,
766 2693 875 2735 atque
904 2699 1115 2736 expressum

48 2740 234 2792 passionis
251 2755 325 2782 suae
353 2747 501 2783 calicem
522 2747 696 2785 Ecclesiae
716 2751 934 2797 propinavit.
963 2752 1030 2790 Ille
1061 2761 1117 2792 est

48 2798 181 2844 botrus
220 2817 329 2855 quem
369 2808 615 2855 malogranata
657 2812 755 2847 socia
791 2812 953 2849 humeris
993 2821 1115 2851 secuta

51 2872 114 2907 est
129 2870 259 2916 gratia.
280 2866 374 2907 Nam
389 2871 528 2908 scilicet
544 2872 706 2909 Ecclesia
725 2882 841 2911 mater
865 2876 1005 2914 hahens
1019 2879 1115 2916 intra

50 2990 150 3034 hm,
179 2987 350 3028 ruborem
381 2993 569 3039 sanguinis
600 2991 737 3030 Christi
759 2995 946 3042 signaculo
979 2998 1115 3036 haben-

48 3045 129 3088 !em
146 3050 254 3088 etiam
274 3051 373 3086 intus
389 3050 560 3088 distincta
578 3060 706 3100 grana,
731 3054 824 3091 sicut
839 3055 1032 3103 Apostolus
1049 3060 1113 3105 ait,

46 3108 199 3152 nivei-sa
230 3111 465 3157 charismata,
498 3118 535 3150 et
564 3115 657 3151 dona
683 3115 832 3162 spiritus
850 3118 966 3165 gratia
986 3119 1112 3156 distri-

43 3161 154 3211 hum.
176 3170 320 3217 *Quibus
356 3174 525 3211 omnibus
557 3175 726 3224 indignos
757 3187 796 3214 se
814 3178 992 3216 increduli
1017 3178 1114 3228 judi-

25 3223 193 3279 untes,
204 3239 347 3272 terram
363 3236 484 3273 carnis
505 3235 641 3274 Christi
660 3237 831 3275 fluentem
847 3239 942 3277 lacte
959 3246 996 3278 et
1009 3242 1116 3279 melle

24 3303 28 3305 ’
63 3332 66 3333 ⁷
117 3295 119 3297 ’
230 3303 306 3334 non
324 3305 551 3344 meruerunt,
571 3309 680 3346 quam
698 3310 764 3349 per
779 3300 889 3339 fidem
908 3305 1005 3341 servi
1023 3305 1112 3351 ejus,

90 3407 95 3411 .
194 3350 399 3396 christiani
433 3361 556 3408 populi
587 3365 774 3400 consecuti
814 3371 911 3410 sunt,
939 3365 984 3403 de
1011 3366 1114 3413 quus

49 3408 222 3454 ‘dm
255 3418 419 3467 quetidie
451 3420 544 3460 dicit
565 3420 732 3462 Ecclesia
768 3437 776 3461 :
807 3438 820 3460 ‹
843 3426 962 3470 'Quam
988 3427 1112 3464 vdulcia

21 3467 225 3578 &dim
243 3481 342 3519 'meis
370 3477 511 3531 eloquia
532 3490 594 3522 tua
627 3497 735 3535 super
762 3487 832 3524 mel
853 3493 895 3533 ‚et
915 3485 1037 3525 favum
1055 3489 1110 3525 ori

152 3534 346 3582 lwif'icuin
367 3550 504 3590 autem,
525 3556 634 3597 quem
650 3558 731 3584 cum
750 3549 854 3586 botro
873 3549 918 3586 de
936 3553 1035 3586 terra
1050 3559 1109 3586 re-

158 3638 162 3640 ,
339 3602 553 3653 atttssemnt,
585 3609 780 3665 imaginem
798 3611 889 3659 legis
918 3608 1080 3648 attulisse
1098 3638 1107 3653 ‚

21 3644 501 3730 '“fflfiffifflfflffio'oemur
533 3668 723 3720 exemplis.
761 3671 864 3710 Sicut
897 3678 934 3710 et
966 3673 1110 3710 hotrum

22 3762 27 3777 ,
59 3718 208 3784 &mm
214 3708 583 3793 ffl‘ssffiatdris
597 3727 799 3781 ostendere,
809 3733 1113 3786 quemadmodum

11 3844 76 4016 al·

104 146 108 151 .
576 109 851 148 mannam
877 99 1042 159 sumit·
1055 99 1473 152 pemmonem.
1493 116 1653 155 μω.
1673 119 1707 156 ι.
1762 153 1765 155 ,

63 166 66 181 1
85 235 95 245 .
141 194 185 228 ut
197 188 379 238 possibilis
393 193 431 225 et
448 186 645 226 iracundiae
661 186 754 223 vitio
770 185 965 233 nibiacens
986 190 1109 222 osten·
1127 189 1166 231 A
1179 188 1220 226 in
1247 187 1411 226 canticis
1438 189 1667 229 canticum
1686 192 1853 233 &clesi-
1869 198 1916 235 de
1941 202 2087 244 christo
2102 208 2200 248 dicit·
2219 225 2231 249 :

52 2933 95 2968 86
114 2935 182 2977 per
213 2936 411 2978 granorum
439 2941 634 2968 numerum
661 2933 930 2972 multitudinem
963 2939 1113 2985 populo·
1131 2926 1167 2966 D

2162 135 2234 174 8⁴6

1185 260 1200 283 ι
1228 248 1359 287 Frater
1382 257 1488 286 meus
1504 253 1548 286 ut
1560 250 1808 299 btitmaeypri
1825 253 1944 301 (Cant.
1955 259 2002 307 ι).
2021 273 2038 298 a
2061 266 2152 311 Qui,
2165 280 2236 310 nec

1181 308 1350 348 christus
1364 309 1446 347 sine
1460 309 1557 356 lege,
1572 319 1644 347 nee
1657 310 1717 347 lex
1733 312 1815 350 sinn
1834 313 1980 354 Christo
1994 330 2075 360 ene
2086 332 2234 372 mm,

1184 381 1201 404 ι
1230 369 1307 407 Nec
1322 371 1500 416 ⁶mii-amia
1531 371 1735 420 indignatio
1763 374 1803 410 in
1830 369 2018 424 populum,
2043 390 2128 422 m
2143 392 2239 430 m

1187 440 1201 464 ι
1231 439 1378 478 quoque
1407 433 1524 470 iram
1553 434 1730 470 Domitius
1743 440 1894 481 propter
1908 446 1974 475 vos
1988 440 2146 480 dixerit:
2165 446 2241 486 nee,

1188 502 1202 526 ι
1232 497 1273 529 tu
1289 492 1506 540 ingredieris
1524 493 1625 538 illue,
1645 494 1710 531 sed
1726 494 1837 531 {osne
1856 494 1953 534 fliius
1972 497 2052 536 Nun
2078 503 2243 544 minister

1188 564 1202 587 ι
1232 557 1316 589 tuus
1334 553 1412 599 ipse
1430 554 1582 590 intrabit
1594 564 1662 600 pro
1679 559 1730 592 te.
1747 555 1852 593 Hunc
1868 559 2066 598 exhortare
2083 568 2121 599 et
2137 567 2245 604 robo-

1189 625 1202 647 ‹
1232 624 1271 649 ra
1301 619 1368 650 :et
1399 614 1477 661 ipse
1510 619 1646 651 terram
1679 622 1777 652 sorte
1797 618 1933 655 dividet
1965 619 2100 667 Israel,
2133 631 2203 662 etc.
2227 640 2240 662 ι

1186 673 1306 719 Quaeri
1339 679 1458 721 potest
1477 677 1658 721 quomodo
1682 673 1826 724 Mo'yses
1842 679 1940 716 dicat
1963 682 2010 718 ad
2035 682 2148 720 Israel
2164 696 2247 732 pro-

1184 741 1267 782 pter
1288 745 1351 771 eos
1378 735 1512 771 iratum
1535 736 1606 772 sibi
1636 737 1830 774 Dominum
1857 740 1994 779 dixisse
2026 752 2036 778 ι
2063 756 2076 777 ‹
2100 744 2175 782 Nec
2208 753 2247 784 tu

1184 795 1403 842 ingredieris
1424 795 1533 840 illuc,
1553 809 1566 830 ι
1592 797 1661 833 hoc
1686 803 1756 841 est,
1777 799 1814 834 in
1830 805 1963 836 terram
1990 805 2246 849 repromissio-

1184 856 1254 899 nis,
1268 866 1350 892 cum
1363 856 1400 891 in
1419 856 1511 892 libro
1525 856 1764 895 Numerorum
1783 860 1834 896 ita
1851 860 1991 907 legatur
2008 875 2017 899 :
2042 876 2056 898 c
2077 865 2248 913 Dixitque

1184 915 1360 953 Dominus
1382 918 1427 952 ad
1443 916 1592 964 Moysen
1616 925 1652 954 et
1668 919 1789 956 Aaron
1810 932 1818 956 ι
1841 922 1934 966 Quia
1953 934 2026 960 non
2040 927 2246 964 credidistis

1186 976 1290 1019 mihi,
1318 983 1358 1012 ut
1377 977 1657 1015 sanctificaretis
1688 991 1746 1016 ine
1765 991 1890 1018 coram
1911 983 1996 1021 tiliis
2014 986 2123 1024 lsrael
2137 1016 2147 1032 ,
2175 999 2248 1026 non

1185 1035 1426 1072 introducetis
1443 1038 1510 1073 hos
1530 1039 1684 1084 populos
1702 1041 1738 1075 iu
1761 1047 1913 1086 terram,
1940 1056 2050 1090 quam
2071 1048 2165 1085 daho
2194 1052 2248 1087 cis

41 1103 122 1141 Sed
154 1104 250 1140 sicut
269 1102 320 1138 illi
351 1102 607 1150 desperatione
633 1107 843 1139 terruerunt
865 1102 1038 1150 populum
1072 1112 1118 1139 ne
1136 1096 1169 1137 B
1188 1095 1242 1143 (Ν
1244 1107 1316 1132 “m-
1337 1098 1467 1144 lu‘V11)·
1491 1112 1503 1132 '
1525 1098 1596 1134 Sssd
1611 1110 1767 1146 sequens
1784 1106 1963 1141 sementia
1982 1109 2250 1153 ‘lumlssmmOdO

1188 1158 1332 1194 videtur
1353 1159 1446 1195 hanc
1466 1159 1658 1196 absolvere
1679 1164 1933 1207 quaestionem.
1958 1179 1970 1200 ι
1997 1168 2094 1212 Haec,
2116 1171 2246 1218 inquit,

1187 1226 1246 1258 est
1263 1231 1359 1267 aqua
1380 1223 1695 1267 contradictionis,
1718 1225 1778 1260 ubi
1794 1226 1931 1273 jurgati
1953 1234 2037 1266 sunt
2057 1231 2119 1269 filii
2138 1233 2250 1271 lsrael

1188 1289 1318 1319 contra
1337 1283 1547 1328 Dominum,
1577 1292 1614 1321 et
1633 1287 1884 1323 sanctificatus
1904 1295 1961 1326 est
1982 1290 2018 1326 in
2040 1292 2106 1328 eis.
2132 1307 2144 1329 ›
2166 1294 2249 1331 Jur-

1188 1343 1286 1389 gium
1305 1344 1403 1379 enim
1423 1350 1532 1391 atque
1551 1344 1701 1381 rebellio
1719 1348 1843 1393 populi
1870 1359 1978 1386 causa
1997 1349 2065 1387 fuit
2090 1353 2153 1389 irae
2178 1355 2248 1391 Do-

1187 1404 1276 1439 mini
1299 1410 1406 1450 atque
1434 1405 1614 1448 vindictae,
1641 1412 1714 1442 tam
1745 1407 1782 1442 in
1802 1410 1974 1455 populum
2000 1421 2110 1457 quam
2136 1415 2250 1452 etiam

1187 1463 1225 1498 in
1254 1463 1401 1510 Moysen
1427 1470 1464 1500 et
1492 1466 1614 1501 Aaron
1634 1467 1797 1512 prolatae.
1829 1469 1980 1506 Videtur
1999 1472 2088 1507 mihi
2105 1473 2142 1509 in
2170 1474 2249 1510 Ma-

1188 1528 1243 1562 ria
1261 1528 1451 1574 prophetia
1475 1534 1638 1572 mortua;
1658 1530 1695 1565 in
1715 1530 1835 1578 Moyse
1853 1537 1890 1567 et
1907 1532 2027 1570 Aaron
2045 1535 2116 1582 legi
2136 1542 2173 1572 et
2190 1548 2248 1574 sa-

1188 1588 1349 1624 cerdotio
1370 1588 1576 1625 Judaeorum
1593 1590 1675 1626 linis
1693 1591 1898 1636 impositus,
1918 1593 2003 1637 quia
2031 1604 2098 1630 nec
2115 1595 2183 1641 ipsi
2202 1597 2250 1634 ad

1190 1655 1324 1687 terram
1351 1652 1646 1697 repromissionis
1664 1654 1862 1690 ascendere
1879 1655 2060 1699 volebant,
2079 1667 2148 1694 nec
2165 1668 2247 1694 crc-

1190 1711 1334 1747 dentem
1361 1713 1532 1758 populum
1564 1713 1610 1749 de
1640 1714 1833 1751 solitudine
1863 1715 1969 1761 hujus
2003 1718 2127 1753 saeculi
2159 1719 2249 1755 edu-

1189 1782 1286 1816 cere,
1307 1773 1377 1809 nisi
1410 1773 1507 1809 solus
1527 1774 1646 1814 Jesus.
1667 1775 1702 1811 id
1719 1780 1775 1811 est
1793 1775 1962 1813 Salvator
1979 1783 2103 1815 noster
2123 1780 2186 1815 Dei
2207 1780 2248 1815 li-

1190 1832 1271 1870 lius.
1291 1833 1331 1869 ln
1348 1834 1532 1881 trigesima
1553 1841 1673 1871 autern
1702 1842 1739 1872 et
1758 1838 1866 1873 tertia
1885 1839 2070 1875 mansione
2100 1846 2250 1886 propter

1190 1902 1305 1939 aquas
1342 1896 1639 1932 contradictionis
1676 1896 1817 1943 Moyses
1852 1898 2003 1935 offendit
2039 1901 2246 1946 Dominum,

1191 1955 1406 2000 prohibetur
1440 1956 1596 1992 transire
1626 1956 1834 1994 Jordanem.
1866 1960 2104 1998 Perturbatus
2148 1964 2248 1999 enim

1073 2021 1117 2057 de
1135 2002 1166 2044 C
1187 2027 1374 2053 murmure
1401 2017 1535 2063 populi,
1557 2019 1765 2055 dubitanter
1781 2026 1921 2066 petram
1935 2023 2036 2069 virga
2052 2026 2247 2070 percussit,

1187 2078 1290 2123 quasi
1313 2077 1400 2114 illud
1417 2089 1488 2114 non
1507 2086 1631 2124 posset
1648 2081 1743 2117 Deus
1760 2080 1883 2116 facere
1911 2087 1950 2116 ut
1967 2093 2060 2128 aqua
2085 2084 2129 2119 de
2145 2090 2248 2130 petra

1186 2140 1396 2185 proflueret,
1419 2140 1515 2186 quod
1538 2146 1620 2176 ante
1635 2139 1710 2185 jam
1730 2140 1879 2177 fecerat.
1900 2141 1991 2185 Quid
2011 2153 2097 2190 ergo
2126 2145 2185 2181 hic
2203 2146 2247 2180 fi-

1187 2201 1251 2237 des
1272 2201 1383 2248 Moysi
1410 2202 1584 2246 insinuat,
1602 2212 1682 2248 quae
1702 2212 1833 2248 aquam
1851 2204 1894 2239 de
1913 2208 2017 2250 petra
2037 2203 2251 2250 ejiciendam

1187 2269 1422 2311 titubaverat,
1452 2270 1522 2305 nisi
1549 2275 1589 2304 ut
1618 2270 1711 2305 hanc
1741 2271 1851 2306 etiam
1879 2273 2108 2317 prophetiam
2134 2274 2248 2311 fuisse

1188 2329 1231 2364 dc
1256 2327 1401 2364 Christo
1421 2334 1519 2364 recte
1554 2330 1826 2376 intelligamus?
1853 2331 1945 2366 Dum
1971 2333 2068 2367 enim
2104 2333 2247 2380 Moyses

1187 2391 1225 2426 in
1248 2389 1448 2435 Scripturis
1470 2390 1584 2425 sacris
1604 2383 1710 2425 aliam
1733 2398 1841 2435 atquc
1857 2392 1963 2426 aliam
1984 2402 2050 2437 pro
2070 2404 2110 2429 re
2127 2395 2246 2440 aliqua

1187 2450 1422 2497 significanda
1439 2460 1631 2496 personam
1661 2457 1777 2495 gerat,
1797 2462 1892 2487 nunc
1910 2458 2028 2488 tamen
2047 2455 2168 2500 populi
2183 2454 2246 2491 Ju-

1187 2513 1347 2548 daeorum
1366 2511 1431 2547 sub
1451 2511 1528 2557 lege
1552 2512 1660 2557 positi
1683 2523 1877 2558 personam
1899 2507 2059 2559 gerebat,
2090 2527 2246 2564 cumque

1185 2573 1396 2619 prophetica
1438 2573 1734 2619 pronuntiatione
1786 2574 1975 2621 figurabat.
2017 2575 2108 2614 Nam
2152 2579 2248 2616 sicut

1187 2634 1327 2682 Moyses
1343 2640 1484 2681 petram
1504 2635 1605 2680 virga
1624 2636 1846 2681 percutiens,
1871 2638 1914 2673 dc
1935 2638 1999 2675 Dei
2015 2641 2150 2677 virtute
2178 2642 2245 2678 du-

1186 2696 1330 2740 bitavit,
1358 2696 1406 2732 ita
1440 2696 1501 2733 ille
1528 2697 1683 2743 populus
1713 2699 1774 2744 qui
1809 2699 1875 2735 sub
1901 2699 1978 2745 lege
2003 2711 2069 2748 per
2098 2702 2245 2751 Moysen

1187 2757 1272 2793 data
1293 2758 1496 2801 tenebatur,
1519 2757 1704 2794 Christum
1723 2759 1821 2806 ligno
1843 2761 1961 2797 cruciS
1985 2761 2143 2809 affigens5
2161 2776 2245 2801 cum

1186 2818 1357 2854 virtutem
1383 2818 1447 2854 Dei
1470 2828 1550 2854 esse
1577 2830 1648 2855 non
1670 2820 1846 2864 credidit;
1868 2823 1931 2858 scd
1960 2823 2052 2860 sicut
2069 2835 2244 2870 percussa

1186 2883 1289 2924 petra
1322 2878 1484 2914 manavit
1502 2889 1633 2924 aquam
1663 2879 1885 2926 sitientibus,
1915 2883 1967 2919 sic
1993 2884 2099 2931 plaga
2127 2886 2243 2923 Domi·

1185 2939 1276 2975 nicae
1304 2939 1485 2985 passionis
1511 2938 1638 2976 effecta
1670 2946 1727 2977 est
1758 2942 1829 2978 vita
1855 2944 2099 2982 credentibus.
2126 2946 2245 2983 Habe-

1185 3011 1265 3036 mus
1295 3000 1392 3036 enim
1418 3000 1462 3036 de
1485 2998 1555 3037 hac
1589 3011 1630 3037 re
1663 3002 1980 3048 praeclarissimam
2012 3011 2050 3041 et
2083 3006 2244 3045 fidelissi-
2268 3011 2272 3021 ³

1183 3073 1281 3099 mam
1319 3072 1446 3099 vocem
1488 3062 1751 3109 apostolicam,
1789 3075 1871 3100 cum
1912 3065 1995 3101 inde
2030 3066 2239 3111 loqueretur

1183 3123 1308 3160 dicens
1334 3135 1342 3158 ε
1371 3136 1383 3157 ‹
1409 3122 1519 3160 Petra
1540 3130 1662 3161 autem
1689 3130 1767 3161 erat
1796 3124 1961 3161 Christus
1990 3124 2027 3172 (I
2044 3124 2125 3160 Gor.
2148 3126 2198 3172 x).
2221 3140 2233 3160 »
2264 3175 2265 3178 Ἴ

1179 3182 1285 3223 nanc
1311 3196 1398 3234 ergo
1415 3197 1562 3223 carnem
1583 3188 1626 3223 de
1646 3185 1781 3222 Christi
1810 3185 1998 3220 nativitate
2013 3185 2234 3231 desperatio·

1184 3257 1267 3282 nem
1291 3247 1328 3283 in
1357 3247 1469 3294 ipsius
1491 3246 1623 3283 Christi
1651 3244 1838 3280 altitudine
1865 3243 1962 3279 Deus
1989 3244 2081 3280 mori
2103 3244 2254 3300 juben?

1183 3316 1264 3343 cum
1297 3312 1452 3343 mortem
1471 3305 1590 3341 carnis
1607 3303 1731 3351 Moysi,
1765 3303 1800 3338 in
1829 3308 1951 3340 monte
1970 3303 2124 3350 imperat
2140 3304 2251 3342 fieri.-

1177 3363 1284 3402 Sicut
1304 3366 1402 3402 enim
1433 3368 1537 3410 petra
1567 3362 1745 3403 Christus,
1775 3361 1824 3396 ita
1857 3366 1893 3397 et
1919 3371 2023 3398 mons
2050 3357 2252 3401 Christus-²

1173 3423 1289 3464 Petra
1307 3423 1453 3462 humilis
1482 3422 1668 3466 fortitudo,
1689 3431 1792 3458 mons
1809 3421 1972 3459 eminens
1995 3424 2233 3472 magnitudo:

1181 3481 1264 3534 quia
1291 3487 1384 3523 sicut
1404 3483 1599 3531 Apostolus
1633 3482 1695 3526 ait,
1719 3494 1732 3516 ι
1757 3481 1863 3519 Petra
1882 3489 2003 3520 autem
2025 3490 2105 3521 erat
2126 3484 2233 3525 Chri-

1182 3548 1272 3588 s'tus,
1296 3558 1308 3579 ι
1330 3545 1380 3581 ita
1407 3544 1483 3590 ipse
1503 3542 1676 3579 Dominus
1698 3551 1707 3577 :
1741 3554 1754 3576 ‹
1780 3541 1858 3578 Non
1877 3548 2008 3590 potest,
2029 3545 2161 3591 inquit,
2181 3545 2233 3582 ci-

1182 3607 1275 3644 vitas
1295 3603 1464 3642 abscondi
1484 3613 1591 3651 super
1608 3608 1766 3640 montem
1785 3604 1903 3651 posita
1921 3603 2064 3652 (Manli.
2081 3605 2134 3654 v),
2157 3618 2171 3642 ι
2192 3615 2234 3646 se

1183 3668 1320 3707 scilicet
1334 3671 1493 3704 montem
1519 3663 1714 3712 appellans,
1737 3663 1861 3702 iidclcs
1879 3669 2001 3702 antem
2018 3675 2104 3704 snos
2119 3665 2160 3704 in
2172 3666 2234 3707 mi

1183 3730 1340 3772 nominis
1357 3727 1470 3781 gloria
1481 3726 1661 3774 fundatos,
1676 3735 1844 3769 asserens
1857 3727 2054 3769 civitatem.
2067 3728 2233 3771 Pmou-
