2540 4016
288 190 357 228 707
706 187 749 228 Β.
774 188 945 231 RABANI
969 185 1116 231 tuum
1139 188 1354 234 ARGfflER.
1382 188 1590 234 maur.
1614 191 1807 243 QBERUM
1831 193 2000 237 PARSI
2383 199 2451 239 708

282 263 445 303 stodiam.
474 259 585 303 israel
602 273 759 310 namque
779 265 1037 312 interpretatur
1059 267 1179 307 videus
1205 267 1334 308 Deum·
1353 269 1391 317 Δ
1405 269 1574 320 gentibus
1591 270 1842 320 profuturum,
1861 271 1898 310 id
1913 275 1983 315 est,
2005 270 2089 309 filiis
2108 270 2221 315 lsrael
2237 277 2275 312 et
2291 277 2456 325 prosely-

281 325 325 360 Et
341 334 411 361 non
437 324 620 364 immerito
638 335 816 367 conversa
837 328 1021 375 gentilitas
1037 327 1153 367 Israel
1181 328 1335 374 dicitnr,

280 395 358 431 quae
376 385 450 431 jam
470 385 540 430 tide
557 385 671 425 Deum
690 387 969 434 contemplatur.
1000 387 1064 425 Isti
1092 399 1179 436 ergo
1197 389 1338 428 eineres

278 445 498 485 multitudini
518 445 674 491 filiorum
701 446 810 484 Israel
833 448 870 486 in
891 449 1096 488 custodiam
1112 449 1223 494 fiunt,
1251 450 1335 497 (illia

277 507 422 544 subtilia
443 512 671 545 sacramenta
688 508 833 546 mundis
854 508 1044 556 gentilium
1062 510 1232 560 cordibus
1260 516 1336 550 tra-

277 569 353 605 dita
379 569 415 605 in
449 568 582 607 mentis
614 569 815 608 munitione
847 575 1052 611 vertuntur.
1085 571 1182 622 Rene
1214 577 1334 611 autem

277 628 456 672 subditur,
479 629 562 664 etin
582 640 710 676 aquam
731 630 955 677 aspersionis.
978 631 1129 678 Propter
1150 634 1332 679 operatio-

275 699 357 725 nem
381 699 537 735 namque
556 690 594 729 in
623 692 787 730 custodia
805 699 927 731 nostra
951 698 1035 733 sunt
1063 694 1218 737 cineres,
1246 704 1333 739 pro-

273 756 353 796 pter
369 752 587 797 baptismum
608 763 695 790 vero
717 753 754 789 in
776 764 869 800 aqua
894 755 1126 800 aspersionis,
1149 755 1332 794 cineribus

272 814 349 860 ejus
368 815 516 859 utimur,
538 821 579 852 ut
600 817 685 852 dum
717 818 958 855 consideratis
976 818 1054 866 ejus
1077 820 1246 866 operibus
1267 830 1333 856 no-

273 881 348 912 stra
369 884 449 914 acta
467 879 533 915 sub
558 879 750 925 disciplina
769 880 978 927 redigimus,
998 892 1116 918 vaccae
1139 882 1280 918 cineres
1295 883 1333 920 in

278 939 444 974 custodia
467 946 591 976 nostra
610 951 795 977 servemus
818 954 826 976 :
853 942 913 987 qui
935 943 1019 978 dum
1049 949 1187 980 secreta
1223 949 1332 989 atque

270 999 416 1036 subtilia
451 1002 673 1047 operationis
694 1002 790 1038 illius
811 1014 877 1048 per
898 1004 1141 1040 imitationem
1175 1004 1331 1040 attendi-

271 1070 366 1102 mus,
391 1071 457 1107 per
477 1062 555 1098 haee
569 1061 672 1098 nobis
689 1052 726 1098 et
740 1063 955 1098 munditiam
971 1069 1007 1099 et
1024 1065 1329 1110 perseverantiam

269 1122 513 1167 providemus.
535 1122 626 1168 Apte
650 1129 770 1160 autem
790 1123 1032 1171 subjungitur,
1057 1126 1139 1171 quia
1162 1137 1227 1172 pro
1245 1136 1329 1172 pec-

1406 330 1467 374 tis,
1491 336 1663 378 tanquam
1690 332 1914 381 naturalibus
1931 333 2056 376 ramis,
2087 338 2126 370 et
2143 334 2281 380 inserto
2306 337 2457 386 pingue-

1404 390 1489 430 dine
1507 392 1641 431 radicis
1659 393 1830 439 oleastro.
1851 393 1964 441 Quem
1984 399 2106 431 autem
2123 405 2196 431 non
2213 395 2323 434 faciat
2335 397 2454 437 inten-

1404 455 1495 499 tum,
1517 453 1612 499 quod
1645 459 1725 499 post
1751 454 1974 490 ablutionem
2003 455 2048 491 de
2073 456 2223 502 singulis
2257 458 2455 507 quibusque

1402 511 1550 556 dicitur,
1571 518 1603 548 et
1622 513 1823 558 immundus
1840 514 1905 549 erit
1921 525 2029 561 usque
2055 517 2102 552 ad
2122 528 2313 564 vesperam.
2332 519 2455 568 Neque

1401 572 1463 611 hic
1482 577 1636 619 tantum,
1658 574 1721 609 sed
1756 574 1793 610 in
1812 574 1980 618 omnibus
1999 575 2132 613 talibus
2163 580 2455 618 mundationibus

1401 633 1471 670 hoc
1499 633 1646 669 dicitur.
1664 634 1732 670 Ubi
1764 635 1888 680 nescio
1909 641 2032 673 utrum
2062 638 2197 684 aliquid
2218 641 2315 679 aliud
2341 644 2456 689 possit

1400 694 1565 741 intelligi,
1596 695 1668 731 nisi
1695 697 1793 742 quod
1814 698 1931 739 omnis
1958 699 2066 736 homo
2093 707 2175 747 post
2204 704 2453 747 remissionem

1398 756 1650 802 plenissimam
1682 763 1929 803 peecatorum,
1951 763 2197 806 permanendo
2217 764 2254 805 in
2279 765 2348 801 hac
2378 766 2452 801 vita

1400 817 1582 854 contrabit
1600 818 1735 864 aliquid
1751 819 1846 855 unde
1863 820 1910 855 sit
1929 820 2148 866 immundus,
2167 834 2282 869 usque
2301 826 2346 862 ad
2362 826 2454 872 ejus-

1398 877 1480 920 dem
1500 877 1582 914 vitae
1602 878 1726 922 finem,
1746 879 1807 915 ubi
1838 879 1915 915 dies
1935 880 2002 916 iste
2027 881 2291 926 quodammodo
2317 884 2453 922 claudi-

1401 943 1470 981 tur,
1487 939 1582 983 quod
1596 938 1774 984 significat
1788 950 1952 985 vespera.
1969 941 2103 978 Deinde
2123 942 2249 988 incipit
2266 943 2454 990 Scriptura

1398 998 1521 1035 dicere
1543 1004 1580 1035 et
1599 1000 1822 1044 exsequitur,
1845 1002 2149 1045 quemadmodum
2171 1003 2348 1040 immundi
2367 1004 2454 1041 sacti

1398 1059 1564 1096 homines
1581 1070 1675 1105 aqua
1691 1060 1751 1095 illa
1771 1062 1991 1105 aspersionis
2011 1063 2261 1107 purificentur.

1445 1121 1514 1164 Qui
1533 1122 1680 1167 tetiqerit
1699 1121 1846 1157 cadaver
1865 1121 2030 1165 hominis,
2048 1130 2077 1158 et
2098 1130 2237 1169 propter
2246 1124 2310 1160 hoc
2325 1131 2453 1172 septem

270 1186 350 1217 cato
369 1183 555 1218 combusta
574 1188 629 1222 est
645 1194 768 1219 vacca.
790 1183 890 1221 Tune
907 1185 1003 1220 enim
1026 1191 1187 1220 nostram
1207 1191 1327 1221 custo-
1346 1176 1376 1215 Β
1396 1182 1515 1218 diebus
1537 1181 1640 1227 suerit
1657 1183 1873 1226 immundus,
1904 1191 2110 1230 aspergetur
2129 1195 2171 1220 ex
2190 1186 2256 1220 Ιιαε
2275 1197 2366 1232 aqua
2398 1187 2453 1222 die

269 1243 365 1279 diam
383 1245 545 1290 §provide
578 1246 812 1289 custodimus,
848 1257 930 1282 cum
957 1247 1234 1293 Redemptorem
1264 1259 1326 1284 no-

271 1308 385 1339 strum
423 1315 488 1350 pro
533 1306 668 1341 nostris
705 1306 955 1351 iniquitatibus
992 1318 1140 1353 passum
1174 1309 1326 1345 sollicite

269 1366 555 1402 consideramus.
587 1366 848 1412 Perpendimus
867 1378 1024 1413 namque
1044 1369 1129 1414 quid
1150 1369 1327 1405 retribuat

266 1426 383 1470 bonis,
405 1427 466 1472 qui
484 1427 598 1463 voluit
614 1428 707 1463 mori
730 1438 794 1473 pro
809 1428 925 1464 malis.
943 1429 1219 1474 Perpetmimus,
1237 1430 1325 1475 quid

266 1488 309 1523 ad
324 1487 502 1533 justitiam
524 1488 606 1524 fidei
626 1489 770 1524 adducti
792 1500 872 1526 esse
890 1491 1014 1537 gratiae
1032 1491 1240 1535 debeamus,
1265 1492 1326 1538 qui

264 1551 300 1582 et
319 1547 355 1582 in
374 1547 625 1592 iniquitatibus
645 1550 768 1595 positi,
787 1550 1083 1587 intercessionem
1104 1553 1231 1588 mortis
1249 1551 1326 1597 ejus

265 1610 474 1655 accipimus.
494 1611 533 1646 ln
553 1613 716 1647 custodia
744 1623 829 1659 ergo
861 1614 1001 1650 cineres
1021 1615 1124 1657 fiunt,
1147 1616 1231 1660 quia
1259 1626 1325 1661 pro

264 1676 413 1716 peccato
433 1674 621 1708 combusta
643 1679 698 1709 cst
714 1684 840 1718 vacca,
864 1675 948 1710 dum
964 1675 1142 1721 passionis
1162 1675 1238 1722 ejus
1252 1687 1326 1723 my-

264 1733 377 1768 steria
398 1733 551 1770 sollicite
571 1735 871 1782 contemplantes,
907 1748 988 1783 quae
1017 1738 1162 1783 operari
1191 1739 1322 1775 debea-

264 1803 346 1828 mus
366 1795 607 1839 agnoscimus,
638 1797 698 1843 qui
724 1797 1002 1845 Redemptorem
1023 1806 1190 1835 nostrum
1213 1801 1324 1836 etiam

264 1866 329 1901 pro
356 1856 490 1903 iniquis
524 1858 629 1894 nobis
667 1866 851 1896 mortuum
884 1871 957 1897 non
991 1862 1211 1907 ignoramus.
1234 1863 1323 1898 Item

263 1920 448 1956 moraliter
468 1933 616 1958 vaccam
641 1930 857 1969 mactamus,
886 1936 967 1962 cum
1000 1937 1146 1963 earnem
1174 1938 1194 1963 a
1220 1928 1323 1965 lasci-

262 1981 318 2016 via
341 1982 536 2029 voluptatis
558 1985 812 2031 extinguimus.
836 1986 951 2030 Quam
978 1997 1060 2023 cum
1093 1989 1250 2035 hyssopo
1280 1990 1322 2026 li-

263 2052 405 2087 gnoque
423 2043 572 2079 cedrino
588 2055 630 2080 ac
649 2056 757 2081 cocco
778 2046 977 2091 offelimus,
998 2049 1079 2093 quia
1099 2059 1181 2084 cum
1199 2060 1245 2084 m
1247 2061 1319 2086 ice-

262 2101 402 2137 ratione
433 2104 823 2145 carnis‚sae1ificium
844 2107 946 2150 fidei,
973 2109 1048 2153 spei
1069 2115 1105 2146 et
1132 2111 1320 2147 chaiitatis

265 2163 463 2200 adolemus.
500 2165 672 2212 Quisquis
691 2177 777 2214 eigo
812 2169 1045 2215 semetipsum
1073 2171 1148 2207 Deo
1182 2173 1321 2209 sacriti-

263 2224 358 2259 cium
395 2226 537 2268 obtulit,
578 2227 608 2262 si
631 2228 793 2275 perfecta
822 2230 1014 2274 desideret,
1048 2238 1149 2279 curet
1171 2244 1321 2271 necesse

263 2289 319 2319 est
339 2290 466 2333 utnon
485 2287 601 2322 solum
625 2289 669 2324 ad
694 2290 918 2335 operationis
935 2301 972 2326 se
994 2291 1232 2336 latitudinem,
1257 2305 1320 2330 ve-

262 2355 341 2386 rum
374 2346 485 2381 etiam
511 2347 556 2382 ad
587 2348 742 2384 culmina
781 2351 1098 2397 contemplationis
1133 2355 1317 2389 extendat.

262 2402 332 2438 Sed
351 2403 448 2439 inter
468 2405 544 2442 haec
573 2417 791 2454 magnopere
810 2411 996 2446 sciendum
1015 2417 1081 2456 est,
1103 2413 1187 2459 quia
1217 2415 1320 2451 valde

260 2462 353 2497 inter
369 2474 407 2499 se
423 2464 574 2502 diversae
591 2473 676 2502 sunt
692 2470 966 2516 conspersiones
987 2471 1202 2508 animarum.
1220 2473 1318 2509 Non-

259 2525 347 2560 nulli
370 2536 527 2572 namque
546 2528 732 2564 hominum
754 2530 802 2565 ita
821 2536 905 2566 sunt
923 2532 1047 2568 otiosae
1065 2534 1213 2578 mentis,
1234 2540 1274 2570 ut
1290 2535 1320 2571 si

259 2596 320 2621 eos
342 2586 447 2622 labor
469 2589 717 2634 occupationis
738 2591 907 2637 excipiat,
940 2593 977 2628 in
1004 2593 1081 2639 ipsa
1110 2588 1230 2640 operis
1260 2606 1321 2632 oc-

260 2648 449 2692 cupatione
467 2650 714 2686 succumbant.
738 2652 783 2686 Et
801 2653 963 2688 nonnulli
985 2655 1034 2689 ita
1052 2654 1204 2700 inquieti
1221 2661 1318 2699 sunt,

261 2712 300 2741 ut
318 2707 347 2742 si
370 2708 597 2744 vacationem
615 2710 751 2746 lalioriS
771 2713 964 2750 habuerint
980 2716 1124 2760 gravius
1140 2716 1317 2762 laborent,

260 2768 344 2813 quia
381 2773 481 2805 tanto
508 2767 726 2807 detentiores
767 2775 885 2809 cordis
923 2777 1098 2813 tumultus
1137 2779 1317 2822 tolerant,

261 2835 395 2874 quanto
415 2831 467 2866 eis
487 2830 652 2867 licentius
671 2842 691 2867 a
711 2833 928 2879 cogitatione
958 2842 1100 2871 vacant.
1125 2837 1228 2874 Unde
1261 2849 1320 2875 ne-

262 2901 365 2927 cesse
394 2897 506 2928 estut
526 2903 593 2928 nec
613 2893 734 2938 quieta
759 2904 860 2931 mens
891 2897 936 2932 ad
963 2899 1261 2936 exercitationem
1280 2912 1319 2937 se

261 2953 490 2989 immoderati
510 2957 630 3000 operis
649 2956 787 3000 dilatet,
813 2968 880 2994 nee
905 2959 1067 3005 inquieta
1092 2961 1137 2996 ad
1157 2963 1316 2998 studium

260 3014 576 3060 contemplationis
609 3022 786 3062 angustet.
822 3017 923 3064 Scope
943 3019 1039 3054 enim
1060 3021 1123 3066 qui
1154 3028 1316 3058 contem-

259 3073 350 3118 plari
371 3074 487 3110 Deum
519 3075 631 3121 quieti
661 3082 850 3122 poterant,
875 3081 1172 3125 occupationibus
1202 3084 1317 3128 pressi

260 3135 492 3180 ceciderunt;
529 3142 566 3173 et
601 3147 694 3183 saepe
734 3138 796 3187 qui
825 3141 989 3185 occupati
1022 3141 1115 3178 bene
1148 3143 1316 3180 humanis

260 3197 384 3233 usibus
416 3197 594 3242 viverent,
623 3199 742 3246 gladio
761 3210 834 3236 suae
867 3202 999 3247 quietis
1018 3204 1188 3240 exstincti
1217 3211 1313 3241 sunt.

262 3257 353 3294 llinc
382 3269 539 3306 namque
559 3265 627 3310 est,
654 3260 749 3306 quod
781 3262 943 3299 nonnulli
972 3264 1121 3311 inquieti
1141 3266 1287 3312 spiritus
1304 3294 1314 3311 ‚

262 3317 345 3354 dum
376 3319 458 3365 plus
487 3320 682 3368 exquirunt
714 3323 991 3370 contemplando
1023 3319 1128 3374 quam
1153 3328 1313 3373 capiunt,

262 3389 376 3424 usque
398 3380 442 3414 ad
465 3390 637 3426 perversa
657 3381 823 3430 dogmata
843 3389 1049 3430 erumpunt.
1079 3385 1124 3421 Et
1151 3383 1236 3422 du'm
1255 3395 1317 3423 vc-

263 3438 382 3473 ritatis
410 3439 576 3487 discipuli
601 3452 682 3479 esse
710 3443 896 3481 humiliter
921 3442 1123 3493 negligunt,
1152 3448 1317 3499 magistri

262 3509 426 3536 errorum
446 3501 549 3538 fiunt.

311 3559 498 3597 Habebunt
517 3562 581 3599 hoc
599 3564 665 3619 filii
683 3565 798 3602 Israel
825 3572 858 3602 et
894 3567 1037 3604 advenoe
1071 3569 1131 3616 qui
1158 3569 1317 3606 habitant

279 3626 356 3658 nter
373 3633 431 3660 eos
450 3630 611 3662 sanctum
623 3627 706 3674 jure
721 3634 900 3676 perpetuo.
921 3629 969 3666 Et
987 3630 1067 3669 erit.
1086 3630 1216 3684 inquit
1233 3630 1318 3679 filiis

267 3679 380 3719 Israel
398 3690 431 3721 et
447 3686 645 3740 proselytis,
663 3689 724 3736 qui
741 3695 978 3737 apponuntur,
997 3690 1188 3738 leqitimum
1214 3698 1318 3729 teter-

268 3751 364 3794 num.
388 3730 481 3788 Quid
511 3747 608 3799 aliud
625 3741 798 3802 ostendit,
819 3750 889 3802 nisi
919 3742 1140 3810 baptismum
1167 3750 1316 3807 Christi,

269 3787 376 3848 quem
403 3793 635 3852 significabat
666 3821 760 3857 aqua
797 3814 1031 3859 aspersionis,
1059 3821 1097 3852 et
1119 3814 1253 3853 Judaets
1279 3811 1318 3853 et

1396 1243 1496 1278 tertio
1529 1249 1560 1277 et
1589 1243 1733 1289 septimo
1762 1253 1774 1278 .·
1803 1249 1835 1279 et
1859 1244 1908 1280 sic
1941 1244 2181 1281 mundabitur.
2204 1245 2245 1281 Si
2271 1246 2327 1282 die
2352 1249 2453 1284 tertio

1395 1315 1558 1349 aspersus
1578 1315 1648 1339 non
1672 1305 1791 1350 suerit,
1818 1306 1963 1351 septimo
1992 1317 2062 1341 non
2102 1309 2225 1353 poterit
2252 1310 2450 1345 emundari.

1397 1363 1519 1399 Omnis
1551 1365 1611 1409 qui
1650 1365 1800 1410 tetigerit
1839 1365 2002 1401 hunuano}
2042 1367 2168 1405 auimoe
2197 1369 2450 1413 morticinium,

1395 1429 1427 1458 et
1441 1435 1600 1469 aspersus
1627 1429 1693 1460 hac
1722 1425 1959 1461 conmtistione
1992 1437 2061 1461 non
2094 1427 2222 1472 suerit,
2250 1429 2373 1474 polluit
2402 1437 2453 1466 tu-

1395 1483 1620 1519 bernaculum
1644 1483 1800 1527 Domini,
1813 1490 1844 1519 et
1863 1485 1986 1530 peribit
2004 1485 2183 1530 exlsraet,
2195 1488 2276 1529 auia
2295 1500 2386 1535 aquo
2397 1502 2452 1525 ea:-

1394 1545 1558 1591 piatt’onis
1577 1556 1647 1580 non
1675 1551 1723 1580 est
1746 1556 1920 1591 uspersus.
1945 1544 2155 1582 Immundus
2175 1548 2253 1591 erit,
2279 1554 2311 1584 et
2336 1560 2453 1585 ηιαηε-

1394 1606 1441 1640 bit
1476 1607 1645 1651 spurcitia
1676 1617 1780 1653 super
1810 1617 1905 1651 eum,
1934 1612 2006 1643 etc.
2028 1607 2094 1651 Qui
2115 1609 2285 1655 tetigerit,
2317 1611 2449 1657 inquit,

1393 1673 1588 1710 mortuum,
1623 1668 1741 1703 omnis
1772 1668 1893 1704 anima
1920 1669 2078 1705 bominis
2108 1670 2292 1706 immunda
2309 1672 2377 1707 erit
2395 1682 2450 1716 se-

1391 1732 1489 1772 ptem
1524 1728 1664 1763 diebus.
1689 1727 1756 1763 Hic
1776 1728 2026 1774 purificabitur
2043 1730 2100 1766 die
2131 1731 2240 1767 tertio
2258 1737 2295 1768 et
2323 1733 2379 1768 die
2394 1743 2449 1769 se-

1392 1790 1518 1836 ptimo,
1542 1795 1578 1826 et
1599 1791 1807 1826 immundus
1825 1792 1905 1827 erit.
1930 1792 1974 1828 Et
2006 1793 2066 1828 hic
2085 1793 2177 1828 nihil
2196 1794 2292 1830 aliud
2319 1795 2448 1832 intelli-

1392 1852 1548 1897 gendum
1567 1851 1672 1888 video
1687 1879 1696 1895 ‚
1721 1851 1790 1888 nisi
1812 1858 2017 1889 contactum
2037 1855 2170 1890 mortui
2195 1864 2274 1891 esse
2292 1856 2448 1892 hominis

1392 1912 1634 1957 iniquitatem.
1682 1912 1830 1959 Septem
1870 1924 1957 1950 vero
1997 1915 2138 1951 dierum
2181 1916 2447 1952 immunditiam

1390 1980 1539 2020 piopter
1558 1975 1716 2010 animam
1735 1981 1770 2010 et
1789 1986 1919 2021 corpus
1940 1976 2075 2012 dictum
2094 1983 2179 2022 puto
2199 1989 2207 2012 ι
2239 1978 2394 2013 animam
2411 1978 2447 2013 in

1394 2036 1565 2079 ternario,
1584 2047 1715 2082 corpus
1731 2037 1768 2072 in
1789 2039 2036 2082 quaternario.
2064 2038 2270 2075 Secundum
2288 2039 2374 2082 hoc,
2392 2039 2446 2074 di-

1342 2117 1345 2125 *
1361 2094 1489 2131 ctum
1511 2097 1669 2133 arbitror
1688 2109 1754 2144 per
1771 2099 1984 2144 prophetam
2006 2111 2014 2133 :
2046 2099 2085 2135 ln
2104 2100 2219 2135 tribus
2238 2105 2274 2135 et
2291 2104 2447 2145 quatuor

1389 2166 1461 2192 non
1491 2157 1724 2193 adversabor.
1741 2157 1914 2205 Adjungit
1937 2165 2058 2195 autem
2078 2166 2114 2195 et
2141 2160 2253 2197 dicit:
2275 2159 2447 2197 Stantem

1389 2228 1458 2252 non
1475 2219 1683 2264 purificatus
1715 2220 1819 2264 suerit
1839 2220 1894 2255 die
1915 2222 2016 2256 tertio
2046 2228 2077 2256 et
2111 2221 2167 2257 die
2185 2222 2343 2268 septimo,
2377 2233 2447 2258 non

1388 2279 1453 2313 erit
1472 2279 1637 2314 nnmdus.
1657 2279 1778 2315 Omnis
1793 2282 1853 2328 qui
1869 2282 2018 2327 tcti9e1·it
2033 2282 2075 2318 ab
2091 2283 2183 2326 omni
2203 2283 2321 2318 anima
2333 2282 2446 2318 bomi-

1389 2338 1442 2373 nis
1470 2344 1501 2373 et
1526 2346 1685 2374 mortuus
1718 2340 1836 2386 suerit,
1858 2347 1889 2376 et
1924 2352 1992 2385 non
2022 2342 2128 2388 fuerit
2154 2343 2359 2389 purificatus
2389 2342 2444 2378 die

1387 2405 1511 2445 quarto
1532 2406 1563 2434 et
1593 2401 1630 2434 in
1654 2400 1710 2435 die
1732 2401 1891 2445 septimo,
1912 2401 1949 2437 id
1975 2407 2030 2437 est
2058 2408 2140 2438 ante
2157 2412 2323 2440 mortuus
2339 2403 2446 2439 suerit

1388 2464 1483 2495 tacto
1504 2465 1662 2503 mortuo,
1683 2471 1792 2506 quam
1811 2461 1919 2496 luerit
1936 2461 2163 2506 purificatus,
2181 2461 2444 2499 tabernaculum

1387 2522 1529 2556 Domini
1549 2521 1686 2568 polluit,
1709 2523 1998 2558 exterminabitur
2014 2524 2134 2558 anima
2164 2522 2227 2559 illa
2247 2534 2289 2562 ea:
2314 2523 2442 2561 Israel.

1386 2581 1591 2618 Notandum
1607 2588 1662 2618 est
1682 2584 1777 2628 quod
1795 2583 2003 2619 difficillime
2018 2584 2198 2630 reperitur
2215 2584 2251 2620 iu
2267 2585 2324 2624 nis
2340 2585 2444 2623 libris

1387 2643 1522 2694 aliquid
1535 2644 1738 2679 evidentius
1757 2644 1800 2679 de
1820 2644 1894 2689 vita
1910 2645 2040 2680 animae
2060 2650 2142 2690 post
2156 2651 2311 2683 mortem
2331 2645 2443 2684 fuisse

1387 2706 1648 2751 conscriptum.
1668 2704 1924 2750 Pttrificabitur
1943 2706 1999 2741 die
2016 2706 2172 2753 septimO,
2190 2713 2221 2743 et
2243 2707 2372 2744 lavabit
2392 2719 2443 2744 ve-

1387 2767 1547 2802 stimenta
1560 2778 1640 2810 sua,
1652 2774 1682 2802 et
1697 2766 1872 2802 lavabitur
1887 2779 1995 2814 aqua,
2005 2774 2035 2803 et
2047 2766 2244 2804 immundus
2254 2768 2318 2805 erit
2333 2779 2441 2814 usque

1386 2827 1431 2862 ad
1457 2838 1645 2873 vesperam.
1664 2827 1744 2862 Alia
1763 2834 1818 2863 est
1846 2838 1939 2873 aqua
1956 2828 2188 2873 aspersionis,
2208 2833 2244 2863 et
2269 2827 2339 2863 alia
2368 2830 2439 2864 uti-
2478 2879 2482 2883 ,

1385 2898 1455 2934 que
1477 2888 1536 2923 illa
1556 2899 1626 2933 qua
1644 2889 1742 2924 lavat
1760 2891 1976 2926 vestimenta
1989 2900 2067 2926 sua.
2085 2890 2130 2925 Et
2146 2889 2320 2927 lavabitur
2333 2902 2438 2937 aqua,

1386 2959 1494 2994 quam
1521 2946 1606 2994 puto
1623 2950 1822 2995 spiritalem
1843 2950 2112 2996 intelligendam
2128 2960 2193 2997 per
2210 2951 2442 2997 significatio-

1388 3018 1485 3051 nem,
1506 3018 1578 3043 non
1595 3018 1660 3053 per
1675 3009 1944 3054 proprietatem.
1962 3009 2051 3046 Nam
2070 3010 2148 3046 sine
2162 3010 2271 3046 dubio
2289 3010 2440 3048 visibilis

1389 3074 1480 3113 erat,
1513 3070 1607 3105 sicut
1623 3070 1692 3106 illae
1723 3081 1847 3107 omnes
1873 3072 2010 3108 umbrae
2041 3071 2256 3108 futurorum.
2285 3071 2439 3108 Proinde

1388 3132 1449 3177 qni
1469 3137 1695 3167 sacramento
1728 3133 1898 3178 baptismi
1931 3139 2030 3178 recte
2060 3133 2234 3176 abluitur,
2252 3132 2348 3179 quod
2376 3131 2439 3168 illa

1389 3195 1608 3239 aspersionis
1632 3205 1724 3240 aqua
1754 3196 1953 3240 figurabat,
1983 3195 2199 3239 mundatur,
2225 3200 2263 3231 et
2289 3195 2436 3241 spirita-

1387 3252 1483 3296 liter,
1503 3254 1538 3289 id
1563 3259 1619 3288 est
1638 3254 1865 3289 invisibiliter
1882 3256 1918 3289 in
1941 3265 2052 3291 earne
2070 3261 2107 3291 et
2123 3257 2159 3291 in
2180 3257 2316 3299 anima,
2333 3262 2374 3292 ut
2389 3256 2437 3292 sit

1384 3314 1541 3350 mundus
1569 3318 1606 3348 et
1622 3323 1776 3358 corpore
1795 3319 1831 3348 et
1843 3314 1987 3358 spiritu.
2012 3314 2084 3354 Vas
2101 3315 2194 3361 quod
2214 3326 2283 3355 non
2309 3315 2438 3350 habue-

1385 3377 1430 3412 rit
1448 3374 1648 3422 operculum
1671 3373 1719 3410 vel
1738 3373 1927 3420 ligaturam
1940 3367 2101 3421 desuper,
2119 3375 2336 3412 immundum
2351 3377 2432 3413 erit.

1385 3437 1543 3484 Tegmen
1559 3435 1719 3482 operculi
1731 3434 1788 3471 vel
1803 3434 1958 3483 ligatu-ra
1987 3441 2042 3471 est
2055 3445 2208 3476 censura
2220 3436 2432 3483 disciplinae,

1384 3500 1469 3547 quia
1499 3497 1662 3545 quisquis
1680 3507 1753 3533 non
1769 3497 1959 3543 premitur,
1979 3498 2084 3543 quasi
2109 3507 2175 3534 vas
2204 3498 2434 3541 immundum

1386 3565 1634 3620 pollutumque
1655 3561 1882 3617 reprobatur.
1900 3560 2012 3605 Quasi
2037 3561 2136 3597 enim
2152 3571 2217 3598 vas
2235 3561 2314 3597 sine
2328 3570 2437 3607 oper-

1387 3621 1469 3663 ¹culo
1489 3626 1548 3663 vel
1573 3622 1739 3672 ligatura
1745 3621 1932 3671 polluitur,
1965 3623 2029 3669 qui
2054 3633 2120 3670 per
2137 3621 2257 3674 studia
2275 3625 2436 3660 ostenta-

1384 3687 1498 3726 tionis
1512 3692 1654 3738 patens,
1670 3684 1770 3744 nullo
1783 3684 1963 3723 velamine
1981 3685 2241 3722 taciturnitatis
2257 3685 2432 3741 operiunt·

1435 3748 1475 3804 Si
1490 3750 1597 3806 quis
1583 3761 1623 3787 m
1641 3753 1729 3806 egro
1745 3746 1900 3801 &alaerit
1910 3751 2060 3784 cadaver
2077 3747 2182 3784 occist
2200 3745 2354 3785 honneni:
2371 3734 2438 3795 ³ss

1387 3818 1449 3860 per
1467 3821 1503 3849 se
1521 3811 1666 3858 mortui,
1676 3807 1756 3847 tiva
1769 3818 1808 3846 os
1821 3798 1918 3846 uetus
1933 3807 1990 3845 vel
2003 3807 2215 3856 sepulcrum,
2230 3791 2435 3846 itum

2044 3978 2050 3981 μ
2269 3951 2315 3975 400·

2034 3982 2059 3999 -a

2527 3956 2540 4016 -ἧ
2535 3909 2540 3915 .
