2540 4016
291 204 390 250 aaa?

742 207 782 241 Β.
810 202 979 240 RABANI
1003 201 1148 241 MAURI
1173 200 1383 239 ARCHIEP.
1410 195 1612 239 MOGUNT.
1639 199 1828 239 OPERUM
1851 199 1970 237 PARS
1992 199 2007 235 1

290 289 513 329 convenerat
525 283 577 320 ad
587 283 682 321 diem
699 282 832 318 festum
853 281 998 318 obviam
1013 291 1094 318 cum
1116 279 1283 316 laudibus
1297 283 1335 314 et
1351 278 1388 318 A
1402 279 1534 317 dicavit
1554 280 1696 327 placere
1722 279 1791 316 sibi
1817 281 1912 325 quod
1929 283 2012 325 post
2029 281 2180 314 mortem
2198 276 2332 324 prioris
2348 274 2475 322 viris,
2493 266 2499 280 ²

290 348 400 386 ramis
425 345 624 392 palmarum
652 341 839 388 processit,
869 341 991 378 dicens
1009 352 1017 375 :
1037 339 1244 375 Benedictus
1267 334 1335 384 ‘qui

289 408 380 443 venit
398 407 436 442 in
455 405 592 441 nomine
613 402 756 438 Domini
777 400 1034 448 (Mattli.xx1).

343 466 506 510 Dixitque
542 463 638 498 Booz
659 462 804 508 juveni,
835 461 894 508 qui
927 468 1074 508 proeerat
1098 461 1335 498 messoribus:

290 526 399 571 Cujus
433 529 483 559 est
525 523 599 558 ltoec
637 521 782 568 puella?
819 521 888 564 Qui
927 521 1101 568 respondit
1132 532 1144 556 .·
1171 520 1258 556 Haec
1289 525 1336 555 est

289 584 566 629 Moabitis‚quoe
601 583 692 618 venit
724 593 804 618 cum
837 581 962 617 Noemi
995 582 1037 617 de
1067 582 1204 627 reqione
1235 580 1337 616 Moa-

291 645 415 688 bitiae,
447 649 477 679 et
511 643 645 689 roqavit
681 649 719 677 ut
747 643 860 688 spicas
891 641 1064 688 colliqeret
1094 646 1336 684 remanentes,

290 716 434 752 sequens
461 714 652 739 messorum
671 704 838 749 vestiqia‚·
863 709 895 738 et
916 703 958 739 de
979 715 1080 739 mane
1108 714 1215 749 usque
1246 713 1338 737 nunc

290 771 358 802 stat
384 766 421 799 in
451 775 558 810 ayro,
581 770 612 798 et
634 774 675 798 ne
713 763 759 798 ad
788 768 998 798 momentum
1029 762 1166 809 quidem
1198 762 1340 797 domum

291 835 426 860 reversa
452 829 514 859 est.
545 823 637 866 Quid
668 827 723 859 est
756 823 851 868 quod
879 822 975 859 Booz
1009 823 1210 869 interrogat
1244 822 1340 868 prio-

290 896 367 921 rem
399 893 598 921 messorum
626 883 670 918 de
700 883 795 918 Ruth
814 909 823 925 ,
860 883 955 918 unde
990 883 1113 919 esset?
1141 882 1211 918 nisi
1246 881 1342 927 quod

290 945 508 989 Redemptor
542 948 666 979 noster
690 942 885 988 quemlibet
913 943 957 978 de
993 941 1177 988 apostolis,
1206 951 1270 977 seu
1298 941 1342 977 de

290 1005 481 1052 praecipuis
503 1005 710 1040 doctoribus
737 1004 798 1049 qui
818 1003 950 1039 minori
969 1003 1095 1050 gradui
1114 1002 1342 1038 sacerdotum

289 1072 433 1112 praeest,
449 1066 552 1111 quasi
580 1066 763 1111 ignorans,
783 1065 827 1100 de
853 1064 922 1100 fide
946 1064 1105 1109 gentium
1124 1063 1339 1105 sciscitatur,

291 1136 371 1161 cum
389 1130 561 1171 provocat
586 1135 667 1160 eum
700 1124 744 1158 ad
779 1123 1062 1157 annuntiandum
1099 1121 1342 1156 testimonium

1402 340 1470 377 hoc
1495 345 1551 377 est
1580 341 1714 377 erroris
1741 344 1848 386 atque
1877 338 2031 382 diaboli,
2064 336 2248 383 reliquerit
2277 340 2447 384 parentes
2484 335 2489 343 '

1402 411 1486 438 suos
1513 401 1721 437 idololatras
1739 405 1776 435 et
1793 404 1929 436 terram
1949 397 2148 434 nativitatis
2167 407 2261 441 suae,
2288 395 2449 434 carnalia
2483 386 2492 426 τ’·

1402 463 1527 508 utique
1544 459 1744 503 desideria,
1778 465 1816 495 et
1847 459 2026 495 associare
2058 468 2097 494 se
2129 458 2300 504 appetivit
2315 457 2449 504 populo
2487 461 2490 468 ·

1404 527 1623 564 sanctorum,
1643 521 1704 566 qui
1723 520 1791 556 sibi
1809 524 1914 556 antea
1931 520 2076 565 ignotus
2094 519 2182 562 suit,
2210 529 2292 555 cum
2313 517 2448 554 veteris

1403 582 1559 618 hominis
1577 580 1810 627 cupiditatem
1838 584 1874 615 et
1900 584 2000 615 acttts
2023 580 2251 625 sequebatur.
2285 577 2447 619 Reddat,

1404 641 1535 685 inquit,
1555 639 1617 675 tibi
1633 639 1804 675 Dominus
1823 650 1885 685 pro
1906 650 2005 686 opere
2024 645 2094 680 tuo,
2118 644 2150 674 et
2163 636 2302 682 plenam
2320 647 2452 673 merce-

1405 700 1482 735 dem
1510 699 1655 745 recipias
1684 711 1705 734 a
1728 699 1876 735 Domino
1903 699 1974 735 Deo
2002 698 2128 734 lsrael.
2162 698 2258 744 Opus
2283 696 2452 734 Ecclesiae

1405 765 1461 795 est
1477 759 1566 796 fides
1580 759 1733 802 Christi;
1751 759 1846 794 unde
1862 759 1938 804 ipsa
1952 759 2094 795 Veritas
2109 758 2147 794 in
2162 757 2354 804 Evangelio
2373 756 2423 792 ait
2440 765 2452 792 ε
2519 792 2522 793 ⁷

1407 821 1485 856 Hoc
1502 826 1551 856 est
1570 832 1654 866 opus
1672 820 1751 863 Dei,
1778 826 1814 855 ut
1842 819 1991 855 credatis
2010 820 2048 854 in
2066 830 2145 855 eum
2160 830 2260 866 quem
2285 818 2377 854 misit
2393 815 2456 854 itte

1408 881 1611 928 (Joan.v1).
1646 880 1730 916 Haec
1754 880 1897 925 plenam
1927 879 2128 915 mercedem
2158 877 2311 924 accipiet
2334 888 2355 913 a
2379 876 2454 913 Do-
2517 873 2526 895 ξ

1407 942 1524 985 mino,
1560 941 1645 986 quia
1676 946 1757 987 post
1790 940 1931 976 finitum
1961 939 2148 986 praesentis
2176 938 2261 974 vitae
2296 937 2455 973 ..aborem

1409 1006 1542 1037 aeterna
1562 1000 1626 1036 Dei
1645 1000 1782 1035 visione
1808 999 1944 1045 perfrui
1969 998 2166 1034 merebitur
2189 998 2226 1033 in
2253 995 2365 1042 gloria
2382 1003 2456 1031 coe-

1409 1062 1509 1104 lesti3
1544 1060 1638 1096 unde
1661 1059 1832 1094 Dominus
1858 1057 2028 1103 apostolis
2057 1057 2131 1091 suis
2162 1056 2238 1090 ait:
2267 1054 2398 1096 Petite,
2424 1057 2459 1089 et

1409 1121 1599 1167 accipietis,
1615 1126 1651 1154 ut
1667 1118 1833 1165 qaudium
1848 1125 1998 1152 vestrum
2012 1117 2057 1152 sit
2073 1115 2212 1162 plenum
2227 1114 2265 1162 (J
2268 1126 2347 1150 oan.
2364 1113 2456 1161 xvi).

294 1186 375 1221 fidei
406 1190 442 1220 et
460 1185 627 1230 operibus
655 1182 824 1218 Ecclesia:
854 1182 1027 1226 gentium.
1052 1181 1230 1217 Instanter
1257 1192 1342 1228 ergo
1362 1171 1393 1210 Β
1412 1181 1495 1216 Haec
1522 1189 1661 1214 merces
1686 1178 1854 1213 reddetur
1876 1175 2042 1211 Ecclesiae
2070 1185 2091 1210 a
2121 1175 2194 1210 Deo
2226 1174 2360 1216 Israel,
2393 1174 2459 1210 sub

291 1250 373 1290 post
392 1249 582 1284 metentes,
604 1243 672 1277 hoc
691 1246 745 1276 cst
765 1241 1020 1286 praedicatores
1041 1242 1212 1286 mysteria
1242 1242 1342 1278 Scri-

291 1310 478 1350 pturarum
503 1302 712 1347 colligentes
749 1307 873 1336 sancta
893 1300 1053 1335 Ecclesia
1081 1306 1288 1345 perseverat
1307 1302 1346 1336 in

297 1372 383 1407 agro
417 1362 580 1397 lectionis
615 1360 767 1402 divinae,
806 1363 984 1404 quatenus
1012 1358 1197 1404 recolligat
1227 1359 1263 1393 in
1294 1358 1344 1393 si-

295 1434 380 1457 num
407 1422 539 1458 mentis
559 1431 632 1457 suae
655 1420 861 1456 testimonia
876 1426 984 1465 atque
1000 1420 1162 1465 exempla
1172 1420 1346 1455 virtutum

295 1494 369 1519 suae
380 1483 486 1519 saluti
501 1481 732 1525 sufficientia;
754 1487 790 1516 et
804 1482 871 1517 hoe
891 1482 966 1527 agit
983 1491 1003 1516 a
1021 1481 1347 1517 mancillucescen-

294 1546 342 1580 tis
362 1544 444 1579 fidei
459 1554 572 1588 usque
593 1543 635 1578 ad
653 1543 911 1588 perfectionem
934 1543 988 1578 sui
1010 1543 1129 1588 operis
1153 1542 1257 1585 boni;
1282 1552 1347 1578 nec

297 1605 342 1639 ad
363 1604 509 1640 domum
531 1604 796 1648 superstitionis
815 1604 982 1649 antiquae,
1005 1604 1098 1638 unde
1117 1613 1262 1650 egressa
1277 1608 1347 1647 est,

294 1675 451 1710 unquam
482 1666 696 1708 revertitur;
728 1665 811 1710 quia
840 1675 882 1701 ea
904 1675 983 1710 quae
1006 1670 1103 1700 retro
1123 1671 1206 1701 sunt
1221 1665 1349 1701 oblivi-

297 1733 417 1767 scens,
435 1724 471 1758 in
501 1724 683 1759 anteriora
702 1734 740 1760 se
758 1724 930 1765 extendit,
953 1724 982 1759 si
1012 1734 1082 1770 quo
1099 1724 1205 1761 modo
1226 1734 1350 1770 perve-

294 1784 370 1819 niat
391 1783 436 1819 ad
449 1783 615 1819 bravium
635 1793 798 1829 supernae
815 1783 1030 1819 vocationis.

687 1859 839 1896 CAPUT
874 1859 947 1896 vll.

298 1917 400 1960 Quod
418 1917 515 1954 Booz
529 1918 627 1964 jubet
654 1917 747 1954 Rutlt
775 1918 811 1954 in
826 1930 910 1965 aqro
938 1930 1001 1954 suo
1022 1919 1096 1954 sine
1113 1918 1271 1955 molestia
1292 1929 1351 1954 cu-

337 1964 483 2046 jusliebet
502 1967 615 2012 spicas
645 1965 818 2011 colligere,
839 1975 982 2012 eamque
1016 1965 1061 2001 ad
1084 1966 1271 2012 prandium
1296 1976 1351 2001 vo-

344 2022 417 2046 cavi
438 2037 446 2046 ι

344 2083 461 2129 (lem.)
486 2083 584 2120 Unde
609 2091 641 2121 et
662 2085 759 2121 Booz
780 2087 826 2122 ad
843 2086 936 2121 Ruth
962 2086 1011 2121 ait
1029 2094 1040 2120 .·
1058 2086 1164 2129 Audi,
1183 2085 1280 2130 filia,
1310 2096 1352 2120 ne
1371 2054 1399 2095 C

297 2143 404 2178 vadas
430 2143 476 2178 ad
505 2144 737 2188 colliyendum
771 2146 808 2180 in
833 2145 980 2180 alterum
1013 2155 1161 2190 aprum,
1199 2155 1260 2179 nec
1298 2155 1351 2178 re-

298 2203 400 2238 cedas
425 2203 467 2238 ab
487 2203 550 2238 hoc
567 2202 655 2238 loco.
675 2203 826 2248 Junyere
847 2202 971 2248 puellis
990 2204 1075 2237 meis
1088 2229 1097 2245 ‚
1133 2208 1165 2237 et
1183 2202 1241 2236 ubi
1263 2212 1351 2236 mes-

300 2260 446 2300 suerint,
467 2269 620 2303 sequere.
644 2258 814 2292 Mandavi
839 2259 930 2292 enim
950 2259 1066 2303 pueris
1084 2258 1168 2291 meis
1187 2263 1224 2291 ut
1251 2267 1350 2291 nemo

298 2320 359 2354 tibi
397 2318 561 2353 molestus
596 2318 655 2352 sit.
696 2316 765 2352 Sed
801 2318 905 2353 etiam
940 2318 970 2352 si
1001 2318 1151 2361 sitieris,
1189 2318 1275 2353 vade
1307 2318 1352 2353 ad

298 2378 514 2421 sarcinulas,
551 2383 582 2413 et
611 2377 685 2413 bibe
721 2389 855 2424 aquas,
891 2375 933 2413 cte
956 2378 1080 2425 quibus
1112 2384 1143 2413 et
1169 2379 1269 2424 pueri
1304 2379 1354 2414 bi-

297 2440 396 2491 bunt.
432 2439 516 2475 Haec
542 2440 671 2486 quippe
703 2440 813 2475 verba
848 2439 935 2475 nulli
976 2440 1104 2476 melius
1138 2440 1354 2476 conveniunt

298 2494 405 2546 quam
437 2501 669 2546 Redemptori
697 2506 834 2545 nostro,
860 2501 922 2547 qui
941 2501 1035 2547 plebi
1067 2502 1111 2538 de
1149 2502 1354 2538 nationibus

299 2563 343 2597 ad
379 2571 419 2598 se
448 2561 674 2597 convenienti
711 2561 866 2598 suadens
902 2562 1085 2608 praecipit,
1117 2572 1163 2598 ne
1199 2563 1245 2598 ad
1281 2572 1355 2598 mo-

299 2626 460 2657 mentum
495 2621 638 2667 quidem
674 2631 694 2656 a
730 2626 827 2658 statu
864 2626 972 2658 rectae
1002 2622 1086 2658 fidei
1127 2622 1354 2665 declinetin

301 2691 443 2716 errores
475 2681 742 2723 haereticorum,
779 2686 889 2726 atque
919 2681 1257 2725 schismaticorum,
1292 2682 1356 2717 sed

302 2741 417 2786 magis
434 2740 561 2786 jungat
587 2750 626 2776 se
656 2741 791 2776 sanctis
809 2741 1012 2784 animabus,
1043 2751 1133 2787 quas
1150 2741 1355 2789 significant

302 2801 430 2846 puellae
444 2801 552 2845 Booz,
571 2806 611 2836 ut
624 2801 672 2836 ibi
686 2802 893 2838 metantubi
904 2803 973 2838 illae
986 2802 1355 2848 messuerint,utique

303 2861 508 2908 Scripturas
539 2872 662 2899 sacras
679 2862 885 2898 meditando
905 2867 940 2899 et
960 2863 1063 2899 bonis
1094 2863 1263 2908 operibus
1293 2872 1354 2898 eas

303 2923 506 2967 implendo,
545 2925 670 2969 sicque
701 2923 870 2960 haustum
911 2924 1096 2969 sapientise
1136 2924 1267 2960 divinae
1310 2934 1354 2961 ex

314 2980 403 3015 ibris
414 2982 567 3016 duorum
577 2983 903 3024 Testamentorum‚
912 2983 1008 3016 unde
1021 2982 1125 3027 pueri
1138 2984 1193 3018 sui
1211 2983 1351 3028 hibunt,

305 3041 420 3077 sancti
435 3040 603 3076 videlicet
618 3040 796 3082 doctores,
808 3045 844 3075 et
860 3041 938 3084 ipsa
956 3040 1148 3077 salubriter
1169 3041 1282 3077 bibat.

353 3100 440 3143 Quoe
458 3100 586 3135 cadens
604 3100 641 3133 in
659 3099 784 3144 faciem
803 3109 918 3142 suam,
941 3107 973 3135 et
992 3101 1143 3137 adorans
1164 3113 1269 3148 super
1287 3108 1355 3139 ter-

305 3171 395 3204 ram,
426 3159 515 3195 dixit
543 3157 587 3194 ad
615 3166 720 3193 eum:
742 3155 839 3193 Unde
869 3157 933 3193 hoc
961 3159 1070 3203 mihi,
1103 3167 1140 3195 ut
1167 3162 1355 3197 invenirem

305 3221 455 3268 qratiam
474 3225 553 3255 ante
570 3218 688 3254 oculos
707 3223 798 3262 tuos,
813 3223 846 3253 et
863 3228 962 3253 nosse
979 3229 1032 3254 me
1048 3218 1242 3265 dignareris
1259 3232 1356 3266 pere-

307 3283 444 3328 yrinam
462 3279 670 3317 mulierem?
691 3278 757 3314 Cui
775 3277 835 3314 ille
851 3278 1036 3325 respondit
1052 3291 1060 3313 :
1083 3278 1257 3315 Nuntiata
1274 3286 1355 3315 sunt

307 3341 393 3377 mihi
412 3341 542 3382 omnia,
564 3349 640 3385 quoe
660 3337 781 3384 seceris
799 3337 914 3373 socrui
941 3342 1010 3372 tuae
1032 3341 1108 3383 post
1126 3342 1270 3373 mortem
1289 3337 1356 3372 viri

307 3403 376 3445 tui,
402 3407 433 3436 et
458 3400 549 3447 quod
570 3399 794 3445 dereliqueris
812 3403 971 3445 parentes
999 3403 1077 3433 tuos
1107 3402 1139 3432 et
1166 3402 1294 3433 terram
1318 3399 1356 3434 in

308 3473 379 3509 qua
395 3466 479 3497 itata
494 3471 544 3503 es,
563 3465 593 3495 et
609 3459 740 3495 veneris
756 3458 802 3494 ad
818 3457 983 3505 populum
998 3468 1099 3504 quem
1113 3463 1215 3494 antea
1230 3458 1359 3494 nescie-

310 3522 384 3558 bas.
417 3520 554 3556 Reddat
573 3519 634 3555 tibi
651 3518 822 3554 Dominus
849 3529 912 3564 pro
939 3528 1038 3564 opere
1057 3523 1130 3561 tuo,
1161 3523 1194 3554 et
1218 3517 1356 3565 plenam

309 3582 501 3619 merce-dem
532 3581 678 3628 recipias
709 3591 732 3615 a
759 3579 907 3614 Domino
933 3578 1006 3615 Deo
1037 3578 1152 3614 Israel
1182 3578 1229 3614 ad
1258 3589 1360 3626 quem

309 3646 448 3689 venisti,
475 3650 507 3680 et
525 3643 587 3679 sub
612 3642 713 3688 cujus
735 3641 922 3688 confuqisti
945 3640 1034 3677 atas.
1070 3640 1219 3677 Gratias
1246 3641 1360 3678 refert

310 3706 472 3743 Ecclesia
503 3703 664 3752 gentium
695 3701 902 3745 salvatori,
938 3701 1034 3747 quod
1065 3710 1145 3738 eam
1177 3701 1358 3747 respicere

313 3764 569 3806 misericordiae
594 3772 666 3802 suae
685 3761 816 3799 intuitu
836 3761 1003 3809 diguatus
1019 3765 1101 3798 cst:
1129 3760 1187 3800 cui
1212 3760 1272 3799 illc
1297 3760 1354 3797 in-

1413 1243 1513 1286 eujus
1539 1241 1615 1285 ipsa
1639 1238 1800 1282 confugit
1823 1237 1910 1271 alas.
1946 1236 2020 1270 Alae
2041 1236 2170 1281 quippe
2192 1235 2257 1271 Dei
2280 1240 2363 1271 sunt
2389 1235 2461 1270 duo

1413 1300 1657 1339 Testamenta,
1678 1297 1743 1332 sub
1764 1296 1893 1340 quibus
1916 1294 2073 1340 protegit
2094 1304 2232 1337 omnes,
2253 1295 2315 1340 qui
2335 1294 2462 1331 confu-

1414 1358 1515 1403 giunt
1533 1357 1576 1392 ad
1595 1366 1634 1392 se
1651 1355 1817 1391 Christus
1835 1355 2039 1401 unigenitus
2058 1355 2122 1390 Dei
2139 1354 2265 1397 Filius,
2289 1355 2334 1390 ad
2354 1365 2461 1400 quem

1413 1418 1603 1454 Psalmista
1617 1417 1863 1453 desideranter
1877 1416 1928 1451 ait
1945 1428 1952 1451 :
1973 1415 2018 1451 In
2031 1416 2155 1451 umbra
2171 1415 2308 1451 alarum
2323 1422 2463 1451 tuarum

1415 1488 1527 1523 spero,
1546 1477 1655 1512 donec
1674 1482 1828 1511 transeat
1847 1477 2013 1523 iniquitas
2029 1474 2144 1523 (Psal.
2159 1475 2250 1522 xvi).

1464 1535 1550 1578 Quae
1568 1535 1644 1571 ait:
1666 1535 1787 1571 Inveni
1807 1535 1956 1581 qratiam
1976 1540 2055 1570 ante
2075 1534 2193 1570 oculos
2213 1540 2303 1578 tuos,
2318 1534 2464 1571 Domine

1415 1597 1478 1640 mi,
1496 1594 1555 1643 iqui
1575 1596 1771 1632 consolatus
1793 1607 1828 1631 es
1846 1607 1912 1638 me,
1932 1601 1964 1630 et
1984 1594 2119 1630 locutus
2128 1605 2163 1630 es
2184 1595 2229 1630 ad
2250 1606 2309 1630 cor
2325 1594 2466 1630 ancilloe

1416 1664 1498 1701 tuae,
1527 1668 1604 1704 quae
1630 1667 1698 1692 non
1718 1667 1796 1691 sum
1815 1655 1938 1691 similis
1961 1655 2066 1690 unius
2090 1654 2287 1701 puellarum
2308 1660 2462 1689 tuarum.

1417 1718 1480 1754 His
1497 1717 1615 1753 verbis
1642 1717 1825 1752 humilitas
1852 1715 2021 1752 Ecclesiae
2046 1726 2090 1752 ex
2114 1715 2281 1762 gentibus
2306 1714 2466 1750 declara-

1416 1782 1488 1821 tur,
1507 1787 1587 1822 quae
1605 1785 1645 1813 se
1664 1777 1838 1822 imparem
1860 1781 1969 1811 tantae
1987 1775 2110 1822 gratiae
2130 1779 2325 1817 asseverat,
2345 1782 2412 1809 nec
2427 1781 2468 1808 se

1417 1838 1587 1875 Ecclesiae
1613 1837 1803 1883 primitivae
1827 1837 1870 1872 de
1893 1834 2024 1871 Judaeis
2043 1835 2162 1881 aliquo
2179 1834 2285 1870 modo
2305 1833 2465 1878 aequipa-

1418 1909 1500 1935 rare
1531 1898 1650 1934 audet.
1685 1897 1787 1933 Unde
1806 1897 1841 1931 in
1861 1895 2053 1942 Evangelio
2072 1896 2138 1932 sub
2156 1900 2240 1942 typo
2259 1893 2468 1930 Chananaeae

1419 1959 1581 1996 mulieris
1613 1958 1765 1994 Domino
1798 1957 1916 1994 dicent
1933 1967 1941 1992 :
1975 1956 2058 1992 Non
2093 1961 2141 1992 cst
2174 1956 2299 1991 bonum
2333 1963 2469 1989 sumere

1420 2029 1544 2066 panem
1558 2018 1726 2063 filiorum,
1740 2023 1771 2051 et
1784 2018 1917 2052 mittere
1930 2017 2074 2051 canibus
2083 2028 2096 2059 ‚·
2111 2016 2307 2060 respondit,
2322 2015 2466 2050 diceus:

1421 2079 1553 2122 Etiam,
1580 2078 1742 2119 Domine,
1773 2087 1853 2111 nam
1882 2081 1913 2110 et
1945 2075 2059 2110 catelli
2087 2075 2194 2109 edunt
2212 2075 2254 2109 de
2275 2075 2372 2109 micis
2390 2085 2469 2121 quae

1420 2138 1548 2170 cadunt
1577 2137 1619 2170 de
1648 2146 1767 2170 mensa
1795 2134 2016 2169 dominorum
2047 2144 2193 2168 suorum
2223 2133 2365 2179 (Matth.
2390 2133 2468 2179 xv).

1420 2193 1511 2229 Hinc
1525 2198 1561 2228 et
1574 2194 1736 2228 centurio
1749 2192 1979 2236 praesentiam
1988 2191 2130 2227 Domini
2143 2192 2189 2227 ad
2202 2201 2240 2228 se
2254 2191 2307 2227 ire
2317 2191 2471 2228 volentis

1421 2253 1669 2294 reverebatur,
1703 2252 1853 2288 dicens:
1884 2251 2046 2296 Domine,
2076 2263 2145 2287 non
2172 2263 2250 2287 sum
2278 2252 2403 2298 diqnus
2431 2257 2471 2286 ut

1421 2313 1527 2347 intres
1554 2312 1617 2347 sub
1639 2317 1766 2347 tectum
1791 2321 1931 2347 meum:
1956 2312 2016 2347 sed
2042 2318 2178 2347 tantum
2203 2311 2259 2346 dic
2285 2311 2405 2354 verbo,
2437 2317 2471 2346 et

1421 2373 1603 2408 sanabitur
1621 2383 1707 2418 puer
1723 2383 1820 2408 meus
1838 2372 1891 2417 (M
1894 2372 1981 2407 attlt.
1997 2372 2091 2419 vm).

1468 2432 1633 2478 Dixitque
1651 2433 1697 2467 ad
1715 2443 1791 2467 eam
1809 2431 1930 2466 Booz:
1953 2431 2101 2474 Quando
2118 2432 2205 2467 hora
2220 2432 2377 2467 vescendi
2395 2431 2471 2476 suc-

1422 2493 1479 2536 rit,
1501 2494 1574 2529 veni
1593 2494 1674 2537 nuc,
1696 2498 1727 2528 et
1747 2492 1884 2527 com-ede
1903 2502 2042 2538 panem,
2059 2497 2091 2526 et
2108 2491 2264 2537 intinque
2282 2490 2470 2525 buccellam

1423 2558 1521 2588 tuam
1540 2554 1578 2588 in
1596 2558 1706 2588 aceto.
1736 2551 1832 2588 Hora
1848 2551 1978 2597 quippe
1995 2551 2161 2587 vescendi
2178 2550 2309 2594 fuerat,
2328 2550 2471 2596 quando

1422 2619 1504 2660 post
1533 2613 1836 2649 resurrectionem
1866 2623 1967 2648 suam
1992 2612 2164 2648 Dominus
2188 2611 2371 2657 discipulis
2397 2611 2471 2646 suis

1422 2673 1607 2719 praecepit,
1623 2673 1746 2709 dicens
1761 2684 1769 2707 :
1793 2672 1861 2715 Ite,
1878 2672 1996 2708 docete
2014 2682 2129 2707 omnes
2146 2676 2276 2717 gentes,
2294 2670 2472 2716 baptizan-

1423 2740 1471 2769 tes
1496 2744 1554 2769 eas
1579 2734 1616 2768 in
1636 2733 1774 2769 nomine
1795 2732 1931 2774 Patris,
1951 2736 1983 2767 et
2000 2729 2101 2774 Filii,
2122 2736 2154 2766 et
2174 2729 2326 2776 Spiritus
2344 2728 2470 2771 sancti,

1424 2794 1583 2830 docentes
1600 2805 1656 2829 eos
1674 2804 1809 2829 servare
1827 2792 1944 2828 omnia
1960 2799 2179 2837 quaecunque
2199 2788 2361 2824 mandavi
2378 2787 2471 2822 vobis

1424 2853 1567 2901 (Matth.
1586 2852 1728 2899 xxv111).
1750 2852 1867 2888 Antea
1885 2860 1969 2897 ergo
1989 2850 2124 2886 dictum
2143 2851 2198 2883 est
2217 2847 2270 2882 eis
2288 2858 2296 2882 ι
2315 2845 2362 2881 In
2379 2845 2471 2881 viam

1424 2914 1578 2959 qentium
1604 2924 1645 2948 ne
1671 2911 1840 2955 abieritis,
1869 2917 1901 2947 et
1924 2910 1962 2945 in
1986 2909 2139 2944 civitates
2163 2906 2472 2943 Samaritanorum

1426 2986 1467 3011 ne
1485 2974 1689 3010 introieritis
1712 2972 1855 3020 (Matth.
1872 2969 2255 3018 x).1ntingue,inquit,
2274 2965 2472 3003 buccellam

1426 3041 1526 3071 tuam
1543 3034 1580 3070 in
1595 3039 1709 3070 aceto.
1732 3033 1825 3076 Quid
1841 3033 1927 3078 ergi)
1942 3040 2007 3077 per
2022 3034 2176 3073 acetum,
2196 3027 2267 3064 nisi
2281 3026 2341 3063 lex
2354 3030 2470 3069 vetus,

1426 3094 1655 3141 exprimitur,
1680 3103 1759 3139 quae
1779 3092 1839 3128 diu
1864 3091 1902 3127 in
1926 3090 2057 3137 populo
2079 3089 2200 3135 priore
2223 3095 2471 3134 perseverans,
2518 3102 2521 3103 ν

1426 3150 1690 3191 Pharisaeorum
1710 3150 1964 3188 traditionibus
1980 3152 2170 3194 corrupta,
2190 3146 2349 3182 nativum
2368 3153 2474 3190 sapo-
2520 3194 2523 3195 γ

1428 3223 1505 3250 rem
1523 3222 1671 3250 servare
1688 3221 1759 3247 non
1778 3209 1922 3255 potuit?
1952 3207 2105 3243 Iubetur
2123 3215 2210 3250 ergo
2227 3203 2412 3245 Ecclesiae,
2431 3206 2475 3238 ut
2514 3250 2521 3251 ἶ

1426 3273 1605 3316 intinguat
1636 3268 1834 3305 buccellam
1868 3275 1968 3301 suam
2000 3265 2038 3299 in
2069 3267 2193 3304 aceto,
2227 3262 2296 3296 hoc
2323 3264 2400 3303 est,
2432 3266 2475 3296 ut
2515 3266 2524 3309 ej

1426 3331 1637 3378 mysterium
1671 3326 1931 3364 incarnationis
1965 3324 2100 3361 Christi
2132 3324 2248 3359 discat
2279 3323 2318 3358 in
2349 3322 2474 3359 Veteri
2493 3338 2495 3342 ⁴
2516 3314 2525 3318 ”

1427 3392 1658 3428 Testameuto
1676 3397 1756 3425 esse
1776 3385 2054 3434 praenuntiatum
2067 3411 2077 3428 ,
2105 3388 2142 3420 et
2167 3393 2211 3420 eo
2234 3381 2364 3419 fortius
2386 3381 2498 3418 illudv

1428 3451 1498 3488 fide
1515 3454 1661 3494 teneat,
1681 3458 1752 3495 quo
1771 3452 1847 3484 tam
1867 3445 1972 3492 longe
1989 3449 2094 3481 antea
2111 3442 2381 3490 praefiguratum
2398 3450 2473 3479 non
2486 3453 2497 3481 A·

1428 3515 1581 3561 ignorat.

1477 3572 1576 3609 Sedit
1589 3570 1708 3617 itaque
1723 3567 1768 3604 ad
1783 3576 1974 3603 messorum
1983 3563 2092 3610 latus,
2103 3569 2136 3600 et
2149 3562 2319 3609 conqessit
2333 3559 2472 3608 polenta

1428 3633 1508 3677 sibi,
1529 3630 1753 3676 comeditque,
1777 3632 1810 3663 et
1830 3631 1990 3663 saturata
2006 3630 2070 3668 est,
2092 3629 2124 3661 et
2141 3621 2221 3658 tulit
2236 3620 2402 3668 reliquias
2417 3623 2474 3663 at-v

1427 3706 1494 3744 que
1517 3693 1682 3738 surrexit,
1708 3697 1748 3727 ut
1773 3691 1885 3738 spicas
1907 3699 1951 3726 ex
1971 3697 2066 3724 more
2083 3684 2270 3732 colliqeret.
2294 3683 2351 3720 Ad
2377 3682 2475 3718 latua

1429 3766 1515 3802 ergo
1539 3762 1738 3806 messorum
1762 3751 1859 3790 Ruth
1882 3748 2000 3795 sedit,
2034 3756 2115 3785 cum
2135 3744 2316 3795 gentilitas
2336 3751 2423 3781 sanc
2440 3739 2449 3749 “
