2540 4016
278 221 347 259 295

279 355 492 393 dormiamus
511 351 601 386 sicut
635 352 667 383 et
697 350 824 385 caetert,
847 350 914 375 non
935 336 1099 372 habentes
1116 343 1227 380 spem,
1262 330 1323 367 sed

278 415 455 464 viqilemus
481 417 513 448 et
531 408 637 446 sobrii
652 406 758 442 simus
774 412 786 436 .·
813 400 881 444 Qui
895 398 985 433 enim
1003 395 1196 438 dormiunt,
1227 399 1325 429 nocte

279 478 468 517 dormiunt,
484 469 587 516 etqui
610 466 699 503 ebrii
717 468 811 505 sant,
828 465 925 496 nocte
948 457 1034 492 ebrii
1048 461 1129 491 sunt
1146 454 1182 502 (I
1202 453 1322 490 Thess.

279 538 330 585 v),
358 536 449 582 ignis
475 529 626 566 sufficiat
647 517 990 561 subministrationis
1008 517 1169 563 spiritus,
1199 516 1236 551 in
1254 525 1325 561 quo

277 594 434 634 ordinari
451 594 592 637 oportet
610 582 868 630 intelligibilem
879 579 1036 615 hostiam
1056 583 1093 614 et
1110 577 1250 622 adipem
1266 586 1312 622 pa

275 657 479 693 citicorum;
497 649 601 696 ignis,
619 646 682 687 ait,
703 651 757 680 est
771 643 838 678 iste
855 644 1050 687 perpetuus
1063 637 1124 684 qui
1142 645 1326 682 nunquam

274 714 413 751 deliciet
436 712 479 747 de
499 708 616 744 altari.
646 705 797 752 Spiritus
815 702 907 738 enim
919 705 969 735 est
989 699 1098 742 Deus,
1116 704 1148 733 et
1161 698 1220 744 qui
1237 696 1324 731 ado-

275 780 352 810 rant
373 783 464 814 eum,
480 771 517 805 in
531 767 653 815 spiritu
673 772 704 801 et
723 763 864 800 veritate
879 766 1012 808 oportet
1035 759 1187 794 adorare
1203 757 1324 803 (Joan.

276 833 325 880 iv)
346 845 355 876 ;
390 832 480 867 unde
512 824 796 872 ct·intelligibile
818 823 945 865 altare,
981 821 1077 866 quod
1109 823 1165 855 est
1189 815 1326 854 Christi

277 904 419 940 corpus,
435 887 759 934 inexstinguibilem
774 883 1007 928 habetignem
1022 877 1328 916 subministratio-

277 957 334 992 nis
359 955 505 1000 spiritus
523 951 592 999 (Ex
611 947 807 995 Greqorio.)
835 947 936 989 Item,
973 943 1173 980 secundum
1209 946 1327 986 tropo-

282 1016 411 1062 logiam
438 1027 446 1049 :
467 1013 590 1048 Altare
612 1011 675 1046 Dei
697 1015 753 1045 est
766 1018 829 1044 cor
848 1011 1026 1047 nostrum,
1044 1005 1079 1039 in
1100 1012 1171 1049 quo
1182 1001 1326 1047 jubetur

280 1078 371 1126 ignis
392 1085 531 1121 semper
553 1073 694 1114 ardere,
721 1070 804 1115 quia
821 1078 968 1105 necesse
988 1070 1043 1102 est
1057 1075 1102 1101 ex
1116 1063 1177 1099 illo
1195 1062 1240 1097 ad
1256 1062 1327 1098 Do-

277 1142 416 1178 minum
441 1136 627 1174 charitatis
645 1134 825 1169 flammam
846 1130 1093 1167 indesinenter
1108 1126 1321 1162 accendere.

279 1200 344 1237 Cui
360 1209 423 1244 per
439 1196 597 1242 singulos
615 1194 691 1230 dies
708 1193 875 1228 sacerdos
886 1190 982 1237 ligna
1003 1187 1170 1232 subjiciat
1185 1196 1230 1221 ne
1265 1195 1327 1220 cx·
1346 1178 1378 1216 B
1397 1178 1573 1224 sicabitur.
1594 1177 1666 1225 (Ex
1681 1174 1888 1222 Hesychia.)
1905 1174 2107 1221 Legislator
2121 1174 2264 1209 videtur
2284 1173 2463 1207 reiterans

280 1261 481 1307 stinguatur
497 1270 505 1292 :
518 1256 633 1293 omnis
647 1255 741 1290 enim
751 1253 883 1290 Christi
895 1251 1110 1298 praedicator
1122 1248 1324 1285 membrum

286 1322 410 1366 utique
436 1318 563 1355 summi
590 1315 784 1352 sacerdotis
798 1314 945 1350 effectus
963 1318 1032 1355 est,
1065 1311 1157 1347 sicut
1186 1309 1327 1346 cunctis

279 1382 442 1418 fidelibus
476 1379 604 1414 Petrus
633 1376 814 1423 apostolus
840 1374 954 1410 dixit:
987 1372 1052 1407 Vos
1077 1377 1192 1407 autem
1219 1380 1327 1416 yemis

280 1443 436 1484 electum,
453 1438 565 1485 reqale
581 1437 811 1473 sacerdotium
824 1434 859 1482 (I
870 1432 1041 1479 Petr.11);
1059 1437 1095 1468 et
1112 1432 1206 1467 sicut
1223 1429 1330 1466 Joau-

279 1512 341 1538 nes
355 1499 534 1547 apostolus
554 1499 643 1535 dixit
660 1509 667 1532 :
691 1496 819 1531 Fecisti
837 1506 897 1530 nos
915 1494 987 1529 Deo
1007 1499 1124 1528 nostro
1141 1502 1286 1538 reqnum
1297 1495 1330 1526 et

279 1563 508 1600 sacerdotium
525 1561 645 1609 (Apoc.
662 1559 712 1606 v).
734 1558 911 1595 Sacerdos
931 1557 1064 1604 ergoin
1083 1556 1196 1591 altare
1211 1555 1330 1601 ignem

281 1627 443 1662 nutriens
457 1625 616 1670 quotidie
629 1624 726 1669 ligna
745 1621 926 1666 subjiciat,
958 1621 1075 1662 idest,
1098 1618 1212 1654 tidelis
1234 1617 1331 1662 quis-

281 1697 351 1732 que
371 1696 414 1720 ne
430 1685 464 1720 in
480 1694 522 1720 eo
547 1683 731 1719 charitatis
751 1682 893 1716 flamma
908 1679 1065 1722 deficiat,
1095 1679 1131 1713 in
1146 1677 1253 1713 corde
1268 1686 1331 1712 suo

287 1751 361 1782 tam
387 1745 548 1791 exempla
566 1743 856 1790 praecedentium,
875 1752 983 1788 quam
999 1751 1110 1777 sacrae
1137 1738 1334 1784 Scripturae

286 1807 492 1843 testimonia
512 1815 703 1852 congerere
723 1815 795 1840 non
816 1804 982 1847 desistat3
1004 1813 1086 1838 nam
1107 1802 1210 1847 quasi
1233 1810 1333 1846 quae-

282 1868 364 1903 dam
390 1867 546 1904 fomenta
567 1868 640 1914 igni
659 1867 745 1902 dare
765 1872 842 1909 est,
863 1866 899 1901 in
919 1864 1187 1900 exercitatione
1219 1862 1335 1898 chari-

282 1929 380 1971 tatis,
403 1928 457 1964 vel
486 1927 647 1973 exempla
670 1927 833 1969 Patrum,
859 1925 914 1961 vel
935 1929 1115 1970 praccepta
1147 1923 1335 1958 Dominica

282 1990 502 2026 ministrare.
535 1989 626 2032 Quia
650 1988 745 2023 enim
776 1988 916 2022 interna
940 1986 1083 2021 novitas
1100 1990 1223 2020 nostra
1258 1984 1336 2029 ipsa

285 2048 443 2093 quotidie
471 2048 576 2093 huJus
595 2047 677 2081 vitae
703 2045 976 2082 conversatione
1003 2045 1208 2087 veterascit,
1244 2043 1337 2090 ignis

289 2105 358 2140 iste
380 2105 550 2140 adhibitis
566 2104 672 2150 lignis
688 2104 901 2139 nutriendus
919 2109 987 2147 est,
1009 2109 1047 2139 ut
1062 2114 1143 2140 cum
1156 2113 1221 2150 per
1234 2113 1339 2138 usum
1358 2091 1388 2132 C
1409 2095 1575 2139 sacrificii
1600 2101 1629 2129 et
1657 2095 1936 2136 libamentorum,
1967 2104 2045 2140 quoe
2072 2092 2217 2138 offerent
2249 2090 2316 2136 filii
2347 2090 2469 2124 Aaron
2520 2114 2526 2137 3

288 2175 327 2200 se
359 2166 547 2201 vetustatis
578 2171 701 2200 nostra
722 2165 863 2200 novitas
892 2170 1072 2206 extenuat,
1107 2174 1169 2210 per
1192 2163 1342 2198 Patrum

288 2224 494 2261 testimonia
514 2231 550 2260 et
567 2224 729 2270 exempla
747 2224 949 2260 reviviscat.
979 2224 1024 2259 Et
1038 2225 1128 2259 bene
1153 2223 1226 2258 illic
1245 2232 1340 2268 prae-

290 2285 420 2330 cipitur
440 2290 478 2319 ut
496 2294 602 2320 mane
622 2284 718 2331 ligna
738 2293 803 2330 per
822 2284 898 2320 dies
914 2283 1071 2330 singulos
1089 2287 1341 2329 congerantur.

291 2343 374 2380 Haec
388 2344 518 2390 quippe
551 2354 624 2380 non
660 2345 749 2379 liunt
779 2344 848 2380 nisi
872 2355 955 2380 cum
976 2354 1046 2380 nox
1079 2344 1255 2379 caecitatis
1284 2354 1346 2378 cx-

290 2405 479 2451 stinguitur
495 2416 504 2448 ;
526 2405 583 2441 vel
602 2410 713 2448 certe,
733 2406 816 2451 quia
837 2416 945 2442 mane
959 2407 1076 2452 prima
1091 2416 1175 2450 pars
1185 2406 1255 2440 diei
1272 2410 1342 2447 est,

287 2465 494 2511 postpositis
510 2466 790 2511 cogitationibus
806 2466 889 2502 vitae
908 2466 1112 2511 praesentis,
1133 2467 1201 2502 hoc
1224 2465 1345 2511 priore

289 2524 367 2562 loco
386 2526 549 2571 quisquis
564 2525 722 2562 fidelium
741 2526 874 2572 cogitet
895 2531 935 2561 ut
960 2527 1055 2572 quod
1075 2527 1110 2562 in
1142 2537 1180 2562 se
1195 2525 1345 2572 jamque

290 2586 391 2632 quasi
411 2585 555 2629 defecit,
592 2586 721 2632 quibus
746 2586 840 2622 valet
855 2587 1009 2630 nisibus,
1040 2587 1197 2623 studium
1224 2587 1346 2623 chari-

292 2649 374 2684 tatis
398 2647 606 2684 inflammet.
632 2649 728 2695 Ignis
748 2650 843 2684 enim
857 2650 926 2685 iste
945 2650 982 2684 in
1004 2650 1117 2686 altare
1136 2650 1293 2692 Domini,
1309 2649 1346 2685 id

293 2711 362 2748 est,
380 2707 417 2740 in
436 2706 688 2749 cordenostrO,
707 2708 811 2743 citius
831 2709 1083 2754 exstinguitur,
1107 2709 1177 2744 nisi
1195 2708 1346 2744 solerter

295 2765 462 2801 adhibitis
479 2765 651 2811 exemplis
670 2765 818 2801 Patrum
853 2772 889 2802 et
912 2767 1106 2802 Dominicis
1125 2768 1345 2803 testimoniis

297 2831 494 2872 reparetur.
511 2825 606 2862 Bene
620 2831 739 2861 autem
755 2826 826 2861 illic
845 2826 1071 2872 subjungitur
1089 2836 1099 2861 :
1124 2827 1169 2861 Ει
1185 2828 1346 2873 imposito

297 2886 498 2922 holocausto
524 2887 669 2932 desuper
683 2885 832 2920 adolebit
851 2886 968 2931 adipes
985 2886 1224 2932 pacificorum.
1257 2887 1349 2922 Nam

298 2947 507 2993 quisquisin
522 2957 560 2982 se
578 2947 675 2982 hunc
687 2947 804 2992 ignem
824 2946 1012 2981 charitatis
1030 2946 1206 2993 accendit,
1219 2954 1349 2982 semet-

298 3006 418 3053 ipsum
445 3006 570 3052 utique
601 3005 852 3042 holocaustum
871 3006 1026 3051 desuper
1053 3006 1225 3051 imponet,
1262 3007 1348 3051 quia
1365 2990 1401 3028 Ῑ)
1418 3004 1582 3039 Domino.
1605 3003 1694 3040 Cum
1715 3005 1942 3052 eleemosyna
1961 3011 1998 3042 et
2017 3005 2196 3049 oratione,
2213 3005 2292 3040 haec
2315 3003 2413 3040 enim
2429 3002 2473 3038 fi-

300 3075 406 3102 omne
425 3066 550 3101 vitium
568 3065 663 3111 quod
687 3065 725 3100 in
752 3075 791 3100 se
810 3065 902 3100 male
924 3065 1068 3100 vivebat
1100 3065 1229 3101 exurit.
1261 3065 1351 3102 Cum

300 3126 397 3161 enim
422 3125 678 3171 cogitationum
713 3135 860 3160 suarum
886 3124 1026 3160 interna
1060 3125 1279 3169 considerat,
1315 3131 1352 3162 et

300 3186 412 3222 vitam
428 3185 619 3232 reprobam
649 3196 715 3231 per
730 3185 992 3221 immutationis
1013 3185 1171 3231 gladium
1201 3192 1350 3231 mactat,

300 3246 338 3282 in
356 3257 418 3282 ara
437 3256 476 3283 se
491 3246 546 3282 sui
562 3245 683 3282 cordis
709 3246 893 3292 imposuit,
921 3249 958 3280 et
980 3245 1062 3291 igne
1082 3245 1272 3281 charitatis
1297 3246 1352 3282 in-

302 3308 447 3352 cendit;
473 3308 516 3344 de
531 3318 601 3354 qua
629 3307 756 3344 hostiae
772 3307 1004 3354 pacificorum
1023 3306 1148 3353 adipes
1174 3307 1349 3353 redolent,

304 3369 388 3413 quia
404 3369 545 3405 interna
558 3379 662 3406 novae
676 3368 759 3405 vitae
771 3368 1019 3416 impinguatio,
1035 3378 1161 3414 pacem
1179 3368 1274 3405 inter
1287 3379 1354 3406 nos

305 3432 343 3462 et
361 3427 473 3464 Deum
487 3428 635 3474 faciens,
652 3430 800 3466 odorem
821 3429 866 3466 de
879 3429 984 3466 nobis
999 3428 1254 3465 suavissimum
1273 3429 1354 3465 red-

307 3487 373 3523 dit.
391 3487 481 3531 Quia
497 3499 582 3526 vero
599 3491 724 3528 eadem
737 3490 895 3528 charitas
914 3491 952 3527 in
967 3490 1136 3527 cordibus
1156 3491 1355 3527 electorum

309 3545 607 3594 inexstinguibilis
615 3556 750 3594 manet,
766 3557 849 3598 apte
859 3546 932 3589 illic
942 3551 1106 3590 subditur
1125 3565 1134 3590 ι
1150 3553 1172 3589 Ι
1172 3554 1249 3600 qais
1263 3553 1355 3588 enim

308 3605 372 3643 iste
387 3613 585 3655 perpetuus,
609 3610 670 3656 qui
682 3621 859 3658 nunquam
878 3612 1015 3658 deliciet
1038 3613 1082 3650 de
1099 3613 1220 3650 altari.
1255 3611 1355 3649 Nun-

311 3674 419 3711 quam
433 3666 596 3714 profecto
607 3668 653 3705 de
665 3668 770 3707 altari
787 3670 882 3718 ignis
894 3672 965 3710 iste
978 3673 1139 3718 deliciet,
1153 3673 1237 3720 quia
1244 3672 1357 3714 etiam

317 3729 399 3768 post
414 3725 508 3763 hanc
532 3728 644 3765 vitam
670 3738 795 3785 eorum
809 3732 998 3786 mentibus
1017 3727 1139 3770 fervire
1168 3731 1357 3770 charitatis

315 3784 500 3821 αοιιιοιοὶι.
529 3785 680 3825 AEterna
698 3789 832 3836 quippe
858 3792 1160 3840 contemplatione
1170 3792 1290 3840 agitur
1316 3796 1361 3831 ut

719 209 759 245 Β.
786 201 954 244 RABANI
979 199 1128 238 MAURl
1152 194 1368 235 ARCHIEP.

278 304 315 336 et
324 289 536 339 intelligibili
545 292 665 331 nocte,
675 286 718 323 de
731 294 801 330 qua
818 279 947 317 Paulus
960 276 1104 313 dicebat
1116 274 1226 311 :·Non
1242 282 1324 318 erqo
1342 271 1380 312 Α
1393 269 1620 316 omnipotens
1636 268 1733 305 Deus
1748 277 1820 313 quo
1838 263 1953 311 magis
1972 261 2072 298 visus
2094 258 2218 303 fuerit,
2237 267 2282 296 eo
2297 258 2455 306 amplius

1396 191 1606 231 MOGUNT.
1633 189 1826 230 OPERUM
1847 186 1971 226 PARS
1994 185 2023 222 1.
2380 179 2453 218 296

1395 329 1578 377 diligatur.

1459 390 1578 438 (lain.)
1620 389 1707 425 Hoec
1737 393 1787 424 est
1819 386 1876 422 lex
1908 382 2076 429 sacrificii
2104 386 2137 418 et
2166 380 2454 427 libamentorum,
2496 418 2505 428 ,

1394 462 1471 498 quoe
1491 451 1636 497 offerent
1660 449 1727 495 filii
1764 448 1885 483 Aaron
1905 455 2026 480 coram
2042 443 2192 479 Domino
2210 449 2243 478 et
2260 453 2380 478 coram
2395 439 2454 479 al-

1395 513 1477 547 tari.
1511 511 1621 547 Tollet
1641 510 1803 547 sacerdos
1823 506 1995 555 puqittum
2008 505 2149 550 similoe,
2168 516 2246 552 quoe
2264 514 2455 551 conspersa

1394 579 1446 609 est
1463 572 1553 615 oleo,
1590 578 1623 607 et
1643 578 1752 607 totum
1771 570 1866 612 thus,
1883 567 1976 615 quod
2005 577 2108 614 super
2120 564 2274 602 similam
2304 565 2454 612 positum

1394 638 1456 667 est.
1479 631 1705 679 Adolebitque
1720 630 1808 666 illud
1828 630 1866 665 in
1881 628 1987 664 altari
2016 628 2053 663 in
2067 627 2317 663 monimentum
2337 626 2455 662 odoris

1394 694 1592 730 suavissimi
1622 693 1800 735 Domino,·
1833 690 2005 738 reliquam
2025 696 2142 725 autem
2166 694 2301 736 partem
2329 687 2456 724 similoe

1395 753 1549 789 comedet
1576 751 1697 787 Aaron
1730 763 1809 787 cum
1844 750 1929 796 filiis
1945 750 2019 786 suis
2052 749 2181 796 absque
2211 749 2395 795 fermento,
2424 753 2456 783 et

1395 813 1549 850 comedet
1578 813 1616 848 in
1637 812 1712 847 loco
1728 812 1925 847 sanctuarii
1957 809 2189 846 tabernaculi.
2222 809 2310 844 Ideo
2340 814 2457 844 autem

1395 887 1465 912 non
1482 875 1758 922 fermentabitur,
1775 874 1856 921 quia
1883 884 1965 919 pars
1981 872 2057 918 ejus
2085 872 2123 907 in
2142 870 2285 906 Domini
2312 869 2458 915 offertur

1393 931 1587 972 incensum.
1617 935 1787 972 Sanctum
1814 939 2014 969 sanctorum
2028 932 2107 975 erit,
2125 931 2214 967 sicut
2242 941 2304 976 pro
2319 934 2457 976 peccato

1394 1001 1496 1041 atque
1523 994 1660 1030 delicto.
1695 994 1811 1033 Mares
1836 1000 1971 1028 tantum
2001 991 2119 1038 stirpis
2134 991 2254 1027 Aaron
2281 989 2459 1026 comedent

1393 1055 1498 1100 illud,
1513 1055 1703 1103 leqitimum
1717 1055 1966 1102 sempiternum
1980 1054 2017 1088 in
2032 1051 2313 1099 qenerationibus
2322 1050 2458 1094 vestris,

1397 1117 1440 1152 de
1455 1116 1639 1162 sacrificiis
1654 1116 1811 1151 Domini.
1834 1114 1957 1150 Omnis
1980 1114 2039 1160 qui
2056 1113 2204 1159 tetiqerit
2223 1112 2301 1155 illa,
2329 1111 2461 1146 sancti-

1395 1250 1474 1286 quae
1493 1239 1605 1275 semel
1621 1238 1798 1284 exposuit,
1818 1243 1857 1272 ut
1872 1234 2061 1281 multiplici
2074 1233 2289 1280 repetitione
2302 1232 2462 1268 mandati

1394 1301 1554 1348 legentes
1587 1301 1631 1336 ad
1650 1299 1864 1336 memoriam
1888 1301 2089 1333 revocaret.
2125 1295 2314 1340 Quatenus
2340 1300 2463 1330 autem

1394 1372 1460 1407 per
1475 1361 1727 1406 repetitionem
1747 1359 1837 1406 legis
1852 1358 2138 1394 necessariorem
2156 1356 2324 1392 redderet
2339 1355 2466 1391 lectio-

1397 1434 1497 1466 nem,
1521 1422 1718 1468 interponit
1738 1421 1873 1467 aliquid
1897 1420 2065 1466 amplius,
2085 1418 2188 1463 cujus
2206 1418 2322 1464 gratia
2339 1427 2466 1454 neces-

1405 1486 1544 1521 sarium
1562 1485 1631 1519 hoc
1647 1484 1856 1519 mandatum
1889 1487 1925 1517 et
1943 1480 2187 1517 inexcusabile
2207 1479 2315 1515 nimis
2334 1479 2466 1514 existe-

1402 1551 1469 1582 ret.
1499 1544 1600 1581 Sicut
1620 1554 1707 1591 ergo
1727 1544 1764 1579 in
1788 1543 2080 1590 praecedentibus
2105 1542 2149 1577 de
2167 1541 2388 1577 holocaustis
2406 1550 2466 1576 sa-

1402 1607 1539 1643 crificia
1559 1606 1717 1648 iteravit,
1750 1605 1974 1651 permiscens
1999 1603 2051 1639 eis
2071 1602 2319 1638 assiduitatem
2339 1601 2464 1647 ipsius,
2527 1642 2531 1644 Y

1401 1675 1441 1704 ut
1455 1674 1512 1704 est
1526 1668 1614 1704 illud
1631 1681 1638 1703 ε
1654 1668 1753 1715 lqnis
1767 1668 1825 1714 qai
1845 1667 1882 1703 in
1896 1666 2002 1702 altari
2011 1672 2060 1702 est
2079 1677 2213 1711 semper
2227 1665 2365 1708 ardeat,
2380 1675 2469 1699 nun-

1401 1741 1572 1776 quamque
1583 1729 1724 1774 desiciat
1734 1740 1747 1772 ;
1765 1729 1818 1764 sic
1831 1733 1866 1763 et
1881 1738 1986 1770 nunc,
2009 1737 2091 1763 cum
2107 1725 2325 1762 sacrificium
2341 1725 2468 1762 similae

1403 1791 1612 1826 deduxisset
1632 1791 1677 1826 ad
1696 1790 1871 1833 medium,
1900 1800 1965 1835 per
1982 1799 2090 1834 quam
2112 1787 2310 1835 significari
2331 1786 2470 1823 theolo-

1404 1852 1499 1898 giam
1517 1852 1553 1886 in
1577 1851 1686 1898 hujus
1702 1850 1784 1886 libri
1801 1850 1950 1887 exordio
1968 1849 2308 1892 demonstravimus,
2331 1848 2470 1885 addidit
2519 1880 2522 1881 γ

1405 1913 1500 1958 quod
1518 1917 1661 1958 oportet
1680 1922 1762 1948 eam
1782 1911 1819 1947 in
1835 1911 1913 1947 loco
1933 1915 2072 1946 tantum
2091 1915 2218 1946 sancto
2236 1915 2272 1944 et
2292 1919 2313 1944 a
2330 1918 2470 1944 mascu-

1406 1974 1465 2017 lis,
1482 1984 1554 2010 non
1573 1979 1693 2010 autem
1706 1974 1841 2019 ubique
1852 1978 1914 2008 aut
1929 1972 2040 2008 etiam
2054 1972 2100 2007 ab
2111 1971 2291 2013 omnibus,
2310 1969 2467 2006 comedi.
2519 2018 2523 2019 ⁷

1406 2034 1457 2070 De
1476 2045 1545 2080 qua
1559 2035 1641 2070 vide
1655 2035 1774 2080 qualia
1791 2034 1900 2069 etiam
1917 2043 2014 2069 nunc
2029 2032 2202 2078 praecepit
2218 2044 2227 2066 :
2244 2030 2279 2067 H
2283 2042 2331 2067 aec
2348 2037 2397 2066 est
2414 2029 2470 2065 lex
2524 2053 2526 2057 -

1411 2165 1530 2189 coram
1545 2154 1694 2189 Domino
1715 2160 1747 2189 et
1763 2166 1879 2189 coram
1900 2154 2020 2190 altari.
2038 2153 2114 2189 Hoc
2130 2162 2217 2199 ergo
2227 2152 2271 2188 de
2287 2161 2358 2197 quo
2374 2159 2471 2186 nunc.

1411 2223 1531 2249 sermo
1546 2219 1601 2248 est
1624 2226 1632 2248 :
1655 2213 1718 2249 filii
1734 2215 1868 2258 Aaron,
1897 2215 1933 2250 id
1953 2222 2022 2259 est,
2051 2215 2223 2251 sublimes
2241 2213 2278 2250 in
2294 2212 2471 2260 sapientia
2510 2233 2515 2236 -

1412 2275 1592 2318 homines,
1628 2276 1695 2311 soli
1710 2275 1839 2312 offerre
1862 2277 1994 2313 debent
2013 2287 2137 2314 coram
2151 2277 2319 2319 Domino,
2349 2275 2384 2312 id
2399 2279 2468 2317 est,

1413 2338 1609 2373 secundum
1643 2338 1738 2382 quod
1758 2339 1821 2374 Dei
1846 2339 2012 2376 voluntas
2034 2345 2102 2382 est,
2134 2350 2206 2376 non
2222 2337 2403 2385 superfluo
2435 2337 2471 2373 in
2511 2338 2515 2379 j

1413 2398 1534 2434 divino
1563 2398 1801 2443 disputantes,
1836 2399 1899 2434 sed
1917 2409 2141 2444 quaecunque
2169 2399 2272 2434 nobis
2304 2398 2473 2434 Christus

1413 2458 1600 2494 revelabit.
1622 2458 1698 2494 Hoc
1710 2458 1808 2493 enim
1834 2458 1994 2504 intellige
2014 2459 2110 2504 quod
2124 2457 2188 2502 ait,
2214 2468 2332 2492 coram
2348 2457 2471 2492 altari.
2515 2464 2517 2466 ·

1416 2519 1506 2563 Quia
1540 2519 1653 2554 altare
1676 2528 1757 2555 esse
1779 2518 1986 2554 humanit-as
2016 2517 2199 2563 Unigeniti
2226 2517 2474 2553 demonstrata

1414 2586 1481 2624 est,
1499 2590 1585 2626 ergo
1606 2580 1643 2616 in
1657 2580 1714 2616 his
1735 2580 1952 2626 theologiam
1974 2580 2250 2622 constituamus,
2269 2588 2350 2625 quae
2368 2577 2472 2615 nohis

1414 2642 1624 2678 incarnatus
1639 2642 1787 2678 tradidit
1805 2641 1992 2684 Dominus,
2025 2647 2062 2676 ut
2078 2641 2225 2677 Patrem
2246 2641 2283 2676 in
2301 2651 2344 2677 eo
2369 2646 2406 2677 et
2420 2641 2474 2686 ip-
2513 2628 2521 2677 s

1414 2713 1492 2738 sum
1504 2703 1539 2738 in
1554 2702 1660 2739 Patre
1674 2703 1887 2748 cogitemus,
1898 2707 1934 2737 et
1950 2703 1994 2738 de
2008 2700 2144 2748 Spiritu
2160 2706 2284 2738 sancto
2300 2702 2470 2744 sciamus,
2514 2718 2518 2739 ς

1415 2764 1499 2808 quia
1531 2770 1568 2799 et
1590 2763 1702 2808 ipsius
1728 2768 1784 2798 est
1805 2762 1903 2806 Filii,
1933 2767 1968 2798 et
1993 2773 2013 2797 a
2033 2759 2139 2798 Patre
2155 2761 2331 2808 procedit.
2362 2759 2470 2795 Tollet

1416 2825 1577 2860 sacerdos
1596 2823 1766 2870 puqillum
1781 2823 1906 2858 similae
1943 2835 2019 2870 quae
2040 2833 2225 2870 conspersa
2243 2827 2294 2858 est
2319 2821 2407 2864 oleo,
2439 2825 2489 2856 et·

1418 2890 1528 2919 totum
1544 2884 1624 2918 thus
1651 2883 1743 2928 quod
1763 2894 1866 2929 super
1885 2883 2036 2919 similam
2051 2883 2204 2930 positum
2217 2887 2283 2926 est,
2307 2880 2484 2917 adolebit-²

1418 2955 1483 2990 que
1502 2943 1591 2978 illud
1621 2944 1658 2978 in
1671 2943 1776 2978 altari
1800 2944 1838 2979 in
1863 2945 2115 2980 monimentum
2142 2943 2260 2979 odoris
2276 2939 2494 2978 suavissimi

1421 3070 1593 3111 gurantur
1605 3075 1671 3111 per
1692 3065 1811 3102 oleum
1832 3071 1868 3101 et
1878 3067 1973 3110 thus,
1996 3067 2128 3113 quihus
2146 3064 2352 3102 necessarie
2372 3064 2447 3100 the

1421 3123 1515 3172 logia
1535 3126 1763 3171 conquiritur
1779 3137 1789 3170 ;
1809 3127 1997 3172 utriusque
2020 3128 2051 3163 si
2073 3127 2218 3173 quidem
2237 3125 2457 3173 adjutor-ium

1421 3306 1504 3342 hilis
1524 3306 1694 3343 sacerdos
1716 3306 1880 3345 Christus
1902 3311 2076 3357 pugillum
2094 3311 2202 3355 tollit,
2231 3312 2317 3358 quia
2333 3321 2441 3348 sumn
2459 3325 2461 3330 ’

1424 3365 1576 3402 scientia
1597 3366 1690 3412 apud
1708 3375 1791 3401 eum
1812 3375 2012 3413 permanet,
2033 3370 2130 3415 quod
2154 3370 2191 3406 in
2210 3371 2462 3406 monimentuu·

1424 3425 1569 3471 quidem
1583 3431 1640 3462 est
1671 3427 1755 3472 quia
1772 3427 1808 3462 in
1824 3435 2038 3476 perpetuum
2055 3431 2126 3468 erit
2143 3440 2380 3478 permansura
2397 3441 2459 3467 mr

1424 3485 1555 3522 moria.
1593 3485 1718 3533 Neque
1737 3487 1847 3531 enim,
1874 3492 2178 3536 quemadmodum
2201 3501 2246 3528 ea
2275 3501 2356 3539 quae
2377 3502 2400 3529 n
2438 3507 2441 3521 ¹

1424 3553 1480 3585 est
1492 3553 1616 3585 nostra
1628 3548 1793 3593 seientia,
1804 3557 1975 3597 provectu
1991 3553 2189 3591 destruitur
2202 3565 2214 3600 ;
2233 3554 2319 3600 quia
2331 3564 2403 3602 qua
2415 3574 2426 3579 ν·
2436 3571 2446 3603 χ

1422 3609 1553 3646 venerit
1568 3609 1661 3656 quod
1674 3609 1866 3657 perfectum
1879 3617 1944 3656 est,
1965 3612 2058 3650 sicut
2074 3614 2126 3651 ait
2146 3613 2294 3658 Paulus,
2328 3630 2333 3643 ι
2352 3638 2358 3643 «
2378 3629 2397 3641 ‘⁴
2435 3622 2446 3636 f

1421 3673 1482 3704 tur
1501 3668 1595 3716 qaod
1621 3679 1665 3706 ex
1681 3675 1780 3717 parte
1797 3676 1848 3706 est
1867 3670 1903 3718 (l
1922 3670 2004 3708 Gor.
2024 3673 2120 3723 1111).
2145 3675 2270 3723 ltaque
2303 3690 2329 3705 1¹
2352 3691 2367 3706 ιε

1423 3729 1640 3777 cognitionis
1661 3735 1700 3767 et
1715 3729 1886 3779 perfectae
1903 3732 2064 3771 scientiae
2080 3745 2163 3773 esse
2180 3734 2290 3784 apud,
2344 3775 2349 3777 s
2366 3733 2376 3743 '
2408 3747 2425 3758 ··

1422 3789 1607 3839 legislator
1624 3790 1754 3830 innuit.
1792 3791 1887 3839 Quid
1915 3796 2036 3842 autem
2047 3793 2116 3849 ,us
2137 3783 2289 3845 sunan,
2314 3783 2333 3802 ·”

1576 3898 1603 3922 a*
1687 3920 1691 3925 ,
1754 3899 1760 3904 “
2094 3921 2099 3926 ¹
2227 3900 2290 3919 2⁹7·
