2540 4016
334 170 405 207 723

331 313 382 344 est
401 306 444 342 de
463 303 641 354 Hesebon,
659 305 805 351 flamma
822 306 865 342 de
879 306 1005 352 oppido
1031 305 1138 349 Seon,
1166 312 1199 342 et
1217 307 1391 345 devoravit

331 367 382 403 Ar
414 365 665 410 Moabitarum,
696 371 731 402 et
765 366 976 403 habitatores
1007 366 1222 404 excelsorum
1254 369 1389 405 Arnon.

329 425 483 478 Propter
502 426 587 470 hoc,
614 425 748 476 inquit,
767 427 890 464 dicent
909 428 1161 475 aenigmatistae
1178 441 1187 464 :
1214 428 1336 466 Venite
1354 430 1391 467 in

321 483 508 530 'IIesebon,
538 492 576 522 ut
606 486 802 532 oedificetur
821 494 855 523 et
885 495 1112 526 construatur
1141 490 1261 526 civitas
1283 489 1388 535 seon,

328 550 494 595 quoniam
510 549 602 595 tynis
618 551 787 596 processit
802 550 845 586 de
867 550 1042 597 H'esebon,
1063 558 1096 589 et
1113 554 1259 599 flamma
1286 554 1330 589 de
1344 554 1392 590 ci-

328 609 433 645 vitate
465 608 572 653 Seon,
603 614 635 645 et
670 609 846 646 devoravit
868 611 919 647 Ar
936 611 1188 649 Moabitarum.
1221 613 1330 656 seon,
1350 618 1392 649 nt

329 670 499 714 diximus,
519 676 599 707 erat
629 681 708 716 rex,
733 672 834 718 cujus
854 679 934 710 erat
951 674 1079 711 civitas
1113 675 1292 711 Hcsebon.
1329 672 1390 709 Sic

329 741 414 779 ergo
432 733 684 780 intelligendus
718 739 773 770 est
805 735 895 772 ordo
912 737 1117 779 verborum,
1149 737 1234 783 quia
1265 736 1390 772 dicunt

328 794 389 830 isti
406 795 677 842 aenigmatistae:
710 795 840 841 Venite,
875 803 912 832 ut
941 798 1133 842 aedificetur
1150 804 1182 834 et
1209 804 1390 833 construa-

328 860 388 889 tur
417 854 591 899 IIesebon,
612 867 693 902 quae
710 856 779 891 fuit
800 857 921 892 civitas
945 857 1049 894 Seon.
1072 857 1143 894 Sed
1162 859 1389 904 requiramus

327 926 424 952 nunc
459 917 520 963 qui
556 923 640 953 sunt
672 918 730 954 isti
761 918 1023 964 aenigmatistae.
1059 919 1225 966 AEnigma
1257 919 1389 955 dicitur

327 985 445 1012 sermo
479 978 666 1023 figuratus.
708 978 973 1026 AEnigmatistae
1007 991 1092 1026 ergo
1122 981 1304 1023 dicuntur,
1326 981 1388 1026 qui

326 1036 523 1083 figuraliter
540 1039 747 1084 loquuntur.
770 1041 814 1076 Et
832 1041 912 1086 quis
932 1046 987 1076 est
1003 1041 1106 1083 alius,
1124 1042 1185 1086 qui
1202 1042 1237 1076 in
1264 1041 1388 1087 figuris

326 1097 466 1133 locutus
499 1098 558 1140 sit,
581 1098 650 1134 nisi
681 1099 739 1135 lex
755 1104 791 1134 et
820 1101 1034 1145 proplietae?
1052 1100 1145 1136 Audi
1165 1102 1277 1144 enim,
1298 1113 1388 1148 quo-

325 1157 433 1192 modo
458 1157 570 1192 David
589 1158 701 1194 dicit:
738 1159 903 1206 Aperiunt
926 1161 963 1196 in
998 1162 1166 1207 parabola
1193 1173 1230 1197 os
1255 1173 1384 1206 meum,
1406 1149 1438 1188 Β

325 1216 449 1269 loquar
467 1219 719 1264 propositiones
752 1220 794 1255 ab
828 1221 928 1256 initio
957 1221 1072 1268 (Psal.
1098 1222 1239 1270 valu).
1263 1223 1334 1259 Sed
1353 1229 1389 1259 et

323 1277 448 1320 lsaias,
469 1279 553 1324 quia
578 1280 771 1324 aenigmata
802 1281 874 1316 sint
900 1292 980 1326 quae
1005 1283 1164 1327 scripsit,
1183 1283 1252 1319 hoc
1282 1284 1388 1319 modo

323 1339 496 1375 declarat.
535 1339 663 1382 Erunt,
686 1341 815 1385 inquit,
835 1342 937 1376 verba
966 1342 1061 1384 libri,
1081 1344 1171 1377 sicut
1191 1348 1292 1378 verba
1309 1344 1390 1378 libri

321 1399 449 1444 siqnati
466 1408 477 1431 .·
497 1409 597 1445 quenz
616 1399 646 1434 si
666 1399 822 1434 dederint
841 1401 877 1434 in
894 1411 1020 1435 manus
1040 1401 1190 1436 hominis
1207 1402 1389 1437 nescientis

321 1457 456 1493 litteras
472 1463 504 1493 et
524 1459 675 1493 dimerint
694 1460 739 1501 ei,
764 1459 866 1505 Leqe,
900 1460 1004 1503 dicet,
1029 1460 1113 1495 Non
1143 1461 1220 1495 novi
1237 1461 1386 1497 litteras.

321 1517 361 1553 Si
378 1524 494 1554 autem
514 1519 673 1555 dederint
697 1520 819 1555 scienti
846 1520 997 1563 litteras,
1017 1521 1120 1563 dicet,
1145 1520 1226 1556 Non
1246 1534 1387 1568 possum

321 1578 446 1626 leqere,
468 1581 627 1627 siqnatus
661 1587 711 1616 est
734 1582 825 1616 enim
852 1582 942 1629 (Isa-
976 1583 1091 1629 xxix).
1126 1582 1298 1628 Signatus
1321 1594 1387 1619 au-

322 1644 396 1676 tem
412 1641 547 1676 dicitur
566 1641 671 1684 liber,
692 1652 735 1678 eo
766 1643 861 1687 quod
879 1642 1006 1688 figuris
1034 1643 1227 1689 perplexus
1264 1649 1331 1686 est,
1352 1649 1388 1680 et

320 1701 571 1748 aenigmatibus
608 1702 800 1739 involutus.
840 1704 972 1740 Dicunt
1009 1714 1094 1751 ergo
1132 1705 1190 1740 isti
1217 1705 1387 1751 aenigma-

320 1762 440 1805 tistae:
469 1763 587 1801 Venite
603 1766 639 1801 in
654 1765 827 1808 Hesebon,
844 1773 881 1801 ut
895 1767 1100 1812 oedificetur.
1118 1767 1256 1803 Cecidit
1268 1768 1386 1815 prima

319 1823 382 1861 illa
404 1820 584 1870 llesebon,
607 1815 690 1863 .im0
714 1828 887 1864 subversa
913 1834 1023 1865 estet
1046 1830 1207 1872 incensa,
1233 1831 1385 1866 reaedifi-

319 1889 434 1922 canda
468 1893 524 1923 est
554 1888 637 1923 alia.
675 1888 745 1925 Sed
771 1890 952 1935 quomodo
988 1892 1057 1926 hoc
1089 1891 1164 1933 fiat,
1200 1897 1384 1937 assumpto

317 1948 554 1984 ostendamus
575 1949 752 1995 exemplo.
775 1950 846 1986 Sed
868 1951 1058 1987 videamus
1077 1951 1247 1997 gentilem
1269 1952 1305 1986 in
1324 1953 1384 1988 dc-

320 2009 452 2045 dccore
483 2010 567 2045 vitae
595 2011 770 2055 positum,
801 2021 844 2047 ac
863 2011 1047 2058 religionis
1065 2021 1203 2055 errore,
1229 2023 1300 2048 non
1318 2013 1383 2048 du-

319 2068 415 2106 bites
438 2071 482 2106 de
499 2081 542 2106 eo
561 2071 695 2114 dicere,
715 2072 811 2116 quod
834 2073 881 2108 sit
906 2073 982 2108 haec
1013 2072 1182 2109 Hesebon
1201 2074 1328 2109 civitas
1346 2073 1382 2108 in

320 2139 433 2175 regno
457 2130 552 2176 regis
586 2130 696 2166 Seon.
731 2131 871 2178 Regnat
909 2133 1005 2168 enim
1035 2133 1073 2169 in
1101 2133 1384 2179 cogitationibus

320 2190 414 2236 ejus,
434 2201 498 2227 rex
517 2191 765 2228 infructuosus
782 2198 818 2228 et
837 2193 968 2229 elatus.
993 2193 1048 2230 Ad
1078 2195 1188 2237 hunc,
1221 2195 1252 2230 si
1280 2205 1383 2231 acce-

321 2250 384 2286 dat
404 2251 526 2293 lsrael,
554 2252 623 2288 boc
649 2257 716 2294 est,
739 2252 911 2289 Ecclesiae
930 2253 1040 2297 filius,
1065 2259 1102 2290 et
1129 2253 1299 2291 adhibeat
1323 2255 1381 2301 ja-

321 2311 402 2347 cula
433 2312 535 2348 verbi
555 2311 631 2354 Dei,
667 2317 704 2348 et
736 2313 927 2360 distringat
961 2320 1087 2350 contra
1106 2325 1188 2351 eum
1224 2315 1382 2361 gladium

321 2373 483 2419 spiritus,
500 2378 537 2410 et
565 2375 728 2411 destruat
744 2375 782 2410 in
809 2385 853 2412 eo
869 2386 996 2412 omnes
1030 2377 1250 2414 munitiones
1267 2379 1382 2424 genti-

320 2434 410 2471 lium
443 2435 663 2482 dogmatum,
697 2441 733 2472 et
754 2437 926 2474 elationes
962 2445 1260 2485 argumentorum
1289 2440 1380 2486 ejus,

319 2495 404 2542 igne
426 2496 608 2543 veritatis,
622 2506 764 2540 exurat,
786 2497 895 2533 dicito
913 2498 957 2534 de
987 2499 1072 2542 hoc,
1091 2499 1176 2545 quia
1211 2500 1383 2537 subversa

320 2562 376 2594 est
392 2556 560 2594 Hesebon
577 2557 705 2595 civitas
738 2557 846 2595 Seon.
870 2557 943 2595 Sed
967 2569 1038 2595 non
1065 2561 1242 2597 continuo
1261 2561 1383 2598 deser-

319 2625 379 2656 tus
396 2625 434 2656 et
462 2619 657 2657 destitutus
688 2619 910 2667 relinquitur
940 2621 1009 2658 iste
1033 2622 1071 2658 in
1103 2633 1175 2669 quo
1209 2624 1382 2660 subversa

321 2684 406 2716 sunt
436 2679 623 2725 gentilium
645 2680 826 2726 dogmata.
860 2680 939 2718 Non
975 2682 1070 2718 enim
1102 2681 1291 2729 disciplina
1328 2688 1383 2720 est

321 2738 406 2775 filiis
425 2738 535 2776 lsrael
549 2739 751 2776 destructas
779 2741 997 2787 relinquere,
1015 2753 1106 2788 quas
1127 2744 1383 2780 destruxerunt

321 2799 501 2843 civitates,
523 2799 588 2836 sed
605 2809 689 2836 cum
720 2801 928 2837 subruerint
959 2807 995 2838 et
1017 2803 1215 2840 everterint
1247 2804 1285 2839 in
1313 2804 1381 2840 ho-

316 2862 421 2898 mine
449 2861 564 2898 malas
580 2860 817 2908 cogitationes
847 2867 885 2898 et
913 2863 1042 2909 impios
1063 2874 1204 2908 sensus,
1227 2865 1381 2902 reaedifi-

323 2927 410 2958 cant
424 2932 552 2958 rursus
569 2922 606 2958 'm
633 2922 744 2958 corde
758 2923 848 2968 ejus,
866 2933 974 2968 quam
993 2924 1249 2962 destruxerant
1264 2926 1379 2962 bonas

316 2981 576 3027 cogitationes,
593 2981 672 3027 pios
699 2991 842 3025 sensus,
874 2983 1075 3019 doctrinam
1091 2985 1257 3021 veritatis
1283 2986 1379 3022 inse-

316 3046 419 3084 rrent,
437 3040 623 3086 religionis
641 3042 751 3077 ritum
772 3042 927 3085 tradent,
960 3044 1122 3080 ordinem
1153 3045 1297 3082 vivendi
1317 3047 1379 3082 do-

322 3104 468 3148 cebunt,
502 3103 729 3141 honestatem
765 3114 919 3149 morum,
958 3106 1223 3143 observantiam
1256 3109 1379 3145 statim

314 3166 588 3211 monstrabunt,
612 3173 650 3203 et
670 3171 756 3204 tunc
776 3177 863 3205 vere
893 3169 1013 3206 dicent
1043 3171 1102 3207 isti
1132 3172 1380 3218 aenigmatista}

324 3229 371 3266 ad
387 3229 600 3276 semetipsos
624 3230 779 3266 invicem
795 3242 804 3266 ε
826 3229 955 3267 Venite
982 3235 1018 3267 et
1037 3232 1255 3269 aedificemus
1269 3233 1381 3270 Hese-

325 3291 411 3335 bon,
432 3297 512 3338 quae
530 3291 599 3328 fuit
624 3291 751 3328 civitas
784 3291 893 3328 Seon.
925 3291 971 3338 Et
1000 3292 1069 3338 ipsi
1097 3292 1207 3335 enim,
1230 3293 1298 3329 hoc
1325 3298 1380 3330 est

324 3352 497 3390 Ecclesiae
525 3353 602 3396 tilii,
622 3354 707 3400 quia
727 3353 862 3399 figuras
886 3352 976 3400 legis
1007 3357 1044 3389 et
1064 3352 1256 3399 aenigmata
1274 3352 1382 3398 spiri-

325 3413 448 3449 taliter
466 3413 711 3461 intelligunt,
753 3409 1002 3461 aenigmatistae
1036 3410 1272 3461 appellantur.
1305 3413 1382 3450 Hoc

327 3479 397 3517 est,
415 3475 510 3521 quod
527 3480 564 3511 et
582 3473 758 3512 Jeremias
783 3473 940 3523 'figurato
954 3474 1381 3511 nihilominus-sermone

328 3533 506 3580 designat,
521 3535 584 3571 ubi
605 3536 651 3572 ad
670 3545 754 3572 eum
772 3535 904 3572 dicitur
929 3545 950 3571 a
971 3534 1150 3572 Domino:
1179 3534 1271 3570 Ecce
1301 3533 1383 3570 dedi

326 3593 430 3629 verba
455 3601 532 3630 meu
557 3594 596 3630 in
620 3605 679 3631 ore
705 3602 780 3640 tuo,
810 3605 886 3631 ecee
899 3595 1070 3632 ‘constitui
1099 3601 1133 3630 te
1161 3594 1264 3630 hodie
1279 3603 1384 3641 super

314 3659 484 3699 -yenteset
501 3663 622 3701 remia,
640 3654 820 3692 eradicare
836 3662 875 3691 et
898 3654 1104 3697 subvenere,
1127 3660 1158 3691 et
1170 3654 1383 3700 reoedificare

329 3719 364 3748 et
377 3713 574 3759 replantare
594 3714 796 3762 (aierem-1).
827 3715 921 3760 Quid
937 3716 1100 3752 eradicat
1117 3721 1155 3752 ct
1185 3715 1273 3762 quid
1288 3713 1382 3751 sub-

315 3768 680 3813 munim
702 3767 1003 3821 desonam-aue
1033 3781 1122 3814 erat-
1140 3772 1380 3822 reaia-saon.

760 164 802 202 Β.
829 163 1001 203 ΒΑΒΑΝΙ
1026 164 1174 203 MAURI
1196 161 1420 205 ARGHOEP.
1437 161 1647 203 nodum.
1672 163 1866 203 opetum
1889 162 2012 203 PARS
2030 162 2058 200 l.

333 246 526 295 «edificetur
537 249 570 288 et
595 249 821 281 construatur
841 245 962 282 civitas
982 244 1088 291 Seon.
1119 245 1217 292 Ignis
1235 256 1392 293 egressus
1407 245 1448 289 A
1461 246 1554 292 Quid
1571 248 1734 286 eradicat
1745 249 1784 286 in
1801 249 1872 286 ea?
1888 248 2134 295 Cogitationes
2144 248 2277 296 impin
2288 250 2327 288 et
2342 252 2442 300 impu
2472 271 2474 282 ι

1418 3822 1421 3824 ⁴
1437 3775 1536 3824 fiunt
1551 3768 1702 3815 vindeb,
1720 3770 1866 3819 liveat
1875 3766 2078 3808 mntem
2090 3767 2321 3819 popm

1459 307 1552 352 Quid
1575 308 1772 346 reaedificat
1790 309 1828 345 in
1846 318 1904 351 ea,
1923 313 1962 344 et
1987 308 2073 354 quid
2087 308 2293 355 replantat?
2321 310 2478 359 (iugitat

1458 381 1524 407 nes
1537 371 1616 416 pias
1627 376 1665 407 et
1677 375 1809 408 castas.
1828 369 1878 406 Ut
1893 369 2071 407 efficiatur
2085 370 2251 408 Hesehon
2265 371 2397 410 civitas
2414 378 2423 386 ·

1459 442 1531 468 non
1547 431 1853 474 Amorrhaeorum,
1877 431 1941 469 sed
1971 431 2128 469 filiorum
2149 432 2272 470 lsrael.
2309 432 2436 480 Moab,
2464 450 2481 469 ι-

1458 494 1718 539 interpretatur
1735 492 1778 528 de
1804 498 1903 540 patre
1915 493 1993 530 sive
2008 495 2102 540 aqna
2120 500 2281 540 paterna,
2297 495 2344 531 de
2375 496 2412 531 in
2446 510 2472 528 ·.·
2489 499 2492 520 1

1458 560 1496 592 et
1527 555 1705 591 ebrietate
1741 560 1954 601 conceptus,
1984 559 2022 591 et
2053 554 2319 601 quodammodo
2354 556 2507 595 absen

1458 614 1532 650 imo
1551 614 1738 650 nesciente
1765 619 1870 660 patre
1900 615 2043 650 'videtur
2060 625 2141 651 esse
2169 620 2374 662 generatus,
2408 625 2458 653 εει».
2479 627 2509 640 -›¹

1457 674 1572 711 larem
1597 675 1813 722 sapientiam
1836 676 2030 724 significat,
2052 687 2133 723 quae
2158 681 2343 714 auctorem
2362 677 2420 714 sui
2437 675 2511 714 ser‘

1457 744 1538 772 sum
1551 736 1674 772 habet.
1694 737 1740 772 Et
1756 737 1839 783 quia
1857 747 1902 773 ex
1930 738 1994 774 Dei
2014 737 2220 775 conditione
2238 742 2442 785 generatur,
2503 747 2506 750 ’

1452 798 1562 835 ,detur
1592 798 1739 844 quidem
1767 799 1811 834 de
1844 804 1949 844 patre
1981 799 2094 842 nasci,
2128 799 2223 845 quod
2260 799 2508 850 i'nterpretaty

1457 857 1576 894 Moab.
1598 858 1670 895 Sed
1689 860 1775 905 quia
1809 860 1950 896 adulter
1972 864 2040 904 est,
2070 866 2108 896 et
2137 860 2364 897 adversarius
2397 865 2492 907 popu

1457 924 1521 960 Dei
1542 925 1586 961 de
1599 925 1738 962 incesto
1753 936 1795 962 ac
1815 926 1985 972 spelunca
2007 935 2049 961 ac
2065 929 2172 961 nocte
2188 929 2393 971 generatur.
2417 922 2511 960 Und

1457 987 1653 1022 secundum
1662 986 1762 1022 lsaiae
1772 987 2013 1032 prophetiam,
2026 987 2064 1022 in
2079 989 2183 1021 nocte
2197 984 2318 1031 periit,
2328 983 2367 1020 in
2381 986 2463 1020 erro
2484 984 2488 991 “

1457 1047 1596 1083 scilicet
1630 1047 1862 1092 sempiterno.
1897 1047 1943 1081 At
1976 1056 2119 1091 quoque
2153 1045 2241 1080 urbs
2266 1042 2505 1080 Moabitarum

1457 1119 1536 1154 quae
1568 1108 1826 1153 interpretatur
1859 1107 2053 1146 antidicus,
2090 1106 2127 1141 id
2162 1109 2230 1148 est,
2267 1104 2500 1141 adversarius

1457 1172 1527 1207 hoe
1556 1170 1724 1211 ostendit,
1760 1169 1855 1215 quod
1876 1169 1954 1204 haec
1978 1167 2167 1213 sapientia,
2199 1177 2280 1212 quae
2312 1165 2507 1202 adversari

1457 1232 1521 1267 Dei
1535 1236 1605 1273 est,
1625 1229 1873 1267 ecclesiastico
1899 1237 2064 1264 sermone
2096 1232 2222 1262 contra
2254 1234 2292 1262 se
2320 1233 2466 1271 pugnan
2491 1239 2500 1254 ’-

1456 1292 1622 1327 veritatis
1653 1292 1735 1336 igne
1760 1288 2000 1332 consumitur,
2032 1297 2052 1322 a
2073 1296 2143 1332 quo
2164 1291 2200 1322 et
2218 1285 2441 1321 habitatores
2457 1288 2504 1320 ex
2525 1288 2533 1299 ‘

1456 1352 1636 1387 celsorum
1651 1351 1774 1386 Arnon
1802 1351 2032 1385 devorantur.
2054 1348 2176 1383 Arnon
2203 1347 2312 1387 enim,
2334 1351 2374 1381 ut
2393 1352 2500 1390 supra
2526 1351 2530 1353 “

1457 1411 1594 1445 dictum
1616 1415 1685 1451 est,
1705 1409 1912 1444 maledictio
1929 1408 2006 1444 sive
2022 1406 2238 1442 illuminatio
2263 1414 2389 1441 eorum
2407 1404 2503 1440 inter

1455 1476 1636 1516 pretatur,
1656 1470 1740 1514 quia
1755 1479 1881 1504 omnes
1897 1468 1958 1514 qui
1978 1468 2165 1503 confidunt
2181 1467 2219 1501 in
2233 1467 2332 1502 fastu
2351 1466 2497 1511 eloque·
2527 1474 2533 1475 ⁷

1456 1532 1516 1567 tite
1545 1537 1582 1566 et
1617 1530 1803 1576 sapientiae
1835 1530 2015 1570 humanae,
2053 1538 2133 1573 quae
2166 1526 2250 1562 siliis
2288 1525 2509 1562 tenebrarum

1456 1591 1575 1626 lucida
1597 1600 1678 1625 esse
1699 1590 1855 1633 videtur,
1877 1592 2062 1630 corruunt,
2090 1585 2365 1632 praecipitantur
2379 1589 2418 1620 et
2434 1585 2540 1621 con-⁴!

1456 1657 1662 1689 sumuntur.

1509 1713 1571 1748 Vm
1590 1712 1664 1755 tibi,
1686 1711 1813 1755 Moab;
1832 1711 1967 1758 peristi,
1985 1709 2283 1759 populeChamos.
2303 1707 2409 1744 Dedit
2428 1671 2540 1755 finoni

1455 1774 1530 1820 ejus
1550 1774 1586 1808 in
1604 1773 1739 1819 fnqam,
1758 1777 1790 1807 et
1810 1770 1928 1817 filias
1917 1781 1954 1806 tn
1969 1770 2203 1815 captivitatem
2223 1769 2295 1815 reqi
2318 1767 2540 1803 Amorrhoe-l

1454 1846 1554 1870 orum
1576 1833 1683 1870 Seon.
1704 1833 1836 1879 Juqum
1856 1834 2013 1879 ipsorum
2031 1831 2188 1878 disperiit
2215 1830 2258 1866 ab
2277 1830 2436 1866 Hesebon
2455 1840 2535 1875 ιιι-ι

1454 1905 1519 1941 que
1538 1893 1666 1929 Dibon.
1685 1892 1786 1928 Lassi
1805 1899 2033 1938 pervenerunt
2051 1892 2089 1926 in
2108 1891 2202 1936 Nofe
2221 1901 2328 1937 usqne
2351 1882 2540 1947 Medaba.{

1454 1954 1612 1990 Chamos
1641 1954 1905 1999 interpretatur
1937 1963 2166 1999 conyreqans,
2196 1951 2253 1987 vel
2284 1951 2386 1997 quasi
2413 1950 2540 2006 attre-{

1454 2016 1571 2050 ctatio.
1597 2015 1714 2052 Dibon
1740 2014 1962 2050 abundanter
1991 2013 2185 2059 intelliqens
2205 2012 2429 2047 tentationem
2443 2011 2540 2047 Sive}

1453 2077 1570 2121 sitlans
1597 2088 1731 2112 eorum.
1756 2076 1844 2113 Nose
1864 2076 2006 2123 sufflans
2023 2075 2081 2111 vel
2097 2075 2249 2120 spirans.
2280 2073 2326 2108 Et
2345 2070 2540 2116 Medaba,

1452 2137 1495 2172 de
1512 2138 1617 2173 saltu.
1652 2139 1714 2174 Vae
1745 2137 1891 2184 quidem
1910 2136 1980 2172 illis
2001 2140 2069 2180 est,
2090 2135 2151 2180 qui
2170 2135 2206 2169 in
2225 2132 2379 2179 spiritali
2410 2127 2540 2167 Moabt‘

1451 2198 1689 2241 confidentes,
1726 2201 1946 2244 congregant
1975 2196 2042 2232 sihi
2079 2196 2269 2230 thesauros
2307 2191 2540 2238 sapientiae,¹

1451 2269 1532 2305 quac
1558 2259 1707 2295 inimica
1727 2265 1783 2295 est
1811 2259 1899 2302 Deo,
1921 2263 1957 2295 et
1980 2267 2019 2294 se
2045 2257 2190 2303 erigunt
2211 2265 2276 2301 per
2310 2252 2530 2300 superbiam·

1451 2326 1578 2357 contra
1606 2322 1805 2367 potentiam
1839 2321 1916 2356 Dei.
1952 2319 2111 2364 Quorum
2139 2324 2260 2353 tamen
2279 2326 2352 2352 non
2379 2323 2533 2361 praevan

1432 2384 1539 2420 ‘lebit
1558 2385 1721 2428 audacia,
1743 2383 1807 2419 sed
1824 2383 1861 2418 in
1884 2382 2039 2429 figuram
2054 2385 2230 2421 vertetur,
2246 2383 2283 2415 et
2299 2376 2462 2414 tradetur
2476 2375 2533 2411 inv

1451 2444 1700 2489 captivitatem
1721 2442 1798 2489 regi
1816 2442 2033 2488 spiritalium
2053 2435 2540 2481 Amorrhaeorumssuqumt

1447 2505 1605 2550 ipsorum
1630 2504 1722 2539 enim
1752 2503 1916 2548 disperiet
1951 2501 1994 2536 ab
2021 2499 2180 2535 Hesebon
2202 2507 2311 2545 usque
2330 2497 2459 2539 Dibon,
2478 2494 2532 2531 idt

1449 2569 1519 2608 est,
1542 2575 1563 2600 a
1586 2564 1707 2600 radice
1721 2563 1950 2609 cogitationis
1966 2569 2082 2607 usque
2102 2560 2146 2595 ad
2163 2557 2447 2605 profunditatem
2461 2555 2540 2597 iil-2

1449 2626 1616 2663 tellectus
1633 2625 1766 2662 defluet
1781 2625 1935 2662 scientia
1952 2623 2111 2660 illorum.
2141 2622 2318 2667 Lassique
2331 2619 2540 2657 sufflantem<

1450 2688 1648 2724 vanitatem
1667 2687 1874 2728 verborum,
1895 2694 1938 2721 ac
1966 2684 2145 2730 spirantes
2173 2682 2337 2718 foetidum
2362 2679 2540 2721 odoremag

1451 2758 1578 2786 sensus
1594 2747 1746 2795 putridi,
1768 2747 1804 2782 in
1826 2745 1956 2782 saltum
1977 2743 2173 2780 infertilem
2193 2740 2419 2787 pervenient,
2451 2737 2540 2798 ubis-

1451 2820 1522 2846 non
1552 2812 1637 2844 sunt
1659 2808 1810 2843 arbores
1830 2805 2038 2846 fructuosae,
2075 2803 2137 2839 sed
2176 2802 2213 2837 in
2244 2809 2316 2846 quo
2349 2798 2540 2858 habitenttg

1449 2869 1600 2906 bestiae.
1591 2880 1599 2887 ·
1622 2873 1749 2904 contra
1769 2876 1859 2914 quas
1876 2866 2057 2911 Propheta
2086 2863 2280 2899 Dominum
2299 2862 2540 2909 deprecatur}

1450 2929 1600 2965 dicens:
1619 2926 1675 2962 Ne
1695 2927 1830 2970 tradas,
1857 2925 2017 2969 Domine,
2039 2924 2156 2960 bestiis
2177 2923 2315 2959 animas
2341 2920 2510 2964 confiten-
2536 2956 2540 2958 .

1442 2991 1537 3027 tium
1557 2990 1618 3025 tibi
1639 2989 1915 3036 (Psal.1,xx11r).
2524 2981 2540 3023 s.

1497 3051 1678 3087 Habitavit
1697 3057 1813 3086 autem
1833 3049 1970 3086 lsrael·
1957 3061 1994 3086 m
2010 3054 2103 3085 terra
2118 3047 2335 3090 Amorrhoei5
2350 3045 2512 3090 misitque
2525 3040 2540 3083 i

1450 3113 1604 3160 Moyses,
1636 3113 1695 3159 qui
1726 3112 1947 3159 explorarent
1977 3110 2110 3154 Jazer,
2145 3109 2246 3156 cujus
2274 3112 2435 3155 ceperunt
2461 3092 2540 3141 vi·-

1449 3172 1561 3215 culos,
1580 3178 1613 3207 et
1630 3172 1859 3218 possederunt
1881 3171 2106 3206 habitatores.
2127 3168 2238 3211 Misit,
2258 3166 2389 3213 inquit,
2412 3163 2512 3212 Moy-

1446 3241 1507 3268 ses
1524 3232 1683 3274 nuntios,
1704 3232 1766 3276 qni
1795 3230 2026 3276 explorarent
2054 3229 2174 3272 Jazer,
2196 3228 2298 3274 cuius
2323 3229 2511 3273 coeperunt

1445 3289 1599 3331 viculos,
1626 3294 1669 3323 'et
1696 3289 1937 3334 possederunt
1961 3288 2197 3333 habitatores.
2230 3286 2298 3329 Qui
2334 3288 2419 3320 sunt
2450 3283 2503 3320 illi

1444 3346 1580 3390 nuntii,
1590 3355 1688 3392 quos
1702 3345 1856 3392 Moyses,
1881 3345 1918 3381 id
1949 3349 2005 3381 est
2023 3345 2082 3380 tex
2097 3344 2213 3386 misit,
2242 3341 2522 3387 mimecaton-2

1446 3412 1546 3445 tores
1559 3406 1703 3444 sancti
1691 3407 1708 3432 ⁴²
1720 3411 1765 3442 ut
1778 3406 1945 3442 videlicet
1958 3405 2193 3451 explorarent
2221 3403 2339 3447 Smer,
2354 3410 2434 3450 quae
2451 3404 2464 3440 i
2479 3412 2482 3413 ⁷
2504 3398 2517 3438 .’

1443 3471 1672 3514 terpretatur
1695 3466 1868 3513 fortitudo
1890 3471 2024 3508 eoi-unt,
2050 3459 2129 3501 boe
2156 3470 2215 3500 est
2239 3465 2284 3501 ad
2308 3457 2520 3508 fortissimw

1443 3535 1603 3575 qumque
1614 3526 1783 3574 dogmata
1796 3525 2050 3563 hoemtieomm
2068 3530 2104 3562 et
2121 3525 2309 3562 dialectica
2327 3525 2510 3561 artenoti-

1446 3590 1604 3632 strueta,
1621 3584 1940 3634 iniquus-'rotmi-
1963 3586 2020 3622 sui
2035 3586 2192 3623 mundus
2207 3585 2352 3623 videtur
2368 3585 2417 3623 ha
2502 3587 2507 3590 “

1444 3649 1599 3691 erroris.
1624 3647 1921 3686 Raeeenim'cum
1943 3647 2200 3694 praedicatores
2218 3647 2335 3684 sancti
2351 3646 2505 3684 taient<

1442 3712 1593 3756 gentes,
1612 3707 1704 3744 anna
1719 3706 1766 3746 ae
1783 3707 1936 3755 *signia
1969 3714 2050 3744 esse
2068 3708 2373 3755 *conspexerunt*
