2540 4016
38 354 190 398 'omi-itm
209 362 252 391 ac
269 354 357 397 rori,
389 355 474 401 quia
505 355 667 402 germina
685 356 899 401 spiritalium
924 357 1105 398 fructuum

37 404 79 458 ta
92 416 252 455 fidelium
269 415 441 462 cordibus
460 417 609 463 expetit.
642 417 723 464 Ipsa
740 418 837 454 enim
857 425 942 455 sunt
967 430 1053 467 ager
1070 428 1106 459 ct

41 475 160 515 *vinea
178 476 334 521 Domini,
350 477 444 513 unde
464 477 524 514 ille
546 477 702 515 fructum
719 480 787 516 sibi
816 480 1020 526 amabilem,
1037 483 1106 520 hoc

37 542 108 579 test
123 538 299 574 bonorum
319 547 469 584 operum
483 539 631 584 expetit.
672 539 764 576 Huic
784 540 939 578 similem
961 551 1106 589 compa-

30 600 290 644 vtt·ationem,et
307 599 411 636 Isaiae
426 601 611 646 prophetae
630 601 845 639 invenimus.
871 602 1103 648 «Quomodo,

38 663 180 711 linquit,
202 663 386 700 descendit
401 663 516 699 imber
534 669 570 699 et
591 664 654 700 nix
671 664 715 701 de
729 665 833 709 eoelo,
857 670 893 701 et
911 665 995 702 illuc
1010 666 1105 702 ultra

37 733 123 763 mon
139 723 345 767 revertitur,
367 723 430 759 sed
448 723 604 760 inebriat
622 729 758 760 terram
777 729 814 761 et
832 724 989 761 infundit
1009 735 1102 770 eam,

38 789 86 822 tet
107 784 310 831 germinare
341 794 422 820 eam
447 784 561 829 facit,
586 790 623 822 et
644 786 705 821 dat
729 796 852 822 semen
887 786 1034 830 serenti,
1068 793 1105 822 et

36 852 177 891 panem
211 843 412 880 comedenti
429 871 438 888 ,
476 844 528 880 sic
557 845 628 881 erit
660 846 810 882 verbum
841 855 975 889 meum,
1009 846 1104 892 quod

37 903 253 951 egredietur
267 904 309 940 dc
318 913 382 940 ore
395 914 489 941 meo.
511 904 588 940 Non
598 910 799 942 revertetur
812 905 857 941 ad
870 915 928 941 me
937 915 1102 950 vacuum,

39 964 114 1000 ised
134 964 241 1000 faciet
264 974 487 1011 quaecunque
505 964 613 1007 volui,
632 971 668 1001 et
683 965 957 1011 prosperabitur
976 966 1013 1001 in
1031 966 1102 1011 his,

36 1025 93 1061 tad
123 1036 203 1070 quae
224 1027 306 1062 misi
338 1026 425 1062 illud
451 1026 541 1073 (Isa.
562 1026 633 1073 nv).
662 1039 673 1060 ι
711 1026 844 1062 Verum
864 1026 948 1072 quia
966 1027 1105 1074 Moyses

38 1083 254 1120 doctrinam
287 1095 389 1120 suam
420 1085 457 1120 in
477 1085 636 1131 pluviam
667 1095 904 1123 concrescere
936 1088 1040 1132 dixit,
1065 1094 1105 1124 ut

33 1147 209 1190 matenter
232 1152 311 1189 quae
330 1144 408 1179 haec
440 1143 561 1190 pluvia
581 1150 676 1181 esset
710 1146 983 1190 demonstraret,
1019 1149 1104 1184 sub-

35 1262 182 1301 !Nomen
207 1275 293 1312 ergo
312 1263 456 1301 Domini
471 1265 639 1302 invocare
664 1272 719 1302 est
742 1268 975 1316 Evangelium
992 1268 1097 1305 Chri-

30 1325 88 1361 sti
112 1325 310 1371 praedicare
330 1335 339 1361 :
364 1327 459 1372 quod
484 1327 545 1372 qui
564 1327 662 1363 audit
682 1333 718 1363 et
738 1328 824 1364 facit
858 1329 943 1365 boni
979 1330 1098 1376 operis

33 1385 219 1429 structum,
238 1387 349 1423 coelos
369 1387 446 1424 sine
467 1388 574 1424 dubio
590 1388 799 1434 possidebit.
827 1401 839 1422 ‹
856 1390 945 1426 Date
959 1391 1098 1437 magni-

33 1445 223 1483 fficentiam
233 1447 306 1483 Deo
326 1452 474 1483 nostro:
491 1447 555 1484 Dei
574 1448 671 1484 enim
691 1448 851 1494 perfecta
869 1455 953 1485 sunt
972 1460 1095 1495 opera,

30 1509 76 1542 et
98 1516 225 1543 omnes
249 1507 316 1543 viae
335 1508 413 1554 ejus
429 1507 577 1553 judicia.
603 1521 615 1542 ι
657 1508 886 1555 Magnificare
906 1511 1096 1547 Dominum

50 1571 94 1602 ,ει
114 1567 343 1612 majestatem
380 1567 581 1604 Salvatoris
604 1569 713 1605 corde
736 1570 894 1612 credulo,
933 1580 996 1606 ore
1020 1571 1096 1616 pio,

0 1623 1 1627 ’
30 1627 147 1663 stimul
175 1637 257 1663 cum
295 1629 401 1666 bonis
421 1630 559 1666 actibus
596 1631 806 1676 praedicare.
843 1631 943 1668 Unde
984 1632 1095 1668 Maria

33 1693 155 1724 ”nater
171 1688 313 1724 Domini
344 1689 381 1725 in
412 1689 560 1726 Cantico
586 1691 637 1726 ait
660 1703 667 1725 :
705 1704 717 1724 ‹
740 1691 945 1738 Magnificat
976 1693 1096 1728 anima

76 1758 118 1785 ea
139 1749 331 1785 Dominum
354 1759 364 1785 ε
389 1756 424 1787 et
450 1751 644 1787 exsultavit
661 1752 810 1798 spiritus
830 1763 931 1789 meus
957 1754 993 1789 in
1020 1754 1094 1790 Deo

46 1808 186 1845 talutari
204 1819 286 1846 meo
310 1809 411 1857 (Luc.
432 1810 473 1858 1).
500 1824 512 1845 ›
550 1811 629 1855 Dei,
657 1812 797 1858 inquit,
831 1813 991 1859 perfecta
1012 1820 1095 1850 sunt

41 1879 160 1917 opera.
192 1871 278 1915 Quae
297 1881 383 1919 ergo
407 1872 467 1908 illa
493 1879 576 1909 sunt
612 1875 748 1920 opera?
772 1876 854 1911 audi
875 1875 1020 1922 Moysen
1059 1877 1094 1912 in

43 1941 221 1968 ueneseos
254 1932 347 1969 libro
387 1933 565 1970 dicentem
589 1947 597 1969 :
638 1946 651 1968 ‹
676 1935 787 1981 Igitur
822 1936 974 1982 perfecti
1011 1942 1095 1973 sunt

42 1992 119 2028 meli
146 1997 182 2028 et
203 1998 316 2037 terra,
345 2000 382 2030 et
400 1995 517 2031 omnis
536 2000 684 2031 ornatus
702 2005 841 2032 eorum.
879 1996 1095 2042 Complevit-

50 2062 107 2098 {ue
128 2052 223 2089 Deus
243 2053 302 2090 die
325 2055 478 2099 septimo
501 2064 591 2100 opus
612 2066 732 2100 suum,
752 2057 848 2102 quod
866 2056 1023 2100 feceram
1058 2063 1093 2094 et

61 2177 196 2208 atrarat
230 2171 332 2220 (Gen.
358 2173 414 2220 ιι).
438 2187 450 2208 ι
491 2174 587 2221 Opus
613 2186 698 2222 ergo
736 2177 800 2212 Dei
821 2178 1018 2224 redemptio
1039 2184 1094 2215 est

50 2234 185 2269 numani
217 2234 381 2281 generis:
420 2245 527 2281 quam
559 2238 702 2282 quando
737 2238 890 2284 perfecit
932 2240 1092 2286 spiritale

56 2291 240 2336 abbatum,
275 2295 310 2329 in
330 2293 494 2341 sepulcro
528 2296 758 2342 requiescens
782 2298 885 2334 nobis
920 2300 1089 2336 ostendit.

54 2353 170 2390 lmnes
188 2354 257 2390 viae
279 2354 356 2400 ejus
375 2355 526 2401 judicia,
569 2358 652 2402 quia
677 2358 799 2394 omnia
820 2359 986 2395 mandata
1015 2359 1092 2405 ejus

47 2423 134 2450 tera.
151 2414 254 2451 Unde
267 2414 459 2452 Psalmista
479 2418 529 2453 ait
546 2428 554 2452 :
578 2429 590 2450 ‹
614 2417 689 2454 Lex
707 2417 850 2454 Domini
865 2419 1092 2466 irreprehen-

46 2476 150 2513 iibilis
163 2503 172 2521 ,
213 2483 427 2514 convertens
466 2479 624 2523 animas,
670 2480 916 2516 testimonium
951 2482 1091 2517 Domini

0 2535 1 2540 ’
53 2535 154 2580 dele,
177 2537 391 2583 sapientiam
410 2546 584 2584 praestans
605 2539 762 2584 parvulis
794 2539 909 2586 (Psal.
930 2540 1046 2587 xvm).
1073 2552 1086 2575 ι

46 2596 83 2632 tt
102 2597 211 2633 item:
236 2610 248 2631 (
270 2597 423 2640 Judicia,
450 2599 578 2643 inquit,
618 2599 681 2634 Dei
707 2609 806 2642 vera,
822 2598 1018 2643 justificata
1052 2600 1091 2635 in

77 2658 243 2701 metipsa.
290 2656 550 2693 Desiderabilia
588 2666 695 2704 super
727 2668 854 2693 aurum
878 2664 914 2694 et
934 2658 1089 2705 lapidem

62 2717 236 2752 retiosum
256 2716 423 2760 multum,
441 2722 477 2752 et
497 2717 656 2753 dulciora
685 2726 792 2763 super
813 2717 882 2753 mel
900 2723 937 2753 et
952 2717 1086 2754 savum.

70 2786 128 2813 am
143 2783 181 2813 et
196 2787 320 2813 servus
335 2782 417 2813 tuus
441 2778 598 2813 custodit
615 2787 671 2821 ea,
705 2777 742 2813 in
761 2777 1000 2813 custodiendis
1019 2777 1090 2814 illis

79 2838 227 2876 tributio
241 2838 366 2875 multa.
387 2851 399 2873 ι
416 2838 461 2874 Et
477 2839 562 2875 alibi
584 2850 592 2873 ε
617 2839 682 2875 «ln
696 2838 816 2882 labiis,
838 2839 968 2884 inquit,
983 2839 1086 2884 meis,

63 2899 265 2935 ronuntiavi
285 2900 406 2936 omnia
427 2899 563 2945 judicia
596 2899 669 2935 oris
688 2900 754 2935 tui.
790 2899 885 2936 Deus
903 2899 1018 2936 fidelis
1053 2904 1088 2935 et

49 2960 174 3006 lbsque
191 2959 263 2996 ulla
292 2961 481 3007 iniquitate
500 2960 619 3007 justus
651 2965 688 2996 et
719 2964 852 2999 rectus.
879 2972 892 2994 »
938 2958 1085 3003 Fidelis,

64 3019 123 3056 uia
144 3022 239 3067 quod
258 3021 424 3068 promisit
458 3021 584 3068 procul
606 3021 712 3057 dubio
734 3021 907 3068 implevit.
945 3020 1090 3067 Absque

65 3079 112 3116 lla
128 3081 330 3128 iniquitate,
349 3083 433 3128 quia
450 3082 601 3129 aequitas
620 3092 772 3127 summa,
800 3082 1090 3128 iniquitatiscon-

115 3143 150 3180 ia
171 3143 270 3180 nullo
288 3144 395 3181 modo
410 3145 559 3191 recepit.
592 3143 728 3188 Justus,
751 3144 835 3191 quia
857 3143 1091 3190 peccantibus

65 3211 111 3240 on
131 3205 390 3251 poenitentibus
425 3214 492 3251 pro
509 3204 613 3242 malis
643 3205 716 3241 suis
733 3205 908 3242 retribuet
929 3213 1087 3251 poenam.

72 3267 187 3308 ectus,
221 3264 304 3311 quia
323 3265 428 3312 digne
460 3266 692 3312 operantibus
710 3270 747 3301 et
770 3266 862 3301 bene
885 3263 1092 3311 poenitenti-

65 3331 121 3369 ·s,
151 3325 265 3362 vitam
288 3331 514 3373 perpetuam.
551 3338 565 3361 ι
586 3327 830 3364 Peccaverunt
858 3326 905 3370 ei,
935 3336 1007 3362 non
1026 3325 1089 3362 filii

140 3385 179 3422 in
194 3386 372 3424 sordibus.
394 3400 406 3422 ι
437 3387 623 3432 Quomodo
641 3397 714 3424 non
738 3387 802 3424 filii
822 3387 899 3431 Dei,
915 3387 984 3423 nisi
1005 3387 1088 3433 quia

66 3453 114 3480 on
128 3454 175 3481 ex
190 3445 287 3483 fide?
317 3459 330 3481 (
349 3446 531 3494 Quotquot
543 3454 663 3485 autem
675 3453 887 3494 receperunt
906 3457 1003 3490 eum,
1023 3447 1088 3483 de·

66 3504 96 3542 it
115 3504 169 3542 eis
192 3511 410 3551 potestatam
429 3507 522 3544 tilios
540 3508 606 3544 Dei
618 3507 710 3551 fieri,
731 3507 788 3542 his
805 3506 867 3552 qui
879 3505 1030 3541 credunt
1050 3504 1086 3539 in

54 3564 187 3608 *mune
205 3574 282 3611 ejus
296 3566 416 3614 (Ioan.
435 3566 477 3614 1).
498 3579 512 3602 ι
530 3567 632 3604 Unde
646 3567 818 3604 Dominus
835 3564 966 3602 Judaeis
979 3563 1085 3599 fidem

132 3625 296 3671 recipere
312 3627 531 3670 nolentibus,
554 3631 591 3663 et
606 3627 807 3665 doctrinam
819 3626 896 3672 eius
915 3631 1086 3671 spernen-

120 3693 152 3727 s,
173 3683 224 3720 ait
243 3696 254 3720 ι
277 3698 292 3720 t
314 3687 386 3724 Vos
399 3696 445 3724 ex
459 3692 562 3734 patre
580 3687 721 3724 diabolo
733 3688 834 3731 estis,
852 3691 890 3723 et
908 3683 1084 3723 desideria

103 3743 157 3785 ris
173 3745 284 3781 vestri
302 3746 412 3783 vultis
434 3747 567 3784 tacere.
594 3747 656 3784 llle
675 3748 856 3785 homicida
876 3747 944 3784 tuit
958 3746 1004 3782 ab
1018 3745 1086 3781 ini-

109 3808 148 3842 et
164 3803 257 3842 latro
283 3803 404 3852 (loqu.
419 3806 512 3853 vm).
536 3820 550 3841 ο
583 3807 629 3843 Et
657 3807 859 3855 Stephanus
877 3807 922 3845 ad
940 3806 1085 3844 eosdem

229 3867 412 3909 Parnon.
441 3868 584 3911 cvltl.
920 3880 925 3885 ·

80 190 86 211 ³
107 221 130 260 9
582 220 848 260 manna-rto
872 221 1023 260 suren
1046 225 1456 266 nnumnouomuu.
1481 249 1528 257 —
1551 231 1635 269 Lm.
1662 234 1720 271 iv.

42 294 284 348 ulinvoplto.
310 305 323 330 ι
367 294 558 342 Eloquium
582 294 673 341 legis
697 295 761 331 Dei
780 301 964 341 comparat
982 296 1109 343 pluviae
1126 299 1161 338 A
1176 298 1317 339 Judaeos
1336 300 1414 337 ait:
1442 313 1455 336 c
1478 302 1602 339 Patres
1614 305 1724 340 vestri
1749 314 1854 352 quem
1872 313 2119 358 prophetarum
2135 331 2207 361 non

1399 69 1423 88 Ο

2134 249 2204 287 970

1174 365 1260 395 sunt
1281 362 1487 406 persecuti?
1514 367 1551 398 et
1578 363 1786 399 occiderunt
1815 375 1878 402 eos
1911 370 1972 413 qui
1997 381 2210 419 praenunua..

1172 418 1261 454 bant
1275 421 1318 456 de
1349 421 1504 458 adventu
1518 421 1605 467 iusti
1623 422 1742 469 hujus.
1772 424 1880 469 Cujus
1903 437 1968 464 vos
1982 439 2076 468 nunc
2092 439 2210 479 prodi-

1173 481 1270 514 tores
1282 485 1319 514 et
1332 479 1520 517 homicidae
1532 481 1665 525 ruistis,
1680 483 1740 528 qui
1756 485 1944 530 accepistis
1959 487 2072 534 legem
2089 491 2126 527 in
2141 495 2213 533 dis.

1171 538 1349 583 positione
1374 540 1595 586 angelorum,
1612 547 1650 577 et
1672 552 1746 578 non
1764 544 1970 582 custodistis
1989 547 2080 593 (Act.
2099 551 2178 599 vu).
2197 567 2210 589 ι

1173 596 1241 641 Qui
1265 606 1351 645 ergo
1381 598 1673 646 incorrigibiliter
1697 607 1836 647 peccat,
1861 613 1900 640 se
1931 604 2044 642 filium
2068 608 2130 645 Dei
2145 621 2215 648 non

1172 667 1251 695 esse
1266 659 1406 704 probat.
1428 659 1490 695 Illa
1515 651 1633 697 autem
1658 662 1767 699 editio
1788 673 1895 708 quam
1916 664 2147 714 Septuaginta
2162 670 2216 707 in·

1171 722 1346 764 terpretes
1361 718 1560 764 ediderunt,
1591 721 1641 757 ita
1661 721 1789 759 habet.
1828 735 1842 757 ι
1862 723 2110 763 Peccaverunt
2143 739 2216 766 non

1171 778 1205 814 ei
1236 778 1300 814 filii
1325 779 1605 827 vituperabiles,
1630 795 1643 816 ι
1677 784 1772 829 quod
1800 789 1854 821 est
1883 784 1920 820 in
1951 784 2089 831 Graeco,
2121 790 2217 827 τέκνα

1170 843 1328 889 μωμήτα.
1359 840 1511 885 Quidam
1535 843 1760 889 interpretati
1778 852 1860 882 sunt
1890 846 1978 891 hoc,
2001 847 2038 884 id
2055 855 2123 892 est,
2153 850 2216 887 filii

1170 901 1450 947 vituperabiles;
1485 903 1627 948 quidam
1659 905 1723 941 tilii
1762 907 2038 953 commaculati;
2069 910 2214 956 quidam

1170 961 1233 997 filii
1246 963 1380 999 vitiosi.
1398 963 1500 1000 Unde
1519 974 1591 1000 non
1610 975 1739 1012 magna
1761 968 1924 1012 quaestio,
1943 969 2016 1006 imo
2029 970 2126 1007 nulla
2143 978 2212 1009 est.

1171 1021 1242 1058 Sed
1259 1023 1346 1059 illud
1370 1024 1500 1060 merito
1526 1026 1571 1060 ad
1583 1028 1815 1071 quaerendum
1836 1035 1969 1073 movet,
1990 1031 2020 1067 si
2039 1032 2214 1078 generali-

1171 1086 1227 1116 ter
1245 1081 1380 1117 dictum
1400 1087 1476 1126 est,
1517 1096 1529 1116 (
1547 1093 1788 1129 peceaverunt
1819 1098 1890 1124 non
1925 1090 1972 1132 ei,
1992 1103 2005 1125 ι
2045 1093 2214 1136 quoniam

1171 1141 1232 1187 qui
1251 1147 1393 1188 peccat,
1422 1153 1494 1179 non
1511 1143 1585 1181 Deo
1602 1151 1729 1190 peccat
1742 1173 1751 1189 ,
1780 1147 1817 1183 id
1830 1153 1898 1191 est,
1915 1159 1986 1184 non
2004 1150 2078 1187 Deo
2096 1157 2215 1196 nocet,

31 1203 162 1249 {iunxit
194 1204 342 1240 dicens:
381 1216 393 1237 (
418 1203 508 1249 Quia
542 1214 674 1242 nomen
706 1205 848 1242 Domini
872 1207 1060 1244 invocabo.
1085 1221 1097 1243 ›
1120 1213 1151 1251 Β
1171 1203 1233 1239 sed
1249 1203 1330 1248 sibi,
1352 1205 1531 1250 quomodo
1547 1205 1814 1252 intelligendum
1833 1210 1879 1245 sit
1900 1211 1995 1256 quod
2015 1212 2049 1247 in
2073 1212 2216 1250 Psalmo

1166 1263 1306 1310 legitur.
1333 1276 1345 1298 ‹
1375 1265 1454 1300 Tibi
1477 1265 1542 1301 soli
1563 1267 1707 1311 peccavi
1740 1267 1854 1307 (Psal.
1878 1269 1927 1316 L).
1950 1283 1963 1305 ι
1990 1271 2035 1306 Et
2054 1271 2091 1306 in
2112 1271 2213 1308 Jerc-

1165 1324 1237 1359 mia
1258 1335 1265 1357 :
1292 1335 1304 1356 ‹
1325 1323 1402 1360 Tibi
1422 1326 1661 1370 peccavimus,
1676 1328 1847 1373 patientia
1864 1329 1983 1374 Israel,
2007 1331 2169 1368 Domine.
2194 1347 2207 1367 »

1165 1383 1209 1418 Et
1224 1385 1355 1419 iterum
1381 1384 1416 1419 in
1434 1383 1603 1421 Psalmo:
1641 1399 1653 1420 ‹
1679 1386 1772 1425 Sana
1798 1390 1953 1425 animam
1978 1399 2105 1434 meam,
2128 1394 2211 1438 quia

1164 1444 1308 1489 peccavi
1330 1443 1394 1479 tibi
1429 1444 1542 1490 (Psal.
1565 1446 1638 1492 xL).
1665 1459 1677 1481 ›
1707 1447 1752 1483 Et
1768 1454 1891 1484 utrum
1916 1451 1985 1487 hoc
2000 1452 2046 1487 sit
2060 1461 2210 1498 peccare

1164 1504 1251 1546 Deo,
1268 1505 1362 1549 quod
1379 1514 1528 1550 peccare
1544 1506 1580 1542 in
1592 1507 1717 1543 Deum.
1742 1509 1842 1545 Unde
1856 1509 1933 1546 Heli
1949 1514 2130 1557 sacerdos,
2149 1527 2162 1548 ‹
2177 1515 2207 1551 si

1163 1564 1199 1599 in
1217 1565 1327 1600 Deum
1339 1566 1557 1611 peccaverit,
1573 1568 1653 1613 quis
1670 1569 1787 1605 orabit
1806 1580 1871 1615 pro
1881 1573 1954 1608 co?
1974 1572 2008 1619 (Ι
2022 1573 2104 1620 Ray.
2117 1575 2172 1622 ιι.)
2192 1588 2204 1610 ι

1163 1623 1286 1660 Dicam
1303 1635 1388 1672 ergo
1404 1626 1561 1670 interim,
1576 1628 1660 1673 quid
1673 1629 1708 1664 in
1721 1631 1913 1675 praesentia
1928 1632 2016 1668 mihi
2030 1635 2207 1671 videatur.

1163 1684 1366 1731 Intelligunt
1383 1686 1536 1723 sortasse
1556 1687 1689 1733 aliquid
1703 1688 1830 1726 melius
1844 1691 1906 1736 qui
1914 1691 2042 1728 melius
2060 1692 2136 1729 haec
2153 1705 2210 1730 sa-

1163 1745 1286 1790 piunt3
1309 1751 1370 1782 aut
1388 1747 1496 1782 etiam
1513 1758 1578 1784 nos
1593 1749 1662 1784 alio
1678 1756 1848 1796 tempore,
1877 1754 2019 1798 quando
2035 1755 2210 1802 adjuverit

1163 1805 1347 1843 Dominus.
1380 1806 1535 1844 Peccare
1556 1808 1593 1843 in
1611 1809 1736 1852 Deum,
1765 1815 1820 1846 est
1837 1811 1875 1846 in
1894 1812 1963 1856 his,
1995 1824 2073 1859 quae
2087 1815 2130 1850 ad
2145 1815 2210 1851 Dei

1164 1869 1297 1905 cultum
1321 1873 1514 1917 pertinent.
1536 1874 1625 1911 Nam
1644 1877 1712 1912 hoc
1729 1877 1824 1922 quod
1842 1880 2135 1923 commemoravi,
2155 1880 2210 1916 ni-

1163 1926 1214 1963 hil
1232 1930 1329 1966 aliud
1348 1931 1498 1969 indicat.
1528 1934 1587 1971 Sic
1607 1936 1702 1971 enim
1730 1938 1925 1982 peccabant
1941 1938 2003 1974 filii
2021 1939 2110 1982 Heli,
2127 1941 2207 1985 qui-

1162 1991 1228 2027 bus
1248 1992 1323 2027 haec
1340 1992 1447 2029 Pater
1460 2004 1585 2030 eorum
1604 1996 1705 2031 dixit.
1734 1996 1793 2032 Sic
1810 1998 1905 2033 enim
1931 1998 2209 2036 existimandum

1163 2057 1234 2094 cst,·
1248 2054 1388 2098 peccari
1404 2054 1511 2090 etiam
1526 2056 1561 2090 in
1578 2056 1740 2092 homines
1755 2058 1815 2103 qui
1833 2059 2012 2104 pertinent
2028 2060 2071 2095 ad
2080 2059 2206 2096 Deum.

58 2112 215 2157 equievit
233 2112 290 2149 die
311 2114 463 2160 septimo
483 2115 527 2150 al)
551 2115 719 2152 universo
748 2126 855 2162 opere
887 2127 966 2161 suo,
999 2119 1094 2164 quod
1112 2106 1141 2147 C
1162 2111 1252 2148 Nam
1271 2114 1338 2149 boc
1354 2114 1447 2150 Deus
1467 2115 1599 2161 legitur
1614 2117 1746 2153 dixisse
1761 2118 1804 2153 ad
1818 2117 2027 2155 Abimelech
2040 2120 2083 2155 de
2100 2119 2208 2155 Sara:

1165 2185 1177 2206 t
1207 2173 1401 2219 Propterea
1420 2176 1591 2222 'peperci‘
1608 2177 1673 2212 tibi
1690 2188 1736 2214 ne
1766 2188 1934 2223 peccares
1964 2179 2000 2215 in
2031 2190 2088 2216 me
2107 2180 2208 2227 (Gen.

1161 2231 1239 2279 xx).
1261 2245 1273 2267 ›
1301 2232 1457 2270 Peccare
1484 2241 1602 2271 autem
1627 2237 1794 2281 Domino,
1825 2238 1880 2274 vel
1908 2239 2025 2284 potius
2041 2250 2210 2286 peccasse

1159 2293 1325 2337 Domino,
1352 2295 1421 2330 nisi
1445 2296 1537 2332 sorte
1556 2297 1686 2333 alicubi
1717 2300 1890 2345 scriptum
1908 2307 2090 2345 occurrat,
2113 2304 2207 2347 quod

1159 2353 1243 2389 huic
1257 2355 1375 2389 sensui
1396 2355 1555 2399 resistat,
1583 2357 1619 2391 hi
1636 2358 1723 2393 mihi
1743 2359 1910 2395 videntur
1933 2371 2002 2395 non
2027 2361 2206 2398 immerito

1159 2413 1240 2457 dici,
1270 2414 1330 2458 qui
1348 2414 1595 2460 poenitcntIam
1621 2417 1716 2462 piam
1744 2420 1881 2464 peccati
1901 2420 1955 2455 sui
1976 2430 2045 2456 non
2081 2427 2203 2468 agunt,

1158 2479 1198 2510 ut
1215 2475 1432 2520 glorificetur
1463 2475 1652 2522 ignoscens
1683 2477 1867 2514 Dominus.
1899 2479 2049 2515 Causam
2075 2480 2206 2527 quippe

1157 2536 1309 2572 reddens
1332 2535 1443 2571 David
1463 2537 1520 2572 cui
1541 2537 1695 2573 dixerit:
1738 2550 1750 2571 t
1774 2538 1851 2574 Tibi
1883 2539 1947 2574 soli
1972 2541 2131 2586 peccavi,
2164 2549 2202 2578 ct

1157 2600 1290 2635 malum
1305 2608 1426 2635 coram
1455 2604 1490 2635 te
1515 2599 1597 2644 secl,
1618 2613 1630 2636 ›
1655 2601 1806 2646 subjecit
1824 2603 1948 2638 etait:
1979 2615 1991 2637 ι
2013 2604 2061 2654 Ut
2070 2603 2203 2650 justili-

1156 2659 1250 2694 ceris
1265 2658 1312 2694 ·in
1334 2659 1559 2696 sermonibus
1582 2661 1666 2704 tuis,
1702 2666 1738 2697 et
1769 2662 1891 2699 vincas
1923 2673 2005 2699 cum
2029 2664 2204 2709 iudicaris

1157 2717 1270 2765 (Psal.
1296 2718 1343 2766 L).
1371 2732 1383 2753 ι
1420 2719 1502 2756 Sive
1519 2731 1600 2757 cum
1622 2721 1707 2757 dicit
1723 2722 1838 2758 Deus:
1882 2735 1894 2756 ι
1919 2723 2080 2761 Judicatc
2109 2726 2203 2762 inter

1155 2790 1213 2817 me
1228 2786 1262 2816 et
1279 2780 1421 2817 vineam
1437 2791 1554 2818 meam
1569 2782 1657 2829 (Isa.
1678 2782 1728 2829 v).
1755 2796 1767 2818 ι
1794 2784 1876 2821 Sive
1891 2785 1934 2821 de
1951 2786 2102 2823 Domino
2118 2786 2202 2823 Jesu

1156 2839 1300 2877 Christo
1317 2841 1560 2888 intelligatur,
1592 2842 1654 2888 qui
1678 2842 1775 2879 solus
1791 2844 1976 2881 verissime
1993 2845 2111 2882 dicere
2139 2856 2203 2891 po-

1156 2902 1248 2938 tuit:
1274 2914 1286 2935 (
1310 2901 1414 2938 Venit
1434 2903 1529 2938 enim
1555 2904 1723 2950 princeps
1742 2905 1863 2940 mundi
1882 2906 2002 2951 hujus,
2034 2907 2124 2942 etin
2141 2917 2200 2943 me

1158 2971 1229 2997 non
1246 2961 1355 2997 habet
1374 2962 1568 3007 quidquam
1586 2961 1706 3007 (Joan.
1723 2962 1813 3010 xiv).
1835 2977 1847 2997 ι
1870 2963 1907 2999 ld
1920 2970 1989 3007 est,
2009 2964 2202 3010 quidquam

1157 3022 1297 3068 peccati
1316 3021 1409 3067 quod
1427 3027 1542 3058 morte
1562 3022 1608 3057 sit
1635 3022 1793 3068 dignum.
1831 3036 1842 3056 ι
1869 3023 1939 3059 Sed
1958 3030 1997 3059 ut
2014 3030 2204 3071 cognoscat

1158 3081 1326 3125 mundus,
1347 3082 1429 3127 quia
1444 3081 1551 3128 diligo
1564 3087 1703 3128 patrem
1719 3093 1728 3126 ;
1747 3088 1784 3118 et
1802 3084 1894 3119 sicut
1910 3083 2114 3119 mandatum
2137 3084 2201 3118 de-

1159 3142 1212 3179 dit
1241 3142 1328 3178 mihi
1355 3141 1486 3186 Pater,
1521 3143 1574 3178 sic
1602 3142 1707 3178 facio.
1738 3141 1893 3188 Surgite,
1909 3151 2031 3177 eamus
2061 3141 2155 3176 binc.
2182 3152 2195 3174 ι

1159 3201 1343 3248 Tanquam
1363 3203 1520 3239 diceret:
1551 3202 1666 3238 Etiam
1683 3202 1712 3236 si
1732 3200 1909 3235 levissima
1934 3203 2079 3244 peccata
2097 3207 2196 3234 mor·

1161 3265 1206 3300 tis
1228 3264 1399 3310 supplicio
1410 3269 1655 3310 persequatur,
1674 3261 1838 3306 princeps
1854 3259 1975 3294 mundi
1990 3259 2027 3295 in
2047 3268 2106 3295 me
2121 3266 2194 3296 non

1158 3326 1266 3362 habet
1284 3326 1490 3372 quidquam.
1512 3322 1582 3358 Sed
1601 3321 1748 3366 surgite,
1768 3328 1891 3354 eamus
1907 3318 2001 3360 hinc,
2024 3318 2059 3353 id
2083 3324 2138 3354 cst
2157 3323 2197 3354 ut

1156 3385 1287 3430 patiar.
1320 3384 1409 3427 Quia
1442 3382 1478 3417 in
1500 3390 1542 3416 eo
1560 3379 1654 3424 quod
1673 3378 1801 3423 patior,
1822 3376 2039 3414 voluntatem
2065 3377 2196 3423 impleo

1158 3443 1276 3479 Pau-is
1302 3442 1387 3483 mei,
1406 3449 1476 3475 non
1494 3447 1636 3484 poenam
1660 3435 1757 3471 solvo
1780 3436 1918 3481 peccati
1937 3436 2022 3472 mei.
2041 3436 2085 3472 Et
2099 3436 2194 3482 quod

1155 3502 1329 3538 Jeremias
1359 3500 1434 3535 ait:
1473 3510 1485 3531 ι
1509 3498 1587 3533 Tibi
1608 3490 1846 3543 peccavimus.
1865 3497 2041 3539 patientia
2067 3496 2191 3538 lsrael,

1157 3561 1304 3598 Domine
1322 3559 1465 3606 (Ierem.
1492 3557 1567 3603 xiv)
1589 3569 1597 3592 ε
1623 3570 1635 3590 »
1670 3556 1792 3602 utique
1821 3555 2028 3601 suppliciter
2061 3555 2191 3591 dicitur

1156 3611 1191 3658 in
1210 3619 1416 3668 poenitentia
1433 3627 1515 3654 cum
1532 3626 1595 3663 spe
1611 3616 1736 3652 salutis
1754 3625 1797 3651 ex
1818 3614 1935 3658 venia,
1959 3620 1997 3651 et
2023 3614 2118 3660 quod
2134 3613 2192 3650 di·

1156 3690 1251 3721 ctum
1266 3687 1346 3719 est:
1369 3693 1382 3715 e
1408 3680 1502 3717 Sana
1522 3680 1679 3716 animam
1708 3689 1823 3715 meam
1852 3677 2021 3725 quoniam
2045 3676 2191 3723 peccavi

1155 3746 1218 3781 tibi
1246 3742 1359 3790 (Psal.
1380 3741 1464 3789 x1.);
1489 3754 1502 3775 ι
1538 3740 1605 3776 boc
1638 3740 1730 3776 idem
1754 3739 1884 3784 agitur,
1907 3741 1947 3773 ut
1979 3737 2074 3773 Deus
2093 3736 2194 3782 igno-

1154 3805 1284 3842 scendo
1300 3801 1527 3849 glorificetur.
1560 3799 1648 3844 Quia
1673 3808 1799 3847 magna
1817 3803 1872 3835 est
1898 3796 1975 3843 eius
1990 3795 2192 3842 misericor-

1801 3861 1849 3902 31

1628 3914 1658 3943 ο
