2540 4016
267 185 334 223 767

719 179 758 217 B.
783 179 954 217 RABANI
978 179 1126 219 MAURI
1148 180 1362 219 ARCHIEP.
1389 180 1599 221 MOGUNT.
1627 183 1818 221 OPERUM
1843 185 1963 223 PARS
1983 185 2012 223 1.

2366 187 2436 226 768

264 255 543 308 generationem.
573 253 831 292 Verumtamen
849 257 1021 303 applicuit
1048 257 1159 294 Israel
1187 258 1223 293 in
1245 257 1312 295 Se·
1331 259 1446 300 Atio.
1471 258 1543 296 Sed
1567 260 1627 296 isti
1653 261 1891 298 adoraverunt
1917 260 2013 297 idola
2027 285 2037 304 ,
2067 265 2104 296 et
2130 262 2332 299 consecrati
2356 273 2442 302 sunt

263 317 366 360 thim,
386 315 480 351 sicut
496 313 684 361 Scriptura
701 321 839 352 narrat.

649 392 802 431 CAPUT
828 394 916 431 vm.

260 455 312 493 De
329 467 367 492 eo
385 454 476 502 quod
497 453 691 500 fornicatus
702 454 760 535 befst
780 454 929 502 populus
955 466 1033 491 cum
1052 455 1194 502 filiabus
1213 456 1318 494 Moa-

723 507 869 536 uarum.

311 562 409 610 (Car.
426 561 528 609 xxv.)
549 561 757 597 Morabatur
782 568 912 606 autem,
934 562 1073 610 inquit,
1098 575 1137 599 eo
1165 570 1317 612 tempore

260 623 373 658 Israel
392 624 427 658 in
450 622 583 658 semim
597 649 607 666 ,
631 628 663 658 et
681 622 875 668 fornicatus
893 630 941 659 est
961 623 1108 670 populus
1126 636 1203 660 cum
1219 625 1314 670 filia-

260 684 322 718 bus
342 683 459 723 Moab,
480 694 556 728 quse
581 690 786 719 vocaverunt
804 695 861 718 eos
888 684 933 719 ad
962 685 1137 730 sacrificia
1166 696 1243 720 sua.
1271 685 1317 719 At

259 743 312 778 illi
330 743 552 778 comederunt
572 749 603 778 et
623 743 857 779 adoraverunt
874 744 955 779 deos
973 756 1106 780 earum.
1131 745 1317 780 Initiatus*

259 816 325 850 que
339 812 389 840 est
411 804 524 840 Israel
546 804 771 850 Beelplzeqor.
794 804 833 840 In
852 805 1149 851 interpretatione
1168 806 1313 841 Hebrai-

260 875 385 900 corum
403 866 600 908 nominum,
624 865 761 900 Sethim
781 865 984 901 invenimus
1003 866 1039 900 in
1059 865 1179 912 lingua
1194 870 1317 901 nostra

261 928 517 973 responsionem
547 927 602 962 vel
631 927 875 972 refutationem
906 926 990 962 dici.
1021 926 1201 971 Applicuit
1231 936 1317 972 ergo

262 986 371 1022 lsrael
390 988 434 1023 ad
454 987 723 1032 responsionem
746 987 802 1022 vel
831 986 1097 1022 refutationem.
1124 985 1199 1022 Non
1226 987 1318 1021 bene

261 1047 443 1092 applicuit.
463 1047 553 1082 Vide
571 1047 725 1091 denique
742 1046 828 1092 quid
847 1046 1053 1081 incurrerit.
1076 1046 1113 1080 In
1130 1046 1197 1080 hac
1218 1056 1318 1080 man-

260 1107 359 1142 sione
378 1107 516 1152 positus
529 1133 538 1148 ,
561 1106 757 1141 fornicatus
773 1111 827 1141 est
845 1116 925 1140 cum
950 1105 1160 1140 mulieribus
1179 1105 1317 1140 Madia-

1384 321 1618 369 Beelphegor.
1637 322 1860 369 Beelphegor
1877 322 1963 358 idoli
1982 331 2116 359 nomen
2135 328 2210 366 est,
2228 324 2324 369 quod
2347 326 2443 372 apud

1386 381 1602 420 Madianitas
1614 384 1793 429 praecipue
1807 393 1828 417 a
1841 381 2053 419 mulieribus
2067 383 2266 421 colebatur.
2283 385 2323 422 In
2335 387 2444 434 hujus

1385 453 1471 490 ergo
1488 444 1573 480 idoli
1592 444 1774 490 mysteriis
1794 448 2027 480 consecratus
2045 448 2100 481 est.
2117 445 2243 482 Israel.
2264 446 2444 494 Interpre-

1388 504 1557 539 tationem
1577 503 1732 538 nominis
1747 503 1859 548 ipsius
1873 514 1954 540 cum
1969 505 2237 551 requireremus
2254 509 2442 555 attentius,

1385 564 1479 601 inter
1499 565 1648 600 Hebraea
1681 565 1828 600 nomina
1858 566 1927 601 hoc
1958 571 2099 602 tantum
2130 568 2334 606 invenimus
2357 571 2446 607 scri-

1384 633 1499 672 ptum,
1521 628 1605 672 quia
1623 626 1845 674 Beelphegor
1871 628 2010 674 species
2029 629 2075 665 sit
2099 631 2355 676 turpitudinis;
2379 643 2445 669 no-

1386 686 1451 720 luit
1481 690 1600 721 tamen
1630 685 1835 729 declarare,
1857 698 1937 733 quse
1970 689 2025 724 vel
2048 690 2165 735 qualis
2196 692 2354 736 species,
2387 693 2444 728 vel

1386 745 1486 790 cujus
1502 752 1595 781 essct
1615 746 1846 792 turpitudinis
1863 757 1872 782 :
1901 748 2081 784 honestati
2102 750 2210 786 credo
2228 752 2443 796 consulens,

1386 808 1447 853 qui
1464 808 1721 852 interpretatus
1745 813 1820 850 cst,
1842 809 1892 843 uti
1914 819 1958 844 ne
1989 811 2150 846 auditum
2179 811 2354 857 pollueret
2381 824 2445 848 au—

1387 869 1574 904 dientium.
1597 869 1803 915 Igiturcum
1824 871 1944 906 multae
1971 871 2042 906 sint
2074 873 2334 918 turpitudinum
2361 885 2444 921 spe-

1385 928 1480 970 cies,
1516 938 1585 963 una
1618 929 1725 964 etiam
1759 940 1802 964 ex
1833 930 1995 975 pluribus
2018 933 2248 977 turpitudinis
2280 936 2418 979 species
2434 962 2444 979 ,

1385 991 1607 1037 Beelphegor
1625 993 1836 1038 appellatur.
1862 994 1963 1030 Unde
1982 995 2167 1031 sciendum
2188 1002 2243 1031 est
2261 997 2355 1042 quod
2374 1008 2448 1033 om-

1386 1052 1442 1087 nis
1456 1052 1515 1097 qui
1532 1052 1666 1098 aliquid
1682 1058 1783 1098 turpe
1800 1056 2005 1098 committit,
2019 1062 2054 1090 01
2070 1057 2104 1091 111
2121 1057 2275 1102 aliquam
2292 1059 2447 1103 speciem

1387 1113 1620 1157 turpitudinis
1643 1113 1811 1156 declinat,
1835 1115 2057 1161 Beelphegor
2078 1116 2353 1154 Madianitarum
2373 1121 2447 1156 dee-

259 1167 433 1210 niIssrum,
465 1172 502 1202 CL
525 1166 702 1202 refutatus
728 1172 782 1202 est
816 1177 835 1201 ss
869 1167 968 1202 Deo:
997 1166 1079 1211 (lilla
1107 1176 1177 1201 11011
1205 1166 1318 1201 solum
1339 1166 1370 1204 B
1389 1173 1509 1208 monio
1530 1180 1776 1209 consecratur,
1808 1174 1878 1210 Sed
1899 1182 1934 1210 el
1951 1187 2015 1221 per
2036 1178 2173 1224 singula
2199 1186 2345 1223 peccata
2370 1191 2450 1226 quae

260 1227 473 1270 fornicatus,
496 1227 558 1263 sed
580 1234 615 1263 et
635 1228 739 1264 idolis
756 1228 916 1274 gentium
936 1233 1165 1263 consecratus
1185 1232 1258 1271 est;
1282 1232 1319 1263 et

261 1291 416 1326 comedit
441 1301 485 1325 ex
514 1291 569 1325 1115
598 1301 677 1335 quae
708 1290 848 1324 fuerant
878 1289 982 1324 idolis
1002 1289 1213 1324 immolata:
1240 1299 1320 1334 quae

258 1352 382 1398 utique
406 1351 639 1387 exsecrabilia
659 1356 742 1386 sunt
757 1349 851 1396 apud
869 1350 995 1384 Deum.
1014 1350 1102 1393 Quis
1118 1350 1215 1385 enim
1235 1360 1320 1384 con-

258 1419 386 1446 sensus
420 1410 551 1455 templo
571 1409 634 1444 Dei
666 1419 747 1444 cum
779 1409 910 1443 idolis?
934 1409 1066 1444 Verum
1094 1418 1180 1453 ergo
1211 1408 1319 1444 etiam

260 1471 303 1507 de
322 1471 393 1514 his,
415 1481 493 1516 quae
513 1471 697 1516 apostolus
722 1469 853 1504 Paulus
871 1469 915 1504 ad
939 1469 1147 1504 Corinthios
1169 1469 1316 1512 scribit,

259 1532 407 1568 dicens:
437 1531 571 1577 Siquis
589 1537 705 1566 autem
731 1537 762 1565 te
782 1531 903 1566 viderit
930 1530 1110 1565 scientiam
1139 1531 1320 1566 habentem

258 1595 294 1630 in
313 1594 420 1629 idolio
443 1593 652 1636 recumbere,
675 1604 787 1628 nonne
806 1593 1017 1627 conscientia
1045 1592 1141 1637 ejus,
1172 1603 1248 1626 cum
1276 1593 1320 1627 sit

259 1655 294 1688 in
311 1665 413 1696 zrma,
426 1652 676 1697 wdificaturad
689 1651 972 1686 ntanducandum
987 1650 1167 1686 immolata
1190 1651 1224 1698 (I
1236 1650 1318 1687 Cor.

260 1715 362 1762 v111)?
379 1714 481 1750 valde
500 1714 651 1748 miratus
667 1723 760 1749 sum.
779 1713 929 1749 Videtur
949 1713 1045 1748 0111111
1066 1723 1136 1748 11011
1154 1718 1227 1748 tam
1244 1723 1318 1748 rem

262 1776 375 1821 ipsam
394 1784 538 1821 gravem
553 1775 799 1820 pronuntiare,
821 1784 927 1819 quam
947 1774 1041 1810 illius
1054 1773 1243 1817 offensam,
1259 1774 1321 1820 qui

261 1838 338 1873 hacc
359 1837 486 1872 videns
507 1836 614 1872 simili
632 1841 848 1882 provocatur
863 1836 1048 1882 exemplo,
1067 1846 1148 1872 cum
1175 1847 1246 1871 non
1268 1836 1318 1871 si-

261 1897 334 1932 mili
369 1897 519 1932 scientia
550 1897 733 1931 muniatur
750 1909 757 1932 :
791 1897 841 1931 ita
868 1903 908 1932 ut
930 1897 1097 1933 ostendat
1126 1907 1228 1941 eum,
1259 1897 1320 1942 qui

260 1959 366 1994 habet
387 1958 574 1994 scientiam
595 1963 629 1993 et
653 1958 831 1994 recumbit
851 1959 887 1993 in
906 1958 1028 2001 idolio,
1060 1968 1131 1994 non
1160 1964 1234 1994 tam
1264 1960 1320 1995 sui

261 2027 367 2062 quam
390 2017 538 2053 alterius
558 2018 678 2052 damni
699 2017 789 2053 011101
810 2027 925 2053 reum.
960 2017 1136 2054 Sed-vide
1162 2028 1207 2054 ne
1228 2018 1320 2055 forte

259 2089 330 2113 non
357 2079 425 2113 hoc
452 2079 568 2114 solum
588 2078 696 2114 1101101
722 2081 815 2125 apud
845 2080 1052 2116 Corinthios
1067 2108 1076 2124 ,
1096 2086 1135 2116 ut
1155 2082 1190 2116 in
1209 2082 1317 2118 idolio

262 2139 528 2181 recumberent,
559 2144 594 2174 et
620 2139 803 2175 immolata
825 2140 928 2175 idolis
947 2142 1228 2185 manducarent,
1255 2143 1318 2178 sed

260 2199 353 2234 sorte
373 2199 542 2244 quoniam
563 2200 713 2236 studiosi
738 2207 772 2236 et
792 2200 1000 2237 Graecarum
1022 2203 1225 2238 litterarum
1253 2203 1318 2239 ho-

260 2260 376 2295 mines
390 2264 496 2295 erant
509 2265 545 2295 et
560 2266 741 2296 amatores
754 2261 1002 2307 philosophiae,
1012 2262 1191 2298 desiderio
1201 2263 1318 2299 adhuc

260 2321 409 2357 studiosi
428 2327 590 2357 veterum
614 2322 840 2367 tenebantur,
859 2329 894 2359 et
917 2324 1211 2369 philosophorum
1229 2325 1317 2371 dog-

263 2387 359 2418 mata
375 2383 478 2428 quasi
500 2383 603 2419 idolis
621 2384 805 2419 immolata
826 2384 991 2420 edebant.
1012 2384 1098 2428 Quae
1116 2390 1238 2421 tamen
1258 2385 1320 2421 de-

259 2445 332 2480 lere
350 2444 503 2481 sortasse
523 2456 593 2481 non
611 2451 778 2491 poterant
797 2455 858 2481 eos
880 2446 939 2491 qui
958 2446 1100 2491 plenam
1127 2447 1318 2482 scientiam

259 2505 421 2541 veritatis
439 2511 665 2551 acceperant.
686 2504 730 2540 Hi
753 2510 873 2541 autem
893 2505 954 2551 qui
974 2506 1010 2540 in
1037 2505 1180 2541 Christo
1200 2506 1319 2542 minus

260 2566 470 2602 cruditionis
490 2566 693 2609 habebant,
720 2567 751 2602 si
773 2566 1052 2602 immutarentur
1073 2576 1135 2602 005
1160 2566 1321 2612 legentes

262 2627 360 2669 talia,
379 2633 415 2662 et
433 2627 502 2663 illis
523 2627 640 2663 adhuc
654 2627 783 2663 studiis
800 2636 947 2672 operam
967 2627 1112 2670 dantes,
1134 2627 1320 2663 vulnerari

259 2695 449 2734 poterant,
480 2694 516 2724 et
534 2689 760 2726 diversorum
780 2691 987 2737 dogmatum
1007 2691 1118 2726 variis
1135 2691 1320 2727 erroribus

261 2750 451 2796 implicari.
478 2749 517 2785 si
535 2752 586 2786 sic
605 2761 689 2797 ergo
709 2751 829 2796 1101101,
850 2758 889 2788 111
906 2754 1086 2790 deleretur
1103 2754 1206 2798 alius,
1225 2755 1319 2791 unde

260 2817 296 2848 ct
322 2813 352 2847 is
374 2812 435 2858 qui
459 2813 614 2848 habebat
644 2812 785 2859 plenam
817 2814 1004 2850 scientiam
1033 2815 1210 2859 veritatis,
1238 2815 1318 2851 100111

260 2883 329 2908 11011
346 2878 486 2919 poterat
501 2874 515 2908 ?
533 2872 604 2909 Sed
620 2874 790 2920 quoniam
808 2875 968 2912 charitas
987 2887 1057 2912 non
1078 2877 1206 2922 quaerit
1223 2877 1318 2923 quod

261 2934 327 2969 51111
347 2934 433 2970 01110
452 2941 521 2977 051,
539 2936 601 2971 5011
619 2936 713 2981 quod
729 2936 864 2980 multis,
883 2939 1069 2974 observari
1088 2945 1243 2984 oportet,
1264 2945 1319 2975 ta-

261 2994 328 3029 lem
347 2994 447 3029 verbi
467 3005 595 3041 capere
613 2996 730 3031 cibum
744 3024 752 3039 ‚
770 2998 830 3042 qui
851 3008 920 3033 11011
946 3000 1059 3035 solum
1080 3011 1146 3036 nos
1165 3000 1318 3036 aedificet

261 3062 296 3092 01
316 3056 480 3099 110100101,
499 3057 562 3093 sed
579 3061 615 3092 et
631 3057 692 3102 qui
703 3058 866 3094 videntes
881 3070 951 3094 non
969 3060 1139 3097 offendat.
1155 3061 1219 3096 Est
1233 3071 1318 3108 ergo

263 3130 329 3153 1011
348 3119 461 3154 5010111
480 3119 516 3155 111
530 3120 619 3155 cibis
633 3120 736 3156 idolis
752 3121 991 3165 immolatum,
1003 3124 1065 3159 sed
1081 3129 1117 3159 et
1133 3124 1169 3159 in
1182 3125 1315 3160 verbis.

261 3181 303 3215 Et
323 3191 390 3227 ego
413 3186 512 3227 puto,
535 3182 619 3227 quia
639 3182 732 3218 51001
752 3182 870 3218 omnis
888 3191 1029 3226 sermo,
1061 3185 1121 3228 qui
1143 3186 1317 3230 pietatem

261 3247 295 3276 et
307 3241 484 3284 justitiam
500 3248 537 3278 et
555 3243 745 3279 veritatem
763 3243 882 3287 docet,
902 3243 976 3280 Deo
994 3250 1229 3281 consecratus
1246 3251 1315 3289 est,

261 3308 296 3337 et
321 3302 391 3338 Deo
413 3303 619 3339 immolatus
634 3308 701 3346 est,
723 3303 774 3339 ita
792 3309 829 3340 et
844 3305 961 3340 omnis
985 3314 1102 3340 sermo
1117 3306 1178 3350 qui
1195 3305 1239 3341 ad
1253 3306 1317 3340 im-

262 3363 471 3408 pudicitiam
491 3364 548 3400 101
576 3363 790 3410 injustitiam
818 3364 874 3400 vel
902 3364 1122 3410 impietatem
1147 3365 1314 3411 respicit,

262 3421 365 3457 idolis
383 3423 587 3460 immolatus
601 3429 669 3468 est,
687 3429 724 3459 et
740 3424 800 3470 qui
816 3434 900 3460 eum
916 3424 1077 3470 respicit,
1094 3424 1197 3471 quasi
1211 3425 1315 3462 idolis

263 3481 447 3518 immolata
463 3485 666 3521 manducet.
685 3485 914 3522 Manducavit
932 3495 1019 3532 ergo
1035 3485 1188 3532 populus
1203 3485 1246 3522 de
1260 3496 1317 3522 sa-

261 3543 408 3580 criticiis
428 3554 575 3590 eorum,
608 3552 645 3582 et
674 3547 913 3583 adoraverunt
939 3546 1034 3582 idola
1065 3555 1204 3583 eorum.
1237 3545 1316 3583 5011

262 3605 377 3641 solum
398 3608 724 3652 manducaverunt,
751 3610 813 3646 sed
832 3611 1086 3646 adoraverunt.
1105 3609 1195 3646 Vide
1219 3609 1317 3646 ordi-

262 3675 344 3703 nem
363 3668 462 3704 mali.
479 3668 612 3707 Servos
626 3671 768 3708 Domini
783 3672 901 3719 prima
917 3672 1207 3719 concupiscentia
1224 3671 1318 3709 deci-

262 3725 335 3770 pit;
363 3728 446 3765 inde
469 3734 597 3767 ventus
615 3731 810 3778 ingluvies3
830 3737 1015 3780 postremo
1033 3743 1096 3770 eos
1121 3733 1318 3781 captivavit

263 3784 444 3832 impietas.
461 3788 641 3836 Impietati
655 3797 774 3830 autem
785 3803 928 3832 merces
943 3794 1146 3832 exsolvitur
1156 3794 1316 3834 fornica-

1389 1233 1661 1276 ccmmittimus,
1679 1235 1834 1270 maxime
1848 1236 1877 1270 si
1891 1235 1966 1280 jam
1982 1247 2053 1271 non
2068 1239 2297 1283 subreptione
2314 1240 2448 1286 aliqua,

1389 1292 1451 1326 scd
1474 1299 1509 1327 et
1535 1292 1652 1328 studio
1686 1294 1886 1340 affectuque
1912 1306 2126 1340 peccamus,
2162 1298 2211 1333 illi
2239 1300 2315 1335 sine
2341 1300 2449 1336 dubio

1388 1351 1554 1394 Domino,
1574 1353 1632 1388 cui
1651 1359 1838 1398 peccatum
1866 1356 1952 1391 illud
1980 1358 2076 1402 quod
2096 1358 2305 1395 admisimus
2326 1359 2450 1406 inope-

1389 1413 1463 1446 rari
1484 1423 1579 1448 curae
1599 1420 1667 1454 est,
1685 1425 1952 1452 consecramus.

1436 1472 1482 1507 Et
1508 1474 1620 1509 iratus
1650 1475 1820 1510 Dominus
1848 1477 1981 1520 Israel,
2006 1479 2054 1513 ait
2083 1480 2128 1514 ad
2157 1481 2323 1527 Moysen:
2352 1484 2450 1521 Tolle

1390 1539 1531 1567 cunctos
1547 1533 1718 1580 principes
1736 1535 1870 1580 populi,
1892 1543 1923 1571 et
1941 1539 2113 1583 suspende
2132 1551 2188 1575 eos
2207 1548 2327 1576 contra
2342 1542 2449 1579 solem

1389 1591 1424 1625 in
1443 1592 1622 1637 patibulis,
1641 1599 1678 1627 ut
1693 1601 1873 1630 avertatur
1887 1596 1988 1641 furor
2003 1609 2099 1633 meus
2121 1599 2162 1634 ab
2182 1599 2304 1636 lsrael.
2334 1602 2449 1640 Iratus

1390 1651 1563 1687 Dominus
1593 1654 1636 1688 de
1666 1654 1966 1693 fornicationibus
1995 1658 2104 1695 lsrael
2132 1667 2167 1696 et
2186 1663 2393 1700 carnalibus
2412 1670 2449 1700 et

1389 1714 1614 1759 spiritalibus
1635 1716 1738 1762 (nam
1756 1722 1791 1752 01
1810 1717 1950 1755 filiabus
1976 1720 2079 1756 Moab
2107 1733 2144 1758 50
2163 1723 2339 1770 impudice
2363 1726 2449 1763 mis—

1389 1783 1552 1820 cuerant,
1567 1783 1603 1813 et
1618 1777 1722 1813 idolis
1739 1778 1883 1816 fucrant
1898 1783 2129 1831 consecrati),
2152 1785 2221 1821 1100
2239 1787 2283 1822 011
2300 1786 2446 1834 Moysen

1389 1838 1492 1881 dixit,
1516 1844 1554 1873 ut
1575 1844 1778 1875 ostentaret
1798 1841 1950 1878 Domino
1971 1844 2079 1880 duces
2097 1846 2219 1892 populi
2244 1853 2369 1883 contra
2390 1859 2449 1885 so-

1389 1899 1471 1934 lem.
1491 1900 1529 1935 ln
1551 1911 1623 1946 quo
1640 1902 1749 1937 verbo
1773 1903 1984 1949 intelligitur
1999 1915 2060 1942 005
2079 1906 2202 1951 jussus
2229 1919 2308 1945 esse
2332 1911 2450 1947 cruci-

1381 1959 1462 2006 figi,
1482 1965 1521 1995 ut
1540 1961 1609 1997 hoc
1628 1961 1693 1997 sit:
1710 1961 1859 1998 Ostenta
1877 1973 1939 2001 eos
1955 1966 2107 2003 Domino
2124 1973 2251 2004 contra
2269 1970 2394 2014 solem,
2411 1970 2448 2007 id

1390 2026 1460 2063 051,
1476 2021 1594 2066 palam
1609 2023 1646 2058 in
1664 2024 1859 2070 conspicuo
1872 2025 1964 2061 lucis
1979 2026 2097 2071 hujtis.
2114 2027 2203 2063 Nam
2219 2029 2366 2067 Graecus
2381 2031 2445 2075 ait,

1387 2083 1697 2133 παραδειγμὰτισον
1713 2098 1720 2122 :
1741 2088 1837 2132 quod
1854 2087 1923 2123 dici
1943 2089 2058 2134 possit
2077 2090 2256 2136 exempla,
2282 2093 2366 2138 quia
2383 2102 2448 2138 pa-

1387 2146 1549 2192 radigma
1568 2149 1770 2193 exemplum
1791 2150 1934 2185 dicitur.
1964 2150 2051 2186 Nam
2070 2159 2203 2197 practer
2218 2153 2314 2188 LXX
2334 2155 2448 2191 inter-

1386 2211 1521 2251 pretes,
1542 2206 1673 2253 Aquila
1691 2209 1903 2254 perhibetur
1923 2211 2057 2248 dixisse
2079 2214 2211 2260 confiqe
2225 2242 2233 2257 ,
2250 2215 2308 2250 vel
2329 2217 2450 2261 potius

1387 2277 1525 2303 sursum
1541 2270 1686 2316 confiye,
1698 2273 1793 2316 quod
1807 2278 1860 2308 est
1878 2275 2061 2318 ἀνάπηξον.
2073 2274 2315 2323 Symmachus
2329 2284 2450 2315 autem

1387 2327 1499 2362 verbo
1516 2328 1753 2374 evidentiore,
1774 2333 1959 2378 suspende.

1434 2387 1600 2435 Dimitque
1620 2389 1758 2436 Moyses
1779 2393 1977 2438 adjudices
2004 2395 2119 2432 Israel
2134 2406 2146 2431 .·
2173 2397 2319 2434 Occidet
2340 2411 2450 2436 unus-

1386 2449 1529 2495 quisque
1547 2451 1724 2495 proximos
1756 2464 1857 2496 suos,
1887 2456 1946 2500 qui
1971 2456 2100 2492 initiati
2116 2465 2197 2493 sunt
2221 2459 2446 2507 Beelpheyor.

1388 2509 1516 2545 Mirum
1548 2516 1604 2547 est
1631 2521 1717 2548 sane
1749 2513 1845 2558 quod
1878 2514 2063 2562 Scriptura
2095 2528 2245 2555 narrare
2271 2521 2449 2559 destiterit

1387 2575 1508 2605 utrum
1523 2571 1592 2606 hoc
1607 2570 1716 2607 suerit
1730 2582 1774 2608 ex
1789 2580 1968 2619 praecepto
1983 2575 2124 2612 Domini
2143 2578 2342 2624 impletum,
2352 2581 2449 2626 quod

1388 2633 1570 2668 contemni
1590 2634 1750 2679 potuisse
1769 2645 1842 2670 non
1857 2636 1974 2679 video,
1993 2643 2054 2672 aut
2073 2639 2102 2674 si
2117 2645 2363 2687 contemptum
2377 2647 2447 2687 est,

1388 2694 1534 2739 impunc
1553 2696 1748 2731 contemni.
1766 2695 1803 2731 Si
1820 2703 1940 2733 autem
1958 2703 2012 2734 est
2029 2704 2066 2734 01
2083 2701 2248 2745 tacitum,
2268 2712 2334 2738 cur
2347 2713 2390 2738 ex
2404 2714 2447 2740 eo

1387 2754 1482 2799 quod
1507 2754 1682 2797 Phinees,
1707 2756 1802 2792 111105
1829 2757 2001 2801 Eleazar,
2034 2760 2215 2796 transfixit
2240 2762 2444 2806 adulteros,

1386 2815 1566 2860 placatum
1594 2814 1705 2852 fuisse
1734 2817 1924 2853 Dominum
1949 2818 2135 2865 Scriptura
2167 2826 2338 2866 testatur,
2371 2824 2446 2869 pla-

1386 2889 1538 2925 gamque
1553 2890 1728 2924 cessasse,
1745 2881 1851 2926 quasi
1867 2882 2052 2918 crucifixis
2066 2883 2230 2927 00011105,
2249 2885 2447 2932 5100111110-

1388 2945 1533 2984 ceperat
1551 2940 1738 2985 Dominus,
1761 2943 1880 2979 adhuc
1898 2944 2095 2991 indignatio
2113 2955 2364 2991 perseverans,
2376 2948 2446 2985 alio

1388 3000 1495 3035 modo
1511 3000 1685 3046 placanda
1705 3004 1908 3048 videretur,
1926 3015 2006 3040 cum
2031 3006 2157 3051 procul
2186 3007 2293 3043 dubio
2313 3007 2444 3044 falsum

1387 3067 1467 3094 esse
1486 3071 1556 3095 non
1580 3068 1716 3106 posset,
1742 3066 1837 3109 quod
1857 3066 2151 3110 pronuntiaverat
2173 3071 2210 3103 et
2227 3067 2446 3113 promiserat

1386 3119 1559 3158 Dominus
1581 3122 1704 3160 dicens
1719 3124 1872 3170 :Accipe
1887 3127 1994 3162 duces
2010 3127 2146 3172 populi,
2165 3133 2202 3163 et
2217 3132 2359 3164 ostenta
2382 3137 2445 3164 eos

1388 3183 1539 3220 Domino
1567 3191 1691 3222 contra
1719 3188 1854 3231 solem,
1886 3194 1923 3224 et
1951 3195 2136 3225 avertetur
2167 3190 2222 3225 ira
2254 3190 2446 3226 animatio-

1386 3243 1444 3278 nis
1462 3244 1604 3279 Domini
1627 3247 1672 3280 ab
1690 3246 1820 3282 lsrael?
1840 3246 1879 3282 Si
1897 3258 1983 3293 ergo
2001 3248 2136 3283 sactum
2156 3254 2255 3292 erat,
2276 3250 2358 3295 quis
2379 3251 2446 3286 du-

1384 3302 1475 3337 bitet
1494 3303 1583 3338 iram
1610 3305 1752 3339 Domini
1780 3315 1945 3341 aversam
1975 3306 2085 3342 fuisse
2113 3309 2158 3343 ab
2186 3309 2325 3344 lsrael?
2350 3309 2443 3353 Quid

1385 3360 1507 3406 itaque
1529 3371 1619 3407 opus
1647 3368 1738 3404 erat,
1759 3368 1799 3398 ut
1831 3364 1949 3399 adhuc
1979 3364 2133 3401 Phinees
2158 3366 2202 3402 ad
2225 3366 2440 3412 placandum

1385 3422 1514 3466 Deum,
1531 3422 1632 3458 sicin
1654 3423 1837 3459 adulteros
1854 3423 2056 3460 vindicaret
2071 3425 2176 3472 eique
2193 3428 2440 3465 testimonium

1387 3484 1574 3531 Scriptura
1593 3484 1814 3531 perhiberet,
1838 3485 1934 3531 quod
1956 3495 2000 3521 eo
2025 3487 2132 3523 modo
2149 3487 2348 3534 placaverit
2370 3489 2442 3526 Do-

1386 3544 1536 3588 minum,
1558 3545 1628 3581 nisi
1647 3544 1739 3581 forte
1752 3544 2006 3592 intelligamus,
2022 3557 2103 3583 cum
2120 3547 2207 3584 illud
2226 3549 2270 3585 de
2289 3549 2440 3586 ducibus

1385 3605 1507 3651 populi
1529 3605 1670 3652 Moyses
1687 3605 1784 3652 quod
1801 3611 2021 3651 praeceperat
2043 3606 2192 3653 implere
2210 3607 2438 3655 disponeret,

1385 3677 1468 3704 eum
1483 3667 1640 3704 voluisse
1657 3666 1765 3704 etiam
1783 3667 1980 3704 secundum
1999 3666 2113 3714 legem
2134 3668 2220 3704 talia
2237 3670 2366 3716 punire
2378 3668 2441 3707 ssa-

1385 3730 1473 3778 gitia
1490 3734 1527 3767 et
1552 3731 1762 3778 sacrilegam
1782 3729 1992 3774 audaciam,
2011 3734 2052 3766 ut
2071 3729 2216 3776 juberet
2233 3739 2458 3779 quemque,⁴

1385 3793 1591 3833 interficere
1607 3793 1812 3841 proximum
1837 3802 1943 3832 suum
1959 3790 2029 3830 diis
2047 3791 2175 3832 alienis
2197 3793 2443 3835 0011010001*

2532 1133 2540 1153 ..i
2533 1104 2540 1110 .
2531 1039 2540 1092 5.-
2533 949 2540 1030 -1.-
2532 782 2540 939 ..ῆι--.ω-ι

2516 1803 2526 2013 -ώς-ψ-ς-κικκ-Αυ

2532 2125 2540 2139 A.
2532 1731 2540 2091 --*.————.———4--
