2540 4016
38 144 115 204 [35
706 150 1038 190 connunrann
1065 148 1109 184 ιΝ
1134 146 1343 185 Exonnn.
1370 166 1419 174 --
1443 147 1529 182 ue.
1555 146 1584 182 1.
2193 149 2243 187 54

68 241 122 279 cis
139 249 230 286 opus
244 243 336 281 erat,
355 237 415 274 cui
427 234 614 272 videbatur
626 230 725 267 velut
747 240 793 266 ex
810 229 1026 266 necessitate
1052 226 1114 263 da-
1131 227 1167 268 A
1183 222 1343 260 Verbum
1359 231 1445 259 earo
1462 220 1581 264 fieret,
1612 220 1675 266 qui
1704 221 1883 266 serpentis
1909 221 1979 257 diri
1993 232 2133 261 venena
2151 234 2240 262 eva..

69 306 128 337 tus
140 300 263 335 Aaron
274 302 419 344 propter
433 292 671 340 gracilitatem
685 291 784 328 vocis
798 290 925 337 Moysi,
938 289 1002 325 sed
1015 288 1118 334 virga

68 367 148 398 erat
166 358 382 408 projicienda
405 360 444 390 ut
457 355 567 391 draco
599 354 714 390 [ieret.
736 351 810 388 Cur
826 362 912 398 ergo
931 352 1001 387 hoc
1019 349 1119 396 Moy-

69 433 128 460 ses
159 422 235 467 ipse
269 428 339 455 non
359 415 455 458 tecit,
481 415 553 451 nisi
585 414 668 460 quia
701 413 769 450 ista
803 412 972 448 mediatio
1005 411 1117 457 ipsius

67 482 188 519 Aaron
205 481 299 516 inter
315 476 461 523 Moysen
486 480 522 511 et
546 475 774 511 Pharaonem
801 472 953 518 alicujus
981 481 1119 518 magnae

68 546 121 580 rei
142 544 291 589 figuram
307 539 421 586 gerit?
437 538 579 585 Eqressi
593 538 709 584 itaque
729 536 865 583 Moyses
882 542 915 571 et
934 536 1053 571 Aaron
1073 535 1118 571 ad

72 604 304 644 Pharaonem,
320 601 474 646 fecerunt
489 599 577 634 sicut
598 603 809 645 praeceperat
833 597 1019 632 Dominus.
1053 595 1120 631 Tu-

67 665 171 712 litque
189 663 309 697 Aaron
327 661 458 708 viryam
487 670 606 696 coram
638 657 827 693 Pharaone
845 664 877 693 et
902 657 1007 693 servis
1027 658 1116 703 ejus,

65 736 142 773 quae
164 735 261 760 versa
288 729 337 758 est
368 723 404 757 in
434 721 629 757 colubrum.
664 719 736 765 (Ex
752 718 977 764 Auqnstino.)
1000 718 1119 753 Etiam

66 789 133 824 hoc
150 785 346 822 notandum
363 784 459 830 quod
477 793 559 818 cum
576 782 613 817 id
632 781 774 827 signum
793 790 914 816 coram
928 778 1118 814 Pharaone

66 848 222 884 dandum
237 846 352 889 fieret,
381 844 575 881 secundum
596 840 830 887 Septuaginta
845 840 1017 886 scriptum
1033 845 1088 876 est
1105 850 1116 876 :

67 909 112 944 Et
127 909 271 956 projecit
288 908 407 942 Aaron
435 906 566 951 virgam
588 913 702 938 suam.
724 901 814 937 Cum
839 901 869 936 si
897 900 989 936 sorte
1007 900 1119 936 dixis-

67 975 133 1011 set,
154 969 299 1016 projecit
315 969 459 1013 virgam,
488 964 586 1000 nulla
606 969 701 1000 esset
728 963 891 1009 quaestio.
913 961 1015 1005 Quod
1031 972 1118 998 vero

67 1030 202 1066 addidit
222 1038 336 1070 suam,
352 1037 432 1062 cum
452 1035 530 1062 eam
551 1023 691 1070 Moyses
708 1023 860 1065 dederit,
884 1033 955 1057 non
982 1021 1118 1058 frustra

65 1089 216 1127 forsitan
233 1089 366 1125 dictum
384 1092 450 1123 est.
479 1085 535 1121 An
559 1090 637 1120 erat
656 1084 800 1130 utrique
821 1083 882 1118 illa
899 1083 997 1129 virga
1014 1092 1113 1118 com-

1187 288 1324 328 cuaret,
1355 288 1392 319 et
1414 292 1481 329 per
1504 281 1757 318 remissionem
1778 285 1815 316 et
1835 280 2092 326 indulgentiam
2110 295 2242 330 pecca..

1186 351 1319 382 torum.
1340 345 1450 390 Virga
1470 348 1526 380 est
1552 342 1703 379 verbum
1733 342 1925 384 directum,
1946 342 2080 388 regale,
2098 343 2243 389 plenum

1185 406 1389 455 potestatis,
1410 405 1551 451 insigne
1570 404 1727 451 imperii.
1763 403 1866 450 Virga
1894 411 2043 448 serpens
2061 402 2156 440 sacta
2173 412 2242 451 est,

1187 470 1366 516 quomodo
1384 469 1447 515 qui
1464 473 1544 505 erat
1558 467 1672 504 Filius
1689 466 1753 502 Dei
1770 475 1815 501 ex
1837 465 1911 501 Deo
1936 464 2046 500 Patre
2062 470 2185 508 natus,
2209 466 2245 501 fi-

1187 531 1257 567 lius
1285 530 1444 566 hominis
1458 529 1577 565 sactus
1595 532 1666 571 est,
1685 532 1792 563 natus
1808 536 1854 562 ex
1877 525 2030 572 virgine.
2058 524 2127 569 Qui
2143 527 2245 572 quasi

1187 600 1334 637 serpens
1352 590 1531 626 exaltatus
1551 589 1589 624 in
1605 597 1714 625 cruce
1738 586 1956 624 medicinam
1974 586 2143 623 humanis
2158 585 2247 623 effu-

1187 652 1239 689 dit
1257 651 1480 688 vulneribus.
1498 650 1602 687 Unde
1615 650 1692 696 ipse
1710 649 1884 685 Dominus
1897 648 1948 684 ait
1965 660 1973 683 ;
1994 647 2094 684 Sicut
2111 647 2247 683 exalta-

1188 715 1234 751 vit
1257 714 1395 761 Moyses
1413 718 1604 760 serpentem
1630 712 1668 747 in
1696 711 1846 754 deserto,
1865 710 1915 746 ita
1934 715 2067 757 oportet
2095 708 2247 745 exaltari

1187 777 1300 823 fitium
1324 777 1474 813 hominis
1491 776 1613 824 (Joanr
1632 775 1703 823 ιιι).
1725 775 1834 822 Virga
1851 775 1948 810 enim
1968 774 2082 821 Moysi
2098 773 2136 810 in
2155 773 2242 809 dra-

1188 850 1315 876 conem
1334 849 1510 875 conversa
1530 847 1717 884 magorum
1735 836 1920 872 absorbuit
1937 835 2071 882 virgas,
2093 840 2130 871 et
2143 833 2248 870 Chri-

1187 907 1266 936 stus
1286 907 1367 946 post
1383 901 1505 947 gloriae
1523 910 1598 936 suae
1617 899 1829 946 dignitatem
1854 897 1972 934 factus
1997 903 2054 934 est
2074 897 2246 933 obediens

1187 961 1286 997 Patri
1300 970 1415 1006 usque
1430 961 1475 996 ad
1495 966 1663 1002 mortem,
1679 965 1717 995 et
1733 969 1798 1004 per
1817 959 1933 1004 ipsam
1947 963 2101 994 mortem
2125 957 2247 993 carnis

1187 1021 1412 1067 consumpsit
1436 1020 1602 1057 aculeum
1634 1020 1777 1062 mortis,
1811 1023 2006 1054 attestante
2040 1019 2216 1064 propheta
2236 1030 2243 1052 :

1190 1084 1263 1119 Ero
1281 1094 1374 1119 mors
1404 1089 1480 1126 tua,
1499 1094 1518 1118 o
1547 1093 1657 1125 mors,
1692 1091 1828 1117 morsus
1861 1086 1940 1114 tuus
1969 1090 2043 1122 ero,
2061 1090 2080 1114 o
2111 1079 2247 1123 inferne

66 1151 199 1193 munis,
215 1155 255 1185 ut
271 1148 460 1195 cujuslibet
486 1157 610 1183 eorum
626 1145 822 1189 diceretur,
837 1155 963 1181 verum
982 1146 1118 1183 dicere·
1138 1152 1169 1191 Β
1190 1146 1287 1191 (Ose.
1305 1145 1400 1193 xm).
1419 1144 1534 1180 Aliter
1550 1156 1559 1180 ι
1586 1143 1728 1190 Moyses
1751 1141 1796 1177 ad
1815 1140 2012 1187 AEgyptum
2033 1139 2194 1183 veniens,
2211 1146 2247 1175 et

66 1212 147 1247 tur?
172 1209 311 1246 Vocavit
326 1216 440 1244 autem
469 1206 611 1243 Pharao
629 1208 799 1254 sapientes
814 1213 846 1242 et
864 1207 1040 1253 maleficos
1058 1217 1068 1241 .·
1084 1214 1115 1243 et

67 1274 219 1320 fecerunt
234 1273 337 1308 etiam
353 1273 420 1318 ipsi
434 1282 495 1318 per
519 1271 773 1306 incantationes
794 1268 980 1315 AEyypnas
1009 1276 1039 1304 et
1059 1281 1117 1304 ar-

67 1348 153 1372 cana
169 1336 329 1383 qucedam
344 1334 528 1371 similiter:
549 1334 837 1380 projeceruntque
859 1332 988 1379 sinquli
1003 1333 1115 1379 virqas

67 1407 159 1440 suas,
175 1407 252 1443 quae
266 1406 373 1432 versae
389 1395 520 1431 suntin
535 1394 716 1436 dracones,
743 1393 802 1428 sed
829 1393 1003 1428 devoravit
1021 1395 1117 1439 rirya

67 1458 184 1493 Aaron
212 1458 325 1504 virqas
355 1467 497 1498 eor1nn;
518 1448 615 1498 sive,
647 1455 843 1490 secuudum
868 1453 1114 1500 Septuaginta,

66 1525 97 1553 et
113 1518 288 1554 absorbuit
314 1519 410 1564 virqa
432 1517 552 1552 Aaron
569 1516 700 1562 virqam
733 1515 887 1549 illorum.
924 1514 962 1549 Si
982 1515 1117 1549 dictum

66 1585 175 1620 esset,
191 1577 386 1613 Absorbuit
404 1578 512 1612 draco
530 1575 652 1611 Aaron
666 1575 787 1620 virgas
808 1575 965 1616 illorum,
987 1574 1118 1609 intelli-

67 1644 212 1686 geretur
225 1649 333 1674 verus
364 1638 471 1673 draco
501 1636 622 1672 Aaron
646 1636 935 1681 phantasmatica
965 1635 1026 1670 illa
1057 1635 1118 1681 tig-

67 1704 187 1735 menta
203 1709 275 1734 non
299 1697 540 1740 absorbuisse,
562 1697 625 1732 sed
640 1697 773 1742 virgas.
794 1696 870 1732 Hoc
887 1696 983 1732 enim
1001 1697 1118 1742 poluit

68 1762 260 1797 absorbere
282 1760 377 1805 quod
395 1763 511 1801 erant,
540 1767 611 1793 non
632 1758 727 1803 quod
745 1769 824 1794 esse
849 1758 1063 1793 videbantur
1082 1763 1119 1794 et

68 1833 139 1858 non
158 1826 272 1858 erant.
299 1821 371 1856 Sed
386 1823 556 1866 quoniam
580 1819 695 1856 dixit:
718 1819 896 1854 absorbuit
924 1821 1022 1865 virga
1052 1820 1119 1855 Aa·

67 1895 130 1919 ron
146 1884 259 1928 virqas
272 1881 428 1924 illorum,
445 1882 554 1917 draeo
575 1881 698 1927 utique
723 1881 841 1927 potuit
855 1881 974 1927 virgas
989 1882 1116 1917 absor-

67 1944 166 1987 bere,
183 1953 253 1979 non
278 1943 377 1989 virga
398 1943 603 1978 draconem.
622 1941 692 1978 Sed
715 1952 758 1978 eo
777 1942 922 1978 nomine
939 1942 1117 1988 appellata

68 2012 127 2039 res
157 2008 224 2046 est,
247 2003 341 2038 unde
358 2013 463 2038 versa
493 2008 561 2045 est,
577 2012 648 2038 non
671 2002 790 2047 inquo
804 2012 907 2038 versa
930 2007 996 2038 est.
1028 2002 1117 2045 Quia

70 2063 106 2100 in
123 2064 159 2099 id
175 2063 283 2099 etiam
305 2073 450 2099 reversa
466 2068 534 2104 est,
545 2062 625 2098 ideo
640 2063 709 2099 hoc
718 2063 839 2099 vocari
856 2062 1010 2099 debebat
1023 2063 1120 2109 quod
1138 2054 1167 2095 C

69 2124 316 2170 principaliter
331 2128 421 2160 erat.
445 2123 538 2168 Quid
559 2133 645 2170 ergo
668 2124 857 2160 dicendum
879 2131 933 2159 est
952 2125 995 2160 de
1009 2123 1122 2170 virgis

71 2194 273 2230 magorum,
290 2190 412 2219 utrum
426 2191 462 2220 et
482 2185 550 2229 ipsi
571 2184 649 2220 veri
668 2185 843 2220 dracones
863 2184 950 2220 faeti
965 2184 1122 2220 suerint?

73 2244 146 2281 Sed
162 2255 205 2280 ea
214 2245 354 2281 ratione
364 2246 473 2292 virgae
485 2245 669 2292 appellatae
684 2252 782 2290 sunt,
794 2257 865 2292 qua
875 2247 974 2292 virga
985 2246 1120 2290 Aaron,

71 2315 117 2340 an
134 2305 252 2351 potius
269 2306 482 2342 videbantur
497 2316 576 2342 esse
586 2307 681 2352 quod
697 2317 766 2342 non
782 2313 896 2350 eruin,
913 2307 1123 2344 ludificatio-

71 2375 117 2401 ne
134 2365 316 2402 venefica?
332 2365 404 2401 Cur
417 2376 502 2412 ergo
520 2377 565 2402 ex
582 2372 736 2412 utraque
751 2373 854 2414 parte
878 2374 914 2404 et
939 2369 1051 2414 virgae
1067 2369 1123 2404 di—

73 2432 203 2463 cuntur
217 2432 254 2463 et
272 2428 471 2464 dracones?
489 2428 589 2464 Unde
607 2428 786 2475 figmentis
810 2430 880 2465 illis
900 2430 990 2465 nihil
1005 2429 1125 2466 differt

72 2487 242 2534 loquendi
260 2490 388 2526 modus
405 2503 413 2526 ι
444 2491 507 2527 sed
525 2492 774 2528 demonstrare
793 2493 936 2529 difficile
960 2498 1015 2529 est
1036 2503 1125 2539 quo-

73 2553 180 2588 modo
193 2553 334 2588 etiamsi
344 2554 421 2589 veri
434 2554 610 2590 dracones
618 2555 704 2591 sacti
720 2561 802 2592 sunt
811 2566 856 2591 ex
872 2557 984 2602 virgis
1004 2566 1126 2602 mago-

75 2622 170 2655 rum,
183 2622 253 2647 non
263 2612 397 2649 suerint
406 2619 524 2650 tamen
533 2622 716 2652 creatores
731 2618 942 2660 draconum,
954 2619 1123 2663 neomagi

75 2682 142 2708 nec
167 2673 282 2718 angeli
301 2673 400 2716 mali,
433 2675 563 2719 quibus
582 2676 758 2712 ministris
789 2676 848 2711 illa
869 2678 1123 2723 operabantur.

74 2730 198 2768 Insunt
223 2734 320 2769 enim
355 2734 462 2770 rebus
490 2736 671 2781 corporeis
702 2746 766 2782 per
796 2737 917 2772 omnia
950 2737 1126 2774 elementa

27 2837 30 2840 Δ
76 2793 199 2829 mundi
215 2793 380 2839 quaedam
403 2794 552 2830 occultae
571 2795 775 2831 seminariae
802 2797 973 2841 rationes,
997 2798 1126 2844 quibus

76 2864 158 2891 cum
176 2856 258 2891 data
274 2854 383 2892 fuerit
395 2857 644 2902 opportunitas
654 2858 861 2903 temporalis
873 2864 982 2904 atque
1000 2869 1128 2895 causa-

75 2916 134 2961 lis,
151 2923 393 2965 prorumpunt
410 2919 446 2954 in
462 2918 599 2965 species
616 2920 757 2956 debitas
771 2921 845 2956 suis
859 2921 975 2957 modis
991 2927 1028 2956 et
1047 2922 1128 2957 smi-

75 2977 166 3022 bus;
187 2979 290 3016 etsie
308 2989 379 3015 non
394 2979 565 3015 dicuntur
584 2980 703 3025 angeli
717 2981 778 3025 qui
803 2981 874 3017 ista
891 2980 1031 3017 faciunt
1050 2982 1128 3017 ani-

77 3037 226 3074 malium
256 3044 452 3082 creatores,
485 3039 578 3074 sicut
608 3049 675 3075 nec
702 3039 867 3086 agricolae
895 3047 1055 3087 segetum
1070 3041 1127 3077 vel

78 3098 261 3142 arborum,
285 3098 343 3134 vel
360 3108 587 3145 quorumque
605 3099 642 3135 in
662 3103 759 3135 terra
783 3099 1004 3150 gignentium
1022 3112 1125 3138 crea-

81 3163 176 3196 tores
190 3159 331 3195 dicendi
358 3164 452 3202 sunt,
476 3159 640 3205 quamvis
658 3160 824 3195 noverint
843 3161 1004 3206 praebere
1023 3172 1130 3207 quas-
1160 3162 1165 3167 '

81 3217 163 3255 dam
175 3218 334 3255 visibiles
347 3219 633 3265 opportunitates
647 3223 683 3255 et
697 3229 826 3256 causas
840 3226 880 3256 ut
898 3220 959 3256 illa
973 3231 1129 3258 nascan—

53 3281 152 3315 ftur.
182 3278 284 3322 Quod
309 3285 430 3315 autem
449 3278 510 3315 isti
529 3278 666 3315 faciunt
692 3280 896 3324 visibiliter,
914 3282 985 3318 hoc
1010 3282 1127 3329 angeli

36 3335 322 3392 sginvisibiliter.
343 3339 438 3375 Deus
467 3349 556 3375 vero
579 3339 676 3376 solus
700 3350 795 3377 unus
814 3347 959 3378 creator
977 3347 1046 3386 est,
1066 3342 1129 3388 qui

52 3406 126 3453 {3³²
152 3406 212 3434 aas
237 3397 334 3444 ipsas
351 3404 390 3435 et
414 3398 574 3436 rationes
602 3400 815 3437 seminarias
833 3403 943 3438 rebus
962 3402 1127 3438 inseruit.

60 3451 338 3496 ,breviter
356 3459 452 3496 dicta
477 3465 559 3496 est:
586 3470 666 3506 quae
683 3461 714 3497 si
731 3462 906 3509 exemplis
923 3467 960 3499 et
985 3463 1131 3508 copiosa

132 3519 139 3522 ⁴
153 3534 178 3563 ’μ
200 3561 205 3565 .
228 3519 326 3559 tione
337 3520 550 3567 explicetur,
559 3526 603 3558 ut
613 3521 756 3559 facilius
770 3522 1003 3569 intelligatur,
1022 3522 1129 3571 longo

78 3587 82 3596 ·
150 3630 157 3635 .
175 3586 218 3634 JL:
237 3589 358 3627 *ppas-
369 3586 441 3626 est,
461 3591 483 3618 a
506 3592 578 3629 quo
595 3591 636 3619 se
657 3582 752 3620 ratio
768 3588 904 3620 nostrae
929 3582 1131 3620 festinatio-

159 3651 174 3675 ·,
450 3641 626 3691 laium.)
643 3642 794 3690 Mystice
825 3649 948 3681 autem
978 3643 1133 3692 proiecit

111 3717 114 3724 f
149 3724 157 3733 ‚
203 3698 218 3703 ”
264 3714 282 3760 7·
331 3701 748 3757 -fflpaml’hpraonQ
769 3709 807 3742 et
834 3714 985 3753 serpens
1011 3704 1132 3743 factus

196 3776 202 3783 ·
315 3766 336 3768 “’
515 3778 612 3804 var*
637 3763 767 3827 ’.Νη
789 3764 1008 3815 ,εἰειιὶίίοαιιε
1035 3767 1134 3814 quod

1188 1207 1354 1244 deserens
1372 1207 1510 1253 virgam
1541 1215 1613 1251 qua
1645 1204 1800 1250 castigat
1827 1202 2039 1250 AEgyptum,
2060 1202 2175 1248 legem
2198 1201 2247 1237 si-

1186 1270 1347 1318 gnificat,
1376 1280 1456 1315 quae
1480 1268 1654 1304 mundum
1681 1268 1805 1304 decem
1838 1266 1954 1313 plagis
1991 1266 2244 1301 mandatorum

1186 1332 1348 1378 corripit.
1368 1331 1478 1377 Virga
1496 1341 1580 1377 ergo
1599 1340 1665 1375 per
1690 1339 1799 1376 quam
1833 1328 2012 1376 AEgyptus
2042 1329 2242 1374 corrumpi-

1186 1399 1246 1429 tur
1265 1399 1301 1429 et
1321 1393 1464 1428 Pharao
1485 1397 1690 1438 superatur,
1709 1401 1799 1427 crux
1818 1389 1951 1427 Christi
1967 1395 2033 1432 est,
2057 1400 2122 1436 per
2136 1400 2245 1435 quam

1186 1455 1341 1490 mundus
1357 1453 1525 1495 vincitur,
1544 1458 1579 1488 et
1594 1453 1761 1499 princeps
1777 1451 1884 1496 hujus
1899 1451 2022 1487 mundi
2041 1451 2242 1495 triumpha-

1188 1521 1257 1550 tur.
1280 1516 1381 1559 Quod
1401 1521 1520 1551 autem
1544 1515 1647 1561 virga
1671 1513 1831 1560 projecta
1855 1513 1894 1548 {it
1914 1523 2075 1559 serpens,
2106 1512 2244 1558 signifi-

1186 1582 1245 1613 cat
1258 1577 1353 1621 quod
1373 1576 1424 1611 ait
1443 1575 1647 1621 Sapientia:
1663 1575 1799 1618 Estote,
1819 1575 1949 1620 inquit,
1968 1574 2154 1620 prudentes
2173 1574 2241 1610 sic-

1185 1647 1223 1673 ut
1245 1644 1418 1684 serpentes
1448 1637 1590 1683 (Matth.
1622 1637 1674 1684 x).
1697 1637 1801 1681 Quod
1821 1642 1942 1672 autem
1961 1636 2062 1682 virga
2094 1646 2244 1681 serpen-

1186 1704 1241 1735 tes
1252 1709 1438 1745 magorum
1455 1699 1654 1741 devoravit,
1671 1697 1850 1744 significat
1869 1698 1966 1744 quod
1987 1709 2077 1734 crux
2091 1697 2244 1739 Christi,

1186 1761 1289 1806 quus
1314 1759 1524 1806 praedicatio
1546 1761 1738 1796 videbatur
1763 1760 1928 1802 stultitia,
1945 1770 2090 1796 omnem
2106 1759 2248 1805 sapien-

1186 1823 1273 1858 tiam
1304 1822 1524 1857 mundanam
1552 1823 1747 1867 superavit.
1781 1821 1882 1865 Quod
1902 1822 2002 1868 virga
2026 1821 2140 1867 Moysi
2171 1831 2248 1867 my-

1186 1884 1336 1920 sterium
1356 1883 1473 1919 crucis
1492 1884 1616 1926 habet,
1638 1883 1814 1919 Dominus
1832 1883 1997 1929 designat
2026 1893 2106 1918 cum
2132 1882 2182 1917 ait
2205 1882 2248 1917 de

1186 1944 1309 1991 Moyse
1328 1954 1336 1979 :
1355 1944 1407 1979 De
1421 1955 1475 1979 me
1490 1944 1580 1979 enim
1599 1942 1658 1978 ille
1673 1944 1811 1989 scripsit
1836 1942 1958 1989 (Joan.
1978 1941 2029 1990 v).
2051 1942 2139 1978 Cum
2162 1952 2248 1987 pro-

1183 2005 1280 2052 jecta
1298 2013 1394 2042 esset
1412 2005 1448 2040 in
1470 2010 1606 2041 terram
1621 2005 1734 2051 virga,
1754 2009 1840 2039 tunc
1866 2003 1903 2038 in
1922 2008 2126 2048 serpentem
2141 2014 2248 2040 versa

1190 2073 1258 2110 est,
1281 2067 1365 2113 quia
1381 2077 1462 2103 cum
1487 2077 1576 2102 crux
1597 2067 1641 2102 ad
1656 2065 1908 2101 credulitatem
1928 2064 2116 2100 hominum
2135 2064 2246 2106 venit,

1191 2129 1340 2165 stultam
1358 2128 1443 2164 fecit
1459 2127 1673 2174 sapientiam
1693 2125 1800 2171 hujus
1815 2126 1938 2162 mundi
1955 2136 2018 2170 per
2033 2125 2246 2172 mysterium

1190 2189 1368 2236 passionis
1387 2189 1536 2225 Christi.
1564 2187 1738 2223 Fecerunt
1766 2194 1896 2230 autem,
1931 2186 2061 2233 inquil,
2090 2185 2252 2221 similiter

1191 2258 1223 2287 et
1239 2253 1475 2287 incantatores
1491 2250 1743 2297 AEqyptiorum
1758 2249 1931 2295 veneficiis
1947 2249 2035 2290 suis,
2055 2255 2086 2284 et
2102 2248 2249 2284 indura-

1191 2320 1265 2348 tum
1279 2319 1329 2348 est
1343 2324 1402 2348 cor
1418 2312 1632 2354 Pharaonis,
1648 2317 1679 2346 et
1700 2323 1769 2346 non
1783 2311 1961 2346 exaudivit
1979 2321 2037 2346 eos
2054 2311 2144 2345 sicut
2159 2310 2251 2345 discit

1190 2375 1374 2411 Dominus.
1397 2374 1485 2410 Cum
1504 2374 1581 2410 haec
1601 2374 1784 2417 dicuntur,
1806 2374 1950 2409 videtur
1968 2378 2159 2419 propterea
2188 2382 2252 2407 cor

1190 2433 1391 2470 Pharaonis
1423 2435 1631 2470 induratum
1651 2433 1777 2476 fuisse,
1814 2434 1899 2478 quia
1938 2438 1975 2468 et
2007 2433 2252 2468 incantatores

1192 2494 1446 2540 AEgyptiorum
1466 2494 1596 2529 similia
1617 2493 1803 2534 fecerunt3
1822 2493 1883 2528 sed
1910 2493 2168 2537 consequentia
2186 2492 2250 2528 do-

1192 2556 1325 2591 cebunt
1343 2558 1477 2599 quanta
1496 2552 1605 2588 fuerit
1637 2553 1698 2588 illa
1717 2552 1921 2594 obduratio,
1942 2552 2051 2588 etiam
2081 2562 2163 2587 cum
2198 2552 2254 2587 in-

1194 2621 1399 2652 cantatores
1416 2613 1725 2663 defeceruntrfflx
1739 2614 1912 2660 Isidoro.)
1925 2613 2170 2660 Spiritualiter
2189 2625 2254 2650 au-

1195 2683 1279 2720 tem,
1303 2676 1484 2713 induravit
1501 2676 1675 2712 Dominus
1696 2686 1759 2712 cor
1774 2675 1988 2720 Pharaonis,
2011 2676 2150 2713 scilicet
2161 2665 2252 2723 ‘qnia

1194 2737 1376 2774 diabolum
1395 2737 1446 2772 ita
1472 2736 1653 2772 induravit
1676 2742 1757 2783 post
1771 2743 1973 2782 peccatum,
2004 2743 2044 2773 ut
2075 2738 2254 2783 poeniten-

1195 2799 1254 2834 tiae
1288 2797 1563 2844 compunctione
1605 2807 1790 2843 nunquam
1830 2798 2048 2842 emolliatur,
2084 2799 2178 2834 sicut
2215 2799 2251 2834 in

1194 2858 1261 2894 Job
1285 2858 1330 2894 de
1349 2867 1392 2894 eo
1418 2857 1592 2903 scriptum
1613 2863 1691 2893 est:
1709 2857 1779 2894 Cor
1807 2858 1883 2904 ejus
1911 2858 2136 2894 indurabitur
2153 2859 2254 2903 qnasi

1198 2919 1288 2965 lapis
1317 2919 1413 2966 (Job.
1443 2917 1533 2965 xm).
1563 2917 1701 2953 Dehinc
1719 2917 1924 2954 inferuntur
1950 2919 2063 2965 plagae
2081 2919 2117 2954 in
2147 2918 2255 2966 AEgy-

1195 2985 1310 3027 ptum.
1327 2979 1430 3015 Licet
1448 2979 1508 3014 illa
1523 2978 1560 3014 in
1576 2978 1772 3026 AEgyptum
1792 2979 2027 3025 corporaliter
2041 2985 2140 3025 gesta
2151 2986 2248 3022 sunt,

1196 3039 1435 3086 spiritualiter
1453 3044 1574 3075 tamen
1597 3049 1693 3075 nunc
1722 3045 1897 3087 geruntur
1925 3040 1963 3076 in
1990 3041 2120 3084 nobis;
2143 3039 2255 3087 AEgy-

1196 3106 1282 3148 ptus
1306 3110 1463 3147 namque
1483 3100 1605 3137 saeculi
1627 3099 1744 3136 sorma
1762 3105 1831 3137 est.

1589 3160 1740 3197 CAPUT
1766 3160 1858 3197 xm.

1360 3222 1413 3258 De
1437 3222 1660 3258 conversione
1684 3232 1784 3268 aquoe
1808 3222 1846 3257 in
1869 3221 2086 3268 sanquinem.

1245 3283 1346 3319 Dixit
1361 3293 1499 3330 quoque
1514 3282 1685 3318 Dominus
1711 3281 1806 3318 Deus
1833 3282 1878 3316 ad
1906 3281 2077 3326 Moysen.-
2107 3278 2175 3314 Dic
2206 3280 2253 3316 ad

1200 3342 1334 3387 Aaron,
1353 3342 1450 3378 Tolle
1462 3343 1596 3389 virqam
1618 3348 1728 3386 tuam,
1757 3347 1791 3377 et
1813 3341 1958 3377 extende
1983 3350 2126 3375 manum
2155 3345 2254 3376 tuam

1201 3415 1305 3451 super
1321 3415 1430 3451 aquas
1445 3403 1608 3450 AEyypti,
1631 3409 1665 3439 et
1679 3412 1784 3448 super
1796 3401 1921 3447 fluvios
1944 3411 2078 3444 eorum,
2103 3406 2136 3437 et
2161 3401 2253 3438 rivos

1202 3475 1244 3501 ac
1257 3464 1403 3512 paludes
1429 3470 1463 3499 et
1488 3474 1608 3499 omnes
1636 3462 1734 3497 lacus
1753 3471 1936 3507 aquaram,
1955 3466 1994 3496 ut
2013 3466 2192 3498 vertantur
2213 3462 2255 3499 in

1203 3512 1438 3574 sanyninemus
1458 3529 1491 3558 et
1503 3523 1549 3558 sit
1566 3521 1720 3557 cruorin
1728 3520 1823 3556 omni
1841 3525 1936 3557 terra
1948 3520 2112 3568 AE'qypfi,
2130 3522 2255 3558 tamin

1195 3583 1321 3629 ligneis
1343 3583 1435 3618 vasis
1449 3591 1554 3629 quam
1578 3581 1616 3616 in
1631 3581 1761 3618 saxeis.
1782 3579 2024 3630 Fet-ermque
2047 3583 2098 3618 ita
2114 3581 2254 3629 Moyses

1197 3650 1228 3680 et
1236 3643 1356 3679 Aaron
1373 3642 1465 3679 sieut
1482 3647 1695 3689 proeceperat
1713 3641 1900 3687 Dominus,
1924 3647 1997 3680 etc.
2018 3642 2152 3690 (Exod.
2169 3643 2252 3692 vn.)

1199 3703 1418 3748 Quod-vero
1437 3711 1540 3750 aquae
1556 3701 1716 3739 fluminis
1735 3707 1928 3740 vertuntur
1957 3703 1996 3740 iu
2025 3703 2252 3752 sanguinem.

1200 3765 1290 3806 satis
1303 3764 1559 3804 convenienter
1574 3769 1734 3813 aptatur,
1749 3769 1790 3803 ut
1797 3763 1936 3804 fluvius
1949 3764 2254 3818 eui-nebraeorum
