2540 4016
53 255 126 295 945

527 246 531 250 ’
577 249 845 287 ENARRATIO
873 249 1026 288 SUPER
1050 245 1468 291 DEUTERONOMIIIM.
1492 274 1540 280 —
1560 255 1648 292 Lm.
1675 255 1734 291 nl.

2151 263 2221 303 9⁴6

53 346 68 368 ι
88 331 182 378 ejus,
199 327 390 365 abscindes
417 335 565 363 manum
597 326 714 370 illius,
741 336 809 363 nee
822 325 980 363 flecteris
999 338 1106 374 super
1124 333 1160 373 Α
1179 342 1192 363 c
1214 331 1262 367 rit
1281 335 1431 367 cunctas
1448 340 1515 377 per
1529 323 1721 367 circuitum
1741 331 1904 369 nationes
1918 335 1956 371 in
1972 342 2084 384 terra,
2113 353 2222 388 quam

53 405 68 429 ι
90 391 188 430 illam
218 387 482 426 misericordia.
508 401 520 422 ›
544 386 638 431 Quid
669 398 734 434 per
764 389 854 424 istos
886 388 975 424 duos
1011 389 1109 426 viros

49 454 224 495 rixantes,
258 450 329 486 nisi
355 449 532 486 dissensio
558 449 654 486 inter
670 450 892 486 catholicum
909 455 947 486 et
966 450 1110 486 haereti-

49 521 134 549 cnm
149 507 365 556 exprimitur
377 507 394 542 ἲ
410 506 462 543 Ibi
488 506 585 543 enim
605 508 814 544 necessaria
833 513 889 544 est
911 507 1106 551 contentio,

50 571 112 608 ubi
129 570 252 617 dispar
269 568 424 604 duorum
441 567 482 603 tit
496 568 663 604 intentio.
696 568 798 604 Alter
817 568 914 605 enim
934 569 1109 614 importu-

50 643 119 670 nus
150 635 308 669 sectator
337 635 394 666 est
425 630 574 674 erroris,
609 630 699 666 alter
729 630 912 666 studiosus
941 629 1109 666 defensor

0 714 1 740 i
50 694 226 732 veritatis.
242 692 317 729 Nec
347 697 490 737 oportet
519 692 592 728 ullo
623 692 730 728 modo
761 692 953 728 veritatem
985 701 1108 727 succe-

49 745 149 798 dere,
174 754 237 791 sed
262 754 432 790 resistere
459 753 603 791 fortiter
635 754 773 797 errori,
803 754 1003 790 secundum
1022 753 1110 789 illud

0 821 1 853 3
51 816 272 862 Sapientiae:
297 827 308 848 ‹
330 815 534 860 Responde,
566 815 697 860 inquit,
731 814 840 850 stulto
855 814 960 858 Juxta
988 813 1109 848 stulti-

0 875 1 880 ’
51 879 139 914 tiam
159 888 276 920 snam,
296 887 342 913 ne
368 877 436 912 sibi
465 877 608 923 sapiens
626 877 792 912 videatur
812 888 824 908 ›
842 873 972 921 (Prov.
990 873 1106 920 xxvi).

0 928 1 973 J
51 941 153 978 Unde
178 946 214 977 et
230 940 362 975 Paulus
387 939 562 986 gloriatur
582 948 621 974 se
637 935 886 983 hujuscemodi
905 935 1110 971 hominibus

0 1014 2 1048 g
48 1013 116 1039 nec
151 1003 196 1038 ad
225 1003 353 1038 horam
373 1002 516 1037 cedere.
538 1000 638 1036 Uxor
655 1003 775 1034 autem
804 997 864 1032 illa
892 1006 972 1042 quae
995 997 1111 1043 impu-

0 1081 1 1086 *
49 1065 150 1101 denti
182 1074 291 1099 manu
325 1063 549 1099 defendendo
578 1061 696 1096 virum
731 1069 848 1102 suum,
875 1058 1022 1095 alterius
1049 1059 1111 1104 qui

48 1125 178 1162 fortior
210 1130 265 1161 est
284 1123 563 1171 apprehenderit
588 1121 761 1163 verenda,
794 1120 906 1162 nulla,
926 1120 963 1154 ni
988 1119 1108 1162 fallor,

49 1187 167 1233 aptius
200 1185 350 1231 intelligi
386 1190 504 1231 potest
532 1194 642 1230 quam
676 1181 920 1226 subjectorum
955 1190 1109 1226 persona

49 1258 129 1293 qnae
150 1247 338 1293 subjugata
364 1253 420 1282 est
444 1245 637 1281 han-elicis.
671 1243 755 1278 Haec
784 1253 882 1284 vero,
910 1243 939 1279 si
958 1252 1022 1289 per
1050 1242 1111 1278 ali·
1128 1235 1160 1273 Β

49 1320 156 1355 qnam
185 1309 418 1355 ignominiam
440 1307 580 1350 falsam,
598 1312 660 1342 ant
680 1316 744 1351 per
761 1305 939 1340 actionem
969 1309 1110 1349 turpem

49 1371 206 1407 voluerit
242 1370 411 1405 catholici
452 1368 635 1404 maculare
672 1366 1000 1408 conversationem,
1036 1365 1111 1400 sive

49 1430 236 1465 diffamare
264 1429 480 1470 doctrinam,
508 1428 730 1463 omnimodo
755 1427 825 1462 tale
845 1426 1112 1461 machinamen-

49 1495 125 1525 tum
159 1489 443 1525 abseindendum
469 1493 537 1531 est,
566 1498 633 1524 nec
659 1487 731 1523 ulla
758 1487 951 1523 miseretur
970 1486 1112 1521 miseri-

49 1552 187 1595 cordia,
212 1563 292 1598 quae
314 1558 453 1586 tantum
483 1550 724 1586 abominando
742 1549 1081 1595 sprevitjustitiam.

100 1626 111 1646 ‹
131 1612 209 1648 Non
225 1613 374 1648 habebis
404 1613 440 1647 in
471 1612 613 1648 sacculo
638 1612 779 1647 diversa
799 1611 973 1658 pondera,
995 1611 1111 1656 majus

53 1686 65 1707 ‹
89 1678 125 1709 et
154 1672 292 1714 minus;
319 1681 386 1707 nec
403 1672 472 1707 erit
491 1674 527 1706 in
548 1672 654 1708 domo
680 1677 740 1707 tua
771 1671 913 1707 modius
940 1669 1056 1714 maJ’or
1076 1675 1112 1705 et

54 1746 65 1767 ι
91 1734 223 1768 minor.
254 1733 400 1768 Pondus
423 1733 574 1768 habebis
601 1734 738 1778 ¹iustum
763 1739 800 1768 et
816 1743 954 1775 verum,
973 1738 1010 1768 et
1035 1742 1112 1767 mo-

54 1808 65 1829 «
92 1796 170 1831 dius
181 1795 328 1840 aequaHs
348 1799 383 1830 et
404 1806 512 1830 verus
528 1796 598 1830 erit
615 1795 693 1837 tibi,
713 1801 753 1830 ut
773 1795 885 1831 multo
903 1795 1004 1830 vivas
1020 1800 1112 1829 tem-

54 1869 65 1890 «
88 1867 175 1902 pore
195 1867 305 1902 super
330 1863 480 1899 terram,
510 1867 617 1902 qnam
637 1858 810 1894 Dominus
839 1858 932 1893 Dens
950 1862 1032 1892 tuus
1050 1856 1111 1891 de-

54 1930 64 1950 «
89 1918 182 1953 derit
201 1917 277 1952 tibi.
313 1916 594 1954 Abominabitur
621 1918 716 1953 enim
744 1918 918 1953 Dominus
950 1927 1031 1952 eum
1050 1916 1112 1961 qui

54 1989 65 2010 e
86 1977 170 2013 facit
193 1977 284 2020 haec,
317 1983 354 2013 ct
384 1978 595 2014 adversatur
618 1989 763 2014 omnem
787 1978 977 2022 justitiam.
1001 1991 1012 2011 ι
1038 1976 1113 2012 Hoc

50 2038 183 2074 etenim
213 2038 309 2074 idem
329 2039 514 2084 legislator
538 2039 648 2074 etiam
669 2040 705 2074 in
721 2039 882 2074 Levitico
912 2038 1109 2073 interdicit.

51 2098 242 2135 Salomone
258 2109 401 2144 quoque
423 2109 546 2144 parem
576 2100 731 2145 desuper
759 2099 975 2135 sententiam
992 2097 1113 2144 profe-

51 2165 177 2196 rente:
197 2172 208 2193 a
230 2160 376 2196 Pondus
397 2170 566 2206 magnum
595 2166 631 2196 et
657 2161 844 2206 pusillum,
869 2166 905 2196 ct
931 2169 1112 2195 mensurae

51 2220 227 2266 duplices,
246 2219 431 2255 immunda
460 2225 544 2255 sunt
562 2226 714 2266 utraque
736 2225 819 2255 ante
839 2219 1044 2254 Dominum.
1068 2217 1113 2253 Et

50 2282 111 2328 qui
131 2281 218 2318 facit
236 2292 329 2325 eam,
350 2282 385 2317 in
401 2282 718 2318 adinventionibus
737 2284 813 2318 suis
827 2282 1074 2328 compedietur
1095 2295 1107 2317 ›

53 2344 186 2393 (Prov.
210 2345 292 2392 xx).
317 2345 472 2382 Proinde
499 2356 570 2382 non
602 2346 719 2382 solum
751 2345 812 2381 illo
830 2344 1022 2390 corporali,
1051 2344 1114 2380 sed

52 2406 162 2442 etiam
193 2405 347 2452 spiritali
382 2407 489 2442 modo
518 2407 735 2442 studendum
766 2411 822 2442 est
843 2405 960 2447 nobis,
990 2410 1028 2439 ut
1047 2414 1114 2440 nec

53 2468 195 2504 diversa
221 2468 379 2513 pondera
400 2468 437 2503 in
470 2468 638 2504 cordibus
660 2469 809 2511 nostris,
845 2478 910 2503 nee
942 2467 979 2502 in
1008 2467 1114 2502 domo

0 2539 1 2563 i
54 2532 285 2569 conscientiae
310 2538 446 2568 nostrae
482 2542 671 2568 mensuras
707 2531 868 2576 duplices
896 2530 1110 2571 habeamus,

0 2590 1 2642 ff
54 2593 90 2628 id
108 2597 175 2635 est,
204 2603 270 2628 nec
289 2593 355 2636 ipsi
384 2602 425 2627 ea
452 2602 532 2637 quae
563 2592 805 2627 distinctionis
838 2590 999 2634 regulam
1027 2589 1116 2624 mol-

53 2652 158 2695 liunt,
175 2652 381 2688 remissiore
409 2651 629 2698 indulgentia
649 2655 926 2696 praesumentes;
952 2659 1014 2684 eos
1036 2649 1116 2694 qui-

53 2714 121 2750 bus
155 2712 305 2748 verbum
340 2712 484 2748 Domini
524 2712 763 2758 praedicamus
783 2738 792 2754 ‚
833 2709 1115 2745 districtioribus

54 2777 246 2823 praeceptis
268 2781 304 2811 et
321 2774 561 2821 gravioribus,
581 2784 689 2819 qnam
714 2773 783 2819 ipsi
804 2773 965 2819 perferre
986 2782 1114 2818 possu-

56 2847 162 2879 mus,
198 2835 419 2881 ponderibus
451 2835 659 2870 obruamus.
701 2833 803 2876 Quod
834 2843 916 2869 cum
948 2832 1115 2875 facimus,

57 2897 143 2943 quid
168 2897 237 2933 nisi
254 2896 398 2932 diverso
418 2895 580 2941 pondere
599 2899 708 2940 atque
730 2904 900 2931 mensura
919 2899 1118 2939 praecepto-

58 2969 138 2994 rum
159 2959 363 2994 mercedem
386 2956 526 2992 Domini
552 2955 777 3002 frugemque,
808 2955 864 2990 vel
882 2956 1118 3001 appendimus

1180 403 1193 424 ι
1218 391 1283 426 tibi
1310 391 1490 437 pollicitus
1508 396 1578 434 est,
1610 391 1747 427 delebis
1765 401 1896 428 nomen
1921 393 1998 438 ejus
2021 400 2086 435 suh
2100 403 2191 439 mlo
2211 416 2220 440 :

1182 460 1194 482 t
1217 459 1304 485 cave
1334 461 1379 486 ne
1411 450 1651 487 obliviscaris.
1671 464 1684 486 ›
1703 451 1742 486 In
1760 450 1934 488 Amalech
1956 463 2042 501 ergo
2067 461 2223 505 nomine,

1177 511 1239 557 qui
1269 511 1410 557 lingens
1443 513 1655 558 sanguinem
1684 512 1958 558 interpretatur,
1990 515 2228 560 spiritualium

1177 572 1421 617 nequitiarum
1441 573 1657 617 exprimitur
1675 572 1788 618 figura
1821 584 1830 607 :
1861 583 1940 618 quae
1959 574 2063 610 nobis
2082 584 2145 620 per
2167 576 2230 612 ba-

1177 633 1349 679 ptismum
1367 633 1650 679 egredientibus,
1678 634 1722 669 de
1754 633 1907 680 spiritali
1927 633 2098 681 AEgypto,
2130 646 2232 672 aver-

1178 698 1303 730 santur
1321 705 1329 728 :
1351 698 1387 728 et
1403 702 1637 739 quoscunque
1663 693 1816 729 viderint
1838 693 1875 728 in
1903 694 2032 730 itinere
2056 694 2230 732 virtutum

1176 754 1303 790 lassari
1335 764 1401 800 per
1429 759 1641 799 peccatum,
1678 754 1796 799 potius
1831 755 1977 790 student
2012 755 2231 793 subvertere.

1177 815 1251 851 Hos
1278 824 1363 861 ergo
1379 815 1530 860 populos
1549 815 1715 850 omnibus
1730 815 1858 859 modis,
1881 826 1963 851 cum
1979 815 2153 852 Dominus
2174 817 2236 853 de-

1177 876 1270 912 derit
1297 875 1520 918 facultatem,
1551 876 1722 911 debemus
1748 876 1976 919 subvertere;
2006 882 2043 912 et
2062 883 2235 922 quantum

1177 938 1346 984 possibile
1363 942 1431 981 est,
1449 938 1492 973 de
1509 939 1594 973 sede
1611 939 1740 973 animae
1755 943 1886 974 nostiae
1906 939 2156 984 suggestiones
2173 950 2234 975 eo-

1178 1010 1257 1034 rum
1275 998 1404 1043 ejicere
1423 1004 1530 1043 atque
1543 997 1676 1041 delere,
1696 1009 1741 1034 ne
1756 998 1848 1034 forte
1863 999 1892 1034 si
1908 998 2046 1044 aliquas
2061 999 2232 1044 reliquias

1178 1070 1303 1098 eorum
1320 1059 1424 1104 juxta
1457 1061 1662 1106 exemplum
1691 1060 1778 1096 Saul
1814 1061 1851 1096 in
1876 1067 1999 1097 nostra
2029 1068 2147 1098 mente
2176 1073 2234 1098 rc-

1179 1121 1455 1165 servaverimus,
1488 1131 1598 1157 causa
1627 1121 1880 1157 inobedientia}
1910 1123 2046 1167 pariter
2075 1133 2156 1158 cum
2185 1123 2237 1158 eis

1179 1183 1444 1219 subvertamur.

1556 1228 1709 1265 CAPUT
1734 1229 1857 1264 XXIII.

1180 1277 1231 1312 De
1249 1277 1412 1323 primitiis
1440 1276 1580 1322 fraqam
1601 1276 1803 1358 οῇὶεέἱὲἷῖςίε,
1831 1282 1863 1311 et
1882 1276 1925 1311 de
1951 1275 2092 1310 decimis
2111 1275 2237 1310 dandis

1226 1383 1336 1430 (cip.
1352 1383 1478 1430 xxvi.)
1503 1395 1514 1416 ‹
1532 1382 1621 1419 Cum
1655 1383 1852 1419 intraveris
1875 1390 2007 1419 terram
2040 1394 2149 1429 quam
2167 1383 2238 1419 Do-

1183 1457 1194 1477 «
1218 1444 1338 1479 minus
1359 1444 1452 1479 Deus
1473 1449 1555 1478 tuus
1579 1443 1643 1478 tibi
1659 1443 1810 1479 daturus
1829 1449 1884 1479 est
1907 1444 2172 1490 possidendam,
2201 1449 2238 1479 et

1183 1517 1195 1538 ι
1215 1505 1415 1540 obtinueris
1442 1514 1522 1540 eam
1541 1510 1649 1550 atque
1677 1505 1895 1541 habitaveris
1917 1505 1951 1540 in
1975 1505 2049 1547 illa,
2070 1505 2173 1540 tolles
2193 1505 2238 1540 de

1183 1578 1194 1599 ‹
1220 1567 1359 1602 cunctis
1386 1565 1548 1612 frugibus
1578 1566 1648 1601 tuis
1677 1566 1876 1610 primitias,
1909 1571 1943 1601 et.
1969 1576 2079 1611 pones
2099 1566 2134 1600 in
2155 1575 2237 1601 car·

1184 1639 1195 1659 «
1223 1626 1326 1670 tallo;
1356 1636 1556 1672 pergesque
1581 1626 1627 1661 ad
1653 1625 1784 1669 locuni,
1819 1635 1926 1671 quem
1948 1625 2123 1661 Dominus
2142 1626 2238 1660 Deus

1185 1699 1196 1719 α
1222 1692 1305 1722 tuus
1333 1686 1495 1732 elegerit,
1524 1691 1563 1720 ut
1579 1685 1627 1720 ibi
1647 1685 1834 1721 invocetur
1854 1695 1986 1721 nomen
2017 1685 2114 1730 ejus3
2139 1694 2242 1720 acce-

1184 1760 1195 1780 «
1221 1748 1354 1792 desque
1373 1747 1418 1782 ad
1444 1746 1682 1787 sacerdotem,
1717 1746 1778 1791 qui
1810 1745 1974 1781 fueritin
2005 1746 2130 1781 diebus
2152 1745 2238 1789 iilis,

1185 1820 1196 1840 ι
1221 1813 1258 1844 et
1274 1807 1372 1843 dices
1393 1807 1438 1842 ad
1464 1816 1545 1841 eum
1564 1819 1571 1840 :
1593 1806 1772 1842 Profiteor
1804 1806 1910 1841 hodie
1935 1816 2056 1841 coram
2088 1806 2239 1841 Domino

1185 1880 1196 1901 ‹
1223 1868 1298 1903 Deo
1322 1874 1395 1911 tuo,
1428 1868 1524 1913 quod
1554 1868 1737 1914 ingressus
1763 1878 1843 1903 sum
1870 1868 1907 1902 in
1929 1874 2062 1903 terram
2082 1878 2147 1912 pro
2170 1878 2241 1913 qna

1186 1941 1198 1963 ‹
1219 1927 1353 1973 juravit
1372 1928 1533 1973 patribus
1551 1928 1698 1969 nostris,
1723 1934 1762 1962 ut
1783 1928 1886 1963 daret
1914 1937 1993 1962 cam
2014 1927 2132 1962 nobis.
2154 1926 2241 1962 Sus-

1187 2002 1199 2022 (
1220 1989 1430 2034 cipicnsque
1450 1988 1617 2023 sacerdos
1637 1987 1825 2023 cartallum
1842 1988 1884 2023 de
1904 1998 2014 2022 :itanu
2035 1993 2109 2030 tua,
2131 1994 2241 2033 ponet

1186 2063 1198 2083 ‹
1225 2055 1308 2085 ante
1342 2049 1454 2084 altare
1480 2048 1622 2084 Domini
1650 2048 1712 2083 Dei
1742 2048 1804 2083 tui.
1827 2048 1872 2083 Et
1901 2048 2057 2092 loqueris
2090 2047 2126 2082 in
2158 2057 2244 2082 con-

1187 2123 1199 2144 «
1224 2115 1349 2155 spectu
1392 2109 1535 2144 Domini
1575 2109 1637 2144 Dei
1673 2108 1724 2143 tui
1763 2121 1771 2143 :
1815 2109 1927 2153 Syrus
1962 2108 2246 2153 persequebatur

1187 2184 1198 2205 α
1223 2179 1364 2218 patrem
1390 2180 1526 2212 meum,
1557 2169 1618 2215 qui
1641 2168 1827 2205 descendit
1847 2168 1883 2203 in
1909 2167 2120 2214 Aigyptum,
2142 2174 2177 2202 et
2194 2167 2244 2203 ibi

1186 2244 1198 2266 ‹
1221 2230 1472 2277 peregrinatus
1491 2236 1547 2266 est
1565 2230 1601 2265 in
1621 2229 1838 2275 paucissimo
1860 2239 2023 2264 nnnnero.
2050 2228 2242 2272 Crevitque

1186 2304 1198 2326 ι
1221 2292 1258 2327 in
1277 2298 1421 2337 gentem
1449 2301 1617 2335 magnam
1637 2296 1673 2326 et
1691 2291 1889 2331 robustam,
1923 2294 1959 2324 et
1983 2288 2131 2323 inlinitat
2151 2288 2241 2322 mul-

1186 2365 1197 2386 «
1222 2351 1401 2394 titudinis,
1432 2350 1708 2396 afflixeruntque
1728 2360 1793 2385 nos
1813 2348 1972 2395 AEgyptii
2007 2355 2041 2383 et
2062 2347 2243 2392 persecuti

1186 2427 1197 2448 ι
1221 2419 1318 2455 sunt,
1354 2413 1579 2458 imponentes
1602 2421 1712 2447 onera
1745 2411 1970 2457 gravissima.
2003 2409 2049 2445 Et
2071 2409 2242 2444 clamavi-

1186 2487 1197 2508 ι
1222 2485 1301 2509 mus
1322 2474 1366 2509 ad
1385 2473 1576 2508 Dominum
1596 2472 1709 2507 Deum
1735 2478 1878 2516 patrum
1911 2479 2114 2505 nostrorum
2137 2481 2144 2503 z
2173 2468 2242 2512 Qui

1187 2548 1198 2569 ‹
1223 2534 1406 2570 exaudivit
1438 2543 1525 2571 nos,
1565 2539 1601 2568 et
1635 2532 1793 2578 respexit
1829 2541 1894 2566 nos
1929 2541 1964 2565 et
1997 2529 2238 2565 humilitatem

1187 2613 1198 2634 ‹
1222 2603 1383 2634 nostram
1416 2601 1453 2631 et
1479 2595 1639 2630 laborem
1670 2600 1777 2638 atque
1802 2593 2019 2638 angustiam,
2051 2598 2087 2626 ct
2115 2591 2241 2627 eduxit

1188 2672 1200 2693 ι
1223 2669 1288 2694 nos
1308 2658 1350 2693 de
1372 2656 1529 2702 AEgypto
1548 2656 1584 2690 in
1607 2665 1713 2689 manu
1733 2653 1818 2690 sorti
1849 2660 1883 2689 et
1906 2652 2054 2689 brachio
2076 2656 2236 2692 extento,

1188 2731 1199 2752 ‹
1223 2719 1257 2754 in
1277 2716 1411 2763 ingenti
1431 2725 1577 2761 pavore,
1601 2715 1639 2749 in
1659 2713 1771 2759 signis
1790 2718 1898 2758 atque
1918 2710 2116 2757 portentis;
2138 2714 2174 2744 et
2189 2709 2242 2743 in-

1189 2792 1200 2813 «
1226 2778 1386 2814 troduxit
1405 2777 1448 2811 ad
1468 2776 1575 2811 istum
1595 2775 1736 2817 locum,
1757 2780 1793 2809 et
1812 2772 1961 2808 tradidit
1982 2771 2082 2807 nobis
2105 2776 2240 2806 terram

1188 2853 1199 2874 ‹
1224 2841 1316 2875 laete
1335 2844 1372 2874 et
1391 2837 1494 2873 melle
1538 2842 1757 2872 manantem.
1782 2834 1827 2870 Et
1845 2834 1980 2869 idcireo
2009 2841 2102 2867 nunc
2127 2829 2239 2866 oss'ero

1189 2914 1200 2935 ‹
1228 2900 1405 2947 primitias
1440 2898 1581 2944 frugum
1617 2902 1723 2932 terrae
1741 2923 1750 2938 ,
1789 2904 1896 2941 quam
1936 2893 2107 2929 Dominus
2143 2890 2242 2927 dedit

1190 2975 1202 2996 ‹
1222 2962 1323 2997 mihi.
1346 2960 1389 2996 Et
1402 2959 1561 2995 dimittes
1578 2968 1639 2994 eas
1655 2958 1691 2993 in
1709 2961 1905 3002 conspectu
1924 2953 2066 2990 Domini
2088 2951 2152 2988 Dei
2172 2951 2225 2986 tui

60 3018 115 3055 vei
130 3019 321 3055 metimur?
340 3017 379 3054 Si
403 3018 500 3054 enim
517 3017 620 3052 aliter
636 3026 681 3051 ea
698 3016 815 3059 nobis,
846 3016 952 3050 aliter
981 3015 1116 3051 nostris
1134 3035 1168 3074 D
1191 3036 1203 3057 (
1226 3023 1375 3058 adoram
1398 3021 1550 3056 Domino
1580 3020 1652 3054 Deo
1672 3024 1754 3060 tno;
1777 3023 1813 3053 et
1841 3014 2044 3062 epulaberis
2064 3013 2100 3048 in
2127 3010 2231 3047 omni

59 3079 231 3116 fratribus
250 3080 515 3126 dispensemus,
547 3082 644 3114 recte
662 3077 891 3122 increpamur
907 3087 927 3111 a
948 3075 1115 3118 Domino,

60 3150 104 3177 eo
122 3141 219 3187 quod
236 3145 392 3176 stateras
413 3140 575 3176 diversas
595 3139 650 3174 vel
669 3147 856 3174 mensuras
875 3137 1035 3183 duplices
1054 3138 1118 3173 ha-

60 3202 210 3239 beamus
228 3201 426 3238 secundum
451 3200 548 3237 illam
573 3200 786 3236 sententiam
808 3199 1028 3242 Salomonis,
1049 3208 1119 3244 qua

63 3261 194 3298 dieitur
214 3274 223 3297 ε
247 3273 260 3295 ‹
279 3260 509 3298 Abominatio
537 3265 594 3296 est
617 3259 769 3295 Domino
801 3258 941 3305 pondus
961 3258 1118 3304 duplex;

63 3326 100 3359 et
125 3327 260 3359 statera
279 3322 402 3360 dolosa
418 3331 492 3359 non
522 3326 579 3358 est
602 3322 698 3357 bona
729 3320 767 3355 in
786 3323 983 3365 conspectu
1003 3318 1080 3364 eJns
1102 3331 1114 3353 ›

65 3380 192 3431 (Prov.
215 3394 276 3420 xxi
290 3383 316 3431 ).

440 3459 592 3498 CAPUT
634 3458 745 3495 XXII.

276 3521 331 3559 De
353 3519 499 3558 delendo
524 3519 689 3556 Amalech
716 3517 778 3554 sub
809 3515 906 3551 coelo.

114 3581 246 3632 (Into.)
268 3582 468 3620 «Memento
487 3591 567 3628 quae
581 3579 711 3616 feeerit
729 3578 795 3614 tibi
813 3573 984 3612 Amalech
999 3572 1035 3608 in
1047 3571 1119 3614 via,

72 3655 86 3679 ι
108 3644 252 3690 quando
269 3642 514 3692 egrediebaris
538 3643 583 3679 de
611 3641 783 3688 AEgypto,
799 3635 978 3685 quomodo
995 3642 1122 3670 occur-

73 3717 87 3739 «
110 3703 200 3741 rerit
218 3704 296 3748 tibi,
317 3710 354 3742 et
370 3710 554 3741 extremos
572 3701 727 3749 agminis
746 3700 813 3743 tui,
834 3698 896 3744 qni
922 3695 1007 3732 lassi
1025 3703 1123 3730 rese-

73 3778 87 3802 «
112 3760 254 3809 derant,
272 3765 458 3810 ceciderit,
482 3764 627 3811 quando
651 3766 691 3798 tu
717 3770 799 3797 eras
820 3758 918 3795 fame
943 3762 980 3793 et
1001 3755 1123 3791 labore

44 3816 57 3839 ³
74 3840 89 3864 ι
116 3820 319 3869 confectus,
339 3829 377 3861 et
396 3834 471 3862 non
490 3823 655 3860 timueris
673 3821 802 3859 Deum.
822 3819 913 3857 Cum
938 3827 1024 3864 ergo
1049 3815 1122 3851 Do—

79 3901 94 3926 «
113 3890 233 3928 minus
248 3887 345 3925 neus
357 3891 440 3924 mus
462 3885 604 3923 dederit
627 3885 695 3922 tibi
713 3883 890 3929 requiem,
908 3886 945 3917 et
961 3877 1123 3925 subjece-

1204 3097 1214 3117 ‹
1239 3083 1307 3119 bns
1323 3082 1427 3118 bonis
1446 3091 1526 3126 quae
1545 3079 1718 3115 Dominus
1736 3077 1831 3114 Deus
1859 3082 1943 3112 tuus
1966 3073 2105 3111 dederit
2121 3072 2184 3107 tibi
2206 3075 2238 3106 et

1194 3158 1206 3179 t
1225 3144 1346 3180 domui
1380 3149 1463 3185 tuoe,
1485 3146 1523 3176 tu
1539 3146 1576 3177 et
1609 3140 1747 3176 Levites
1779 3144 1814 3174 et
1844 3137 1994 3177 advena,
2028 3132 2089 3178 qui
2123 3136 2242 3166 tecum
2263 3148 2285 3187 :²

1194 3218 1205 3240 ι
1233 3210 1300 3241 cst.
1323 3218 1334 3238 ι
1358 3203 1428 3239 Per
1448 3203 1524 3238 haec
1539 3201 1660 3243 verba,
1687 3197 1816 3243 quibus
1837 3193 2107 3230 instruebantur
2122 3188 2243 3224 Israe-
2263 3199 2269 3203 ·

1190 3265 1275 3308 litae,
1297 3262 1476 3310 quomodo
1490 3261 1526 3296 in
1543 3266 1638 3295 terra
1656 3253 1894 3303 possessionis
1913 3260 1987 3287 suae
2005 3248 2187 3295 primitias
2205 3246 2243 3283 in

1191 3325 1341 3362 cartallo
1365 3323 1535 3360 osserrent
1563 3317 1714 3354 Domino
1742 3324 1806 3360 per
1830 3313 2026 3359 gratiarum
2044 3309 2240 3352 actionem,

1193 3397 1237 3424 eo
1253 3386 1349 3432 quod
1375 3382 1488 3427 erepti
1509 3385 1592 3416 sunt
1611 3379 1654 3414 de
1671 3376 1840 3423 AEgypto,
1861 3372 2084 3410 instituimur
2108 3378 2145 3408 et
2161 3381 2242 3414 nos,

1192 3453 1233 3484 ut
1250 3448 1423 3483 intrantes
1437 3451 1511 3486 per
1530 3437 1726 3485 spiritalem
1748 3434 1961 3476 Jordanem,
1995 3432 2064 3469 hoc
2086 3437 2155 3475 est,
2178 3440 2245 3477 per

1192 3507 1410 3553 baptismum
1446 3506 1481 3537 et
1514 3499 1621 3535 tidem
1654 3502 1787 3534 sanctae
1819 3494 2009 3531 Trinitatis
2035 3493 2074 3530 in
2105 3498 2241 3528 terram

1193 3565 1380 3606 Ecclesiae;
1417 3568 1663 3608 ponamusque
1700 3557 1736 3593 in
1768 3554 1917 3593 cartallo
1953 3550 2238 3591 conversationis

1193 3633 1326 3665 nostrae
1343 3622 1521 3671 primitias
1549 3621 1726 3658 bonorum
1756 3614 1936 3663 omniuml,
1969 3620 2005 3652 et
2035 3611 2239 3650 deferamus

1193 3691 1265 3726 Deo
1294 3689 1332 3724 in
1351 3686 1465 3722 altare
1487 3682 1570 3719 fidei
1601 3679 1810 3718 catholicae:
1831 3681 2008 3724 quatenus
2026 3684 2068 3711 ea
2084 3673 2136 3711 ibi
2156 3683 2239 3729 sus·

1192 3751 1301 3798 cipiat
1332 3745 1500 3784 sacerdos
1519 3748 1673 3791 noster,
1707 3740 1767 3776 ille
1801 3739 1926 3785 utique
1955 3736 2017 3784 qui
2042 3733 2240 3772 seeundum

1193 3812 1355 3850 ordinem
1379 3802 1640 3843 Melchisedech
1663 3811 1684 3838 a
1711 3801 1785 3838 Deo
1810 3798 1928 3836 factus
1949 3802 2007 3835 est
2024 3794 2128 3833 nobis
2156 3803 2244 3841 pon-

1193 3872 1293 3910 tifex.
1329 3868 1452 3915 Ibique
1478 3863 1713 3903 conflteamur
1744 3860 1897 3898 Domino
1928 3858 2159 3903 dicamusque
2189 3852 2238 3897 ei,
