2540 4016
133 193 226 238 1073

749 202 985 242 COMMENT.
1011 205 1057 243 IN
1078 206 1253 245 LIBRUM
1278 207 1432 247 JOSUE.
1459 231 1503 238 --
1528 214 1612 251 ΠΒ.
1638 215 1695 252 m.

2209 227 2303 262 itm

129 273 302 314 Dominus
319 278 481 323 praebere
507 278 689 325 dignatur,
719 286 756 317 et
774 293 841 320 nos
863 294 992 331 capere
1009 286 1181 331 valemus,
1201 287 1238 328 A
1252 291 1412 328 evaseris
1426 302 1527 329 mare
1540 295 1687 339 salsum,
1704 295 1839 332 sontem
1853 297 2011 338 invenies
2023 303 2060 339 in
2075 309 2171 342 terra
2185 305 2298 343 Judae.

130 335 311 373 discutere
331 336 475 383 singula
505 347 660 385 quaeque
692 343 926 381 tentabimus.
949 345 1051 383 Facti
1084 356 1186 394 sunt,

129 397 260 444 inquit,
279 396 371 434 fines
387 397 482 434 Juda
501 402 699 437 secundum
718 403 841 450 plebes
857 414 998 450 eorum,
1017 418 1038 443 a
1059 408 1190 448 finibus

128 457 307 502 idumaeae,
325 468 347 494 a
363 458 508 496 deserto
529 459 630 505 Sina,
651 463 696 499 ad
712 465 951 503 occidentem.
968 467 1079 515 Igitur
1100 470 1190 508 fines

128 518 230 556 Judae
256 519 413 566 proximi
441 527 525 557 sunt
546 522 677 560 finibus
702 524 880 564 ldumaeae.
911 528 1068 566 Idumaea
1087 541 1189 576 vero,

129 579 224 617 sicut
256 580 333 626 iam
375 581 534 619 diximus
572 594 686 631 saepe,
727 587 990 634 interpretatur
1029 596 1187 627 terrena.

127 639 214 676 Post
233 647 379 676 terrena
397 651 484 689 ergo
518 645 640 681 statim
665 655 937 694 consequuntur
959 650 1050 688 fines
1071 650 1186 695 Judae,

129 700 192 736 sed
223 710 245 736 a
273 701 429 746 deserto,
464 704 603 751 inquit,
637 705 724 742 Sina
749 719 757 743 ε
781 708 1038 755 interpretatur
1067 718 1190 748 autem

129 761 228 805 Sina,
247 764 478 801 tentationes.
502 766 588 802 Post
613 768 831 806 tentationes
849 780 936 817 ergo
957 781 1190 818 consequun-

127 827 186 860 tur
215 823 306 861 iines
326 826 549 864 haereditatis
578 827 692 866 Judae.
713 830 892 868 Occidens
910 838 947 869 et
974 833 1095 870 oriens
1122 845 1187 870 no-

127 885 325 930 minantur,
346 892 382 923 et
399 887 518 924 vicina
550 889 628 925 loca
647 900 687 926 ea
709 902 790 937 quae
810 902 916 938 supra
939 892 1096 929 diximus
1115 895 1187 931 imo

126 947 302 990 continia;
326 948 387 983 sed
408 953 445 984 et
466 948 570 984 vallis
591 950 738 996 AEgypti
763 951 881 986 vicina
901 951 1187 990 occidentalibus

125 1007 287 1051 partibus
318 1008 539 1054 designatur,
560 1020 640 1054 quae
671 1015 727 1045 est
746 1021 766 1045 a
792 1011 934 1047 deserto
954 1013 996 1048 ad
1017 1014 1186 1050 occiden-

126 1072 218 1110 tem;
243 1068 288 1103 ab
313 1068 455 1104 oriente
486 1079 572 1105 vero
604 1070 798 1116 cinguntur
830 1072 921 1108 fines
954 1075 1046 1110 mari
1075 1075 1183 1111 salso.

125 1128 212 1164 Post
230 1129 299 1165 hoc
326 1139 346 1164 a
365 1130 518 1166 collibus
532 1158 541 1174 ,
567 1132 683 1177 inquit
697 1160 706 1175 ‚
728 1133 790 1179 qui
814 1135 1010 1170 tenduntur
1031 1137 1074 1172 ad
1092 1137 1188 1173 occi-

125 1189 298 1231 dentem;
334 1196 370 1226 et
405 1191 487 1227 inde
522 1194 729 1230 ascenditur
764 1196 810 1231 ab
847 1197 1037 1232 occidente
1072 1181 1238 1244 usqueB

125 1251 254 1294 Barne,
276 1258 313 1287 et
342 1252 394 1288 sic
422 1254 651 1298 pertenditur
672 1256 716 1291 ad
742 1257 967 1293 occidentem
986 1257 1112 1295 Cades.
1143 1261 1188 1295 Et

125 1313 163 1349 hi
182 1319 266 1349 sunt
286 1313 377 1349 fines
396 1325 522 1350 eorum
545 1317 589 1352 ab
609 1317 752 1361 Africo;
775 1324 811 1354 et
835 1319 917 1355 inde
947 1322 1106 1365 perrexit
1132 1332 1188 1357 us-

124 1382 194 1418 que
211 1374 256 1409 ad
277 1374 408 1410 vallem
428 1375 591 1422 AEgypti.
614 1377 722 1415 Vides
742 1382 920 1425 quomodo
937 1382 972 1417 in
989 1383 1186 1420 occidentis

123 1435 300 1480 partibus,
328 1443 363 1472 et
389 1436 565 1481 Africum,
586 1445 622 1474 et
643 1439 840 1487 AEgyptum
860 1444 1037 1487 nominat,
1065 1450 1099 1480 et
1128 1455 1186 1481 oc-

125 1497 273 1532 casum?
291 1497 369 1533 sine
389 1499 512 1542 dubio,
533 1505 572 1534 ut
589 1500 666 1537 haec
683 1503 806 1538 omnia
826 1504 918 1540 sciat
937 1507 1186 1552 unusquisque

125 1557 310 1593 evadenda
334 1569 413 1595 esse
433 1566 469 1596 et
492 1564 728 1607 transeunda,
761 1571 800 1601 ut
822 1566 873 1602 ita
895 1568 1039 1604 demum
1072 1571 1187 1616 possit

125 1617 169 1653 ad
189 1618 325 1654 tribum
355 1620 491 1666 regiam
521 1625 725 1668 pervenire,
746 1626 790 1661 de
820 1637 891 1672 qua
920 1628 1006 1664 dicit
1034 1630 1188 1676 Aposto-

125 1678 180 1714 lus
205 1691 212 1713 :
239 1679 387 1716 Certum
418 1688 473 1717 est
502 1684 597 1728 quod
618 1686 660 1721 116
684 1685 774 1722 Juda
806 1694 907 1724 ortus
931 1696 986 1726 est
1015 1691 1187 1728 Dominus

124 1744 248 1775 noster
266 1739 371 1777 Jesus
390 1741 553 1779 Christus
575 1743 698 1790 (Hebr.
716 1746 795 1794 vn).
821 1748 852 1783 A
870 1749 1003 1787 finibus
1031 1756 1087 1787 est
1107 1752 1188 1787 Idu-

125 1810 226 1836 maeae
240 1801 425 1839 desertum
449 1803 550 1841 Sina.
573 1806 683 1843 Paulo
701 1815 784 1845 ante
804 1811 960 1848 diximus
979 1813 1023 1849 116
1043 1814 1187 1851 deserto

126 1858 214 1896 Sina
234 1862 328 1907 quod
347 1865 565 1902 tentationes
582 1866 779 1913 significat;
804 1875 839 1905 ct
866 1871 946 1907 ideo
964 1883 1113 1909 necesse
1132 1880 1188 1910 est

124 1930 190 1956 nos
218 1923 376 1959 transire
407 1934 568 1961 eremum
600 1929 849 1972 tentationum,
869 1937 909 1966 ut
937 1932 990 1967 sic
1008 1934 1188 1979 possimus

122 1984 314 2027 pervenire
333 1985 369 2020 in
390 1986 641 2024 haereditatem
666 1989 821 2026 filiorum
842 1991 956 2035 Juda3
978 1995 1042 2030 sed
1064 2005 1189 2031 ascen-

1257 348 1371 392 Quem
1389 351 1552 390 fontem?
1566 354 1671 391 Illum
1688 356 1850 402 profecto
1867 358 1912 394 de
1930 369 2000 405 quo
2018 363 2154 401 1116611111
2170 366 2274 405 165115
2290 381 2299 405 :

1261 420 1274 440 1
1295 408 1362 452 Qui
1381 411 1514 448 biberit
1544 414 1590 450 de
1619 425 1713 461 aqua
1742 426 1851 461 quam
1869 429 1935 464 ego
1953 419 2045 457 dabo
2061 424 2109 466 ei,
2129 425 2189 462 flet
2202 428 2240 463 in
2259 438 2303 465 eo

1257 467 1338 505 fons
1368 481 1470 516 aquae
1492 475 1654 512 salientis
1676 477 1713 512 in
1734 477 1845 513 vitam
1867 485 2040 518 aeternam
2066 483 2185 530 (soant.
2201 489 2266 536 iv).
2287 504 2301 526 ι

1258 528 1372 576 nujus
1392 532 1502 579 igitur
1523 536 1609 572 solis
1634 547 1717 573 cum
1734 539 1842 575 talem
1864 541 2006 587 qualem
2034 545 2189 584 diximus
2207 549 2305 588 inve-

1258 589 1357 626 neris
1389 590 1546 636 sontem,
1580 595 1742 633 invenies
1767 599 1874 636 etiam
1901 601 2084 639 civitatem
2105 605 2182 651 ejus
2210 620 2218 642 :
2244 608 2306 646 Est

1258 650 1371 693 enim,
1392 652 1524 699 inquit,
1543 654 1590 690 ibi
1607 662 1643 691 et
1661 658 1788 695 civitas
1808 660 1905 697 solis.
1933 662 2071 698 Dicitur
2088 673 2169 700 esse
2188 666 2223 701 iu
2242 667 2305 702 AE-

1257 717 1365 757 gypto
1385 713 1514 749 civitas
1530 715 1634 759 solis;
1662 718 1723 754 sed
1743 718 1811 754 ista
1831 720 1959 757 civitas
1977 722 2063 758 solis
2081 733 2158 768 quae
2188 724 2222 760 in
2243 725 2306 760 AE-

1257 779 1364 818 gypto
1394 779 1462 817 est,
1497 775 1602 821 hujus
1630 778 1715 814 solis
1748 790 1878 817 nomen
1899 783 2038 828 accepit
2063 795 2169 830 quem
2200 785 2307 823 Pater

1257 832 1415 869 coelestis
1432 835 1519 870 oriri
1536 835 1638 881 jubet
1663 850 1769 884 super
1790 840 1901 878 bonos
1921 847 1958 878 et
1983 843 2114 886 ma10s;
2139 845 2198 880 illa
2218 856 2304 883 vero

1257 891 1384 928 civitas
1413 905 1491 940 quae
1519 896 1556 930 in
1582 896 1702 933 Judaea
1735 907 1804 942 est,
1834 907 2040 937 sanctorum
2062 905 2309 940 tantummodo

1256 951 1419 996 efficitur,
1452 956 1535 1000 quia
1555 957 1682 994 civitas
1701 959 1764 994 Dei
1791 966 1871 996 est:
1890 967 1927 997 et
1955 961 2035 998 fons
2067 963 2138 1005 ille,
2164 964 2207 999 de
2235 975 2306 1009 quo

1256 1016 1419 1059 superius
1439 1016 1607 1060 diximus,
1630 1018 1758 1056 fluvius
1777 1020 1925 1058 effectus
1943 1023 2099 1059 laetilicat
2120 1025 2302 1060 civitatem

1257 1073 1334 1108 Dei.
1353 1073 1422 1109 Sed
1442 1081 1477 1110 et
1496 1081 1535 1111 tu
1553 1078 1583 1112 si
1601 1087 1644 1112 ex
1668 1080 1764 1114 omni
1785 1087 1886 1125 parte
1909 1083 2067 1118 munitus
2086 1084 2149 1126 sis,
2171 1091 2206 1119 et
2227 1094 2309 1120 con-

1258 1133 1418 1169 tinentize
1442 1145 1546 1171 muro
1565 1137 1821 1182 circumdatus,
1843 1140 1873 1175 si
1892 1141 2071 1186 patientiae
2099 1148 2136 1178 et
2163 1153 2310 1189 magua-

1256 1193 1433 1230 nimitatis
1459 1196 1615 1232 turribus
1633 1198 1874 1234 circumdatus
1901 1209 1954 1242 es,
1974 1201 2083 1236 ctiam
2103 1208 2139 1236 tu
2157 1202 2308 1238 efficeris

1257 1253 1384 1289 civitas
1410 1254 1499 1297 Dei;
1534 1256 1563 1290 si
1594 1267 1680 1292 vero
1709 1259 1752 1294 ad
1787 1259 1863 1295 haec
1891 1261 2009 1296 omnia
2045 1262 2219 1307 adjeceris
2245 1263 2310 1299 tibi

1256 1312 1375 1349 lumen
1398 1315 1570 1359 scientiae,
1591 1318 1683 1353 sicut
1716 1319 1825 1355 lsaias
1849 1321 1879 1364 (‹
1901 1321 2098 1358 illuminate
2118 1324 2217 1359 vobis
2251 1324 2306 1358 lu-

1255 1384 1336 1409 men
1358 1375 1517 1411 seientiae
1533 1379 1578 1422 ›),
1605 1383 1640 1413 et
1660 1379 1712 1414 sol
1734 1380 1771 1415 iu
1799 1386 1834 1415 te
1853 1380 2001 1425 justitiae
2031 1384 2236 1426 radiaverit,
2256 1385 2308 1420 es-

1255 1437 1373 1474 siceris
1394 1439 1503 1475 etiam
1527 1447 1563 1475 ct
1584 1447 1619 1476 tu
1651 1442 1778 1478 civitas
1807 1444 1906 1487 solis,
1927 1446 1983 1481 vel
2015 1447 2195 1483 civitatem
2220 1449 2306 1484 solis

1255 1504 1350 1534 sorte
1375 1500 1595 1536 haereditatis
1625 1503 1804 1548 accipies:
1831 1507 1892 1541 sed
1923 1511 1958 1542 et
1989 1507 2017 1542 si
2046 1514 2081 1543 te
2114 1509 2305 1544 tradideris

1255 1558 1323 1604 legi
1347 1559 1422 1602 Dci,
1445 1569 1484 1596 ut
1510 1561 1543 1596 in
1564 1562 1639 1606 ipsa
1673 1564 1856 1600 mediteris
1876 1566 1931 1601 die
1959 1573 2149 1610 ac“nocte,
2168 1575 2204 1604 et
2235 1580 2307 1605 non

1254 1619 1398 1654 recedat
1429 1620 1520 1656 liber
1552 1621 1640 1668 legis
1669 1623 1712 1658 116
1737 1634 1844 1658 manu
1875 1631 1952 1666 tua,
1982 1627 2073 1662 sicut
2107 1627 2238 1663 dicitur
2264 1630 2308 1664 ad

1254 1677 1395 1721 Jesum;
1419 1680 1499 1716 etsi
1526 1691 1665 1717 memor
1682 1683 1732 1718 sis
1750 1685 1916 1730 praecepti
1943 1685 2152 1730 Salvatoris,
2178 1689 2213 1723 in
2236 1700 2306 1734 quo

1254 1740 1367 1777 dicit:
1395 1754 1407 1775 1
1428 1741 1647 1779 Scrutamini
1672 1744 1877 1790 Scripturas
1905 1747 2031 1794 (Joan.
2053 1750 2111 1794 v);
2136 1763 2147 1783 ›
2173 1750 2201 1784 si
2222 1761 2306 1797 ergo

1255 1802 1383 1838 talibus
1414 1804 1540 1840 studiis
1560 1810 1594 1840 te
1620 1806 1894 1850 mancipaveris,
1924 1813 1959 1842 ct
1991 1808 2225 1844 cruditionem
2253 1810 2305 1844 111-

1254 1863 1346 1898 vinae
1365 1863 1451 1909 legis
1470 1865 1526 1900 vel
1555 1865 1704 1911 legendo
1728 1867 1783 1901 vel
1806 1867 1983 1904 audiendo
2003 1869 2213 1912 obtinueris,
2235 1877 2304 1906 tuae

1254 1923 1429 1968 portionis
1449 1923 1598 1959 efficitur
1614 1925 1740 1960 civitas
1762 1926 1974 1962 litterarum.
1996 1928 2039 1962 Et
2065 1929 2141 1964 haec
2161 1929 2308 1974 quidem

1255 1993 1319 2018 nos
1345 1993 1410 2028 pro
1439 1984 1671 2029 possibilitate
1693 1996 1819 2022 sensus
1850 1988 1984 2031 nostri,
2015 1988 2071 2023 vel
2102 1989 2209 2024 etiam
2242 1999 2308 2035 pro

126 2042 211 2079 dere
243 2053 310 2080 nos
344 2051 487 2091 oportet
520 2048 565 2082 ad
601 2059 792 2086 ascensum
829 2052 973 2087 collium
1006 2053 1184 2098 Acrabjn,
1206 2077 1234 2117 C
1257 2043 1399 2079 auditus
1418 2046 1528 2080 vestri
1546 2047 1758 2092 capacitate,
1780 2048 2013 2084 discussimus
2033 2059 2042 2083 ε
2061 2059 2200 2084 5111111113
2220 2060 2308 2085 vera

125 2103 220 2148 quod
263 2104 525 2151 interpretatur
567 2110 782 2155 scorpionis.
819 2112 1044 2150 Transeundi
1083 2117 1187 2153 nobis

128 2172 213 2202 sunt
231 2172 267 2202 et
285 2168 446 2204 calcandi
463 2171 672 2216 scorpiones
690 2173 740 2209 illi
761 2175 839 2211 sine
856 2176 979 2220 dubio,
1000 2177 1043 2213 de
1060 2179 1190 2224 quibus

129 2225 294 2263 Salvator
326 2228 415 2264 dicit
438 2238 447 2264 :
478 2240 490 2262 ‹
511 2230 606 2267 Ecce
638 2232 720 2268 dedi
754 2234 855 2269 vobis
875 2242 1093 2280 potestatem
1117 2238 1190 2274 cal-

126 2287 232 2323 candi
262 2298 371 2334 super
394 2299 582 2337 serpentes
606 2298 642 2328 et
666 2295 875 2340 scorpiones
895 2296 996 2344 (Luc.
1017 2298 1067 2345 x).
1084 2313 1095 2332 ›
1120 2299 1187 2343 Qui

124 2357 210 2394 ergo
235 2349 309 2384 vult
343 2356 380 2386 et
403 2351 585 2388 desiderat
621 2354 759 2400 ingredi
790 2356 1034 2393 haereditatem
1068 2359 1185 2395 tribus

124 2407 229 2452 Juda,
262 2416 404 2456 oportet
431 2422 514 2448 eum
544 2415 740 2451 ascendere
759 2416 795 2451 in
818 2418 1049 2454 ascensiones
1082 2420 1184 2462 istas,

124 2475 160 2505 et
191 2469 335 2506 calcare
352 2477 461 2518 atque
487 2474 641 2510 evadere
661 2476 872 2521 scorpiones
892 2478 952 2523 qui
979 2477 1157 2514 obsistunt
1175 2492 1182 2513 :

125 2533 218 2568 unde
250 2534 407 2568 arbitror
436 2536 531 2580 quod
567 2536 663 2571 istud
698 2537 768 2573 iter
802 2539 930 2584 agendi
965 2546 1066 2582 suut,
1101 2541 1185 2587 quia

125 2592 303 2628 Ezechieli
327 2594 510 2638 prophetae
533 2595 676 2630 dicebat
708 2597 908 2633 Dominus:
934 2610 945 2631 1
966 2598 1032 2633 Fili
1064 2599 1183 2635 homi·

125 2653 194 2694 nis,
217 2653 252 2687 iu
278 2653 396 2688 medio
427 2655 658 2700 scorpionum
679 2663 716 2691 tu
749 2657 912 2693 ambulas
933 2658 1077 2705 (Ezeclt.
1096 2660 1151 2706 11).
1168 2674 1180 2695 n

124 2714 167 2749 Et
187 2720 283 2758 suut,
305 2716 435 2761 inquit,
465 2716 555 2753 [ines
575 2728 689 2764 usque
717 2720 762 2754 ad
783 2719 908 2756 Cades.
938 2719 1052 2757 Gades
1072 2722 1183 2758 inter-

123 2783 287 2823 pretatur
308 2785 473 2815 sanctum
497 2781 553 2817 vel
575 2782 827 2818 sanctificatio.
851 2783 958 2819 Fines
975 2794 1061 2830 ergo
1085 2783 1185 2821 Judae

123 2849 236 2884 usque
253 2839 298 2875 ad
315 2840 636 2877 sanctificationem
652 2843 882 2888 perveniunt.
906 2844 977 2879 Sed
997 2845 1183 2882 videamus

122 2901 231 2936 ctiam
250 2912 330 2947 quae
352 2908 435 2938 sunt
453 2903 542 2940 sines
561 2914 606 2940 ex
630 2906 795 2950 partibus
814 2906 979 2948 orientis,
999 2918 1070 2942 non
1089 2909 1183 2953 quod

1260 2103 1424 2146 scientia,
1446 2110 1481 2140 et
1505 2104 1715 2149 profundior
1733 2106 1862 2141 horum
1886 2107 2120 2153 intelligentia
2149 2109 2241 2153 apud
2268 2108 2309 2143 il-

1259 2162 1311 2198 los
1326 2164 1395 2198 erit
1412 2165 1472 2209 qui
1494 2175 1617 2200 veram
1634 2165 1880 2202 haereditatem
1898 2168 1973 2203 veri
1988 2173 2024 2202 61
2043 2168 2215 2214 unigeniti
2229 2168 2309 2204 Filii

1257 2223 1333 2266 Dei,
1354 2234 1432 2269 quae
1453 2225 1672 2270 repromissa
1698 2233 1754 2261 est
1771 2226 1827 2262 his
1857 2227 1918 2272 qui
1942 2236 2022 2263 eum
2043 2226 2202 2273 perfecte
2223 2227 2308 2264 dile-

1256 2284 1390 2327 xerint,
1410 2287 1580 2330 consequi
1598 2287 1845 2321 merebuntur.

1303 2357 1420 2405 (lmu.)
1443 2370 1454 2391 1
1474 2357 1580 2394 Caleb
1606 2369 1691 2394 vero
1721 2359 1795 2395 silio
1815 2358 1951 2395 Jcffone
1976 2359 2074 2396 dedit
2098 2367 2236 2406 partem
2268 2364 2307 2400 in

1259 2432 1270 2451 ‹
1302 2419 1419 2455 medio
1450 2419 1604 2455 filiorum
1626 2419 1729 2463 Juda,
1758 2421 1849 2457 sicut
1874 2429 2093 2468 praeceperat
2124 2424 2155 2458 ei
2178 2424 2302 2460 Domi-

1258 2491 1270 2513 1
1300 2490 1381 2523 11115,
1399 2479 1569 2515 Chariath
1588 2480 1696 2523 Arbe,
1717 2482 1829 2526 patris
1844 2481 1978 2523 Enach,
1999 2483 2072 2527 ipsa
2091 2489 2147 2518 est
2161 2483 2303 2520 Ebron:

1258 2551 1269 2572 1
1301 2539 1502 2585 delevitque
1518 2550 1561 2575 ex
1579 2550 1619 2575 ea
1647 2540 1754 2576 Caleb
1775 2546 1848 2576 tres
1869 2541 1959 2578 filios
1978 2542 2111 2585 Enaeh,
2145 2542 2246 2579 Sesai
2265 2550 2303 2579 et

1258 2611 1269 2631 ‹
1300 2598 1429 2641 Emau,
1450 2605 1485 2635 et
1511 2599 1674 2635 Tholmai
1705 2600 1747 2636 de
1778 2602 1888 2646 stirpe
1910 2602 2052 2645 Enach;
2078 2609 2186 2648 atque
2219 2605 2303 2640 inde

1258 2673 1269 2693 ‹
1298 2660 1542 2696 conscendens
1557 2661 1654 2696 venit
1670 2660 1714 2696 ad
1730 2661 1950 2698 habitatores
1966 2662 2088 2705 Dabir,
2105 2672 2184 2707 qua*
2201 2663 2301 2708 prius

1257 2734 1269 2755 1
1301 2722 1496 2758 vocabatur
1520 2722 1691 2758 chariath
1713 2722 1862 2769 Sepher,
1893 2723 1928 2759 id
1947 2730 2002 2759 cst
2020 2725 2143 2760 civitas
2162 2724 2299 2761 littera-

1256 2794 1268 2815 1
1300 2792 1390 2817 rum.
1409 2796 1420 2815 ›
1446 2781 1567 2818 Primo
1590 2792 1675 2828 ergo
1693 2783 1924 2819 discutiamus
1944 2794 2056 2829 quare
2073 2785 2298 2830 metropolim

1254 2841 1391 2887 accepit
1411 2840 1531 2883 Calel),
1551 2846 1587 2877 et
1606 2841 1701 2876 illam
1721 2852 1800 2887 quae
1819 2842 1934 2887 prima
1954 2842 2047 2878 iuter
2063 2848 2210 2878 caeteras
2228 2852 2300 2878 om-

1254 2911 1318 2937 nes
1346 2901 1382 2936 in
1413 2907 1508 2936 terra
1538 2902 1826 2946 repromissionis
1850 2902 2055 2948 metropolis
2080 2903 2298 2938 nominatur.

123 2971 218 2996 „unc
254 2961 413 2998 locorum
442 2964 643 3010 catalogum
687 2965 807 3002 facere
838 2966 991 3002 velimus
1006 2994 1014 3009 ‚
1049 2968 1110 3002 sed
1143 2973 1183 3004 ut
1200 2975 1235 3014 D
1253 2961 1298 2996 Et
1319 2961 1526 3006 metropolis
1545 2961 1668 2996 Enaeh
1690 2962 1946 3006 iuterpretatur
1965 2961 2149 2998 humilitas
2169 2962 2298 3004 inanis,
2326 3000 2332 3013 ,Α

123 3023 378 3068 mysteriorum
399 3034 478 3069 quae
496 3035 561 3070 pcr
580 3027 656 3063 haec
683 3028 932 3075 significantur
948 3035 1184 3067 contueamur

123 3083 310 3129 imagines.
341 3083 483 3120 Dicitur
502 3096 601 3133 ergo,
632 3088 677 3123 ab
695 3088 835 3124 oriente
854 3087 946 3124 fines
973 3087 1075 3125 Judae
1102 3100 1182 3126 esse

123 3155 224 3181 mare
245 3146 401 3190 salsum;
424 3153 460 3182 ct
487 3154 571 3193 post
592 3149 660 3185 hoe
687 3149 722 3184 in
744 3155 847 3196 parte
871 3148 949 3194 eJ’us
975 3151 1183 3187 nominatur

123 3204 204 3240 sons
230 3204 328 3248 solis,
353 3212 389 3241 et
413 3206 555 3250 civitas,
582 3212 617 3243 et
652 3207 687 3242 in
719 3208 787 3243 hac
819 3209 947 3244 eadem
979 3209 1072 3245 tribu
1103 3220 1182 3246 esse

124 3265 232 3302 etiam
262 3266 389 3303 civitas
419 3267 636 3304 litterarum.
657 3269 808 3315 Oportet
827 3270 936 3317 igitur
955 3281 1099 3307 omnem
1119 3273 1181 3318 qui

124 3326 200 3362 vult
221 3326 371 3363 introire
388 3327 426 3363 111
444 3334 585 3374 partem
605 3328 758 3365 liliorum
781 3329 886 3374 Juda,
910 3331 1065 3366 transire
1084 3331 1182 3377 prius

125 3395 226 3422 mare
253 3387 404 3432 salsum,
424 3393 462 3424 et
479 3389 562 3425 vitae
593 3389 731 3426 scilicet
755 3396 792 3426 et
811 3391 936 3426 mundi
968 3391 1076 3437 hujus
1108 3396 1183 3426 tur-

125 3445 228 3483 bines
257 3457 441 3495 superare,
468 3454 506 3486 et
521 3450 675 3486 evadere
692 3451 814 3486 omnia
836 3460 916 3495 quae
935 3450 972 3484 in
993 3450 1060 3485 hoc
1078 3460 1180 3485 mun-

127 3506 184 3551 do,
211 3518 278 3555 pro
302 3509 442 3546 incerto
474 3520 542 3547 usu
575 3516 612 3558 et
641 3510 799 3554 lubrico,
832 3509 982 3546 marinis
1014 3509 1179 3545 fluetibus

127 3576 397 3617 comparantur,
426 3577 468 3608 ut
489 3573 606 3618 possit
637 3574 681 3610 ad
706 3572 806 3610 Judae
827 3577 960 3609 terram
992 3570 1180 3616 pervenire

126 3635 164 3668 et
181 3630 318 3670 fontem
335 3633 422 3671 solis
439 3634 624 3671 accedere.
644 3634 732 3680 Quis
758 3639 815 3672 est
831 3639 952 3670 autem
978 3631 1057 3668 sons
1079 3630 1178 3672 solis,

127 3692 184 3730 vel
201 3694 331 3732 civitas
359 3695 470 3733 solis?
486 3695 585 3732 Illius
608 3695 686 3732 sine
707 3695 815 3732 dubio
845 3695 890 3732 de
913 3703 983 3739 quo
1006 3691 1179 3738 scriptum

127 3760 210 3793 est:
230 3768 244 3790 ‹
262 3756 374 3794 Vobis
389 3761 511 3794 autem
530 3755 741 3793 timentibus
755 3765 887 3792 nomen
906 3762 1025 3789 meum
1046 3750 1181 3787 orietur

130 3815 186 3852 sol
199 3815 347 3862 justitiae
365 3814 537 3864 (Malach.
553 3815 618 3863 tv).
635 3828 647 3848 »
670 3813 785 3861 Huius
802 3823 889 3860 ergo
914 3811 1012 3853 solis,
1031 3810 1060 3846 51
1080 3809 1181 3855 prius

1255 3021 1311 3059 vel
1331 3022 1516 3067 responsio
1535 3021 1662 3056 inanis.
1683 3021 1829 3067 Accepit
1846 3031 1932 3069 ergo
1951 3021 2057 3058 Caleb
2076 3022 2298 3068 metropolim
2316 3028 2333 3062 ,ζ

1256 3080 1466 3117 humilitatis
1484 3081 1613 3116 inanis.
1635 3082 1728 3117 Duas
1744 3091 1822 3117 esse
1839 3081 2056 3116 humilitates
2073 3086 2209 3115 certum
2228 3086 2294 3122 651,
2327 3080 2335 3101 ‘⁴

1255 3151 1363 3176 unam
1383 3140 1597 3176 laudabilem
1610 3167 1618 3183 ‚
1639 3141 1682 3175 de
1713 3150 1781 3184 qua
1810 3139 1897 3174 dicit
1917 3138 2102 3173 Salvator:
2129 3149 2141 3170 ‹
2161 3137 2292 3173 Discite
2313 3152 2317 3162 «

1254 3212 1275 3237 a
1292 3212 1350 3238 me
1369 3202 1452 3248 quia
1472 3201 1567 3236 1111115
1588 3210 1665 3235 511111
1686 3204 1722 3234 61
1749 3198 1893 3233 humilis
1913 3197 2030 3238 corde,
2052 3202 2088 3232 et
2105 3197 2293 3233 invenietis

1254 3262 1414 3308 requiem
1445 3259 1628 3296 animabus
1652 3257 1778 3292 vestris
1805 3255 1945 3302 (Mateta.
1964 3255 2036 3302 111);
2063 3268 2075 3290 ›
2103 3262 2139 3291 et
2161 3257 2204 3292 de
2224 3256 2291 3292 hac

1251 3322 1448 3359 humilitate
1468 3319 1599 3354 dictum
1626 3321 1701 3358 est,
1719 3314 1800 3360 quia
1824 3325 1836 3346 1
1872 3314 1988 3350 01111115
2021 3315 2080 3360 qui
2110 3325 2148 3351 se
2173 3315 2290 3352 humi-

1249 3383 1399 3422 liaverit,
1431 3378 1644 3415 exaltabitur
1661 3374 1760 3422 (Luc.
1784 3374 1881 3421 xiv);
1902 3388 1914 3409 »
1937 3379 1972 3411 et
1999 3375 2154 3411 iterum:
2182 3387 2193 3408 1
2215 3374 2290 3411 1111-

1248 3441 1433 3480 miliamini
1463 3439 1529 3476 sub
1550 3437 1795 3484 potentissima
1823 3445 1932 3472 manu
1962 3436 2101 3472 Domini
2127 3435 2162 3483 (Ι
2192 3434 2286 3471 Petr.

1247 3505 1296 3548 v).
1326 3513 1338 3535 ι
1363 3499 1428 3534 Ε51
1444 3498 1539 3534 6111111
1564 3502 1601 3532 61
1628 3495 1696 3530 3113
1713 3493 1896 3531 humilitas
1922 3494 2108 3540 culpabilis
2128 3498 2289 3540 peccato-

1247 3573 1340 3605 rum,
1360 3561 1452 3597 sicut
1469 3558 1530 3594 illa
1546 3567 1653 3604 quam
1673 3557 1716 3592 de
1734 3555 1857 3592 illicito
1877 3555 2068 3591 concubitu
2087 3554 2172 3590 dicit
2190 3553 2289 3590 Scri·

1246 3628 1351 3670 ptura
1375 3619 1471 3667 quod
1493 3619 1536 3655 de
1558 3617 1673 3654 Amon
1698 3616 1869 3662 scriptum
1897 3622 1964 3658 est,
1983 3614 2066 3660 quia
2088 3613 2289 3651 humiliavit

1247 3682 1402 3719 Thamar
1429 3687 1591 3716 sororem
1621 3685 1721 3713 suam
1740 3673 1797 3722 (11
1811 3673 1894 3721 Req.
1910 3673 2004 3722 xm).
2025 3673 2088 3710 Est
2113 3673 2286 3720 ergaliu-

1248 3743 1380 3780 militas
1397 3740 1526 3777 inanis.
1546 3737 1649 3784 Cepit
1677 3734 1901 3782 metropolim
1922 3733 1978 3771 vel
2006 3734 2139 3771 excidit
2160 3732 2285 3776 Caici),

1248 3810 1283 3841 et
1302 3800 1483 3839 interemit
1502 3803 1576 3836 tres
1605 3797 1696 3834 illios
1718 3795 1854 3838 Enach,
1874 3794 1935 3840 qui
1954 3798 2057 3831 erant
2079 3792 2142 3830 mii
2170 3791 2287 3829 inaniis
