2540 4016
95 205 192 259 ἰοοο

713 225 949 268 COMMENT.
977 233 1021 270 ΙΝ
1048 235 1221 277 LIBRUM
1245 239 1401 280 JOSUE.
1427 265 1476 272 --
1497 246 1584 284 Lm.
1611 248 1640 286 Ι.

2156 260 2248 298 {010

91 304 188 335 sum.
209 293 304 330 Nihil
334 305 423 341 ergo
453 297 597 333 mireris
611 298 639 333 si
662 309 733 335 non
759 301 939 349 integram
954 308 1141 348 scientiam
1159 315 1196 354 Α
1211 321 1351 354 ratores
1367 318 1470 363 duos,
1487 309 1619 367 Legem
1638 328 1676 358 et
1687 322 1916 370 Evangelium
1932 330 2130 370 destinavit.
2146 335 2247 373 Raab

93 354 280 391 Trinitatis
309 363 525 400 acceperant
554 357 604 392 illi
639 360 701 404 qui
735 371 803 398 nee
821 373 949 400 verum
970 378 1036 404 nee
1053 370 1144 407 inte-

91 423 196 462 grum
214 413 329 450 altare
342 421 633 453 construxerant.
664 418 747 456 Ideo
773 421 927 469 denique
959 436 1026 462 nec
1046 430 1146 466 multi

89 473 227 518 hostes,
258 483 376 519 neque
407 474 530 520 plures
566 487 671 524 reges
687 483 952 521 contrariarum
972 487 1146 526 virtutum

90 534 135 570 ab
150 533 221 570 illis
237 533 408 569 dicuntur
427 544 508 571 esse
521 536 667 582 dejecti.
694 552 706 574 ι
723 540 831 586 Seon,
845 544 973 590 inquit,
991 551 1147 584 tantum-

89 594 195 630 modo
210 602 334 640 regem
346 592 658 642 Aniorrliaeorum‚
690 605 726 635 et
751 601 805 648 Og
823 614 943 650 regem
962 605 1094 651 Basan,
1110 614 1147 645 et

87 654 304 692 Amalecitas
335 657 532 695 devicerint
558 666 657 697 trans
678 661 883 701 Jordanem.
906 680 916 700 ι
932 666 1036 704 Jesus
1058 680 1144 707 vero

87 717 148 753 ubi
166 717 264 753 ducit
274 718 486 762 exercitum,
498 726 582 756 tunc
592 723 748 769 quinque
766 736 868 772 reges
878 729 1011 764 cadunt
1022 730 1141 774 simul,

88 779 148 824 qui
166 778 406 825 confugerunt
426 780 462 815 in
481 782 670 827 speluncas
692 797 699 820 :
720 791 756 821 et
777 797 847 822 non
866 788 979 823 solum
995 791 1140 834 cadunt,

87 839 150 875 sed
164 844 201 874 et
222 840 489 885 suspenduntur
504 842 540 877 in
559 842 669 888 ligno.
690 844 792 881 Nunc
816 847 939 892 viginti
958 854 994 883 et
1013 859 1142 886 novem

83 901 222 947 pariter
238 901 459 948 iugulantur,
480 909 515 939 et
532 905 716 941 immensae
735 907 981 944 multitudines
1000 910 1141 948 adversi

84 962 266 997 exercitus
282 969 576 1008 prosternuntur,
589 971 625 1000 et
641 967 931 1003 exterminantur
944 978 1069 1006 omnes
1080 972 1140 1016 qui

84 1026 246 1056 sanctam
268 1027 402 1057 terram
426 1023 460 1057 in
483 1023 721 1060 immunditiis
753 1027 956 1070 possident,
983 1029 1042 1073 qui
1067 1036 1141 1066 ter-

83 1090 160 1115 ram
184 1079 354 1116 fluentem
374 1081 431 1116 lac
450 1083 570 1117 etmel
602 1083 637 1118 in
658 1085 897 1121 amaritudine
916 1088 1060 1124 malitiae
1079 1090 1141 1126 de-

82 1140 210 1175 tinent.
234 1153 246 1173 «
272 1139 374 1177 Sicut
392 1141 616 1178 obedivimus
637 1143 672 1178 in
687 1146 826 1182 cunctis
842 1146 966 1193 Moysi,
989 1148 1037 1183 ita
1051 1149 1139 1186 obe-

86 1214 99 1235 «
125 1201 266 1238 diemus
286 1207 322 1237 ct
340 1203 427 1246 tibi;
449 1208 588 1239 tantuin
623 1205 668 1239 sit
698 1205 868 1241 Dominus
894 1208 987 1243 Deus
1007 1215 1138 1254 tecum,
1160 1205 1191 1243 B

85 1273 98 1294 ‹
123 1261 215 1296 sicut
230 1260 296 1296 suit
314 1271 394 1296 cum
413 1261 547 1308 Moyse.
568 1262 635 1306 Qui
656 1265 915 1301 contradixerit
934 1266 987 1301 ori
1013 1272 1088 1310 tuo,
1105 1273 1140 1303 et

85 1333 98 1355 c
123 1331 195 1357 non
217 1321 392 1357 obedierit
411 1322 550 1358 cunctis
568 1324 795 1360 sermonibus
813 1335 902 1370 quos
925 1328 1138 1371 praeceperit

83 1393 95 1414 ‹
120 1382 167 1425 ei,
203 1382 393 1425 moriatur,
415 1395 427 1416 ι
451 1388 520 1418 etc.
550 1382 798 1419 Condemnant
831 1395 917 1431 ergo
950 1386 1138 1422 Rubenitae

79 1447 187 1487 atque
202 1443 380 1486 Gadditae‚
401 1453 467 1478 nec
483 1453 554 1478 non
589 1450 625 1479 et
643 1445 790 1480 dimidia
821 1436 935 1482 tribus
957 1447 1134 1491 Manasse‚

77 1503 246 1548 populum
261 1501 464 1539 Judaeorum
482 1515 548 1550 pro
566 1505 822 1549 inobedientia,
845 1507 1004 1544 dicentes
1023 1521 1030 1543 z
1048 1521 1059 1541 ‹
1075 1509 1135 1544 Si-

79 1568 140 1598 cut
161 1563 385 1599 obedivimus
413 1564 450 1599 in
484 1566 623 1601 cunctis
659 1566 786 1612 Moysi,
806 1568 854 1603 ita
876 1568 1085 1604 obediemus
1100 1576 1135 1605 et

82 1619 161 1663 tibi,
185 1633 197 1654 ι
220 1631 302 1656 cum
325 1621 456 1657 similia
483 1621 697 1668 legislatoris
728 1630 907 1671 praecepto
942 1627 1135 1672 sponsione

79 1689 142 1716 sua
156 1680 342 1727 proferunt
356 1683 574 1718 testimonia.
586 1683 644 1718 Ait
659 1685 754 1719 enim
766 1685 906 1731 Moyses
920 1698 927 1720 ε
952 1700 963 1719 ‹
976 1686 1135 1732 Prophe-

82 1745 156 1775 tam
185 1741 285 1777 vobis
305 1742 494 1778 suscitabit
528 1743 700 1779 Dominus
721 1744 764 1779 de
797 1743 970 1781 fratribus
988 1747 1131 1783 vestris.

82 1798 268 1845 Tanquam
292 1802 470 1847 meipsum
499 1803 671 1847 audietis;
707 1805 910 1851 quicunque
930 1812 1048 1842 autem
1063 1818 1134 1843 non

80 1861 235 1897 audierit
248 1864 460 1908 prophetam
478 1863 591 1908 illum,
608 1867 910 1902 exterminabitur
923 1869 1042 1904 anima
1057 1869 1134 1914 ejus

80 1921 122 1956 de
139 1922 279 1967 populis
296 1923 370 1958 suis
386 1923 503 1970 (Deut.
527 1926 644 1972 xvin).
666 1939 677 1960 »
700 1926 769 1962 Sed
790 1928 954 1964 veniente
981 1929 1132 1966 Domino

81 1980 281 2026 Salvatore‚
299 1989 406 2028 atque
424 1985 655 2032 Evangeliuni
665 1988 898 2032 praedicante,
918 2000 991 2024 non
1011 1990 1131 2026 devoti

79 2047 185 2087 atque
200 2044 422 2088 obedientes,
439 2046 501 2081 sed
520 2047 653 2092 ingrati
671 2053 778 2092 atquc
799 2051 972 2086 contrarii
988 2061 1130 2098 semper

1211 383 1298 410 vero
1318 381 1440 422 typum
1462 385 1560 416 tenet
1575 381 1762 425 Ecclesiae,
1792 393 1873 428 quae
1887 385 1931 421 de
1949 393 2126 428 extraneis
2142 399 2249 441 atque

1212 434 1339 471 alienis
1356 437 1522 483 gentibus
1539 446 1758 487 congregata
1774 448 1850 487 est·,
1867 454 1946 489 quae
1961 451 2066 483 antea
2078 451 2200 489 vivens
2211 455 2249 490 in

1212 493 1400 532 desideriis
1418 499 1550 542 carnis,
1568 499 1815 537 fornicabatur
1845 503 1881 538 in
1901 504 2027 541 ·idolis.
2055 507 2106 544 De
2123 511 2251 551 talibus

1211 553 1262 588 ait
1281 553 1466 600 Dominus,
1492 570 1504 591 t
1522 560 1616 603 quod
1633 562 1835 605 praecedent
1853 573 1917 599 vos
1950 565 1992 600 in
2015 576 2125 613 regno
2142 572 2253 608 coelo-

1211 622 1292 648 rum
1307 612 1451 660 (Mami.
1471 617 1563 663 xxi).
1586 631 1597 652 ι
1618 618 1703 655 Haec
1732 621 1840 668 igitur
1873 627 2086 662 testamenta
2115 629 2254 669 Domini

1211 672 1287 708 sola
1302 675 1464 720 suscipit,
1481 682 1518 712 et
1534 688 1578 713 ea
1596 678 1747 716 fideliter
1779 691 1980 721 conservat.
2003 686 2159 724 inimicis
2175 701 2253 727 om-

1210 733 1296 769 nino
1312 745 1382 770 non
1398 737 1509 772 tradit
1527 738 1603 783 ipsa
1622 751 1630 774 :
1653 741 1774 786 potius
1790 744 1982 788 periclitari
1998 753 2138 793 optans,
2155 751 2255 788 dum-

1210 795 1316 830 modo
1332 795 1440 832 illaesa
1462 808 1503 834 ac
1522 799 1618 835 salva
1635 809 1842 839 servaretur
1870 805 1953 842 Haec
1969 818 2135 845 casurum
2154 822 2256 849 mun-

1210 856 1294 891 dum
1315 857 1407 892 sicut
1428 858 1487 894 illa
1506 861 1686 898 civitatem
1705 863 1857 901 firmiter
1889 869 2039 905 credidit
2059 882 2069 912 ;
2091 872 2166 908 haec
2191 884 2255 919 pro

1209 926 1247 952 se
1262 928 1303 953 ac
1322 929 1468 954 suorum
1486 922 1645 958 omnium
1670 925 1826 962 salutare
1853 934 1996 974 pactum
2027 942 2109 967 cum
2151 939 2256 970 testa-

1207 979 1339 1014 mentis
1361 980 1501 1016 Domini
1523 981 1620 1026 fecit,
1647 984 1723 1020 haec
1758 986 1793 1021 in
1824 988 1929 1025 domo
1953 1001 2015 1026 sua
2035 1002 2199 1036 coecum,
2220 995 2254 1029 id

1207 1043 1274 1080 est,
1298 1039 1437 1085 signum
1474 1043 1656 1088 sanguinis
1686 1047 1804 1090 posuit
1823 1059 1832 1083 :
1854 1055 1954 1085 extra
1986 1051 2077 1088 hanc
2111 1054 2140 1088 si
2176 1055 2255 1098 quis

1208 1096 1314 1132 suerit
1330 1099 1508 1142 inventus,
1527 1102 1667 1137 ruinam
1682 1105 1801 1139 saeculi
1818 1111 1924 1151 atque
1940 1109 2140 1145 incendium
2157 1122 2256 1146 mun-

1209 1156 1243 1191 di
1262 1157 1357 1193 nulla
1378 1160 1517 1196 ratione
1535 1161 1675 1198 vitabit.
1697 1162 1768 1210 (Ex
1799 1164 2040 1214 Adamantio.)
2070 1170 2256 1207 Mittuntur

1210 1218 1455 1263 exploratores
1473 1221 1616 1257 achsu
1652 1223 1686 1258 in
1715 1223 1873 1269 Jericlio‚
1902 1233 1937 1263 et
1976 1231 2214 1276 suscipiuntur
2233 1243 2255 1268 a

1210 1281 1399 1316 meretrice
1416 1282 1528 1318 Raab.
1543 1283 1793 1328 Exploratores
1811 1287 1869 1322 isti
1887 1289 1946 1332 qui
1963 1290 2154 1326 mittuntur
2170 1299 2253 1329 ante

1208 1337 1337 1374 faciem
1357 1339 1439 1376 Jesu
1454 1348 1602 1387 possunt
1616 1350 1650 1379 et
1669 1345 1782 1390 angeli
1818 1346 1882 1382 nei
1902 1350 2034 1393 putari,
2055 1351 2147 1386 sicut
2162 1352 2251 1388 scri-

1206 1404 1307 1444 ptum
1324 1406 1378 1435 est
1395 1412 1402 1435 :
1428 1413 1439 1434 ‹
1462 1402 1554 1437 Ecce
1573 1403 1676 1439 mitto
1697 1406 1860 1450 angelum
1884 1417 2000 1444 meum
2020 1416 2104 1447 ante
2123 1411 2252 1449 faciem

1206 1464 1318 1503 tuam,
1338 1461 1398 1506 qui
1417 1469 1595 1507 praeparat
1613 1464 1688 1499 vias
1706 1470 1782 1501 tuas
1803 1472 1886 1502 ante
1907 1473 1942 1504 te
1975 1468 2115 1515 (Matth.
2130 1471 2181 1517 xi)
2202 1483 2211 1507 ε
2235 1485 2247 1505 ι

1206 1521 1299 1565 quod
1314 1531 1380 1565 per
1398 1521 1487 1557 alios
1502 1523 1645 1568 quidem
1666 1524 1908 1571 invisibiliter,
1939 1528 1975 1563 in
2009 1529 2146 1567 Joanne
2163 1542 2250 1568 vero

1205 1580 1392 1616 visibiliter
1406 1582 1675 1627 comprobatur,
1694 1585 1736 1619 de
1754 1595 1823 1630 quo
1838 1592 1874 1621 et
1900 1586 1968 1623 hoe
1986 1589 2158 1635 scriptum
2179 1596 2248 1627 est.

1204 1639 1364 1686 Denique
1380 1641 1423 1675 de
1436 1640 1584 1678 ,loannis
1605 1644 1780 1688 baptismo
1796 1645 1926 1681 dicitur
1944 1657 1964 1682 a
1983 1648 2146 1691 Domino,
2166 1651 2249 1694 quia

1208 1712 1219 1733 ι
1239 1706 1274 1735 et
1289 1700 1424 1736 Scribae
1442 1707 1478 1737 et
1495 1702 1666 1738 Pharisaei
1685 1714 1755 1740 non
1773 1706 2002 1742 crediderunt
2016 1708 2064 1749 ei,
2079 1710 2246 1744 meretri-

1203 1770 1263 1796 ces
1302 1768 1421 1797 autem
1453 1768 1488 1797 et
1531 1763 1711 1808 publicani
1746 1765 1932 1802 credentes
1966 1767 2136 1812 baptizati
2168 1775 2249 1804 sunt

1203 1819 1352 1866 (Motth.
1372 1821 1460 1867 xxi).
1480 1835 1491 1855 ι
1507 1821 1566 1857 Sic
1579 1833 1664 1868 ergo
1679 1824 1788 1859 ctiam
1808 1825 1843 1859 in
1860 1826 1926 1861 hoc
1943 1827 2139 1872 completur
2153 1829 2247 1873 quod

1202 1881 1373 1915 meretrix
1394 1880 1476 1917 Jesu
1508 1883 1751 1928 exploratores
1778 1886 1988 1930 susceperit,
2018 1897 2082 1931 per
2099 1897 2188 1931 quos
2203 1888 2245 1923 de

1201 1937 1347 1973 interitu
1364 1940 1471 1975 totius
1491 1941 1642 1977 inimicae
1657 1944 1771 1988 gentis
1782 1943 1934 1979 refertur
1952 1951 2085 1990 erepta.
2108 1945 2177 1981 Sed
2195 1946 2248 1980 vi-

1202 1998 1348 2033 deamus
1365 1999 1509 2034 tandem
1529 2010 1606 2045 quae
1622 2002 1666 2036 sit
1690 2002 1758 2036 ista
1776 2003 1960 2038 meretrix.
1988 2004 2087 2039 Raab
2102 2005 2243 2039 dicitur.

1202 2058 1303 2094 Raab
1322 2070 1407 2095 vero
1428 2061 1684 2106 interpretatur
1699 2063 1861 2099 latitudo.
1878 2064 1963 2107 Quae
1981 2070 2036 2100 est
2066 2076 2150 2111 crgo
2168 2066 2246 2101 lati-

79 2101 130 2137 ’ὶῙῙί
163 2103 385 2148 existebant,
416 2105 672 2143 maledioesslsss
705 2117 801 2144 caeCO
831 2115 915 2145 113ῑο
952 2122 1015 2156 per
1050 2122 1133 2148 eum
1152 2109 1180 2148 C
1203 2120 1287 2154 tudo
1302 2121 1390 2162 liaeo,
1408 2122 1476 2156 nisi
1492 2121 1650 2157 Ecclesia
1667 2122 1813 2166 Christi,
1836 2134 1913 2168 quse
1932 2134 1975 2159 ex
1998 2126 2246 2170 peccatoribus

79 2163 293 2207 illuminato,
311 2172 418 2211 atque
438 2167 598 2203 dicentes
615 2180 622 2203 :
644 2181 656 2201 «ι
682 2168 735 2204 Tu
757 2170 951 2216 discipulus
967 2173 1043 2218 ejus
1059 2174 1128 2216 sis;

78 2234 144 2261 nos
163 2231 284 2261 autem
320 2227 486 2273 discipuli
522 2229 634 2276 Moysi
662 2241 785 2267 sumus
816 2231 935 2279 (Joan.
962 2235 1027 2282 ix).
1055 2248 1067 2269 ›
1087 2235 1132 2272 Et

76 2286 193 2323 Pilato
231 2288 403 2324 dicente:
436 2302 447 2322 ι
487 2289 622 2336 Regem
659 2297 819 2328 vestrum
853 2294 1090 2340 crucifigam?
1113 2309 1125 2330 ι

76 2347 366 2392 responderunt:
390 2360 403 2381 ι
429 2347 505 2384 Νοιι
525 2350 700 2386 habemus
718 2361 839 2397 regem
860 2352 928 2387 nisi
948 2352 1128 2389 Caesarem

77 2406 198 2454 (Joan.
224 2407 315 2455 xix).
342 2422 354 2442 ›
379 2410 424 2444 Et
460 2410 540 2446 ideo
576 2412 628 2448 eis
662 2418 840 2448 venerunt
861 2424 939 2458 quae
960 2420 1128 2459 parentes

77 2467 132 2503 sui
150 2468 202 2504 eis
219 2468 524 2515 imprecabantur,
542 2476 581 2507 ut
618 2477 734 2508 morte
769 2480 996 2509 morerentur
1015 2485 1024 2509 :
1046 2485 1126 2510 cum

77 2538 147 2565 uon
185 2530 298 2566 solum
335 2532 370 2566 in
405 2532 525 2568 anima
560 2539 731 2569 aeternam
764 2535 1044 2578 damnationem,
1065 2538 1126 2572 sed

75 2590 183 2626 etiam
219 2592 380 2636 corporis
413 2593 469 2628 sui
507 2594 722 2629 detrimenta
751 2595 966 2637 sentiebant,
990 2607 1122 2641 usque-

75 2661 229 2695 quaque,
269 2650 363 2686 fame
397 2653 529 2695 necati,
564 2654 770 2699 pestilentia
802 2656 976 2700 percussi,
1009 2657 1125 2702 gladio

73 2710 198 2754 occisi,
217 2721 257 2747 ac
281 2713 488 2758 captivitate
519 2714 767 2751 crudelissima
786 2727 851 2762 per
866 2723 979 2752 totum
997 2719 1121 2754 orbem

73 2769 238 2816 dispersi.

483 2845 634 2883 CAPUT
659 2846 715 2882 111.

70 2931 124 2969 De
143 2933 419 2980 exploratoribus
446 2936 559 2970 missis
585 2947 626 2971 ea:
652 2936 786 2972 Setht'm
814 2939 858 2973 ad
886 2940 1002 2974 urbem
1026 2939 1121 2974 leri·

182 2982 260 3026 cho,
280 2987 312 3017 et
335 2992 395 3027 per
410 2982 590 3018 mulierem
615 2984 828 3020 meretricem
851 2985 1006 3021 salvatis.

122 3093 134 3115 «
152 3081 249 3118 Misit
264 3092 350 3129 ergo
370 3082 478 3119 Josue
496 3083 590 3120 filius
609 3084 687 3119 Nun
706 3085 749 3121 de
762 3083 900 3121 Sethim
919 3086 1008 3122 duos
1025 3087 1122 3123 viros

74 3153 87 3176 ι
107 3143 354 3188 exploratores
373 3144 592 3186 abscondite,
615 3151 650 3180 et
669 3146 758 3181 dixit
780 3146 832 3182 eis
851 3158 859 3181 :
881 3146 931 3181 Ite
945 3152 980 3182 et
999 3147 1119 3183 consi-

74 3215 87 3237 «
110 3203 233 3240 derate
249 3210 383 3241 terram
410 3207 609 3252 urbemque
627 3206 790 3249 Jericlio;
807 3212 844 3243 et
860 3213 1048 3253 pergentes
1068 3208 1122 3243 iu-

74 3275 86 3298 «
111 3265 226 3310 gressi
265 3270 349 3301 sunt
378 3266 523 3302 domum
555 3267 717 3303 mulieris
747 3268 949 3304 meretricis
977 3268 1120 3304 nomine

72 3333 86 3357 ι
110 3322 224 3367 Raab,
248 3329 284 3361 et
298 3326 514 3372 quieverunt
530 3328 623 3372 apud
655 3327 764 3371 illam,
786 3340 798 3362 »
823 3333 859 3364 et
878 3328 1030 3374 reliqua.
1050 3329 1119 3365 lste

67 3379 172 3419 lesus
191 3385 303 3421 mittit
317 3386 405 3422 duos
419 3386 668 3432 exploratores
686 3387 731 3423 ad
744 3386 888 3423 Jericho
901 3387 1039 3430 urbem,
1058 3387 1119 3432 qui

69 3443 314 3490 suscipiuntur
335 3456 355 3481 a
368 3446 559 3482 meretrice
576 3446 689 3482 Raab.
710 3445 815 3482 Jesus
835 3446 894 3481 ille
913 3446 982 3480 dux
997 3445 1118 3491 populi

71 3512 92 3538 a
107 3505 300 3552 semetipso
315 3506 505 3542 Dominum
523 3505 706 3542 Christum
722 3511 760 3541 et
775 3504 949 3540 vocabulo
962 3503 1119 3539 ostendit

67 3567 106 3601 et
121 3563 230 3601 sacto.
250 3563 396 3602 Jericho
413 3570 534 3602 autem
550 3566 678 3602 civitas
697 3563 850 3601 mundus
864 3567 931 3606 est,
952 3562 995 3598 ad
1006 3572 1113 3607 quem

67 3620 240 3661 Dominus
257 3624 361 3662 Jesus
377 3625 545 3662 Christus
561 3627 607 3662 ad
616 3623 895 3672 perscrutandos
911 3633 1029 3659 mores
1049 3623 1114 3658 lio-

68 3682 207 3719 minum
225 3684 296 3722 duo
313 3684 547 3722 Testamenta
566 3686 710 3722 direxit.
731 3684 820 3721 Nam
839 3685 877 3720 in
912 3694 956 3720 eo
973 3689 1013 3720 ut
1039 3693 1115 3719 cre.

69 3742 228 3780 dentium
257 3743 363 3782 tidem
396 3752 459 3782 aut
494 3746 682 3783 rebellium
709 3745 950 3793 pervicaciam
973 3745 1113 3792 plenius

69 3799 337 3852 comprobaret,
350 3813 435 3847 ante
448 3809 640 3848 adventnm
652 3807 782 3856 judicii
794 3809 852 3846 sui
865 3808 971 3856 quasi
985 3807 1111 3855 explo-

1200 2180 1297 2215 velut
1310 2191 1353 2215 ex
1373 2182 1563 2217 meretrice
1578 2183 1728 2218 collecta
1746 2190 1812 2218 est.
1835 2183 1879 2219 Et
1897 2185 1981 2219 dicit
2004 2197 2011 2219 ε
2031 2198 2043 2218 ‹
2067 2185 2244 2231 Augustus

1199 2241 1286 2276 mihi
1305 2247 1360 2276 est
1380 2242 1493 2285 locus,
1514 2242 1568 2278 sae
1589 2244 1675 2279 mihi
1699 2244 1813 2280 locum
1829 2246 1886 2281 ubi
1908 2246 2077 2282 habitem.
2096 2247 2167 2283 Hos
2182 2259 2243 2283 au-

1199 2307 1270 2335 tem
1287 2302 1373 2337 mihi
1387 2303 1467 2346 quis
1478 2304 1669 2338 enutrivit?
1694 2317 1706 2338 ›
1725 2305 1813 2350 (Isa.
1841 2306 1954 2351 xmx.)
1974 2306 2018 2341 Et
2048 2307 2175 2341 iterum
2196 2308 2240 2342 ad

1198 2371 1302 2405 quam
1320 2362 1450 2396 dicitur
1471 2374 1479 2396 ε
1501 2375 1513 2394 ‹
1539 2363 1654 2398 Dilata
1672 2364 1772 2408 palos
1806 2370 1883 2399 tuos
1901 2371 1935 2399 ct
1956 2366 2106 2400 extende
2123 2371 2236 2402 tento-

1197 2421 1249 2455 ria
1269 2426 1328 2456 tua
1354 2421 1441 2467 (Isa.
1460 2421 1545 2468 mv).
1564 2436 1574 2455 ›
1596 2423 1666 2458 lsta
1687 2434 1771 2469 ergo
1789 2430 1844 2459 cst
1860 2425 2008 2460 latitudo
2019 2436 2097 2470 quae
2116 2436 2231 2462 susce-

1194 2482 1245 2526 pit
1263 2481 1506 2527 exploratores
1523 2483 1618 2518 Jesu.
1640 2484 1722 2519 Scio
1740 2494 1796 2519 me
1814 2484 2003 2529 aliquando
2019 2486 2052 2520 in
2083 2486 2235 2530 quadam

1194 2541 1342 2577 ecclesia
1363 2543 1603 2587 disputantem
1619 2543 1662 2578 de
1681 2544 1816 2579 duabus
1836 2545 2083 2581 meretricibus
2100 2547 2142 2581 de
2156 2547 2236 2592 qui-

1193 2602 1259 2636 bus
1278 2602 1450 2647 scriptum
1470 2608 1525 2638 est
1542 2604 1576 2637 in
1598 2603 1802 2639 tertiolibro
1823 2604 1958 2650 Regum
1971 2605 2047 2651 (111
2063 2605 2148 2651 Req.
2162 2606 2232 2653 ιιι),

1193 2671 1270 2706 quae
1289 2660 1519 2704 adjudicium
1536 2668 1709 2698 venerant
1724 2662 1926 2699 Salomonis
1951 2677 1958 2699 ε
1981 2675 2130 2710 quarum
2161 2676 2231 2701 una

1191 2722 1309 2756 vivum
1340 2722 1492 2757 habebat
1523 2722 1712 2766 infantem,
1742 2724 1951 2760 discussisse
1976 2725 2177 2770 diligentius
2198 2731 2233 2761 et

1192 2782 1322 2818 dixisse
1335 2783 1418 2828 quia
1434 2783 1493 2818 illa
1509 2784 1678 2819 meretrix
1692 2784 1768 2819 haee
1781 2790 1876 2819 esset
1890 2784 1946 2820 cui
1964 2783 2130 2820 Salomon
2145 2786 2230 2830 (non

1192 2842 1261 2886 ille,
1284 2842 1344 2878 sed
1364 2843 1422 2878 hic
1443 2844 1503 2888 qui
1538 2853 1661 2889 pacem
1689 2844 1786 2878 venit
1808 2843 1927 2879 facere
1964 2854 2085 2878 eorum
2109 2843 2168 2888 qui
2195 2843 2232 2878 in

1190 2903 1289 2939 coelis
1309 2909 1404 2946 sunt,
1421 2911 1456 2939 ct
1474 2914 1553 2949 quae
1571 2903 1738 2950 interris)
1755 2904 1852 2939 reddi
1869 2904 1985 2939 vivum
1999 2903 2105 2948 jussit
2118 2903 2233 2939 intan-

1191 2953 1276 3008 tem,
1298 2966 1357 3000 illa
1376 2976 1461 3001 vero
1481 2965 1549 3000 alia
1573 2975 1651 3010 quae
1667 2971 1843 3000 mortuam
1873 2964 2026 3000 habebat
2046 2963 2229 3006 infantem,

1192 3024 1247 3059 vel
1266 3024 1361 3060 illius
1382 3030 1477 3060 esset
1509 3024 1640 3070 prioris
1656 3024 1775 3069 populi
1793 3023 2000 3069 Synagogce,
2032 3022 2088 3058 vel
2107 3032 2229 3058 eorum

1192 3084 1251 3129 qui
1267 3084 1301 3119 in
1320 3085 1483 3120 haeresim
1498 3084 1778 3120 declinaverunt.
1797 3083 1840 3118 Et
1852 3083 1919 3118 alia
1936 3083 2105 3118 meretrix
2121 3092 2226 3127 quam

1191 3145 1280 3181 Osee
1303 3146 1478 3191 propheta
1503 3145 1649 3190 jubetur
1680 3145 1840 3188 accipere
1869 3142 1962 3188 (Ose.
1986 3142 2026 3187 ι),
2054 3142 2088 3175 ιιι
2114 3140 2224 3186 figura

1190 3207 1267 3242 sine
1286 3206 1394 3242 dubio
1431 3204 1535 3250 hujus
1561 3215 1638 3250 qua:
1656 3214 1699 3238 ex
1732 3202 1896 3248 gentibus
1929 3204 2135 3235 consecrata
2154 3205 2221 3234 est.

1190 3266 1286 3302 Talis
1302 3275 1387 3312 ergo
1403 3271 1439 3301 et
1459 3266 1534 3300 haec
1551 3263 1677 3298 mulier
1696 3260 1865 3296 meretrix
1879 3269 1957 3294 esse
1977 3259 2120 3300 dicitur,
2143 3268 2222 3303 quae

1188 3327 1432 3373 exploratores
1445 3325 1529 3360 Jesu
1547 3321 1694 3366 suscipit
1715 3330 1724 3354 :
1743 3320 1804 3354 sed
1820 3320 1894 3355 haee
1911 3325 2093 3363 susceptos
2110 3318 2146 3354 in
2161 3328 2222 3355 su-

1182 3384 1386 3434 perioribus
1400 3384 1560 3423 collocat,
1582 3381 1735 3426 atquein
1753 3380 1858 3415 editis
1885 3385 1922 3415 et
1954 3379 2106 3415 excelsis
2137 3378 2219 3415 fidei

1187 3446 1371 3484 constituit
1387 3442 1632 3480 sacramentis.
1651 3441 1762 3476 Nemo
1783 3441 1876 3475 enim
1899 3440 1959 3485 qui
1980 3439 2025 3476 ab
2040 3439 2124 3476 Jaeu
2138 3440 2219 3475 mit-

1187 3508 1288 3548 titur,
1307 3504 1485 3540 invenitur
1498 3503 1664 3538 deorsum
1687 3506 1724 3537 et
1743 3501 1839 3536 humi
1861 3499 2002 3546 jacens,
2022 3501 2083 3536 sed
2104 3501 2139 3536 in
2158 3509 2217 3536 su-

1185 3564 1384 3611 perioribus
1399 3571 1613 3608 permanens
1630 3566 1667 3596 et
1684 3559 1845 3596 excelsis.
1867 3559 1936 3596 Sed
1961 3561 2027 3596 ista
2047 3559 2217 3595 meretrix

1182 3634 1260 3671 quae
1273 3633 1335 3659 eos
1351 3621 1509 3667 suscipit,
1523 3630 1568 3655 ex
1582 3619 1769 3656 meretrice
1783 3617 2013 3662 efficiturjam
2021 3617 2212 3664 propheta;

1182 3683 1267 3720 dicit
1285 3681 1404 3718 enim:
1433 3692 1446 3714 ι
1471 3679 1554 3716 Seio
1568 3679 1662 3725 quod
1682 3678 1850 3714 Dominus
1882 3677 1974 3713 Deus
2005 3681 2126 3713 vester
2141 3681 2216 3713 tra-

1185 3756 1198 3777 «
1218 3742 1306 3780 didit
1318 3741 1420 3778 vobis
1436 3746 1567 3777 terram
1586 3740 1691 3775 hanc.
1713 3751 1726 3774 ›
1745 3738 1852 3775 Vides
1869 3738 2047 3785 quomodo
2070 3738 2131 3774 illa
2147 3737 2218 3775 ali-

1181 3803 1323 3852 quando
1341 3806 1420 3839 erat
1432 3801 1616 3844 meretrix,
1640 3806 1676 3837 et
1704 3800 1812 3847 impia
1829 3806 1867 3837 et
1892 3799 2074 3837 immunda
2089 3810 2099 3835 :
2114 3807 2213 3836 nuno
