2540 4016
28 190 125 252 ⁵601

481 248 483 250 ,
528 205 886 246 ENARRATIONES
910 204 958 243 IN
982 203 1159 241 LIBRUM
1180 201 1563 241 NUMERORUMQ-
1586 205 1676 249 Lm,
1701 205 1731 240 1.

1311 63 1346 96 0

2159 212 2232 250 602

61 287 239 327 excelsum
271 286 464 324 sacerdotii
482 286 651 333 gradum,
669 284 725 321 vel
751 282 963 320 cathedram
989 282 1111 317 docto·
1129 280 1166 320 A
1180 289 1258 326 qua
1273 279 1310 314 in
1329 283 1410 314 ante
1422 283 1504 313 sunt
1517 282 1747 314 extenuamus
1762 277 1912 331 (Philip.
1926 282 2022 330 ιιι),·
2011 294 2050 321 m
2067 295 2231 325 resurre-

59 351 109 387 ris
128 349 314 392 obsideat;
339 352 376 384 et
399 346 458 383 ille
477 346 538 393 qui
559 344 756 391 spiritualis
774 348 843 387 est,
878 347 915 378 et
929 352 949 377 a
966 346 1112 377 terrena

58 408 332 447 conversatione
347 412 419 443 tam
435 406 538 448 liber,
556 410 598 441 ut
614 405 730 451 possit
747 402 956 439 examinare
975 400 1111 444 omnia,

58 474 96 504 et
123 469 198 514 ipse
218 478 238 503 a
257 467 399 504 nemine
414 466 585 514 iudicari,
614 465 672 501 vel
701 463 885 500 inferioris
915 461 1111 498 ministerii

58 531 222 567 ordinem
243 535 375 573 teneat,
394 528 453 565 vel
469 529 577 564 etiam
595 527 633 563 in
652 526 791 572 plebeia
808 523 1039 561 multitudine
1054 532 1112 558 re-

58 592 255 638 linquatur.
282 590 354 627 Sed
381 591 451 626 hoc
467 595 522 626 est
547 595 583 625 et
608 589 698 635 legis
714 593 750 624 et
770 586 954 633 Evangelii
980 589 1115 621 statuta

60 658 305 693 contemnere,
324 655 360 685 et
378 650 467 685 nihil
486 650 683 686 seeundum
702 648 867 685 ordinem
887 657 1022 692 gerere.
1044 645 1116 681 Sed

58 711 308 757 unusquisque
325 715 489 746 nostrum
510 711 540 747 si
561 711 605 747 de
623 711 704 746 cibo
719 716 755 746 et
767 714 854 756 potu
869 708 1044 744 sollicitus
1055 707 1114 749 sit,

59 777 94 808 et
108 781 251 807 omnem
272 781 398 806 euram
417 771 453 806 in
472 772 580 807 rebus
602 771 836 807 saeeularibus
867 772 982 815 gerat,
1004 776 1116 802 unam

58 843 144 869 vero
162 838 225 867 aut
242 832 460 868 duas'horas
480 843 524 868 ex
543 833 684 878 integro
699 832 757 867 die
777 831 885 866 etiam
905 830 979 864 Deo
1004 828 1116 872 depu-

59 898 122 936 tet,
134 898 169 928 et
187 893 230 928 ad
247 893 445 928 orationem
462 893 498 928 in
516 893 704 929 ecclesiam
723 891 858 932 veniat,
874 889 930 924 vel
948 889 983 923 in
998 893 1117 923 trans-

58 953 108 987 itu
142 953 292 988 verbum
314 954 374 989 Dei
395 953 535 995 audiat,
554 953 621 988 iste
638 962 708 987 non
727 949 882 995 complet
906 949 1116 984 mandatum

59 1011 121 1047 Dei
141 1013 236 1058 quod
256 1013 344 1048 dicit
367 1018 406 1047 ut
438 1013 546 1047 homo
580 1010 777 1047 secundum
813 1008 979 1045 ordinem
1012 1018 1116 1043 suum

59 1073 215 1115 incedat,
234 1073 291 1108 vel
309 1073 404 1117 quod
424 1072 510 1107 dicit
534 1077 574 1107 ut
595 1071 714 1107 omnia
736 1070 932 1107 seeundum
953 1070 1118 1106 ordinem

59 1132 159 1167 fiant.
178 1131 275 1167 Ordo
296 1131 393 1167 enim
412 1136 467 1167 est
486 1136 642 1167 statutus
663 1142 682 1167 3
703 1131 862 1174 Christo,
876 1142 1033 1177 quoerere
1047 1131 1118 1177 pri-

1184 339 1303 376 ctione
1316 343 1558 382 mortuorum,
1570 338 1633 374 ubi
1651 338 1746 374 sicut
1765 338 1869 375 stella
1883 339 1928 375 ab
1946 342 2048 378 stella
2059 344 2203 383 differt·
2193 358 2232 384 ιιι

1183 399 1311 445 gloria,
1331 400 1382 435 ita
1405 405 1441 436 et
1463 397 1749 444 uniuscujusque
1765 399 1896 434 merita
1914 399 2154 446 refulgebunt,
2170 415 2236 451 po-

1184 461 1336 497 terimus
1354 462 1479 508 utique
1508 462 1553 497 ab
1573 460 1809 496 inferioribus
1828 459 1874 496 ad
1891 460 2043 497 meliora
2069 462 2170 509 signa
2201 471 2238 502 et.

1183 523 1401 570 fulgentiora
1419 523 1624 566 transferri,
1641 527 1679 559 et
1706 523 2036 569 splendentioribus
2059 524 2239 563 sideribus

1185 584 1388 630 adaequari;
1424 590 1531 630 atque
1548 585 1587 620 in
1606 589 1750 619 tantum
1770 588 1890 630 potest
1907 584 1945 620 in
1969 584 2038 620 hac
2071 584 2146 621 vita
2175 585 2243 621 hu-

1185 655 1291 681 mana
1309 650 1439 680 natura
1468 644 1658 690 proficere,
1677 650 1717 680 ut
1737 644 1774 679 in
1793 644 2062 680 resurrectione
2079 651 2242 682 mortuo-

1186 717 1281 750 rum,
1299 717 1371 742 non
1390 706 1506 743 solum
1527 705 1712 742 stellarum
1731 705 1870 752 gloriae,
1885 706 1948 742 sed
1971 710 2008 741 et
2023 705 2109 741 solis
2128 706 2245 752 splen-

1188 766 1265 803 dori
1282 766 1398 802 valeat
1419 766 1617 812 exaequari,
1634 766 1831 801 secundum
1852 764 1947 810 quod
1963 765 2139 811 scriptum
2157 771 2213 802 est
2234 779 2242 801 :

1189 826 1380 872 Quiajusti
1397 820 1576 872 fulqebunt
1590 826 1678 861 sicut
1688 825 1784 860 solin
1796 837 1899 871 reqno
1914 825 1978 861 Dei
1995 824 2138 872 (Mattlt.
2151 827 2245 873 xnt).

1187 886 1279 922 Hinc
1300 897 1385 932 ergo
1403 891 1458 923 est
1484 887 1579 933 quod
1615 885 1848 922 inferioribus
1881 886 2026 929 dicitur,
2047 888 2245 923 secundum

1189 948 1289 993 signa
1331 958 1393 984 sua
1427 958 1493 993 per
1531 949 1657 984 domos
1694 947 1914 984 familiarum
1945 959 2106 985 suarum.
2145 949 2247 993 Quod

1189 1006 1276 1042 dicit
1292 1017 1357 1052 per
1377 1008 1503 1044 domos
1519 1008 1738 1043 familiarum
1759 1018 1906 1044 suarum
1921 1036 1930 1053 ,
1949 1010 1983 1044 in
2008 1009 2133 1046 Graeco
2154 1010 2249 1046 idem

1189 1078 1307 1104 sermo
1344 1069 1483 1114 positus
1514 1075 1583 1112 051,
1619 1079 1728 1114 quem
1767 1076 1804 1105 et
1840 1070 1889 1106 ibi
1924 1070 2117 1116 Apostolus
2145 1072 2246 1114 dicit,

1188 1127 1250 1163 ubi
1282 1128 1358 1163 ait:
1380 1127 1498 1172 Hujus
1522 1128 1571 1162 rei
1588 1129 1702 1173 qratia
1727 1139 1832 1163 curvo
1866 1140 1977 1174 qenua
1998 1141 2074 1165 mea
2097 1130 2143 1164 ad
2178 1129 2250 1165 Pa-

58 1203 152 1227 mum
171 1203 313 1238 reynum
334 1191 399 1227 Dei
425 1197 456 1227 et
481 1191 658 1237 justitiam
691 1191 766 1237 ejus
801 1190 943 1239 (Mami.
968 1191 1019 1237 vt)
1038 1218 1046 1234 ‚
1084 1198 1120 1227 et
1139 1183 1170 1223 B
1190 1194 1277 1223 trem
1293 1187 1431 1223 Domini
1447 1189 1555 1223 nostri
1570 1187 1655 1223 Jesu
1670 1188 1814 1232 Christi,
1831 1200 1873 1224 ex
1889 1201 1956 1237 quo
1973 1190 2083 1226 omnis
2098 1192 2252 1237 paterni-

59 1253 208 1289 credere
224 1253 319 1298 quod
335 1253 494 1289 secundo
512 1253 590 1289 loco
608 1253 685 1289 haec
704 1253 809 1288 nobis
828 1258 1058 1298 apponantur
1099 1263 1120 1289 a

59 1313 146 1349 Deo.
168 1313 349 1360 Agnoscat
368 1314 619 1359 unusquisque
639 1314 748 1359 igitur
762 1313 926 1349 ordinem
947 1324 1066 1355 suum,
1085 1318 1121 1349 et

59 1373 145 1420 quid
167 1374 313 1421 dignum
338 1375 386 1410 sit
404 1384 447 1410 00
464 1375 589 1410 ordine
616 1385 723 1420 quem
746 1375 905 1419 suscepit
919 1375 1095 1420 intelligat
1109 1402 1118 1417 ,

60 1441 94 1470 et
113 1436 160 1470 ita
178 1435 306 1471 liberet
327 1441 429 1471 actus
445 1445 550 1479 suos;
573 1436 624 1471 ita
640 1437 749 1471 etiam
767 1446 983 1478 sermonem,
1001 1436 1121 1472 inces-

61 1508 139 1532 sum
167 1507 311 1542 quoque
342 1497 459 1542 ipsum
493 1503 529 1532 et
547 1497 709 1532 habitum
731 1496 937 1532 moderetur
966 1502 1006 1531 ut
1038 1507 1121 1533 cum

62 1557 200 1592 ordinis
225 1557 280 1592 sui
304 1556 529 1602 professione
548 1557 761 1599 conveniat,
778 1567 823 1591 ne
845 1557 966 1591 audiat
985 1557 1055 1592 dici
1078 1556 1122 1591 ad

62 1627 98 1652 se
113 1628 132 1652 a
151 1617 238 1659 Deo,
258 1616 349 1658 Quia
370 1623 508 1662 propter
533 1628 591 1652 vos
620 1627 743 1652 nomen
767 1628 881 1651 meum
905 1616 1123 1662 blasphema-

63 1687 119 1716 tur
140 1682 175 1716 in
193 1682 350 1727 flentibus
370 1681 461 1727 (Isa.
484 1682 561 1728 Lu).
582 1681 673 1725 Quid
694 1687 814 1717 autem
833 1688 887 1717 051
908 1684 1003 1727 quod
1019 1682 1119 1723 dicit,

63 1748 93 1777 et
113 1741 304 1776 secundum
323 1742 648 1788 siyna,videannis.
667 1743 741 1789 Ego
759 1748 846 1788 puto
861 1743 961 1788 signa
982 1752 1062 1778 esse
1080 1753 1122 1778 ea

63 1803 193 1848 quibus
223 1802 505 1847 uniuscujusque
529 1803 732 1848 proprietas
761 1803 984 1849 designatur.
1013 1802 1122 1839 Verbi

64 1864 192 1909 gnatia,
213 1874 339 1899 omnes
365 1862 510 1910 quidem
533 1863 698 1898 homines
732 1863 868 1898 similes
899 1873 1042 1905 sumus,
1062 1862 1124 1898 5011

64 1930 117 1959 051
135 1924 283 1968 propria
303 1923 467 1969 quaedam
483 1922 768 1968 uniuscujusque
788 1923 986 1965 distinctio,
1008 1923 1065 1958 vel
1087 1923 1124 1957 in

64 1991 140 2027 ipso
174 1981 288 2023 vultu,
307 1981 362 2016 vel
397 1981 433 2015 in
466 1986 623 2024 statura,
644 1981 700 2016 vel
729 1982 764 2016 111
794 1982 986 2027 positione,
1007 1981 1063 2017 vel
1087 1981 1123 2015 in

64 2043 185 2078 nabitu
200 2053 266 2088 per
279 2052 398 2089 quem,
418 2043 516 2078 verbi
538 2042 667 2088 glatia,
678 2042 822 2078 Ρ3111115
827 2043 911 2088 quia
927 2042 1058 2078 Paulus
1078 2042 1124 2078 sit

65 2105 281 2150 designetur,
300 2103 429 2139 Petrus
444 2104 527 2149 quia
544 2103 673 2139 Petrus
688 2103 747 2146 sit,
767 2109 803 2139 et
818 2114 890 2139 11011
910 2104 958 2139 511
975 2103 1121 2138 P..uilus
1144 2086 1174 2128 C

66 2168 245 2203 interdum
263 2172 383 2202 autem
400 2167 511 2202 etiam
526 2176 597 2202 non
614 2167 821 2202 videntibus
840 2165 1126 2211 uniuscujusque

67 2230 157 2276 signi
181 2230 373 2265 diversitas
393 2229 512 2272 datur,
534 2234 574 2264 ut
592 2240 637 2266 ex
662 2240 751 2266 voce
776 2235 811 2264 et
845 2229 986 2275 loquela
1016 2237 1127 2274 agno-

67 2296 142 2326 scat
165 2289 263 2325 illum
282 2300 377 2333 esse,
412 2290 467 2325 vel
504 2290 604 2325 illum
635 2291 695 2336 qui
729 2290 902 2335 loquitur,
924 2295 958 2325 et
995 2299 1125 2325 seeun-

67 2351 151 2386 dum
188 2361 262 2386 suae
297 2351 530 2396 proprietatis
557 2351 699 2398 signum
731 2351 980 2396 unusquisque
1016 2351 1127 2386 etiam

67 2411 144 2447 51110
162 2411 341 2456 corporali
362 2411 500 2447 visione
518 2412 762 2458 cognoscitur.
796 2411 872 2447 Hoc
901 2412 1007 2447 modo
1032 2411 1128 2447 arbi-

69 2476 144 2506 tror
161 2481 242 2507 esse
256 2471 365 2506 etiam
387 2472 422 2507 in
444 2472 577 2507 animis
602 2473 703 2519 signa
724 2473 888 2515 diversa;
919 2478 955 2508 et
978 2472 1129 2508 alterius

68 2532 213 2577 quidem
232 2532 342 2567 animi
362 2538 482 2568 motus
499 2533 591 2569 livor
609 2540 684 2576 est,
703 2534 816 2576 mitis,
838 2534 1013 2578 placidus,
1030 2538 1131 2567 tran-

69 2591 213 2636 quillus,
239 2591 406 2636 aequalis;
437 2592 585 2627 alterius
603 2593 780 2633 turbidus,
802 2592 930 2632 elatus,
952 2591 1127 2636 asperior,

70 2651 270 2693 incitatior,
286 2651 528 2696 petulantior-3
559 2651 649 2686 alius
666 2651 965 2696 circumspectus,
986 2657 1128 2695 cautus,

71 2712 254 2758 providus,
275 2711 465 2753 sollicitus,
492 2711 664 2757 impiger;
699 2711 791 2747 alius
823 2712 1040 2754 desidiosus,
1062 2723 1128 2748 110-

72 2774 221 2822 gligens,
243 2773 423 2808 incautus.
447 2773 491 2807 Et
510 2772 545 2807 in
568 2772 624 2807 1115
643 2772 735 2808 311115
765 2772 856 2818 plus,
876 2772 967 2808 alius
997 2772 1129 2808 minus.

73 2834 117 2869 Et
135 2833 250 2868 audeo
270 2832 504 2878 pronuntiare
519 2859 528 2874 ,
547 2831 631 2876 quia
659 2831 825 2867 fortassis
845 2837 981 2876 quanta
999 2831 1133 2878 speciei

73 2895 192 2931 vultus
212 2895 306 2931 inest
321 2893 512 2929 diversitas
534 2892 752 2936 hominibus,
770 2897 870 2928 tanta
890 2892 978 2928 etin
1001 2893 1132 2928 animis

74 2957 256 2992 invenitur
271 2967 351 2992 esse
366 2955 567 2992 differentia
590 2966 599 2991 :
619 2956 713 2992 sicut
739 2956 1043 3002 sapientissimum
1064 2955 1133 2991 Sa-

74 3017 253 3053 lomonem
269 3017 416 3052 memini
433 3017 589 3063 quodam
610 3016 688 3052 loco
715 3017 893 3053 dicentem
917 3028 924 3051 :
952 3015 1049 3052 Sicut
1079 3017 1134 3051 cti-

75 3078 162 3113 versi
176 3083 256 3112 sunt
275 3076 390 3112 vulcus
404 3076 566 3119 vultibus,
584 3078 634 3112 ita
650 3083 682 3112 et
698 3077 835 3112 diversa
853 3083 933 3112 sunt
952 3077 1057 3112 corda
1074 3077 1134 3112 ho·

75 3137 210 3171 'ninum
235 3135 358 3183 (Prov.
375 3135 455 3182 vn).
475 3135 546 3172 Sed
564 3137 814 3182 unusquisque
834 3143 874 3173 ut
907 3137 958 3173 ait
992 3137 1133 3184 Moyses

76 3197 272 3233 seeundum
294 3197 394 3243 signa
414 3207 478 3233 sua
503 3197 656 3242 incedat,
677 3198 712 3234 id
730 3206 797 3242 est,
816 3208 862 3235 ne
884 3199 915 3234 is
937 3199 1039 3244 quus
1068 3199 1135 3234 1111-

78 3256 174 3292 milia
199 3262 236 3292 et
261 3257 430 3302 despecta
454 3262 537 3292 sunt
555 3257 671 3303 signa,
693 3258 822 3294 elatior
852 3258 994 3294 incedat
1017 3264 1053 3294 et
1085 3258 1136 3294 al-

79 3317 149 3354 tior
178 3328 286 3364 quam
316 3317 522 3354 animorum
543 3328 692 3354 suorum
712 3318 815 3364 signa
839 3318 1050 3365 deposcunt.
1068 3319 1138 3355 Po-

78 3384 287 3416 testantem
304 3379 396 3422 fieri,
413 3385 453 3415 ut
468 3379 697 3416 aemulatione
725 3381 902 3417 bonorum
926 3391 1074 3427 operum
1093 3382 1138 3418 ab

82 3440 314 3478 inferioribus
329 3442 442 3489 signis
459 3442 504 3478 ad
517 3442 682 3485 meliora,
701 3447 738 3479 et
761 3443 807 3479 ad
825 3443 1138 3489 magnificentiora

82 3503 283 3541 veniamus.
300 3504 339 3541 Si
357 3505 455 3541 enim
474 3510 572 3542 recte
588 3515 609 3542 3
625 3506 730 3543 nobis
745 3505 967 3542 intellectum
983 3510 1051 3548 est,
1061 3505 1140 3540 11ωο

82 3564 203 3600 omnia
219 3574 300 3610 quae
317 3565 354 3601 111
377 3565 456 3612 lege
474 3566 610 3613 scripta
628 3571 712 3603 sunt
729 3565 866 3602 formas
892 3574 973 3601 esse
998 3563 1137 3600 futuro-

84 3631 166 3659 rum
182 3624 374 3669 bonorum,
395 3631 432 3661 et
451 3626 547 3663 illius
560 3626 682 3663 saeculi
697 3626 793 3672 quod
809 3635 852 3662 ex
871 3623 1139 3662 resurrectione

87 3689 288 3728 speramus,
309 3688 447 3720 certum
465 3685 590 3731 utique
609 3690 680 3729 est,
706 3685 804 3731 quod
835 3685 866 3722 si
901 3684 939 3720 in
966 3682 1139 3731 praesenti

87 3741 163 3779 vita
187 3741 418 3782 habau-imus
450 3746 611 3784 studium
637 3747 842 3791 meliorum,
872 3752 909 3784 et
943 3747 1141 3784 secundum

1190 1255 1244 1285 tas
1260 1250 1297 1285 in
1313 1249 1411 1292 coelo,
1433 1255 1465 1285 et
1484 1251 1521 1284 in
1539 1255 1634 1285 terra
1655 1251 1859 1286 nominatur
1891 1251 2035 1299 (Epltes.
2059 1252 2128 1300 111).
2156 1252 2251 1297 Quas

1190 1321 1276 1356 crgo
1291 1311 1529 1355 paternitates
1548 1311 1609 1346 hic
1626 1310 1759 1346 Paulus
1774 1311 1873 1354 dicit,
1886 1312 1933 1347 ibi
1957 1312 2110 1356 familias
2133 1314 2253 1358 posuit

1190 1371 1340 1406 Latinus
1362 1371 1555 1415 interpres.
1585 1371 1656 1407 Sed
1687 1382 1780 1406 unus
1806 1377 1913 1418 atque
1931 1373 2025 1408 idem
2046 1384 2165 1410 sermo
2186 1375 2252 1409 ha·-

1190 1432 1295 1468 betur
1310 1432 1346 1466 in
1367 1431 1505 1467 Graeco.
1523 1431 1603 1467 lstae
1618 1438 1701 1467 sunt
1715 1442 1800 1479 ergo
1815 1434 2054 1478 paternitates
2071 1435 2128 1470 vel
2147 1434 2251 1470 fami-

1190 1495 1268 1538 liae,
1287 1505 1377 1540 quas
1414 1494 1547 1530 Paulus
1578 1494 1723 1539 quidem
1752 1495 1827 1541 jam
1863 1496 2020 1531 ostendit
2059 1497 2095 1531 in
2127 1496 2252 1539 coelis,

1192 1556 1333 1602 Moyses
1350 1561 1470 1590 autem
1490 1556 1557 1590 sub
1577 1555 1702 1602 figuris
1728 1557 1846 1591 adhuc
1873 1556 2050 1603 legalibus
2082 1556 2255 1594 describit

1192 1618 1371 1659 interris,
1392 1617 1590 1652 secundum
1621 1628 1710 1663 quas
1740 1618 1908 1653 incedere
1942 1629 2008 1654 nos
2042 1624 2179 1661 monet,
2214 1623 2255 1653 ut

1191 1679 1371 1725 possimus
1387 1678 1595 1714 coelestibus
1614 1677 1896 1723 paternitatibus
1916 1677 2061 1713 sociari.
2084 1677 2176 1713 Sunt
2194 1688 2255 1713 au-

1192 1747 1280 1783 tem,
1296 1746 1335 1775 ut
1364 1740 1496 1775 Paulus
1530 1740 1696 1785 superius
1720 1740 1990 1785 pronuntiavit,
2014 1740 2089 1775 sive
2111 1738 2256 1775 familiae

1194 1802 1272 1837 istae
1286 1801 1447 1837 dicendae
1468 1806 1573 1843 sunt,
1594 1800 1668 1836 sive
1688 1800 1925 1846 paternitates
1942 1800 1976 1835 in
1998 1799 2105 1843 coelo,
2122 1809 2165 1835 ex
2182 1799 2258 1844 qui-

1192 1863 1260 1899 bus
1283 1862 1376 1898 forte
1393 1868 1459 1902 est,
1480 1863 1590 1898 011113
1608 1873 1716 1909 quam
1734 1863 1771 1898 in
1789 1863 1859 1898 alio
1878 1863 1957 1899 loco
1977 1863 2141 1898 nominat
2159 1863 2254 1898 idem

1192 1922 1494 1965 Paulus,ecclesia
1512 1923 1770 1968 primitivorum
1789 1924 1943 1969 ascripta
1959 1924 1996 1958 in
2014 1922 2107 1958 coelis
2129 1921 2255 1969 (Hebr.

1193 1983 1273 2031 xii),
1296 1984 1352 2019 cui
1381 1994 1447 2019 nos
1467 1984 1611 2019 eveniet
1630 1984 1774 2027 sociari,
1795 1984 1825 2019 si
1858 1983 2057 2020 seeundum
2093 1984 2257 2019 ordinem

1195 2045 1417 2087 incedamus,
1439 2050 1474 2079 et
1494 2045 1615 2080 omnia
1652 2044 1849 2080 secundum
1881 2044 2046 2080 ordinem
2068 2053 2258 2090 geramus;

1196 2108 1224 2143 si
1247 2107 1336 2142 nihil
1363 2107 1621 2148 inordinatum,
1646 2107 1735 2142 1111111
1762 2106 1978 2152 inquietum,
2002 2106 2262 2142 1111111111110110-

1196 2173 1291 2203 stum
1307 2168 1512 2204 inveniatur
1529 2168 1565 2202 in
1583 2168 1709 2211 nobis;
1733 2172 1817 2203 tunc
1833 2168 1974 2204 01510111
1992 2167 2259 2203 firmamentum

1198 2228 1525 2275 resplendebimus,
1544 2234 1581 2265 et
1609 2229 1704 2265 sicut
1728 2228 1843 2264 stellae
1863 2234 1900 2264 et
1930 2228 1984 2265 sol
2003 2228 2263 2276 refulgebimus

1202 2290 1240 2325 in
1261 2300 1372 2335 regno
1393 2290 1456 2325 Dei
1477 2299 1542 2335 per
1562 2289 1762 2325 Christum.

1244 2350 1298 2384 Ad
1321 2351 1488 2385 orientem
1508 2348 1531 2383 J
1535 2349 1623 2384 udas
1641 2349 1721 2395 fiqet
1740 2350 1888 2384 tentoria
1903 2359 1964 2394 per
1980 2354 2115 2384 turmas
2130 2350 2261 2383 exerci-

1197 2417 1251 2446 tus
1272 2410 1339 2450 sui,
1373 2411 1506 2454 eritque
1523 2410 1681 2454 princeps
1716 2409 1872 2454 filiorum
1903 2408 1978 2454 ejus
1998 2407 2145 2443 Naason
2165 2408 2263 2453 filius

1198 2473 1222 2507 Α
1230 2471 1409 2513 minadab,
1422 2477 1453 2505 et
1466 2482 1584 2505 omnes
1611 2470 1653 2504 de
1671 2471 1776 2515 stirpe
1793 2470 1868 2515 ejus
1882 2481 2016 2504 summa
2033 2470 2264 2516 puqnantt'um

1204 2532 1425 2579 septitaqittta
1446 2537 1599 2576 quatuor
1620 2529 1730 2565 millia
1762 2530 1926 2564 sexcenti.
1961 2528 2065 2565 Circa
2097 2530 2265 2565 taberna-

1199 2593 1317 2629 culum
1336 2601 1461 2627 omnes
1479 2591 1542 2626 tilii
1563 2590 1671 2626 lsrael
1692 2595 1812 2626 035113
1839 2591 2070 2626 metabantur
2087 2591 2179 2626 terni
2198 2602 2262 2637 per

1200 2653 1359 2700 singulas
1378 2653 1521 2699 plagas,
1547 2657 1588 2687 ut
1623 2662 1693 2687 non
1712 2650 1962 2696 superfuisset,
1983 2657 2045 2687 aut
2067 2662 2138 2686 non
2157 2652 2263 2687 dees·

1201 2721 1256 2751 set
1282 2714 1411 2759 aliquis
1427 2714 1470 2749 de
1490 2713 1571 2748 illis.
1592 2712 1702 2749 Judas
1721 2723 1806 2759 ergo
1830 2718 1866 2748 01
1882 2712 2028 2748 isachar
2046 2718 2082 2748 01
2103 2713 2264 2748 Zabulon

1202 2777 1246 2811 ab
1279 2776 1419 2811 oriente
1442 2775 1598 2820 figebant
1631 2773 1862 2808 tabernacula
1883 2784 1892 2814 ;
1927 2773 2052 2808 Ruben
2088 2777 2207 2808 autem
2229 2778 2266 2809 et

1204 2836 1365 2878 Simeon,
1393 2840 1429 2870 01
1451 2833 1527 2870 Gad
1547 2834 1592 2869 ad
1622 2833 1836 2875 meridiem;
1859 2833 2043 2878 Ephraim,
2070 2838 2106 2869 et
2137 2834 2266 2881 Benja-

1203 2897 1294 2939 min,
1326 2901 1361 2931 et
1378 2895 1544 2931 Manassc
1578 2894 1623 2929 ad
1645 2893 1870 2930 occidentem
1890 2905 1898 2936 ;
1922 2893 2011 2937 Dan,
2035 2898 2071 2929 et
2088 2893 2192 2936 Aser,
2227 2899 2264 2930 et

1203 2957 1430 3004 Neplithalim
1453 2957 1496 2991 ad
1515 2955 1732 3001 aquilonem.
1759 2954 1850 2999 Quid
1871 2961 1989 2990 autem
2008 2954 2187 3000 significat
2211 2960 2264 2989 ta-

1203 3017 1436 3054 bernaculam
1457 3017 1492 3052 in
1511 3017 1580 3052 hoc
1602 3016 1698 3059 loco,
1719 3016 1789 3051 nisi
1809 3015 2006 3052 Ecclesiam
2034 3020 2107 3051 tam
2126 3015 2268 3051 Veteris

1205 3089 1313 3125 quam
1334 3077 1423 3114 Novi
1451 3068 1702 3112 Testamenti?
1734 3076 1930 3112 Duodecim
1950 3076 2130 3122 principes
2148 3081 2267 3110 autem

1206 3149 1292 3186 erga
1309 3137 1580 3174 tabernaculum
1600 3141 1717 3172 035113
1734 3142 1925 3179 metantes,
1943 3135 2170 3181 patriarchas
2189 3133 2265 3169 sive

1206 3199 1388 3247 apostolos
1410 3197 1630 3245 significant,
1663 3206 1817 3242 quorum
1850 3196 2018 3241 precibus
2037 3199 2072 3229 et
2101 3194 2265 3229 1100111113

1207 3262 1370 3298 munitur
1387 3259 1563 3296 Ecclesia.
1603 3257 1673 3293 Sed
1706 3262 1742 3292 et
1768 3255 1854 3291 illud
1886 3254 1981 3299 quod
1998 3253 2264 3289 consociatione

1203 3323 1359 3369 quadam
1383 3322 1542 3357 tribuum
1567 3325 1602 3354 et
1635 3316 1860 3353 connexione
1883 3319 2098 3357 castrorum,
2132 3314 2264 3359 positio

1203 3389 1239 3420 et
1258 3381 1465 3418 metationis
1483 3379 1571 3414 ordo
1592 3377 1775 3417 scribitur,
1810 3374 1966 3419 pertinet
1989 3373 2067 3409 sine
2088 3373 2196 3410 dnbio
2218 3374 2264 3414 ad

1204 3443 1359 3487 aliquem
1382 3440 1417 3474 111
1435 3436 1702 3474 resurreetione
1732 3439 1957 3469 mortuorum
1977 3437 2126 3469 statum.
2161 3432 2263 3478 Quod

1204 3509 1280 3538 tres
1302 3501 1346 3536 ad
1374 3500 1551 3536 orientem
1572 3496 1756 3532 collocatae
1788 3495 1958 3531 dicuntur
1988 3495 2117 3538 tribus,
2138 3501 2174 3531 et
2191 3500 2266 3531 tres

1206 3561 1251 3596 ad
1269 3559 1493 3595 occidentem
1508 3583 1518 3600 ,
1548 3561 1622 3592 tres
1641 3556 1752 3591 etiam
1772 3555 1816 3591 ad
1843 3565 1957 3599 mare,
1979 3561 2017 3592 et
2036 3561 2110 3592 tres
2129 3555 2264 3592 ultimae
2315 3583 2327 3589 -

1208 3621 1252 3658 ad
1273 3618 1492 3664 aquilonem,
1514 3617 1574 3662 qui
1592 3617 1704 3672 durus
1721 3615 1854 3652 dicitur
1871 3621 2013 3654 ventus.
2035 3615 2106 3653 Sed
2122 3621 2160 3652 et
2171 3615 2268 3663 quod

1206 3683 1321 3719 tribus
1339 3679 1445 3723 Juda,
1463 3689 1544 3725 quae
1558 3678 1690 3725 regalis
1712 3683 1783 3722 est,
1804 3678 1850 3715 ad
1874 3678 2054 3716 orientem
2076 3679 2264 3725 statuitur,

1210 3755 1252 3781 ex
1271 3753 1342 3789 qua
1360 3746 1462 3778 ortus
1479 3745 1536 3777 est
1545 3739 1718 3776 Dominus
1734 3744 1871 3784 noster,
1893 3750 1966 3776 non
1983 3745 2070 3788 puto
2088 3740 2260 3778 otiosum.

15 3796 57 4016 K
89 3802 251 3851 Apostoli
280 3806 495 3844 mantiam
522 3809 715 3854 posteriora
740 3807 998 3853 obliviscentes,
1029 3808 1076 3845 ad
1101 3819 1144 3846 ea
1213 3805 1285 3846 Sed
1314 3803 1412 3854 quod
1426 3802 1571 3842 isachar
1587 3802 1671 3841 huic
1683 3801 1850 3850 jungitur
1865 3807 1903 3841 et
1918 3801 2094 3850 Zabulon,
2113 3808 2152 3842 et
2169 3802 2266 3851 quod
