2540 4016
579 123 852 167 ENARRATto
876 128 1029 168 SUPER
1052 129 1467 176 DEUTERoNoMHJM.
1488 159 1539 170 —-
1559 143 1646 185 ΠΒ.
1668 145 1710 182 11.

28 168 98 202 r*

1603 30 1633 54 e·

2133 157 2204 197 906

85 215 97 242 (ι
123 198 243 245 ··tas,
261 199 324 248 qui
345 201 416 238 sibi
433 201 563 239 devote
592 206 631 238 et
655 202 835 240 instanter
866 205 1093 253 deserviunt,
1112 210 1149 250 A
1163 211 1344 250 mationee
1362 220 1399 252 et
1427 217 1664 265 primogenita
1686 222 1919 268 debebantur.
1945 230 1991 270 Et
2005 233 2085 272 ideo
2115 236 2206 275 dixit

28 248 40 271 ³
52 240 69 282 ι
91 302 102 306 Π
122 259 259 307 aliquid
276 259 328 296 illi
344 260 470 298 deesse
484 265 616 308 potest,
633 262 695 307 qui
717 264 838 300 omnia
850 266 1095 312 possidentem

28 312 36 323 ““
51 299 206 357 Ridet.
231 331 244 353 ‹
266 319 343 356 Hoc
361 321 432 357 erit
454 319 632 366 judicium
662 323 892 361 sacerdotum
924 336 945 362 a
963 328 1095 373 populo

27 371 46 392 ἦ
93 385 110 418 t
126 381 172 419 ab
187 381 246 418 his
265 381 329 428 qui
345 380 502 419 offerunt
523 383 691 421 victimas
706 411 717 430 ,
754 385 830 423 sive
854 396 998 432 novem,
1020 390 1095 427 sive

40 424 174 480 3r'ovem
206 442 495 488 immolaverint,
529 444 665 482 dabunt
693 447 874 484 sacerdoti
897 459 1040 486 armum
1058 456 1095 488 et

35 493 44 509 “’
60 488 325 549 λ’νιὲιιιιίσιιιῑιιιιῃ
346 505 526 551 primitias
553 505 755 553 frumenti,
785 510 860 546 vini
879 516 917 548 et
942 511 1032 557 olei,
1059 518 1095 550 et

69 559 238 602 lanarum
250 571 390 612 partem
405 577 451 603 ex
468 567 590 604 ovium
606 571 787 607 tonsione.
807 584 820 607 ›
841 571 1023 620 Scriptum
1039 580 1096 612 est

52 641 57 658 ι
84 625 258 671 Levitico,
278 626 420 664 dicente
445 627 627 666 Domino:
653 643 665 665 ι
691 631 945 670 Pectusculum
975 634 1094 672 eleva-

29 689 151 734 'onis,
185 694 222 726 et
240 701 380 726 armum
404 693 644 738 separationis
668 695 733 731 tuli
766 706 787 732 a
807 696 890 734 filiis
918 697 1028 734 lsrael
1048 699 1092 735 de

53 751 156 789 ostiis
176 751 350 797 pacificis,
361 757 398 789 et
415 753 497 790 dedi
513 754 636 791 Aaron
653 757 831 793 sacerdoti
850 767 893 794 ac
911 757 994 794 filiis
1013 758 1091 804 ejus

39 825 52 858 j
68 821 104 852 ,e
119 818 315 858 perpetua,
335 814 380 850 ab
399 814 498 850 omni
526 816 657 862 populo
680 817 803 853 israel.
829 830 841 852 ›
861 817 932 854 Per
946 823 1091 864 pectus-

24 892 35 899 ·
47 870 145 908 ulum
162 878 282 908 autem
297 873 405 910 fidem
421 875 630 921 designans,
647 881 684 912 et
706 876 963 912 confidentiam
981 887 1089 923 quam

23 951 28 956 ·
49 929 148 968 fferri
174 933 326 970 Domino
344 935 421 970 vuit
434 936 479 971 ab
493 945 537 971 eo
551 937 612 981 qui
632 937 814 972 desiderat
832 937 980 981 salvari,
1003 939 1089 984 quia

34 991 100 1029 ''ne
115 993 185 1030 fide
203 994 426 1040 impossibile
445 1001 499 1031 est
518 996 662 1041 placere
679 997 764 1032 Deo.
795 997 928 1034 Armus
946 1009 1089 1045 quoque

22 1077 25 1081 «
54 1059 148 1090 ·xter
174 1053 219 1090 de
237 1055 473 1100 pacificorum
503 1057 645 1101 hostiis,
667 1059 764 1095 cadit
787 1059 824 1094 in
849 1061 1017 1106 primitiis
1032 1073 1088 1099 sa-

22 1136 29 1144 .
50 1114 191 1151 ·rdotis.
208 1114 341 1152 Armus
363 1117 490 1153 dexter
518 1119 680 1156 actiones
695 1120 800 1156 bonae
814 1126 911 1156 sunt.
934 1122 1030 1168 Ergo
1049 1129 1086 1159 et

22 1178 128 1212 dem
151 1181 188 1212 et
219 1176 381 1213 actiones
401 1176 533 1214 offerre
569 1184 712 1225 oportet
743 1189 827 1216 eum
858 1182 920 1227 qui
951 1182 1084 1219 salvari

83 1243 108 1274 t.
131 1238 203 1275 Sed
231 1239 482 1285 pectusculum
515 1240 600 1277 filiis
631 1241 754 1278 Aaron
779 1242 989 1289 deputavit,
1022 1244 1084 1290 qui

86 1299 190 1336 limes
215 1300 288 1336 vita
317 1306 421 1344 sunt;
446 1311 588 1338 armum
615 1307 737 1339 autem
764 1303 933 1340 dextrum
964 1314 1083 1341 saeer-

28 1378 31 1392 =
66 1363 107 1407 ti,
128 1364 190 1410 qui
210 1364 405 1411 imaginem
424 1370 523 1401 tenet
546 1366 683 1403 Christi
705 1378 715 1402 :
740 1372 890 1413 propter
913 1368 1009 1413 quod
1025 1379 1083 1405 so-

20 1448 21 1454 1
38 1433 72 1460 s
86 1425 256 1461 sacerdos
275 1425 343 1462 hoc
358 1426 576 1462 sacrificium
599 1428 774 1473 perlicere
806 1433 937 1474 potest,
960 1429 1082 1466 offerri

29 1488 100 1530 'pte
118 1484 299 1531 legislator
318 1478 496 1531 osten'dit3
516 1487 600 1534 quia
615 1489 761 1534 quidem
777 1491 926 1527 credere
946 1496 981 1527 et
1000 1501 1082 1537 pro-

45 1554 148 1581 unere
166 1546 274 1590 bona,
294 1552 457 1583 nostrum
473 1553 529 1584 est
548 1559 592 1585 ex
611 1549 675 1585 Dei
707 1551 815 1594 dono,
837 1551 899 1588 sed
920 1552 1081 1598 incipere

45 1615 123 1641 uera
143 1611 204 1642 aut
224 1606 414 1653 perficere,
438 1612 474 1643 et
507 1609 551 1644 ad
573 1609 681 1646 finem
701 1611 899 1656 perducere
930 1622 972 1648 ea
1001 1624 1080 1659 qnae

57 1670 96 1702 nt
116 1671 234 1714 coepta
250 1693 262 1711 ,
293 1667 361 1705 hoe
384 1668 513 1705 divinae
543 1675 598 1706 est
630 1672 756 1718 gratiae
779 1682 788 1707 :
810 1679 962 1719 propter
983 1676 1079 1720 quod

30 1729 104 1766 ‘ixit
131 1728 264 1766 Paulus
295 1731 504 1777 apostolus:
533 1745 544 1766 ι
572 1732 650 1768 Νοιι
670 1734 822 1770 volentis
851 1744 968 1781 neque
997 1747 1080 1772 eur-

30 1788 138 1833 entis,
159 1790 223 1826 sed
238 1790 446 1828 miserentis
463 1797 520 1828 est
539 1793 603 1829 Dei
619 1793 738 1840 (Rom.
761 1793 827 1842 ιιι).
852 1808 863 1830 ι
890 1796 954 1832 Dei
981 1797 1078 1833 enim

33 1849 122 1887 nlius
147 1855 202 1888 est
232 1852 389 1899 dirigere
411 1854 592 1898 actiones,
632 1862 780 1902 propter
801 1858 897 1903 quod
927 1864 963 1894 et
991 1859 1078 1895 bra-

25 1909 134 1947 lhium
152 1911 230 1957 ipse
245 1912 309 1949 Dei
328 1914 550 1950 nominatur.
575 1915 759 1953 Primitias
791 1917 980 1963 frumenti,
1003 1919 1078 1956 vini

38 1976 49 2008 t
71 1972 154 2016 olei,
181 1977 218 2009 et
238 1973 402 2011 lanarum
424 1981 567 2022 partem
590 1987 635 2013 ex
659 1978 781 2014 ovium
813 1980 990 2023 tonsione,
1018 1981 1078 2026 ju-

1162 275 1359 312 seeundum
1382 275 1557 316 familiam
1574 280 1644 316 boe
1660 281 1783 318 deberi
1798 283 1932 323 Levitae
1942 314 1952 331 ,
1977 296 2142 336 quoniam
2158 308 2206 336 ex

1162 337 1390 373 successione
1402 347 1474 384 qua
1489 339 1650 376 succedit
1666 343 1874 387 parentibus
1905 348 1998 391 suis,
2026 352 2097 390 hoe,
2109 358 2205 396 (ῆι-ω

1162 403 1244 430 eum
1262 398 1400 434 servari
1416 403 1558 445 oportet
1579 400 1676 445 quod
1700 403 1909 446 parentibus
1927 407 2124 449 exhibitum
2137 422 2205 453 en.

1555 471 1706 510 CAPUT
1729 473 1822 511 xlx.

1161 523 1215 560 De
1237 524 1381 562 malitiis
1407 530 1541 566 cunctis
1565 531 1802 576 prohibendis,
1840 540 1872 570 ee
1890 546 1933 571 ae
1954 540 2119 585 propheta
2150 547 2210 590 qui

1208 571 1255 653 alid
1275 572 1549 655 §militudinem
1564 576 1680 624 Moysi
1703 579 1740 614 in
1758 586 1857 626 qente
1873 580 2080 622 Judoeorum
2098 590 2212 626 susci-

1227 629 1272 654 an
1300 630 1340 655 us
1357 631 1416 656 era
1437 647 1446 655 .
2254 636 2258 642 '

1209 678 1328 727 (lum.)
1357 693 1371 716 c
1401 681 1551 726 Quando
1575 684 1761 732 ingressus
1793 688 1904 727 fueris
1939 696 2071 729 terram
2105 705 2213 741 quam

1165 751 1178 773 t
1206 740 1381 779 Dominus
1398 743 1494 780 Deus
1511 749 1591 782 tuus
1617 747 1716 784 dabit
1734 749 1811 793 tibi,
1828 761 1916 788 cave
1934 763 1981 790 ne
2000 753 2134 791 imitari
2153 766 2213 792 ve-

1164 811 1177 833 (
1207 799 1252 836 lis
1267 801 1554 842 abominationes
1583 808 1742 853 gentium
1761 810 1905 847 illarum
1922 823 1990 849 nee
2009 813 2214 852 inveniatur

1162 872 1176 895 ‹
1204 862 1243 897 in
1268 868 1303 899 te
1323 865 1384 910 qui
1402 865 1532 902 lustret
1545 868 1658 905 filium
1673 880 1790 915 suum,
1817 878 1879 908 aut
1894 873 2004 910 filiam
2024 886 2127 912 suam
2148 878 2212 914 du-

1162 933 1175 956 «
1206 928 1264 958 cat
1294 933 1359 970 per
1378 926 1514 972 ignem,
1540 934 1576 964 et
1596 930 1728 967 ariolos
1743 932 1961 978 sciscitetur,
1991 941 2027 971 et
2046 936 2213 974 observet

1163 993 1176 1014 ι
1206 985 1346 1020 somnia
1377 992 1486 1032 atque
1512 989 1674 1035 auguria.
1703 991 1756 1027 Ne
1773 993 1820 1029 sit
1833 994 2030 1040 maleficus,
2061 1007 2128 1034 nec
2159 999 2213 1034 in-

1163 1052 1176 1074 «
1208 1049 1385 1088 cantator,
1404 1056 1471 1083 nec.
1493 1049 1672 1094 pythones
1686 1052 1767 1096 quis
1796 1055 1959 1091 consulat
1985 1066 2102 1103 neque
2121 1060 2212 1095 divi-

1105 1102 1136 1142 B
1160 1113 1173 1134 ‹
1203 1113 1283 1148 nos,
1303 1111 1344 1140 ut
1371 1113 1510 1151 quaerat
1543 1118 1564 1143 a
1584 1111 1736 1147 mortuis
1753 1113 1956 1157 veritatem,
1983 1122 2052 1151 etc.
2078 1130 2090 1152 »
2121 1119 2214 1162 Quo-

1156 1165 1256 1201 niam
1281 1173 1533 1212 portentorum
1560 1170 1784 1217 inspectores
1797 1175 1967 1220 prohibet
1987 1187 2067 1214 esse
2087 1178 2122 1214 in
2150 1191 2214 1226 po-

1155 1226 1236 1272 pul(
1279 1228 1355 1271 Dei,
1381 1230 1613 1275 quaerendum
1643 1239 1698 1269 est
1726 1236 1906 1280 quomodo
1934 1237 2003 1273 ista
2029 1245 2211 1285 portenta,

1156 1297 1236 1333 quae
1257 1288 1386 1335 inspici
1404 1292 1666 1337 prohibentur,
1704 1295 1955 1333 discernantur
1985 1299 2028 1335 ab
2054 1301 2106 1336 eis
2134 1312 2213 1347 qua!

1155 1349 1327 1386 divinitus
1346 1351 1396 1386 ita
1428 1353 1559 1388 dantur
1585 1355 1726 1400 utquid
1753 1357 1956 1403 significent
1993 1360 2062 1397 dici
2085 1362 2211 1398 debeat

1154 1410 1249 1446 sicut
1272 1406 1393 1448 omnia
1412 1415 1587 1451 miracula
1607 1427 1686 1462 quae
1705 1417 1742 1453 in
1764 1418 1960 1466 Scripturis
1981 1424 2211 1469 reperiuntur

1153 1470 1413 1518 significantia,
1440 1477 1535 1521 quod
1557 1478 1737 1522 pertineat
1762 1481 1806 1516 ad
1838 1483 1997 1528 regulam
2019 1485 2114 1521 fidei.
2133 1485 2210 1523 Sic-

1152 1536 1192 1566 ut
1220 1533 1371 1571 dicimus
1384 1562 1393 1578 ,
1419 1537 1514 1581 quod
1547 1538 1807 1584 significaverit
1827 1543 1939 1579 vellus
1955 1545 1992 1579 in
2009 1555 2093 1582 area
2111 1557 2211 1584 eom-

1151 1591 1251 1638 pluta
1265 1595 1417 1639 siccum,
1436 1597 1493 1632 vel
1507 1596 1542 1632 in
1560 1598 1657 1634 sicca
1677 1610 1761 1636 arca
1781 1603 2018 1649 complutum,
2048 1612 2088 1641 ut
2106 1608 2209 1658 virga

1150 1653 1271 1689 Aaron
1288 1665 1368 1701 quae
1391 1655 1513 1693 floruit
1536 1664 1572 1694 et
1586 1670 1697 1697 nuces
1716 1662 1861 1707 attulit,
1883 1671 1919 1700 et
1939 1671 2070 1702 caetera
2085 1668 2210 1714 hujus·

1150 1717 1259 1753 modi.
1286 1717 1386 1754 Sicut
1404 1726 1525 1756 autem
1545 1721 1802 1760 discernuntur
1827 1725 2082 1773 divinationes,
2118 1740 2209 1776 quas

1151 1784 1413 1824 consequenter
1445 1781 1613 1827 prohibet
1651 1794 1672 1819 a
1707 1785 2022 1830 praedicationibus
2051 1789 2107 1826 vel
2144 1802 2210 1827 an-

1150 1841 1436 1878 nuntiationibus
1472 1846 1742 1891 prophetarum,
1784 1849 1835 1884 sic
1878 1850 1947 1886 Alae
1966 1851 2208 1897 inspectiones

1148 1900 1396 1947 prodigiorum
1416 1914 1435 1939 a
1457 1904 1777 1950 significationibus
1792 1908 1995 1947 divinorum
2013 1913 2207 1950 miraculo·

1149 1970 1229 1997 rum
1250 1963 1496 2001 discernenti-,13
1516 1972 1611 2002 sunt.
1636 1981 1648 2001 ι
1668 1968 1888 2015 Prophetam
1905 1979 2022 2018 autem
2042 1973 2086 2010 de
2101 1982 2208 2022 gente

43 2042 140 2068 mur
160 2033 410 2071 sacerdotibus
429 2036 527 2079 dare,
546 2037 631 2082 quia
651 2036 728 2074 Sive
765 2038 802 2073 in
829 2040 1077 2084 corporalibus
1097 2025 1127 2067 C
1154 2034 1166 2055 ‹
1202 2028 1262 2058 tua
1290 2029 1326 2059 ct
1353 2025 1395 2060 dc
1415 2025 1588 2064 fratribus
1625 2029 1694 2065 tuis
1727 2031 1819 2067 sieut
1839 2043 1895 2068 mc
1912 2036 2101 2072 suscitabit
2142 2039 2206 2074 tibi

29 2092 159 2137 olatiis,
181 2093 256 2131 sive
275 2095 313 2131 in
335 2096 553 2142 spiritalium
573 2108 696 2134 rerum
722 2098 991 2145 emolumentis,
1013 2102 1080 2138 hu-

24 2153 145 2190 uiliter
162 2164 205 2192 ac
223 2155 350 2192 devote
369 2157 591 2203 spiritalibus
622 2160 760 2197 solatiis
781 2162 991 2200 doctoribus
1019 2174 1082 2200 no-

35 2215 96 2251 sris
128 2225 272 2262 semper
309 2219 577 2256 communicare
620 2222 791 2259 debemus
809 2235 816 2258 :
842 2224 911 2260 hoc
958 2225 1078 2271 ipsum

20 2275 121 2312 tiam
158 2277 375 2316 exhortante
412 2281 576 2326 apostolo
615 2282 725 2319 Paulo
765 2290 873 2330 atque
908 2286 1075 2324 dicente:

27 2335 296 2375 “'Communicet
327 2339 360 2376 is
395 2341 457 2386 qui
484 2342 732 2379 catechizatur
755 2345 866 2381 verbo
886 2346 918 2382 ci
946 2347 1007 2392 qui
1036 2357 1077 2384 se

20 2398 209 2434 ntechizat
230 2399 266 2435 in
286 2401 454 2438 omnibus
474 2402 579 2439 honis
614 2402 708 2451 (Gal.
730 2404 795 2452 vi).
819 2419 830 2440 ι
855 2418 868 2440 ‹
893 2406 928 2442 Si
947 2409 1077 2446 exierit

48 2457 190 2496 Levites
207 2462 251 2497 de
283 2471 356 2497 una
379 2463 524 2500 urbium
544 2469 687 2501 tuarum
707 2476 751 2502 ex
782 2467 880 2503 omni
909 2469 1018 2505 lsrael
1038 2470 1076 2506 in

47 2530 117 2567 qua
136 2521 287 2567 habitat,
317 2530 353 2560 et
384 2524 540 2561 voluerit
568 2526 694 2562 venire
726 2527 935 2564 desiderans
954 2529 1075 2566 locum

49 2590 156 2627 quem
190 2582 341 2628 elegerit
367 2583 539 2621 Dominus
562 2612 572 2628 ,
605 2586 826 2622 ministrabit
862 2588 899 2622 in
928 2588 1074 2625 nomine

46 2640 189 2677 Domini
206 2641 272 2677 Dei
292 2641 369 2689 suij,
400 2643 494 2680 sicut
513 2655 638 2681 omnes
666 2645 797 2682 fratres
816 2647 905 2692 ejus.
939 2648 1073 2687 Levitae

48 2701 197 2739 stabunt
212 2711 255 2738 eo
272 2706 434 2750 tempore
452 2714 575 2741 coram
607 2706 773 2743 Domino.
795 2707 942 2744 Partem
973 2709 1074 2747 cibo-

51 2771 132 2798 rum
147 2762 312 2799 eamdem
338 2764 492 2811 accipiet
511 2776 621 2811 quam
647 2773 684 2803 et
699 2769 835 2812 caeteri,
857 2775 1009 2816 excepto
1028 2780 1073 2808 eo

49 2822 145 2869 quod
164 2822 201 2859 in
216 2823 306 2860 urbe
323 2834 387 2860 sua
406 2835 451 2861 ex
466 2827 584 2872 patria
604 2827 638 2864 ei
657 2829 886 2866 successione
903 2830 1069 2868 debetur.

50 2880 89 2918 Si
106 2887 226 2919 autem
243 2885 493 2929 supervenerit
508 2885 651 2924 Levites
665 2897 709 2924 ex
725 2887 912 2924 civitatum
928 2895 1070 2927 tuarum

49 2955 136 2990 una,
156 2956 201 2982 ex
219 2947 389 2984 omnibus
409 2947 493 2985 filiis
511 2949 635 2994 Israel,
657 2950 719 2987 ubi
753 2951 829 2998 ipse
856 2952 993 2998 incolit,
1015 2964 1071 2991 se-

30 3005 202 3044 ·cundum
216 3009 312 3054 quod
342 3009 442 3056 cupit
463 3010 584 3046 anima
601 3011 679 3058 ejus
698 3039 708 3055 ,
740 3012 779 3048 in
815 3012 933 3050 locum
960 3024 1068 3062 quem

47 3069 197 3117 elegerit
207 3071 395 3116 Dominus,
414 3079 486 3109 etc.
517 3085 530 3108 »
549 3073 588 3110 ld
606 3079 675 3118 est,
693 3074 725 3111 si
738 3074 999 3113 desideraverit
1014 3077 1069 3115 ire

40 3142 45 3159 ι
71 3129 191 3167 locum
213 3131 276 3167 ubi
293 3131 468 3170 Dominus
487 3133 690 3178 invocatur,
712 3140 748 3172 et
773 3136 980 3174 ministrare
999 3148 1066 3175 no·

27 3188 97 3243 fni
115 3191 258 3228 Domini
277 3193 342 3229 Dei
360 3194 431 3239 sui,
450 3194 544 3232 sieut
557 3206 683 3234 omnes
714 3197 848 3235 fratres
865 3198 942 3245 ejus
954 3226 964 3243 ,
997 3199 1067 3237 Le-

16 3247 92 3289 stae
109 3253 172 3300 qui
203 3259 322 3291 astant
353 3266 479 3294 coram
503 3257 685 3302 Domino,
723 3265 863 3306 partem
895 3261 1067 3308 partitam

40 3326 45 3342 ι
64 3316 128 3357 mt,
148 3320 281 3360 praeter
297 3317 541 3356 venditionem
561 3330 642 3366 quae
661 3326 717 3358 est
744 3322 940 3359 secundum
965 3324 1068 3360 fami-

37 3381 110 3410 am.
126 3373 240 3419 Quam
273 3375 370 3414 dicat
386 3379 634 3417 venditionem
651 3382 847 3418 obscurum
884 3388 940 3419 est
955 3410 966 3427 ,
994 3384 1065 3420 nisi

27 3438 131 3479 ine,
167 3436 252 3483 quia
284 3438 543 3478 decimationes
568 3447 605 3479 et
633 3443 872 3489 primogenita
891 3444 1064 3489 praeeepit

42 3496 117 3534 τὼ
132 3497 178 3535 ab
196 3497 256 3541 eis
270 3499 332 3547 qui
353 3500 390 3537 in
409 3501 604 3549 longinquo
621 3503 852 3547 habitarent,
880 3511 926 3538 ne
951 3502 1064 3539 multa

40 3569 100 3598 ιμ’
127 3573 129 3577 ·
149 3562 224 3596 tur
247 3565 396 3607 portare
422 3563 468 3598 ad
493 3561 612 3600 locum
630 3562 868 3600 invocationis
898 3562 1061 3606 Domini,

17 3631 19 3633 ¹
41 3630 57 3647 a
82 3619 364 3664 peoora-ducere
381 3647 392 3666 ,
418 3626 460 3658 ut
487 3621 563 3658 illic
579 3623 626 3660 ab
642 3624 696 3660 eis
714 3624 832 3660 denuo
860 3627 1066 3660 emerentur

45 3716 54 3725 ,,
71 3676 198 3714 eodem
213 3681 354 3727 pretim
378 3687 417 3720 et
429 3682 591 3729 jusserat
609 3685 658 3722 ibi
677 3691 819 3732 partem
849 3686 982 3723 habere
999 3685 1066 3723 Le-

19 3732 50 3751 ”’
97 3752 137 3783 ιι,
158 3737 222 3787 qui
244 3747 409 3793 maneret
436 3743 476 3780 in
504 3754 548 3781 ea
566 3745 728 3793 civitate,
745 3747 842 3786 uude
872 3747 942 3786 illae
969 3747 1066 3786 deci-

248 3802 432 3846 ΡΔτιιοι..
463 3803 607 3850 cvm.

1153 2094 1165 2115 ‹
1196 2083 1369 2121 Dominus
1390 2087 1484 2123 Deus
1520 2093 1615 2124 tuus.
1649 2089 1768 2135 Ipsum
1803 2093 1941 2137 audies,
1978 2101 2018 2131 ut
2045 2097 2165 2141 petisti
2187 2109 2207 2134 a

1151 2154 1165 2177 ι
1195 2144 1349 2181 Domino
1369 2147 1444 2184 Deo
1466 2154 1527 2184 tuo
1553 2149 1589 2185 in
1608 2149 1717 2194 Oreb‚
1740 2154 1885 2198 quando
1905 2157 2030 2192 concio
2059 2168 2208 2204 congre-

1152 2216 1164 2239 ι
1195 2213 1276 2252 gata
1295 2214 1350 2243 cst
1380 2215 1488 2255 atque
1506 2210 1631 2248 dixisti
1653 2225 1660 2248 :
1683 2213 1786 2250 Ultra
1813 2226 1884 2252 non
1903 2218 2045 2254 audiam
2079 2230 2205 2257 vocem

1151 2276 1164 2299 ι
1194 2266 1338 2302 Domini
1356 2268 1420 2304 Dei
1436 2271 1523 2313 mei,
1539 2278 1576 2308 et
1592 2272 1714 2318 ignem
1732 2275 1828 2311 hunc
1839 2277 2036 2314 maximum
2051 2281 2204 2326 amplius

1149 2337 1162 2359 ι
1193 2336 1265 2362 non
1290 2328 1432 2373 videbo,
1466 2341 1512 2366 ne
1543 2333 1692 2368 moriar.
1722 2335 1766 2370 Et
1792 2336 1843 2371 ait
1876 2338 1962 2373 mihi
1989 2338 2164 2377 Dominus
2191 2355 2199 2377 :

1149 2400 1162 2422 ιι
1191 2388 1288 2424 Bene
1308 2391 1429 2426 omnia
1449 2397 1534 2428 sunt
1552 2395 1679 2429 focuti.
1700 2395 1919 2442 Prophetam
1950 2402 2132 2438 suscitabo
2149 2404 2202 2440 cis

1149 2461 1161 2483 ι
1192 2449 1235 2484 ‹le
1254 2450 1370 2485 medio
1390 2451 1543 2487 fratrum
1573 2463 1721 2490 suorum
1741 2457 1894 2493 similem
1916 2461 1980 2503 tui,
2015 2467 2050 2497 et
2066 2473 2198 2508 ponam

1148 2521 1161 2544 ‹
1191 2511 1300 2546 verba
1319 2520 1399 2547 inea
1426 2512 1463 2547 in
1480 2523 1543 2549 ore
1577 2515 1667 2560 ejus.
1694 2516 1948 2565 Loqueturque
1965 2521 2009 2556 ad
2035 2531 2097 2558 eos
2121 2533 2198 2559 om-

1146 2583 1160 2606 (
1190 2572 1250 2607 nia
1270 2582 1349 2617 quae
1364 2583 1568 2620 praecepero
1586 2576 1648 2612 1111.
1670 2578 1737 2621 Qui
1759 2584 1878 2615 autem
1893 2582 2003 2618 verba
2022 2582 2099 2629 ejus
2117 2595 2197 2631 quse

1145 2643 1159 2666 ‹
1188 2632 1356 2679 loquetur
1373 2635 1408 2670 in
1430 2637 1573 2672 nomine
1591 2648 1671 2674 ineo
1684 2641 1807 2677 audire
1822 2642 1991 2687 noluerit,
2012 2655 2079 2691 ego
2099 2647 2196 2684 ultor

1145 2707 1158 2729 ι
1189 2695 1355 2739 existam,
1377 2702 1446 2732 ete.
1472 2711 1483 2732 »
1505 2698 1605 2735 Licet
1622 2701 1768 2746 quidam
1788 2705 1986 2741 secundum
2005 2706 2195 2749 historiam

1140 2756 1178 2793 in
1198 2758 1266 2794 hac
1296 2759 1475 2796 sententia
1504 2761 1668 2807 accipere
1704 2763 1817 2799 velint
1841 2766 2037 2811 propbetas
2064 2778 2190 2806 omnes

1140 2824 1283 2855 sanctos
1303 2820 1366 2865 qui
1395 2821 1525 2866 spiritu
1555 2822 1619 2858 Dei
1654 2822 1780 2869 repleti
1807 2826 2114 2872 prophetaverunt
2153 2830 2191 2867 in

1139 2880 1223 2917 filiis
1245 2880 1368 2924 lsrael,
1411 2892 1501 2928 quos
1521 2883 1571 2919 ita
1592 2883 1733 2931 Moyses
1755 2891 1795 2921 ut
1821 2896 1859 2923 se
1877 2888 2073 2925 audiendos
2105 2890 2194 2927 dixit

1138 2953 1232 2988 esse,
1252 2943 1336 2990 quia
1354 2943 1479 2980 codem
1498 2945 1642 2991 spiritu,
1672 2956 1743 2992 quo
1759 2947 1834 2993 ipse
1853 2948 1980 2994 plenus
2001 2950 2116 2997 legem
2132 2952 2193 2988 dc-

1139 3005 1302 3052 scripsit,
1343 3006 1413 3042 hoc
1431 3007 1540 3042 etiam
1560 3007 1611 3043 illi
1631 3008 1839 3054 prophetias
1854 3019 1938 3046 suas
1953 3021 2016 3047 ore
2035 3012 2194 3050 veridico

1136 3066 1377 3113 protulerunt,
1408 3072 1528 3103 tamen
1550 3068 1686 3104 nullum
1703 3069 1831 3105 melius
1857 3081 1965 3116 quam
1980 3073 2097 3117 ipsum
2114 3072 2186 3107 Do-

1137 3129 1274 3165 minum
1293 3129 1566 3176 prophetarum,
1587 3130 1655 3166 hoc
1674 3136 1741 3174 est,
1775 3130 1896 3167 Jesum
1916 3131 2098 3167 Christum
2123 3132 2184 3168 bic

1139 3191 1349 3227 denotatum
1368 3190 1568 3238 intelligere
1583 3201 1786 3237 possumus,
1823 3200 1929 3235 quem
1960 3191 2070 3226 etiam
2100 3191 2183 3228 libri

1143 3253 1282 3289 Veteris
1300 3252 1520 3297 Testamenti
1538 3261 1662 3287 verum
1681 3251 1893 3296 prophetam
1909 3256 1946 3286 et
1955 3252 2181 3298 evangelium

1137 3314 1323 3360 prophetae
1334 3314 1479 3350 nomine
1499 3315 1694 3356 nuncupat.
1713 3309 1814 3346 Unde
1831 3309 1943 3346 turbae
1960 3310 2004 3346 ab
2021 3311 2099 3357 ipso
2118 3323 2180 3349 sa-

1137 3374 1254 3418 tiatae,
1283 3374 1444 3411 videntes
1460 3373 1600 3417 signum
1621 3369 1716 3415 quod
1730 3369 1886 3414 fecerat,
1912 3370 2007 3407 intra
2028 3382 2066 3408 se
2086 3374 2182 3410 dice-

1135 3436 1223 3472 bant
1246 3444 1256 3470 :
1283 3451 1295 3469 ι
1318 3434 1408 3478 Quia
1434 3433 1494 3468 hic
1515 3436 1570 3467 est
1595 3439 1679 3467 vere
1697 3431 1884 3477 propheta,
1911 3433 1973 3478 qui
2006 3440 2182 3472 venturus

1135 3500 1190 3531 est
1210 3494 1247 3529 in
1267 3492 1438 3529 mundum
1459 3490 1580 3538 (Joan.
1600 3489 1663 3538 vt).
1690 3503 1703 3525 ι
1722 3490 1767 3527 Et
1795 3491 1879 3528 alibi
1903 3493 2047 3539 quando
2064 3495 2180 3532 susci-

1136 3556 1225 3592 tavit
1254 3554 1366 3590 tilium
1384 3553 1500 3589 viduae
1529 3552 1623 3589 idem
1649 3552 1826 3590 mediator
1842 3553 1908 3590 Dei
1926 3559 1964 3591 et
1978 3555 2179 3599 hominum,

1140 3631 1151 3654 ι
1181 3617 1328 3663 Accepit
1363 3620 1483 3652 autem
1520 3624 1645 3651 omnes
1674 3614 1796 3659 timor,
1832 3621 1869 3652 et
1901 3615 2180 3663 magnificabant

1136 3680 1247 3717 Deum
1267 3678 1426 3714 dicentes
1446 3687 1454 3711 ε
1476 3675 1566 3719 Quia
1585 3675 1759 3721 propheta
1782 3684 1935 3722 magnus
1967 3676 2124 3712 surrexit
2142 3675 2179 3712 in

1136 3742 1253 3785 nobis,
1293 3745 1329 3777 et
1349 3738 1432 3787 quia
1463 3738 1558 3774 Deus
1576 3736 1735 3775 visitavit
1761 3736 1902 3784 plebem
1936 3747 2037 3774 suam
2073 3736 2178 3786 (Luc,
