2540 4016
31 226 35 230 ’
60 240 124 278 56¹

647 231 978 272 EXPOSlTlONES
1002 231 1048 268 IN
1071 228 1337 269 LEVITICUM.
1363 251 1411 258 —
1436 230 1521 267 ΠΒ.
1549 229 1624 267 vn.

2153 234 2223 274 562

59 314 186 351 bestias
205 313 296 359 «tyri,
323 322 399 359 quoe
416 316 616 347 consument
635 321 708 353 vos,
733 315 766 345 et
790 318 915 355 pecora
937 312 1051 343 vestra
1075 312 1107 341 et
1126 307 1161 347 A
1177 308 1316 362 cunctis
1341 307 1385 343 de
1403 306 1552 343 Christo
1569 304 1768 352 prophetiis
1791 305 1843 342 sic
1866 313 1989 353 aperte
2009 320 2220 359 repugnare,

59 373 105 409 ad
132 373 342 419 paucitatem
368 377 491 407 cuncta
516 369 689 416 redigant,
713 368 922 413 desertaeque
939 366 1026 411 fiant
1045 365 1108 401 viae

35 478 38 480 v
59 438 196 469 vestroe.
228 431 318 476 Quia
337 431 433 467 enim
453 430 664 476 semetipsos
682 439 704 464 a
720 428 784 464 Dei
801 427 859 463 via
878 426 1108 473 repulerunt,

59 499 159 530 recte
182 503 290 540 super
305 503 368 529 eos
389 492 525 530 bestias
545 491 622 538 agri
645 491 825 528 daemones
850 489 1110 533 immittuntur,

60 554 238 591 dominari
256 554 309 590 eis
324 553 504 600 permissi,
523 553 585 599 qui
601 562 663 589 eos
681 556 717 588 et
733 557 961 588 consumunt.

107 613 289 658 Quidquid
309 613 405 649 enim
422 613 589 649 videntur
603 612 754 658 justitiae
773 621 900 657 agere,
926 610 1022 646 Deus
1042 608 1112 646 sibi

59 684 131 710 non
170 673 323 719 imputat
342 699 352 715 ,
395 674 491 718 quod
530 673 754 710 demonstrat
790 672 920 708 Paulus
957 670 1080 707 dicens
1101 681 1110 704 z

60 734 240 771 Iustitiam
266 745 366 769 suam
392 739 582 780 quoerentes
616 735 847 777 constituere,
873 732 1022 778 justitice
1048 730 1114 765 Dei

60 807 130 832 non
148 801 228 832 sunt
246 795 391 842 subjecti
409 794 527 842 (Rom.
546 795 598 843 x).
630 796 675 832 Et
692 805 818 831 rursus
836 807 843 829 :
864 791 979 828 Israel
999 796 1112 826 autem

60 858 223 894 sectando
243 857 352 903 leqem
365 857 528 903 justitioe,
557 858 594 892 in
611 856 720 903 leqem
739 854 890 901 justitiae
909 863 979 888 non
997 862 1114 897 perve-

60 917 110 952 nit
129 916 246 963 (Rom.
268 916 334 963 ix),
372 916 526 954 Necesse
554 921 610 953 est
637 925 723 961 ergo
750 920 790 949 ut
816 923 898 949 eum
924 911 1114 948 comedant

61 980 243 1016 daemones
260 1007 285 1022 „
302 980 363 1025 qui
383 989 508 1015 eorum
529 987 675 1023 pecora,
696 976 731 1011 id
750 981 820 1018 est,
848 973 1041 1020 pecoribus
1066 973 1115 1009 si-

60 1027 165 1078 miles
185 1041 362 1081 homines,
378 1048 528 1083 pravum
545 1037 713 1073 videlicet
728 1035 899 1083 populum
921 1040 1029 1081 atque
1048 1035 1114 1070 im-

60 1101 215 1146 peritum
246 1102 461 1134 consumunt
478 1123 487 1139 ‚
520 1096 696 1142 siquidem
732 1094 851 1131 nullus
884 1100 939 1131 est
971 1095 1008 1130 in
1043 1094 1113 1130 illis

60 1159 276 1201 intellectus,
301 1157 392 1193 nihil
418 1156 483 1193 Dei
508 1156 655 1193 servitio
676 1157 821 1203 dignum
845 1156 1005 1202 cogitare
1026 1165 1112 1191 con-

60 1224 272 1262 sueverunt,
300 1219 361 1255 sed
379 1218 472 1254 sieut
487 1218 649 1264 jumenta
669 1217 704 1252 in
726 1215 872 1252 modum
892 1216 1000 1259 freni,
1022 1216 1112 1252 stul-
1133 1202 1164 1241 Β

60 1279 108 1315 tis
141 1278 414 1325 praepositorum
450 1287 596 1313 suorum
632 1276 884 1312 traditionibus
919 1276 1111 1312 ducuntur.

62 1339 213 1386 Propter
232 1340 327 1385 quod
348 1343 430 1374 sunt
447 1339 649 1374 daemonum
669 1338 740 1374 cibi
769 1343 805 1374 et
833 1337 878 1373 ad
896 1337 1114 1383 paucitatem

62 1401 288 1447 rediguntur,
308 1405 381 1435 tam
403 1399 632 1435 multitudine
650 1409 758 1445 quam
775 1399 968 1444 dignitate;
994 1400 1113 1434 deser-

64 1467 178 1507 taeque
194 1471 318 1498 eorum
339 1461 429 1496 fiunt
446 1461 527 1502 viae,
545 1461 677 1505 quippe
701 1471 780 1506 quse
805 1471 871 1495 nec
894 1470 1023 1505 aquam
1049 1460 1116 1495 ha-

0 1513 1 1560 i
62 1521 149 1558 bent
169 1522 271 1563 vitae,
292 1531 358 1556 nec
378 1521 642 1566 susceptionem
665 1520 739 1555 sive
759 1519 1043 1565 hospitalitatem
1061 1520 1117 1555 in-

64 1580 300 1625 telligibilem,
317 1590 382 1615 nec
397 1580 636 1625 producentes
651 1590 702 1622 se,
718 1580 774 1614 vel
790 1580 892 1624 quasi
909 1579 952 1614 ad
970 1589 1117 1614 manum

65 1640 283 1676 deducentes
301 1645 362 1675 aut
379 1640 635 1675 custodientes.
658 1638 758 1681 Quod
777 1640 807 1674 si
826 1650 886 1674 nec
902 1639 951 1674 sic
967 1638 1118 1675 volueri-

64 1701 108 1736 tis
128 1701 275 1747 recipere
293 1700 511 1747 disciplinam
525 1728 533 1743 ,
560 1701 619 1736 sed
638 1700 894 1736 ambulaveritis
913 1712 955 1736 ex
974 1700 1117 1736 adverso

65 1761 170 1804 milti,
200 1772 261 1807 eqo
286 1771 418 1808 quoque
437 1767 557 1795 contra
577 1772 634 1795 vos
653 1760 818 1796 adversus
835 1761 1006 1796 incedam.
1041 1760 1116 1795 Ad-

66 1833 171 1858 versa
204 1832 309 1867 poena
332 1827 427 1864 utar,
461 1822 762 1866 quemadmodum
791 1823 942 1858 adversa
975 1827 1030 1858 est
1050 1822 1119 1867 legi

66 1888 186 1919 vestra
202 1881 462 1928 praevaricatio.
490 1880 579 1917 Cum
600 1881 695 1917 enim
715 1881 881 1917 meditari
900 1891 980 1917 eam
998 1882 1120 1917 videa-

65 1943 174 1987 mini,
211 1943 447 1979 intcntionem
481 1942 558 1989 ejus
588 1953 660 1978 non
692 1942 857 1978 servatis.
896 1942 956 1979 Sic
987 1948 1022 1978 et
1053 1952 1119 1988 ego

67 2005 254 2040 adversam
284 2004 385 2040 vobis
418 2003 698 2049 superinducam
731 2012 877 2049 poenam
898 2030 907 2047 ,
947 2013 1018 2038 non
1057 2013 1119 2038 vos

66 2065 264 2110 corripiens
297 2064 368 2100 illis
398 2064 529 2110 quibus
557 2063 782 2110 flagellabam
814 2064 914 2110 prius
932 2091 940 2107 ‚
975 2064 1120 2109 quando

67 2123 274 2160 mortiferos
293 2130 490 2170 serpentes,
515 2130 551 2160 et
570 2125 794 2169 incendium,
816 2131 851 2161 et
871 2131 977 2161 terrae
999 2125 1119 2162 hiatus

68 2190 104 2220 et
124 2185 255 2220 similia
272 2195 379 2230 super
393 2195 458 2221 vos
476 2185 704 2230 inducebam,
726 2186 788 2222 sed
809 2186 910 2223 alias.
933 2186 1019 2231 Quae
1038 2194 1120 2223 sunt

69 2252 187 2282 autem
207 2247 284 2283 hae?
307 2248 491 2293 sequentia
506 2248 664 2295 legentes
680 2250 849 2285 sciemus.
873 2249 915 2284 Et
930 2251 1121 2296 percutiam

69 2318 128 2342 vos
152 2308 273 2353 septies
299 2316 438 2354 propter
454 2314 594 2355 peccata
612 2317 737 2345 vestra.
772 2309 876 2346 Prius
903 2311 1095 2357 corripiam
1110 2339 1119 2355 ‚

71 2366 198 2403 deinde
224 2368 448 2413 percutiam;
485 2370 684 2415 procedens
710 2371 806 2406 enim
835 2381 941 2417 poena
972 2378 1012 2408 ut
1039 2379 1122 2418 pote

70 2432 197 2463 contra
234 2427 481 2466 inobedientes
515 2429 643 2466 sortior
674 2431 838 2468 eflicitur.
882 2433 1122 2481 Inducamque

70 2498 174 2533 super
191 2498 250 2523 vos
272 2487 441 2535 madium,
462 2489 608 2526 ultorem
627 2491 765 2536 foederis
783 2494 862 2528 mei.
885 2493 1033 2530 Gladius
1051 2495 1123 2539 spi-

69 2547 173 2590 ritus,
192 2549 277 2593 quia
295 2550 443 2585 verbum
462 2550 526 2586 Dei
548 2552 608 2594 sit,
628 2551 838 2596 frequenter
854 2553 1022 2589 diximus.
1047 2554 1122 2590 Hoc

69 2609 220 2643 verbum
252 2608 289 2643 in
320 2608 453 2654 linguis
482 2610 654 2646 Ecclesiae
683 2611 938 2657 magistrorum
964 2613 1123 2649 vindicat

68 2669 243 2715 judicium
272 2668 419 2705 foederis
439 2669 514 2705 sive
534 2670 755 2706 Testamenti
782 2672 978 2718 evangelici
998 2685 1006 2709 :
1032 2683 1121 2710 con·

69 2729 183 2766 vincit
211 2729 308 2765 enim
338 2739 401 2765 eos
430 2729 490 2775 qui
523 2729 662 2766 Novum
695 2733 1019 2777 transgrediuntur,
1056 2744 1123 2770 nec

72 2791 182 2827 Vetus
212 2790 394 2826 custodire
423 2800 541 2836 posse.
580 2791 625 2826 Et
655 2791 857 2828 vindicatur
889 2793 1123 2840 Evangelium

71 2859 154 2886 cum
179 2850 316 2886 inimici
341 2850 431 2895 legis
450 2851 703 2895 ostenduntur,
728 2852 811 2898 quia
832 2853 1017 2900 Evangelii
1042 2866 1123 2901 gra-

71 2909 159 2944 tiam
181 2910 504 2956 transgrediuntur.
529 2910 600 2947 Sed
619 2917 655 2947 et
673 2911 888 2959 legislatoris
908 2915 1123 2960 sapientiam

71 2967 296 3015 obstupesce,
318 2970 498 3015 quomodo
513 2977 714 3017 opportune
731 2973 851 3010 subdit
867 2985 874 3009 :
898 2973 1051 3023 Cumque
1068 2977 1124 3023 su-

72 3029 190 3074 yeritis
208 3030 253 3065 ad
272 3030 386 3074 urbes,
414 3032 548 3067 mittam
567 3032 797 3077 pestilentiam
816 3034 853 3069 in
871 3035 985 3071 medio
1005 3038 1120 3073 vestri.

72 3088 317 3137 Intelligibiles
345 3090 509 3128 civitates
536 3092 723 3139 prophetae
751 3100 859 3139 sunt;
894 3095 1124 3133 manifestum

73 3155 130 3186 est
157 3154 291 3186 autem.
327 3150 372 3187 Et
395 3151 525 3197 quibus
545 3152 639 3189 Deus
657 3153 823 3191 Jeremiue
850 3156 1020 3195 dicebat:
1048 3157 1124 3206 Ego

73 3209 196 3257 quippe
212 3210 292 3245 dedi
309 3216 342 3246 te
358 3210 472 3255 bodie,
491 3212 528 3247 in
546 3213 719 3250 civitatem
737 3216 910 3252 munitam
920 3216 958 3264 (J
961 3228 1064 3253 erem.
1080 3218 1121 3265 ι).

75 3271 383 3316 Quemadmodum
400 3283 486 3319 ergo
504 3274 540 3310 in
558 3274 724 3312 civitates
748 3283 907 3314 muratas
925 3279 987 3324 qui
1011 3277 1101 3325 sugit
1114 3306 1123 3322 ‚

76 3331 108 3368 si
125 3332 262 3368 amicus
279 3338 355 3376 est,
381 3333 562 3377 salvatur;
587 3335 618 3370 si
636 3341 755 3373 autem
781 3337 962 3382 inimicus,
983 3338 1125 3376 facilius

77 3392 267 3437 perimitur
295 3393 332 3429 in
362 3404 487 3431 earum
518 3396 655 3432 ambitu
690 3398 962 3436 circumdatus:
994 3401 1047 3437 sic
1078 3401 1124 3437 ad

77 3452 306 3497 propheticos
320 3453 433 3491 libros
448 3461 486 3492 et
500 3455 538 3492 in
555 3466 681 3493 eorum
697 3459 901 3495 testimonia
920 3460 1026 3497 amici
1042 3461 1126 3497 fidei

78 3509 350 3565 confugientes,
385 3514 621 3552 munitionem
653 3517 876 3564 salutemque
909 3519 1122 3555 inveniunt:

81 3567 216 3608 inimici
233 3578 354 3610 autem
373 3579 410 3611 et
427 3574 591 3612 infideles
608 3577 680 3613 cito
697 3578 830 3624 captivi
851 3583 1015 3625 pereunt.
1038 3578 1126 3615 Pro-

81 3634 161 3677 pter
173 3634 268 3679 quod
281 3637 425 3682 quando
441 3638 487 3674 ad
504 3640 699 3685 prophetas
712 3639 825 3676 Judaei
841 3640 997 3687 rugiunt,
1017 3640 1125 3678 decli-

82 3694 213 3726 nantes
223 3695 380 3788 Ὑί
392 3701 448 3732 est
461 3697 496 3732 iu
512 3698 628 3734 doctis
642 3699 728 3735 viris
742 3701 939 3746 spiritalem
953 3701 1124 3748 gladium,

82 3748 286 3796 pestilentia
343 3753 395 3791 ait
412 3764 453 3792 se
476 3757 621 3794 mittere
649 3758 687 3794 in
716 3760 835 3795 medio
865 3769 1017 3803 eorum;
1052 3761 1126 3796 illic

83 3809 181 3848 enim
204 3810 409 3852 moriuntur
426 3813 536 3851 etiam
553 3815 652 3854 nullo
671 3822 853 3864 arguente,
874 3828 946 3856 non
966 3819 1126 3859 valentes

1177 369 1223 404 Et
1253 369 1439 404 trademini
1470 367 1623 403 hostium
1654 366 1834 407 manibus,
1859 367 2027 403 videlicet
2053 369 2224 419 intelligi-

1176 429 1313 467 bilium.
1344 428 1537 476 Postquam
1562 427 1763 474 consreqero
1788 425 1951 462 baculum
1977 428 2079 473 panis
2106 432 2226 467 vestri.

1177 489 1344 526 Rarescit
1366 489 1465 525 enim
1493 488 1586 534 apud
1613 497 1675 524 eos
1702 486 1896 524 doctoralis
1923 487 2040 533 panis,
2070 488 2229 526 maxime

1177 549 1359 586 salutaris.
1392 548 1578 593 Quomodo
1601 547 1750 584 autem?
1779 546 1874 583 Audi
1898 557 1978 594 quae
2001 552 2228 593 sequuntur:

1178 608 1238 645 Ita
1256 614 1294 644 ut
1310 607 1427 644 decem
1444 607 1605 643 mulieres
1629 608 1666 643 in
1686 618 1756 643 uno
1776 606 1913 643 clibano
1932 613 2083 654 coquant
2108 619 2229 654 panes,

1180 675 1212 707 et
1230 669 1376 706 reddant
1394 680 1451 705 eos
1467 668 1513 705 ad
1531 668 1682 715 pondus,
1699 673 1731 704 et
1750 668 1934 704 comedetis
1953 673 1986 703 et
2005 678 2075 704 non
2093 674 2233 704 satura-

1181 729 1331 765 bimini?
1362 728 1458 765 Nihil
1486 729 1623 765 habent
1645 726 1759 764 Judaei
1786 727 1883 774 quod
1910 727 2112 764 doctrinam
2135 727 2233 765 vires

1180 790 1314 826 habere
1333 789 1515 825 nutriendi
1541 789 1650 825 faciat
1662 816 1671 832 ‚
1705 788 1867 834 exceptis
1884 788 2009 825 decem
2026 788 2232 834 praeceptis,

1182 850 1266 896 quia
1282 860 1406 886 veram
1423 851 1679 896 prophetarum
1696 850 1972 896 expositionem,
1989 854 2030 885 ut
2047 855 2132 896 pote
2149 860 2235 886 con-

1183 910 1392 946 cordantem
1413 908 1611 946 Salvatoris
1628 910 1743 946 nostri
1763 910 2041 956 dispensationi,
2064 910 2233 958 fugiunt,

1184 969 1320 1014 reliqua
1348 975 1468 1006 autem
1493 970 1583 1016 legis
1608 958 1734 1006 nolunt
1759 971 2033 1018 intelligibiliter
2053 974 2234 1020 accipere,

1183 1039 1250 1064 nee
1279 1029 1490 1074 spiritaliter
1515 1030 1722 1075 suscipere,
1758 1031 1820 1066 sed
1851 1033 2048 1068 secundum
2078 1033 2237 1070 litteram

1183 1089 1319 1132 solam,
1347 1090 1442 1135 quod
1468 1096 1565 1125 stare
1590 1100 1663 1126 non
1687 1096 1819 1135 potest.
1853 1091 2016 1128 Primum
2034 1093 2119 1129 auia
2136 1093 2238 1130 locus

1184 1150 1388 1187 destructus
1408 1156 1463 1186 est
1483 1151 1520 1186 in
1541 1162 1612 1197 quo
1629 1157 1734 1187 erant
1751 1152 1942 1196 sacrificia,
1968 1158 2006 1189 et
2029 1154 2238 1190 mundatio-

1183 1221 1261 1253 nes,
1281 1215 1318 1245 et
1334 1211 1549 1255 oblationes,
1577 1217 1614 1247 et
1639 1212 1777 1262 reliqua
1797 1223 1875 1258 quae
1893 1214 2075 1260 pertinent
2095 1214 2140 1251 ad
2163 1225 2239 1252 ser-

1183 1271 1334 1307 vitutem
1354 1271 1496 1307 litterae.
1528 1272 1664 1310 Deinde
1682 1274 1795 1309 multa
1812 1274 1848 1309 in
1868 1275 1921 1310 eis
1941 1280 2043 1311 erant
2066 1286 2138 1312 non
2166 1282 2239 1313 tam

1183 1331 1301 1367 studio
1321 1342 1429 1377 quam
1448 1332 1523 1368 risu
1543 1333 1649 1379 digna
1671 1335 1717 1370 ad
1735 1335 2011 1371 custodiendum
2029 1343 2136 1381 atque
2155 1347 2241 1383 ope-

1184 1393 1349 1427 randum.
1388 1392 1462 1429 Nec
1493 1394 1716 1430 contrarium
1748 1400 1804 1431 est
1833 1396 1973 1431 sabbati
2007 1397 2237 1441 mandatum,

1184 1455 1267 1502 quia
1294 1455 1361 1491 etsi
1386 1456 1510 1491 decem
1535 1457 1715 1493 mandatis
1732 1458 1905 1494 insertum
1925 1465 1999 1502 est,
2027 1469 2099 1496 non
2119 1465 2240 1496 tamen

1185 1526 1229 1552 ex
1256 1516 1307 1551 eis
1333 1523 1402 1552 est.
1442 1516 1479 1552 Si
1507 1527 1594 1564 ergo
1619 1519 1830 1554 mandatum
1857 1519 2014 1566 speciale
2034 1530 2238 1565 ponamus:

1184 1576 1261 1622 Eyo
1287 1588 1365 1612 sum
1382 1577 1554 1613 Dominus
1575 1579 1669 1614 Deus
1694 1586 1788 1622 tuus,
1807 1581 1865 1626 qui
1895 1581 1999 1615 eduxi
2019 1586 2051 1616 te
2079 1581 2121 1616 de
2147 1587 2242 1616 terra

1186 1635 1344 1682 AEqypti,
1370 1637 1412 1672 de
1431 1638 1533 1673 domo
1560 1640 1748 1682 servitutis,
1771 1639 1969 1684 perlectum
1990 1641 2242 1676 mandatorum

1187 1699 1310 1734 decem
1345 1710 1536 1735 numerum
1576 1696 1814 1737 inveniemus.
1859 1702 1996 1738 Dehinc
2026 1708 2149 1748 aperte
2182 1712 2241 1737 re-

1187 1761 1309 1805 quiem
1328 1761 1594 1808 intelligibilem
1616 1763 1813 1809 significat,
1845 1764 1880 1799 in
1901 1775 1971 1810 qua
1992 1765 2131 1800 nullum
2152 1775 2242 1811 opus

1186 1820 1390 1865 hujusmodi
1420 1822 1504 1858 licet
1533 1833 1598 1859 nos
1626 1834 1745 1870 agere.
1783 1824 1866 1860 {hnc
1898 1835 1983 1871 ergo
2017 1825 2091 1861 sola
2113 1835 2242 1872 panem
2295 1862 2297 1864 ,

1188 1887 1386 1927 operantur
1404 1883 1535 1928 populo
1559 1883 1763 1920 Judaeorum
1791 1886 1826 1920 in
1850 1886 1991 1921 clibano
2012 1897 2104 1929 uno,
2138 1886 2243 1932 legali

1187 1941 1374 1986 videlicet;
1398 1948 1434 1979 et
1454 1944 1607 1979 reddunt
1625 1954 1687 1980 cos
1705 1946 1750 1980 ad
1771 1947 1910 1991 pondus
1935 1947 2163 1993 supradictos
2180 1957 2243 1993 pa-

1191 2011 1270 2044 nes,
1288 2002 1324 2038 id
1340 2008 1410 2046 est,
1428 2003 1472 2039 ad
1489 2004 1693 2040 sensibilem
1711 2006 1986 2042 districtionem.
2009 2007 2132 2053 Neque
2146 2008 2242 2043 enim

1190 2063 1341 2099 dilatant
1367 2064 1570 2100 doctrinam
1596 2066 1687 2102 sicut
1707 2067 1964 2112 Evangehum,
1996 2078 2113 2112 neque
2142 2067 2243 2104 adul-

1190 2124 1273 2160 terii
1293 2125 1494 2161 doctrinam
1514 2126 1708 2162 ostendunt
1728 2127 1772 2162 ad
1793 2128 2011 2171 custodiam,
2034 2138 2079 2164 nc
2098 2129 2244 2174 quidem

1190 2186 1405 2231 respiciendi
1425 2186 1629 2231 mulierem,
1648 2197 1714 2224 nee
1734 2189 1941 2233 homicidii,
1970 2196 2005 2225 ct
2031 2200 2075 2226 ne
2098 2190 2245 2236 quidem

1191 2247 1418 2284 irascendum
1436 2258 1444 2284 :
1464 2249 1559 2285 unde
1576 2259 1642 2286 nec
1659 2250 1835 2286 satiantur
1852 2250 2057 2286 Judaeorum
2076 2253 2244 2297 panibus,

1190 2308 1252 2354 qui
1270 2318 1315 2344 ex
1332 2309 1386 2345 eis
1403 2315 1486 2345 sunt
1502 2311 1642 2352 nutriti,
1660 2316 1798 2347 arctam
1816 2312 2008 2357 quamdam
2026 2312 2243 2355 doctrinam,

1190 2370 1350 2414 nihilque
1368 2371 1561 2407 habentem
1582 2371 1773 2417 ubertatis,
1800 2373 2044 2419 spiritalisque
2066 2374 2245 2419 largitatis

1191 2435 1388 2466 sumentes.

1238 2492 1356 2539 (lem.)
1382 2491 1448 2528 Sin
1473 2499 1589 2529 autem
1616 2505 1677 2530 nec
1702 2506 1762 2541 per
1782 2495 1855 2530 ltoec
1879 2495 2061 2531 audieritis
2083 2506 2155 2538 me,
2184 2495 2246 2531 sed

1191 2553 1451 2590 ambulaveritis
1482 2561 1603 2590 contra
1633 2566 1709 2599 me,
1737 2562 1767 2591 et
1794 2567 1854 2602 eqo
1881 2556 2038 2592 incedam
2062 2556 2246 2592 adversum
2290 2558 2295 2563 ⁴

1191 2625 1264 2657 vos,
1282 2614 1318 2648 in
1336 2613 1455 2659 surore
1473 2625 1548 2649 meo
1568 2616 1761 2659 contrario,
1781 2622 1812 2651 et
1832 2617 2019 2662 corripiam
2039 2629 2096 2652 vos
2117 2624 2244 2663 septem

1190 2674 1301 2721 playis
1323 2681 1463 2721 propter
1477 2682 1619 2722 peccata
1640 2683 1765 2720 vestra,
1790 2678 1839 2713 ita
1860 2684 1897 2713 ut
1916 2678 2105 2714 comedatis
2124 2690 2245 2714 carnes

1190 2734 1345 2780 filiorum
1381 2742 1571 2772 vestrorum
1596 2743 1628 2772 et
1653 2737 1808 2783 filiarum
1826 2745 2030 2776 vestrarum.
2058 2739 2245 2776 Destruam

1191 2794 1326 2830 excelsa
1343 2802 1470 2839 vestra,
1488 2803 1519 2831 et
1535 2797 1724 2834 simulacra
1740 2798 1973 2846 confrinqam.
1999 2799 2139 2837 Cadetis
2155 2802 2247 2837 inter

1191 2857 1312 2892 ruinas
1337 2857 1510 2893 idolorum
1525 2864 1715 2895 vestrorum
1734 2866 1765 2895 et
1780 2860 2038 2897 abominabitur
2052 2873 2109 2897 vos
2125 2863 2244 2897 anima

1191 2928 1268 2952 mea
1288 2917 1476 2961 intantum,
1504 2925 1541 2954 ut
1566 2920 1668 2956 urbes
1691 2926 1823 2956 vestras
1845 2922 2000 2969 rediqam
2024 2923 2061 2959 in
2081 2922 2246 2959 solitudi-

1193 2987 1285 3020 nem,
1308 2983 1341 3013 et
1365 2977 1501 3014 deserta
1521 2978 1654 3024 faciam
1676 2982 1881 3017 sanctuaria
1905 2988 2031 3018 vestra.
2058 2982 2134 3019 Nec
2159 2984 2247 3019 reci-

1193 3037 1287 3083 piam
1304 3037 1444 3074 odorem
1458 3038 1552 3075 ultra
1568 3041 1825 3086 suavissimum,
1838 3042 2103 3090 disperdamque
2116 3049 2244 3079 terram

1194 3103 1357 3141 vestram,
1384 3104 1416 3135 et
1440 3100 1624 3146 stupebunt
1648 3112 1844 3148 supeream
1862 3103 1995 3138 inimici
2013 3104 2138 3146 vestri,
2164 3113 2242 3138 cum

1194 3155 1405 3194 habitatores
1423 3158 1519 3196 illius
1537 3159 1691 3206 fuerint;
1715 3171 1773 3197 vos
1796 3167 1910 3196 autem
1935 3161 2129 3207 disperqam
2152 3161 2243 3196 inter

1194 3223 1324 3264 qentes,
1350 3223 1382 3254 et
1407 3220 1594 3267 evaqinabo
1616 3227 1692 3267 post
1715 3232 1772 3256 vos
1797 3220 1967 3266 qladium,
1993 3220 2123 3265 eritque
2148 3226 2239 3256 terra

1195 3284 1306 3314 vestra
1326 3278 1464 3316 deserta
1488 3286 1521 3316 et
1542 3281 1697 3316 civitates
1713 3280 1910 3315 destructa’.
1938 3276 2035 3313 Tunc
2058 3277 2241 3324 placebunt

1193 3343 1295 3373 terrae
1324 3339 1469 3375 sabbata
1499 3351 1565 3375 sua
1598 3339 1730 3375 cunctis
1761 3338 1878 3374 diebus
1909 3336 2108 3373 solitudinis
2140 3344 2239 3381 suoe,

1192 3402 1332 3447 quando
1359 3401 1494 3447 [ueritis
1520 3400 1557 3434 in
1583 3405 1677 3434 terra
1698 3397 1837 3440 hostili,
1869 3396 2100 3434 sabbatizabit
2127 3403 2160 3434 et
2187 3409 2242 3434 rc-

1192 3461 1341 3507 quiescet
1361 3462 1398 3495 in
1416 3459 1568 3495 sabbatis
1590 3458 1788 3495 solitudinis
1813 3468 1901 3501 suoe,
1926 3468 1966 3495 eo
1988 3459 2081 3505 quod
2101 3470 2170 3496 non
2189 3471 2243 3496 re-

1193 3520 1358 3566 quieverit
1391 3519 1427 3553 in
1451 3517 1604 3553 sabbatis
1630 3518 1775 3560 vestris,
1808 3518 1948 3564 quando
1973 3519 2181 3556 habitabatis
2204 3521 2242 3556 in

1195 3589 1248 3614 ea.
1282 3576 1326 3611 Et
1351 3577 1409 3622 qui
1435 3575 1477 3611 de
1502 3575 1594 3611 vobis
1622 3577 1871 3620 remanserint,
1901 3577 1991 3616 dabo
2017 3590 2180 3626 pavorem
2203 3579 2242 3615 in

1196 3637 1356 3673 cordibus
1379 3646 1498 3671 eorum
1524 3636 1560 3671 in
1588 3636 1783 3682 reqionibas
1808 3638 1973 3675 nostium.
2005 3638 2159 3675 Terrebit
2183 3650 2242 3675 eos

1195 3698 1326 3734 sonitus
1354 3695 1429 3742 [olii
1454 3695 1613 3738 volantis,
1642 3702 1674 3731 et
1700 3697 1749 3732 ita
1774 3697 1916 3743 sument,
1944 3699 2044 3745 quasi
2068 3699 2240 3746 qladium.

1196 3757 1327 3793 Cadent
1343 3755 1438 3791 nullo
1452 3762 1626 3802 sequente,
1637 3763 1668 3791 et
1683 3764 1844 3793 corruent
1855 3759 1984 3806 sinyuli
1997 3771 2102 3806 super
2114 3760 2242 3806 {ratres

1195 3830 1277 3858 suos
1301 3816 1401 3866 quasi
1427 3815 1516 3853 bella
1544 3817 1728 3866 suqicntes.
1767 3817 1880 3857 Nemo
1910 3827 2057 3859 vestrum
2090 3821 2239 3859 inimicis
