2540 4016
155 206 201 235 ae
222 193 334 233 tidem
357 190 495 233 Christi
517 187 738 235 eonmgorn,
750 199 936 235 nunquam
955 190 1107 228 Domino

96 261 105 270 ·
131 259 164 297 ri
195 255 261 304 qui
289 262 374 290 eum
401 251 586 289 inhianter
617 253 784 296 repetere
801 249 972 294 veluerit,
990 252 1110 288 tradat

136 315 257 357 nendo
273 312 416 351 seilicet
432 317 539 358 atque
553 310 592 348 in
606 309 896 356 desperationem
911 310 1014 346 illum
1027 313 1111 349 mit-

164 398 178 424 ,-
197 377 262 416 sed
281 375 399 423 magis
415 383 499 411 eum
529 372 682 411 collocet
706 373 774 410 sub
794 373 994 411 munimine
1027 375 1111 412 tidei

37 438 252 485 pothonem,
270 446 315 472 ae
339 435 408 472 sub
432 434 545 471 tutela
568 438 704 471 sanetae
720 433 906 478 Ecclesiae,
924 438 965 470 ut
982 433 1033 470 ibi
1050 444 1111 471 ve-

36 501 185 545 raciter
200 498 429 546 requieseat,
447 506 515 534 neo
534 496 631 534 ultra
648 497 696 534 ad-
709 496 899 535 servitium
914 496 1111 544 pristinem

456 619 609 658 CAPUT
641 620 691 658 XI

27 700 155 747 {Quod
170 709 239 736 non
256 698 422 734 meretrix
434 707 544 744 neque
558 700 730 732 scortator
748 695 791 732 de
805 694 888 741 filiis
908 693 1023 731 Israel
1036 702 1110 730 esse

57 774 70 786 -,
97 747 211 790 debet,
227 756 289 782 nec
312 744 506 780 mercedem
525 742 725 790 prostibuli,
744 754 805 779 nec
835 745 986 789 pretium
1011 743 1109 778 canis

96 799 229 841 oportet
247 793 283 828 in
305 792 448 828 domum
467 791 607 827 Domini
628 790 763 837 offerri.

97 868 220 917 (inm.)
252 881 264 903 ‹
293 867 371 904 Non
393 867 463 903 erit
483 867 653 903 meretrix
673 876 717 902 ex
734 865 856 908 Israel,
879 869 917 902 et
937 874 1010 900 non
1040 865 1111 901 erit

36 931 234 968 tfornicans
257 940 278 966 a
307 929 391 966 tiliis
417 927 543 965 lsrael.
573 942 586 963 ›
616 928 710 964 Ecce
735 926 797 962 ubi
817 925 1007 961 manifeste
1026 935 1111 971 pro-

48 993 168 1030 hibuit
182 992 368 1035 fornicari,
386 996 424 1028 et
440 991 538 1027 viros
557 995 594 1026 et
611 989 766 1025 feminas
785 987 895 1023 etiam
915 997 996 1023 cum
1023 987 1109 1024 alie-

34 1054 106 1091 ‚nis
126 1053 340 1098 coniugibus
356 1058 545 1098 peccatum
568 1060 648 1087 esse
673 1049 942 1093 demonstrans,
963 1050 1109 1085 misceri

33 1115 261 1163 .eonjugibus
279 1124 351 1150 non
369 1114 457 1157 suis,
479 1113 625 1159 quando
644 1116 680 1148 et
711 1111 925 1147 meretrices
945 1121 1046 1155 esse,
1072 1116 1110 1148 et

35 1178 93 1214 -ad
107 1176 323 1214 meretrices
343 1175 516 1211 accedere
533 1173 717 1220 prohibet,
729 1183 882 1219 quarum
897 1172 1041 1218 publice
1053 1178 1110 1209 est

45 1238 186 1275 venalis
221 1236 420 1282 turpitudo.
449 1234 488 1271 In
509 1235 681 1281 decalogo
701 1234 835 1270 moechi
871 1233 1017 1269 nomine
1037 1242 1108 1269 non

46 1300 191 1336 videtur
222 1299 291 1335 hoc
321 1303 444 1344 aperte
480 1296 728 1342 prohibuisse,
757 1294 929 1341 quoniam
953 1295 1108 1331 moeehia

45 1373 119 1400 non
138 1362 208 1398 nisi
235 1359 453 1397 adulterium
480 1359 631 1405 intelligi
653 1356 757 1394 solet.
779 1356 883 1393 Unde
898 1357 982 1402 quid
1003 1356 1108 1393 nobis

44 1422 244 1466 videretur,
255 1422 303 1458 ibi
321 1421 578 1457 tractabamus.
601 1419 821 1465 Spiritaliter
837 1423 958 1454 autem
974 1418 1105 1461 innuit,

43 1486 141 1530 quod
159 1484 258 1520 nullo
275 1483 382 1519 modo
403 1483 511 1519 liccat
534 1483 663 1518 animae
683 1481 896 1518 Christianae
921 1480 1107 1517 erroribus

43 1546 302 1584 haeretieorum
323 1555 361 1581 se
377 1544 635 1587 commiscere;
659 1553 726 1579 nec
743 1553 825 1578 eum
845 1543 904 1588 qui
933 1542 1028 1578 filius
1050 1542 1109 1578 ad-

42 1607 189 1653 optivus
209 1611 266 1642 est
286 1606 350 1642 Dei
367 1605 502 1648 Patris,
521 1605 754 1651 impudicitia}
772 1610 880 1650 atque
909 1604 1049 1640 libidini
1069 1614 1108 1640 se

45 1667 206 1710 tradere,
222 1676 340 1712 neque
359 1676 440 1702 cum
462 1665 605 1702 diabolo
622 1664 740 1701 foedus
769 1664 962 1702 nefandum
993 1665 1105 1707 iuire;

44 1729 142 1766 unde
159 1733 194 1765 et
214 1728 339 1764 doctor
354 1727 512 1773 gentium
532 1727 606 1763 ait:
629 1739 641 1760 ε
661 1726 788 1773 Fugite
803 1726 1079 1763 fornicationem
1096 1738 1104 1760 :

43 1801 118 1828 non
147 1791 245 1827 enim
280 1790 424 1827 vocavit
454 1800 520 1826 nos
541 1791 635 1825 Deus
663 1790 699 1825 in
723 1788 964 1831 immunditia,
988 1787 1107 1824 sedin

47 1850 350 1888 sanctificatione.
368 1850 622 1897 Nolitejugum
641 1852 772 1886 ducere
789 1858 870 1884 cum
885 1848 1105 1884 infidelibus.

0 1898 1 1927 ³
43 1911 132 1957 Quae
153 1913 250 1949 enim
271 1912 503 1958 participatio
522 1910 672 1957 justitiae
694 1921 775 1947 cum
798 1909 1012 1955 iniquitate?
1038 1907 1107 1951 Qui

44 1978 168 2009 autem
188 1983 388 2008 consensus
407 1972 539 2019 templo
558 1972 620 2008 Dei
655 1982 737 2008 cum
761 1971 889 2006 idolis?
923 1970 996 2004 Aut
1028 1977 1109 2014 quae

43 2036 200 2073 societas
233 2035 304 2071 luci
343 2036 387 2070 ad
431 2035 620 2070 tenebras?
647 2035 734 2078 Quae
766 2038 887 2069 autem
918 2031 1109 2068 conventio

43 2096 179 2134 Christi
197 2097 240 2133 ad
260 2096 400 2133 Belial?
422 2096 494 2132 Aut
511 2106 590 2142 quae
608 2107 694 2142 pars
723 2096 819 2132 fideli
852 2105 933 2131 cum
953 2093 1110 2130 infideli?

43 2157 114 2203 Qui
135 2163 257 2194 autem
277 2167 476 2194 consensus
492 2157 626 2203 templo
662 2157 726 2193 Dei
759 2167 841 2193 cum
880 2157 1010 2192 idolis?
1037 2155 1110 2191 Vos

43 2221 143 2257 enim
160 2220 249 2256 estis
269 2220 444 2266 templum
465 2220 527 2255 Dei
544 2220 629 2262 vivi,
650 2220 745 2255 sicut
760 2220 848 2256 dicit
867 2220 963 2256 Deus
981 2231 989 2253 :
1009 2218 1112 2262 Quod

47 2273 259 2317 inhabitabo
282 2280 464 2323 cumillis,
483 2286 520 2315 et
546 2279 737 2315 ambulabo
771 2280 866 2315 inter
895 2290 971 2322 eos,
991 2284 1028 2315 et
1048 2288 1111 2314 ero

46 2341 194 2379 illorum
212 2341 325 2386 Deus,
346 2347 382 2378 et
406 2341 474 2387 ipsi
495 2347 602 2377 erunt
634 2341 722 2376 mihi
757 2341 922 2386 populus.
958 2340 1112 2386 Propter

43 2404 140 2450 quod
154 2403 252 2439 exite
269 2403 314 2439 de
330 2403 449 2438 medio
469 2413 610 2444 corum,
629 2408 664 2438 et
683 2403 918 2449 separamini,
935 2402 1025 2438 dicit
1041 2402 1111 2437 Do-

43 2466 164 2502 minus
187 2477 196 2502 :
216 2472 252 2502 et
268 2466 494 2502 immundum
511 2476 556 2501 ne
574 2465 778 2510 tetigeritis,
796 2469 832 2500 et
854 2474 920 2510 ego
938 2465 1110 2509 recipiam

43 2536 120 2569 vos,
145 2532 181 2563 et
196 2537 260 2564 ero
274 2527 376 2563 vobis
391 2527 426 2562 iu
443 2532 596 2572 patrem,
607 2533 643 2562 ct
656 2536 720 2562 vos
737 2525 838 2561 eritis
852 2525 942 2559 mihi
959 2524 996 2559 in
1017 2523 1109 2559 tilios

44 2594 81 2624 et
111 2588 217 2631 filias,
243 2588 331 2623 dicit
369 2587 544 2622 Dominus
558 2588 787 2631 omnipotens
813 2584 870 2630 (11
890 2583 971 2620 Cor.
995 2584 1059 2632 v1).
1092 2597 1104 2618 ι

96 2659 108 2681 ι
139 2647 219 2682 Non
239 2646 370 2682 offeres
389 2646 593 2681 mercedem
621 2645 832 2691 prostibuli,
852 2655 919 2680 nec
951 2645 1107 2690 pretium

49 2719 63 2742 t
91 2706 195 2742 canis
209 2707 246 2742 in
262 2707 408 2743 domum
429 2705 572 2741 Domini
593 2705 658 2741 Dei
680 2706 931 2751 tui,qnidquid
950 2706 1037 2742 illud
1052 2712 1108 2742 est

51 2780 65 2803 ι
94 2767 193 2815 quod
225 2768 420 2804 voverint:
448 2768 532 2813 quia
568 2767 789 2804 abominatio
825 2774 882 2804 est
913 2773 1107 2814 utrumque

49 2842 65 2864 ι
94 2830 189 2876 apud
209 2830 401 2865 Dominum
419 2829 531 2865 Deum
553 2834 666 2865 tuum.
699 2842 711 2864 ι
743 2829 821 2866 Non
848 2829 979 2866 offeres
1012 2840 1107 2866 mer-

46 2890 170 2927 eedem
197 2890 414 2932 meretricis,
436 2901 553 2936 neque
571 2891 936 2927 communicationem
953 2892 1054 2927 canis
1070 2892 1107 2928 in

48 2952 193 2988 domum
213 2952 357 2988 Domini
388 2952 452 2988 Dei
481 2953 533 2987 tui
564 2953 608 2989 ad
639 2963 746 2988 omne
767 2958 891 2989 votum
910 2954 1106 2999 :quoniam

46 3014 269 3051 abominatio
305 3015 458 3051 Domino
487 3015 562 3051 Deo
581 3020 641 3050 tuo
660 3019 715 3051 est
729 3041 740 3058 ,
759 3020 796 3051 et
815 3015 884 3051 hoc
904 3025 977 3051 non
995 3025 1106 3051 unum

45 3074 194 3119 borum,
213 3075 276 3111 sed
299 3080 506 3121 utrumque.
535 3075 586 3111 De
618 3083 707 3111 cane
739 3074 871 3120 quippe
901 3079 1001 3110 vetat
1028 3074 1108 3110 fieri

46 3137 372 3174 commutationem
403 3137 742 3183 primogenitorum,
761 3146 870 3182 quam
897 3134 999 3181 jubet
1027 3135 1106 3171 fieri

49 3198 93 3235 de
112 3198 195 3234 aliis
213 3197 408 3234 immundis
425 3197 656 3241 animalibus,
669 3196 704 3233 id
719 3203 787 3240 est,
799 3197 903 3243 equis
916 3201 953 3232 et
969 3195 1103 3239 asinis;

48 3264 86 3296 et
104 3260 134 3296 si
160 3260 247 3306 quid
274 3270 401 3298 eorum
433 3269 490 3298 est
519 3271 599 3308 quae
633 3260 804 3307 adiuvant
835 3259 1019 3296 hominem
1041 3270 1049 3293 ε
1071 3263 1107 3294 et

47 3319 177 3358 Latine
195 3331 217 3357 a
231 3319 393 3367 juvando
405 3321 569 3368 jumenta
588 3322 773 3358 dicuntur.
806 3321 858 3357 De
876 3331 966 3357 cane
985 3324 1106 3355 autem

49 3380 179 3425 noluit,
198 3387 320 3419 utrum
344 3389 387 3425 et,
409 3383 457 3420 de
477 3383 614 3430 porco?
646 3383 691 3418 Et
723 3391 837 3428 quare
865 3380 1020 3416 noluerit
1052 3388 1108 3414 re-

50 3441 265 3487 quirendum
280 3448 349 3487 est,
366 3448 403 3480 et
415 3444 446 3480 si
462 3444 508 3481 de
523 3444 692 3480 omnibus
710 3443 843 3479 talibus
855 3440 1107 3486 noluit,quare

28 3502 166 3545 ,solum
183 3514 311 3542 canem
329 3506 400 3542 isto
417 3506 497 3542 loco
521 3511 713 3552 exceptum
743 3502 893 3539 fecerit?
925 3501 977 3536 De
1007 3508 1105 3535 mer-

40 3565 138 3603 cede
168 3571 291 3610 autem
321 3567 526 3603 meretricis
556 3572 596 3603 ut
628 3566 781 3607 diceret,
801 3563 944 3599 videtur
963 3571 1005 3596 ea
1025 3570 1106 3596 esse

35 3626 281 3674 'mm-5⁴1⁹&
298 3627 467 3673 superius
490 3626 679 3672 probibuit
705 3635 786 3661 esse
814 3621 1042 3659 meretricem
1062 3620 1106 3654 dc

51 3683 353 3734 ffimhmel,
369 3693 433 3726 aut
453 3698 684 3735 nequaquam
719 3686 876 3723 tiliorum
913 3682 1024 3719 lsrael
1054 3681 1105 3717 uti

53 3747 269 3793 meretriee;
291 3755 390 3788 etue
415 3751 589 3798 subrepat
603 3749 815 3798 cogitationi
844 3746 983 3796 expiari
1001 3754 1106 3792 posse

571 114 846 153 mammo
870 115 1023 154 SUPER
1044 83 1465 159 nummatum
1489 133 1538 152 .r..
1559 124 1647 164 UD.
1668 127 1735 171 BL,
2148 141 2223 182 m

1124 196 1160 238 Α
1175 191 1246 229 hoe
1258 198 1462 239 peceatum,
1476 195 1755 244 sialiquidinde
1771 201 1962 246 offerretur
1978 214 2017 248 tn
2034 215 2209 263 temptam

1178 251 1369 289 dicendum
1379 252 1449 290 tuit
1461 256 1558 301 quod
1571 257 1618 293 sit
1629 257 1851 298 abominatio
1865 263 2027 307 Domino.
2041 242 2226 317 iterante:

1177 317 1300 349 autem
1323 313 1531 350 ostenditur
1555 315 1652 360 quod
1670 315 1764 353 sieut
1781 328 1921 358 merces
1949 327 2136 371 prostibuli
2166 319 2227 375 ab·

1178 371 1354 408 umbratio
1366 378 1424 410 est
1435 373 1606 418 Domino,
1615 374 1668 412 sie
1683 379 1723 428 et
1734 375 1868 415 donum
1881 385 2102 428 rapacitatis.
2112 392 2226 434 Canes

1175 430 1275 466 enim
1299 441 1448 479 rapaces
1469 433 1688 481 significant.
1707 434 1787 472 Neu
1802 437 1897 473 enim
1915 439 2061 485 plaeere
2076 445 2152 486 Deo
2163 462 2228 496 1³0·

1177 493 1250 526 test
1263 489 1398 527 obtatio
1416 502 1496 538 quae
1510 493 1662 530 offertur
1685 505 1732 531 ex
1759 496 1907 543 rapiua3
1943 501 2039 538 unde
2071 513 2136 550 per
2165 499 2231 546 Sa.

1176 549 1353 596 pientiam
1391 551 1524 588 dieitur
1551 566 1561 589 :-
1589 566 1604 588 ι
1636 554 1738 591 Dona
1767 555 1975 603 iniquorum
2002 571 2076 598 non
2105 568 2233 611 probat

1177 608 1404 655 AltissimuS,
1418 621 1487 648 neo
1509 613 1657 658 respicit
1682 614 1720 651 in
1743 616 1986 656 oblationibus
2013 620 2232 671 iniquorum,

1177 673 1298 708 necin
1312 673 1542 724 multitudine
1560 676 1822 715 sacrificiorum
1838 689 1962 717 eorum
1981 685 2234 730 propitiabitur

1177 733 1352 778 peccatis.
1373 733 1442 779 Qui
1461 733 1568 772 offert
1585 737 1804 775 sacrificium
1823 749 1868 776 ex
1887 740 2089 779 substantia
2102 754 2236 792 paupe-

1179 802 1281 839 rum‚·
1292 796 1396 842 quasi
1414 797 1475 844 qui
1495 799 1659 837 victimat
1688 801 1804 840 filium
1834 803 1874 841 in
1904 812 2100 854 conspeetu
2122 811 2237 856 patris

1177 855 1234 892 sui
1259 854 1372 903 (Ecct.
1394 858 1533 906 xxxiv).
1558 873 1572 895 ›

1579 934 1731 975 CAPUT
1757 938 1829 976 ΧΠ.

1180 989 1331 1046 Usar-ayn
1353 999 1444 1029 vetat
1461 1001 1494 1030 et
1517 1006 1602 1032 uvas
1618 996 1660 1033 de
1675 999 1782 1034 vineis
1796 1002 1946 1046 proximi
1962 1003 2104 1050 offerriff
2136 1006 2236 1043 sinei-

1275 1039 1354 1075 ltter
1373 1047 1405 1076 et
1422 1041 1513 1087 falce
1531 1050 1677 1089 seqetem
1697 1049 1849 1091 proximi
1867 1050 1948 1084 meti
1971 1052 2139 1096 prohibet.

1129 1114 1160 1157 B
1230 1097 1348 1146 (lma.)
1379 1111 1391 1133 ι
1421 1099 1500 1136 Nou
1523 1101 1707 1139 fenerabis
1735 1103 1842 1141 fratri
1861 1111 1923 1143 tuo
1946 1109 1991 1143 ad
2007 1118 2152 1146 usuram
2171 1122 2234 1158 pe-

1186 1169 1198 1192 «
1227 1159 1387 1204 cuniam,
1403 1171 1471 1198 nec
1489 1162 1626 1210 fruges,
1641 1174 1709 1200 nec
1726 1166 1926 1211 quamlibet
1946 1168 2051 1205 aliam
2068 1181 2158 1215 rem,
2175 1174 2238 1209 sed

1184 1233 1195 1254 ‹
1227 1221 1357 1258 alieno.
1374 1223 1495 1259 Fratri
1511 1230 1633 1261 autem
1651 1231 1712 1262 tuo
1729 1227 1864 1275 absque
1879 1240 1988 1266 usura
2009 1231 2044 1267 id
2066 1233 2160 1278 quod
2180 1233 2236 1270 in-

1182 1293 1194 1315 (
1225 1282 1334 1329 diget,
1346 1285 1604 1329 commodabis,
1616 1291 1654 1322 ut
1668 1287 1860 1326 benedicat
1873 1290 1937 1327 tibi
1954 1291 2128 1331 Dominus
2145 1294 2240 1332 Deus

1182 1353 1194 1373 ι
1228 1346 1311 1377 tuus
1335 1342 1371 1378 in
1391 1344 1490 1379 omni
1512 1350 1688 1391 tempore,
1706 1347 1743 1382 in
1765 1353 1864 1385 terra
1883 1351 1927 1387 ad
1943 1361 2050 1397 quam
2064 1354 2239 1401 ingredie-

1181 1416 1192 1437 α
1224 1404 1275 1440 ris
1299 1405 1568 1451 possidendam.
1601 1422 1613 1442 ι
1642 1408 1907 1456 Benignitatem
1927 1419 2034 1461 atque
2057 1415 2238 1462 justitiam

1176 1466 1246 1502 hac
1262 1469 1441 1504 sententia
1457 1469 1642 1516 legislator
1656 1472 1775 1517 docet,
1796 1475 1880 1520 quia
1908 1487 2035 1514 usuras
2054 1489 2119 1524 per
2136 1479 2236 1517 frau-

1177 1527 1256 1564 dem
1285 1535 1394 1576 atque
1416 1533 1608 1568 avaritiam
1635 1544 1702 1571 nos
1722 1535 1893 1583 colligere
1910 1540 2108 1585 prohibuit,
2129 1547 2165 1578 et
2184 1544 2239 1579 in-

1178 1591 1313 1637 digenti
1341 1593 1558 1629 charitatem
1579 1595 1786 1642 impendere
1807 1597 1922 1643 jubet.
1960 1600 2088 1638 Frater
2117 1609 2238 1640 autem

1176 1657 1301 1688 noster
1332 1654 1580 1700 unusquisque
1620 1657 1818 1694 catholicus
1848 1665 1924 1703 est,
1950 1661 2009 1696 cui
2039 1665 2236 1701 secundum

1176 1714 1378 1759 spiritalem
1401 1725 1561 1760 sensum,
1590 1716 1730 1764 frugem
1754 1720 1870 1763 verbi,
1891 1721 2005 1767 gratis
2026 1722 2235 1770 impendere

1177 1774 1358 1818 debemus,
1379 1781 1558 1821 quatenus
1590 1779 1778 1814 nobiscum
1809 1786 1932 1817 utatur
1965 1783 2045 1819 cibo
2082 1785 2237 1822 coelesti.

1175 1835 1327 1872 Alienus
1350 1836 1507 1874 infidelis
1527 1839 1677 1884 quilibet
1702 1839 1766 1876 est'
1780 1845 1889 1887 atque
1908 1843 2095 1888 scelestus,
2112 1845 2170 1881 cui
2194 1847 2240 1883 ad

1177 1906 1325 1932 usuram
1345 1899 1538 1943 pecuniam
1553 1901 1693 1943 damus,
1715 1903 1859 1947 quando
1878 1914 1943 1949 pro
1969 1914 2127 1950 expenso
2146 1917 2239 1953 prm-

1179 1957 1371 1994 dicationis
1388 1960 1512 2003 verbo,
1526 1962 1782 2006 poenitentiam
1808 1969 2056 2010 peccatorum,
2077 1971 2113 2002 et
2141 1966 2240 2003 insu-

1128 2027 1157 2068 (ζ
1179 2019 1367 2064 perfidem
1385 2030 1467 2056 cum
1500 2023 1670 2067 operibus
1700 2023 1807 2060 bonis
1839 2025 1885 2061 ab
1922 2035 1965 2062 eo
1998 2026 2238 2073 postulamus.

1179 2082 1326 2119 Duobus
1346 2083 1463 2119 modis
1479 2084 1515 2119 in
1535 2084 1734 2130 Scripturis
1749 2087 1862 2122 sacris
1887 2088 2040 2133 pecunia
2065 2089 2241 2134 probatur

1181 2145 1344 2192 intelligi.
1362 2146 1440 2182 Una
1459 2152 1515 2182 est
1534 2147 1604 2182 ista
1622 2147 1816 2192 metallica,
1837 2158 1916 2194 quae
1936 2150 1980 2185 ad
1996 2160 2144 2186 usuram
2161 2150 2238 2186 dari

1180 2210 1327 2246 omnino
1344 2210 1571 2256 prohibetur,
1589 2212 1762 2257 quoniam
1787 2211 1916 2247 vitium
1946 2213 2152 2259 cupiditatis
2186 2218 2242 2249 est

1179 2270 1325 2315 exigere
1352 2269 1444 2305 velle
1473 2270 1568 2316 quod
1600 2277 1634 2306 te
1667 2271 1810 2307 nescias
1846 2272 2108 2307 commodasse.
2140 2272 2242 2308 Hane

1178 2329 1369 2375 pecuniam
1397 2329 1542 2375 quidem
1576 2330 1702 2365 habuit
1724 2330 1898 2366 Dominus
1920 2328 2024 2365 Jesus
2056 2329 2235 2374 Christus,

1180 2398 1287 2434 quam
1309 2387 1410 2423 Judae
1433 2388 1582 2424 tradidit
1614 2389 1835 2434 pauperibus
1864 2388 2083 2434 erogandam
2101 2415 2110 2432 ,
2128 2399 2236 2435 quam

1178 2459 1250 2485 non
1268 2448 1368 2483 dedit
1385 2447 1429 2484 ad
1447 2459 1614 2491 usuram,
1631 2449 1776 2494 quando
1801 2448 1900 2484 illam
1930 2449 2175 2494 indigentibus
2194 2452 2238 2488 ad

1178 2508 1424 2544 informandos
1441 2518 1508 2544 nos
1527 2509 1586 2555 pia
1607 2509 1774 2555 largitate
1795 2510 1990 2546 concessit.
2005 2510 2127 2546 Altera
2152 2522 2238 2549 vero

1177 2574 1233 2606 est
1251 2578 1360 2615 quam
1380 2568 1425 2604 ad
1447 2579 1594 2605 usuram
1610 2570 1702 2613 dari,
1719 2569 1914 2616 Evangelio
1929 2569 2083 2615 dicente,
2105 2573 2236 2609 suade-

1178 2640 1273 2672 mur,
1292 2629 1328 2665 id
1347 2635 1415 2673 est,
1432 2629 1712 2675 praedicationes
1733 2630 1986 2667 sanctissimas
2012 2637 2051 2667 et
2071 2632 2238 2669 instituta

1176 2693 1311 2728 divina.
1329 2691 1389 2728 Ait
1406 2693 1503 2729 enim
1524 2706 1531 2728 :
1559 2706 1570 2726 ‹
1596 2693 1744 2731 Sciebas
1765 2704 1823 2730 me
1838 2695 2024 2732 hominem
2043 2697 2173 2733 durum
2195 2703 2232 2734 et

1176 2751 1512 2788 austerum.Nonne
1521 2757 1730 2799 oportuerat
1743 2758 1778 2788 te
1802 2754 2030 2791 committere
2048 2756 2237 2802 pecuniam

1175 2823 1294 2849 meam
1309 2813 1575 2856 nummulariis,
1593 2819 1630 2849 et
1649 2823 1716 2860 ego
1729 2814 1878 2850 veniens
1895 2815 2096 2861 exegissem
2113 2816 2236 2861 utique

1177 2885 1259 2910 cum
1278 2876 1398 2912 usuris
1419 2876 1515 2921 quod
1530 2885 1651 2912 meum
1672 2875 1751 2912 est?
1776 2888 1789 2911 ι
1810 2875 1872 2913 Sic
1893 2876 1989 2913 euim
2013 2878 2108 2914 istud
2129 2879 2237 2924 aequi-

1124 2922 1159 2962 D
1176 2946 1305 2972 vocum
1339 2936 1490 2972 verbum
1522 2946 1588 2983 pro
1615 2936 1778 2973 locorum
1818 2936 1994 2983 qualitate
2028 2938 2234 2985 suscipitur.

1181 3010 1192 3031 ι
1221 2999 1409 3046 Ingressus
1426 2998 1569 3033 vineam
1587 2997 1745 3044 proximi
1762 2997 1834 3042 tui,
1856 2998 2004 3036 comede
2019 3009 2108 3035 uvas
2123 3009 2236 3045 quan-

1182 3076 1194 3096 «
1227 3068 1304 3098 tum
1315 3061 1381 3098 tibi
1393 3059 1593 3108 placuerit3
1608 3058 1708 3096 foras
1721 3065 1844 3096 autem
1857 3069 1903 3096 ne
1922 3059 2050 3097 efferas
2066 3066 2196 3097 tecum.
2217 3073 2230 3095 ι

1178 3122 1330 3159 Vincam
1360 3122 1430 3158 hoc
1457 3121 1538 3157 loco
1564 3120 1622 3157 vel
1654 3119 1863 3166 Scripturas
1885 3130 2022 3163 sacras,
2039 3120 2098 3155 ubi
2118 3120 2232 3165 gratia

1177 3182 1352 3229 spiritalis
1369 3182 1563 3228 reperitur,
1582 3181 1639 3217 vel
1657 3178 1856 3215 Ecclesiam
1874 3178 2102 3219 catholicam,
2122 3186 2231 3222 quam

1176 3245 1213 3281 in
1233 3244 1402 3291 parabola
1422 3243 1606 3291 Evangelii
1622 3250 1831 3289 expressam
1851 3239 1964 3274 viueae
1985 3236 2129 3273 nomine
2143 3236 2231 3283 legi-

1159 3300 1281 3349 mus,
1299 3305 1464 3351 accipere
1495 3313 1700 3351 possumus.
1734 3300 1925 3338 Proximus
1955 3303 2074 3334 autem
2107 3303 2231 3334 noster

1177 3367 1280 3413 quus
1298 3367 1376 3413 ipsa
1395 3365 1499 3400 vinea
1518 3368 1587 3406 est,
1604 3362 1822 3407 Redemptor
1834 3358 1982 3396 humani
1999 3358 2142 3405 generis
2158 3363 2228 3396 est.

1159 3432 1161 3434 '
1179 3428 1351 3474 Quisquis
1368 3427 1462 3462 hanc
1483 3425 1624 3461 vincam
1641 3422 1853 3469 ingreditur,
1870 3429 1959 3458 uvas
1973 3419 2006 3457 ei
2022 3419 2227 3464 comedere,

1176 3491 1246 3527 hoc
1262 3481 1609 3525 estincarnationem
1619 3482 1753 3520 Christi
1768 3481 1930 3526 credere,
1938 3486 1978 3518 et
1991 3481 2227 3518 sacramentis

1175 3548 1253 3596 ejus
1272 3548 1309 3583 in
1341 3556 1384 3582 ea
1408 3545 1628 3592 participare
1654 3544 1752 3580 licet.
1779 3541 1896 3580 Foras
1922 3548 2056 3586 autem,
2074 3543 2145 3580 hoc
2171 3546 2228 3578 est

1175 3615 1278 3646 extra
1301 3607 1513 3650 Ecclesiam,
1545 3606 1640 3642 hane
1661 3605 1815 3652 gratiam
1837 3603 1936 3641 nullo
1967 3603 2082 3640 modo·
2105 3602 2226 3639 efferri

1173 3669 1311 3713 licebit,
1331 3668 1414 3716 quia
1435 3667 1470 3702 in
1489 3677 1559 3702 una
1584 3666 1691 3702 domo
1713 3674 1844 3702 earnes
1860 3664 1944 3711 agni
1967 3663 2022 3699 edi
2037 3662 2223 3708 jubentur.

1179 3742 1191 3764 ι
1223 3721 1262 3766 si
1280 3727 1471 3766 intraveris
1493 3730 1652 3773 segetem
1678 3725 1784 3763 amici
1810 3726 1874 3770 tui,
1896 3725 2042 3772 mages
2057 3723 2175 3771 spicas
2191 3727 2226 3760 ct
