2540 4016
6 183 140 224 “4789

542 180 899 223 ENARRATIONES
922 186 967 224 ΙΝ
993 186 1168 227 unium
1190 187 1500 228 ammonuit.
1526 212 1573 222 -
1596 194 1682 232 ΠΒ.
1706 197 1767 235 lv.

2165 209 2233 246 '190

67 260 155 298 lenti
168 269 267 298 emm
283 260 487 297 auditorum
509 260 705 317 unicuique
723 261 875 306 discere,
897 261 954 298 his
970 272 1051 308 quae
1074 263 1120 298 ad
1137 265 1174 304 A
1188 265 1235 300 ob
1252 264 1540 311 purificationem
1573 269 1704 314 populo
1735 269 2007 329 impeti-andan„
2025 283 2137 330 accipi
2168 295 2233 332 po,

0 327 2 337 ’
67 321 218 362 salutem
237 321 432 368 pertinent,
454 320 498 358 de
525 321 714 358 sacrificiis
730 322 884 358 arietum
901 348 912 366 ‚
939 327 976 361 et
1006 322 1122 359 hirco-

0 395 2 427 ς
66 391 161 425 rum,
176 381 443 428 vitulorumque
458 392 538 429 quae
557 383 768 426 recitantur,
784 382 874 420 nihil
898 383 967 420 sihi
984 384 1121 426 utilita-

66 441 114 477 tis
131 440 295 478 conterre
327 441 530 488 hujusmodi
558 443 698 480 litteras
716 444 864 489 indicat,
884 449 1056 492 quantum
1076 444 1121 481 ad

66 501 184 547 ipsum
218 507 356 548 spectat
390 503 564 539 auditum.
594 502 632 539 Si
662 513 750 540 vero
779 505 860 550 quis
894 503 1118 548 inveniatur,

66 563 127 608 qui
146 563 259 610 possit
281 563 445 602 velamen
464 565 560 611 quod
577 572 632 602 est
644 566 802 612 positum
823 566 860 602 in
876 566 1029 603 lectione
1048 567 1119 604 Ve-

67 625 154 661 teris
174 625 394 661 Testamenti
428 637 627 671 removere,
649 633 757 674 atque
783 628 821 664 in
839 628 896 664 die
921 628 1119 674 requirere,

65 695 146 731 quae
162 685 234 721 sint
252 696 336 721 vera
358 687 534 723 sacrificia
553 698 632 734 quae
666 688 857 734 purificent
887 689 1059 734 populum
1084 688 1121 724 in

64 746 190 782 diebus
204 745 325 790 sestis,
359 753 445 784 tunc
462 749 596 786 videbit
622 760 730 796 quam
750 749 842 786 mira
874 756 911 786 et
928 749 1120 796 magnifica

64 812 161 850 sunt,
181 818 259 854 quae
284 819 349 855 per
366 811 444 847 haec
461 810 688 848 indicantur:
708 822 788 858 quae
819 810 997 858 superflua
1018 812 1121 857 igno-

63 869 226 906 rantibus
244 875 350 916 atque
379 873 626 918 superstitiosa
653 872 833 907 dicuntur.
854 869 925 906 Sed
943 870 1021 906 haec
1042 872 1121 916 qui-

62 929 143 966 dem
161 930 306 974 Paulus,
327 933 394 968 etsi
416 933 477 978 qui
500 934 533 969 ei
553 933 687 969 similes
719 937 802 967 sunt
821 931 961 976 plenius
984 931 1028 966 ab
1044 931 1119 977 ipsa

63 991 239 1036 sapientia
255 997 290 1026 et
312 994 422 1027 verbo
455 993 545 1035 Dei,
566 991 831 1037 perfectiusque
869 992 1117 1036 cognoverint.

60 1050 132 1086 Nos
167 1057 287 1086 autem
312 1057 487 1096 quantum
519 1062 562 1087 ex
597 1051 758 1096 ipsorum
789 1050 918 1088 litteris
951 1052 1118 1099 colligere

58 1121 261 1157 possumus,
283 1111 319 1146 in
335 1112 464 1157 quibus
488 1111 590 1148 nohis
605 1112 701 1148 velut
721 1121 786 1158 per
799 1113 965 1148 umbram
979 1119 1015 1149 et
1033 1114 1119 1150 ima-

1190 331 1272 361 test.
1292 326 1365 362 Aut
1389 337 1461 363 non
1478 326 1634 371 videtur,
1659 333 1699 364 ut
1716 330 1812 367 aries
1829 331 2045 381 aut'hircus,
2061 342 2232 383 holocau-

1187 390 1281 422 stum
1298 397 1336 424 se
1349 388 1522 426 obtulisse
1538 387 1690 425 Paulum
1705 400 1772 436 pro
1795 393 1926 439 populo
1939 393 2062 440 Israel,
2081 394 2235 446 &unffi-

1187 445 1315 482 eebat:
1339 447 1512 494 Optabam
1544 454 1661 485 autem
1695 460 1757 497 eqo
1794 449 1868 497 ipse
1894 455 2079 492 anathema
2113 469 2184 496 esse
2199 448 2238 500 'a

1187 504 1324 542 Christo
1343 518 1405 553 pro
1420 508 1589 553 [ratribus
1606 509 1707 553 meis,
1722 510 1783 556 qut
1800 516 1882 547 sunt
1895 515 2035 559 coquati
2052 518 2239 557 secundum

1187 577 1326 603 carnem
1346 566 1460 614 (Rom.
1482 568 1547 615 lx).
1567 569 1630 605 Vis
1660 574 1780 605 autem
1801 570 1909 614 scire,
1925 572 2008 617 quia
2026 583 2066 610 se
2085 575 2241 614 hostiam

1187 628 1295 664 etiam
1317 627 1448 664 Paulus
1468 627 1596 665 offerat
1629 628 1894 677 jugulandam?
1920 631 2013 668 Audi
2046 643 2128 670 eum
2153 642 2189 672 et
2205 637 2242 672 in

1188 689 1267 724 aliis
1284 688 1489 727 dicentem:
1515 689 1597 725 Jam
1618 691 1710 726 enim
1743 701 1804 737 eqo
1838 691 1999 728 immolor
2017 720 2026 736 ,
2062 700 2092 729 et
2112 700 2242 741 tempus

1188 749 1422 793 resolutionis,
1445 750 1501 786 vel
1520 756 1560 786 ut
1580 751 1616 786 in
1643 750 1779 788 Graecis
1797 752 1982 790 codicibus
2004 753 2168 801 legimus,
2188 766 2243 790 re-

1187 810 1352 846 versionis
1376 811 1482 846 instat
1505 811 1563 859 (II
1595 811 1685 847 Tim.
1719 811 1784 858 iv).
1805 812 1841 848 Si
1861 823 1946 860 ergo
1967 813 2166 859 figuraliter
2184 826 2245 861 po-

1188 874 1258 905 test
1271 870 1397 911 videri,
1417 872 1511 916 quod
1533 871 1624 908 alius
1643 882 1708 918 pro
1725 871 1917 910 festivitate
1936 874 2131 918 Novorum,
2154 875 2245 912 alius

1186 939 1251 974 pro
1268 929 1465 966 festivitate
1482 932 1638 975 sabbati,
1659 932 1750 968 alius
1767 943 1834 978 pro
1851 932 2046 971 festivitate
2062 934 2245 971 Taberna-

1187 989 1363 1033 culorum,
1381 992 1483 1036 quasi
1501 991 1624 1027 hircus
1639 992 1852 1034 autvitulus,
1874 998 1934 1028 aut
1948 994 2042 1030 aries
2060 993 2243 1038 offeratur,

1187 1047 1232 1081 ad
1262 1050 1566 1085 reconciliandum
1600 1051 1807 1087 hominibus
1834 1053 1960 1088 Deum.
1996 1053 2117 1090 Donec
2149 1055 2245 1090 enim

1187 1113 1270 1144 sunt
1288 1115 1448 1154 peccata,
1467 1115 1617 1146 necesse
1636 1117 1690 1147 est
1716 1112 1852 1157 requiri
1874 1118 1910 1148 et
1925 1114 2063 1150 hostias
2083 1125 2150 1160 pro
2164 1125 2246 1160 pec-

58 1170 176 1216 ginem
209 1170 341 1207 indicia
373 1171 536 1217 quaedam
566 1172 742 1208 dederunt
760 1173 806 1208 ad
843 1173 1118 1210 aedificationem
1139 1161 1170 1200 Β
1190 1170 1292 1207 catis.
1313 1170 1403 1206 Nam
1430 1182 1538 1218 pone,
1559 1173 1661 1210 verbi
1679 1174 1807 1220 gratia,
1825 1183 1895 1209 non
1915 1173 2026 1210 fuisse
2042 1180 2244 1221 peccatum.

58 1241 299 1275 communem,
311 1233 491 1269 discutere
502 1234 709 1269 summatim
719 1234 762 1270 de
773 1234 1034 1270 sacrificiorum
1048 1236 1119 1271 ritu

56 1292 173 1338 aliqua
205 1293 436 1330 tentabimus.
458 1293 497 1329 ln
517 1294 664 1330 Pascha:
684 1293 881 1331 festivitate
900 1305 1012 1341 agnus
1033 1296 1118 1332 scri-

54 1353 154 1389 bitur
171 1363 252 1390 esse
269 1355 330 1400 qui
350 1354 518 1401 purificat
535 1355 721 1401 populum,
742 1355 779 1390 in
809 1354 889 1391 aliis
907 1356 1053 1398 vitulus,
1081 1356 1117 1390 in

54 1414 134 1452 aliis
152 1416 273 1452 hircus
292 1422 354 1452 aut
385 1416 492 1459 aries,
518 1416 574 1452 vel
602 1425 727 1462 capra,
750 1415 807 1452 vel
821 1416 947 1459 vitula,
965 1417 1057 1452 sicut
1073 1426 1117 1452 cx

55 1476 111 1512 his
132 1488 212 1522 quae
232 1477 385 1512 recitata
403 1482 486 1512 sunt
504 1503 513 1519 ‚
542 1476 730 1513 didicistis.
755 1477 855 1514 Unus
870 1487 956 1523 ergo
984 1488 1027 1514 ex
1061 1479 1117 1514 his

54 1535 284 1579 animalibus,
303 1546 383 1581 quae
404 1536 448 1572 ad
469 1536 730 1582 purificandum
767 1537 938 1583 populum
969 1547 1117 1573 sumun—

53 1599 124 1635 tur,
151 1600 206 1630 est
225 1605 338 1642 agnus
361 1607 368 1630 :
390 1596 450 1641 qui
466 1605 593 1640 agnus,
610 1596 686 1642 ipse
705 1606 783 1632 esse
798 1597 930 1632 dicitur
943 1597 1115 1634 Dominus

52 1661 89 1691 et
107 1656 273 1693 Salvator
290 1663 426 1693 noster.
447 1657 507 1694 Sic
527 1658 622 1693 enim
646 1659 824 1694 intellexit
837 1658 993 1695 Joannes
1011 1687 1020 1703 ,
1055 1660 1115 1705 qui

51 1721 107 1752 est
123 1716 237 1762 major
253 1718 415 1753 omnium
434 1719 706 1764 prophetarum,
734 1725 771 1755 et
802 1719 955 1766 signavit
975 1720 1018 1755 de
1037 1720 1114 1766 ipso

50 1776 202 1813 dicens:
224 1777 315 1813 Ecce
334 1779 452 1825 Aquas
479 1779 571 1823 Dei,
609 1791 685 1815 ecce
716 1781 774 1826 qui
810 1780 900 1816 tollit
934 1787 1113 1827 peccatum

51 1838 173 1873 mundi
189 1838 312 1885 (Joan.
331 1841 371 1887 1).
396 1841 496 1884 Quod
521 1842 550 1878 si
575 1852 688 1888 agnus
707 1842 768 1887 qui
786 1843 830 1878 ad
851 1843 1113 1889 purificandum

49 1899 220 1944 populum
234 1900 339 1937 datus
358 1907 426 1945 est,
449 1902 494 1938 ad
516 1912 707 1948 personam
728 1903 869 1939 Domini
892 1908 927 1939 et
948 1903 1113 1940 Salvato-

49 1960 100 1996 ris
120 1962 234 1996 nostri
261 1961 431 2005 refertur,
464 1973 689 2009 consequens
714 1963 856 1999 videtur
875 1965 971 2009 quod
1002 1965 1111 2000 etiam

47 2025 176 2056 caetera
196 2021 379 2064 animalia,
401 2032 480 2068 quae
504 2022 560 2058 his
585 2022 721 2058 eisdem
742 2023 1008 2068 purificationis
1043 2025 1111 2060 ali-

1188 1229 1227 1266 Si
1244 1240 1316 1266 non
1334 1230 1459 1267 suisset
1483 1238 1685 1276 peccatum,
1708 1243 1778 1268 non
1799 1243 1947 1269 neeesse
1971 1232 2098 1270 fuisset
2115 1234 2246 1269 Filium

1186 1289 1249 1324 Dei
1265 1300 1396 1335 agnum
1422 1291 1514 1334 fieri,
1533 1301 1600 1327 nec
1617 1302 1708 1338 opus
1730 1292 1848 1328 fuerat
1868 1304 1950 1333 cum
1969 1294 2004 1328 in
2026 1304 2135 1330 carne
2151 1295 2246 1340 posi-

1187 1355 1260 1385 tum
1276 1349 1453 1397 jogulari3
1477 1353 1540 1388 sed
1575 1353 1769 1389 mansisset
1797 1354 1865 1393 hoc
1893 1355 1987 1400 quod
2010 1354 2045 1388 in
2069 1355 2244 1401 principio

1185 1416 1262 1446 erat
1278 1412 1371 1448 Deus
1391 1413 1563 1449 Verbum.
1588 1415 1721 1451 Verum
1738 1416 1910 1461 quoniam
1928 1417 2089 1453 introivit
2118 1427 2246 1463 pecca·

1183 1478 1260 1506 tum
1294 1471 1329 1506 in
1367 1472 1463 1508 hunc
1491 1474 1687 1518 mundum,
1716 1476 1853 1521 peccati
1892 1483 2012 1513 autem
2045 1479 2244 1515 necessitas

1182 1531 1472 1576 propitiationem
1503 1533 1677 1579 requirit,
1710 1540 1747 1571 et
1779 1537 1989 1583 propitiatio
2008 1548 2080 1574 non
2101 1538 2141 1573 fit
2173 1538 2244 1574 nisi

1183 1602 1248 1637 per
1265 1592 1434 1636 hostiam,
1470 1595 1715 1630 necessarium
1736 1595 1802 1631 suit
1820 1597 2002 1642 provideri
2020 1598 2159 1634 hostias
2179 1608 2244 1644 pro

1182 1660 1344 1700 peccato.
1367 1655 1412 1690 Et
1437 1656 1606 1701 quoniam
1623 1658 1764 1702 peccati
1786 1658 1900 1703 ipsius
1917 1659 2067 1695 diversa}
2084 1664 2119 1695 et
2134 1660 2244 1695 variae

1181 1715 1373 1761 qualitates
1393 1716 1552 1761 suerunt,
1572 1718 1797 1755 diversorum
1828 1719 2036 1755 animalium
2068 1720 2243 1756 mandan-

1181 1782 1240 1811 tur
1259 1777 1396 1820 hostiae,
1419 1778 1672 1824 proculdubio
1692 1791 1771 1826 quae
1798 1782 2032 1817 convenirent
2059 1783 2245 1818 varietati-

1180 1837 1247 1872 bus
1261 1845 1504 1883 peccatorum.
1529 1839 1589 1877 Sic
1604 1851 1689 1888 ergo
1707 1842 1862 1878 efficitur
1877 1843 2023 1889 quidem
2043 1843 2134 1880 alius
2155 1854 2241 1880 san--

1180 1903 1322 1933 ctorum
1340 1904 1449 1945 atque
1468 1901 1692 1946 angelorum,
1713 1907 1752 1938 ut
1769 1903 1941 1948 diximus,
1959 1905 2034 1941 sive
2054 1905 2242 1942 hominum

1180 1957 1312 1994 vitulus
1330 1959 1389 2004 qui
1412 1960 1447 1995 in
1477 1960 1534 1996 illa
1552 1960 1747 1998 festivitate
1782 1964 2000 2001 interveniat
2032 1975 2099 2011 pro
2121 1965 2243 2013 populi

1183 2019 1323 2056 delictis
1351 2032 1358 2055 :
1381 2021 1472 2058 alius
1489 2028 1611 2058 autem
1630 2024 1724 2060 aries
1743 2024 1779 2060 in
1800 2024 1860 2060 illa
1894 2023 2113 2069 festivitate,
2149 2036 2240 2072 quo-

47 2081 132 2125 quid
155 2081 312 2118 humano
331 2084 452 2130 generi
482 2084 684 2121 conferant,
707 2085 796 2121 Vide
820 2095 907 2132 ergo
943 2096 988 2122 ne
1019 2086 1112 2123 sorte
1132 2066 1163 2108 C
1184 2092 1262 2117 runi
1286 2083 1546 2121 intercessione
1563 2085 1625 2121 fiat
1641 2085 1844 2131 purificatio
1860 2095 1926 2132 pro
1945 2088 2116 2133 peccatis.
2139 2088 2240 2131 Quod

47 2139 141 2175 sicut
159 2140 333 2178 Dominus
367 2147 403 2178 et
428 2142 593 2179 Salvator
626 2149 750 2180 noster
782 2145 885 2190 quasi
922 2155 1036 2192 agnus
1067 2146 1112 2182 ad

46 2199 266 2236 occisionem
283 2202 446 2246 ductus‚[
450 2209 485 2239 et
514 2204 548 2240 in
569 2204 788 2241 sacrificium
810 2205 935 2242 altaris
952 2206 1109 2251 oblatus,

46 2267 279 2307 pcccatorum
299 2264 550 2301 remissionem
572 2266 742 2302 universo
758 2267 928 2313 praestitit
960 2269 1108 2311 mundo,

45 2320 96 2357 ita
120 2321 286 2360 fortassis
305 2329 341 2360 et
376 2331 590 2362 caeterorum
619 2333 828 2363 sanctorum
860 2338 902 2364 ac
929 2328 1110 2374 justorum

46 2382 188 2427 sanquis
203 2383 263 2429 qui
280 2385 412 2430 effusus
428 2393 477 2421 est
500 2399 521 2422 a
541 2388 710 2434 sanquine
734 2388 819 2424 Abel
847 2389 961 2435 justi,
1002 2401 1110 2437 usque

45 2442 91 2478 ad
108 2445 312 2490 sanquinem
329 2445 513 2484 Zacharia>
527 2449 704 2495 prophetae
720 2477 728 2493 ,
761 2450 819 2496 qui
838 2451 1040 2496 interfectus
1059 2457 1109 2487 est

44 2503 135 2539 inter
153 2505 262 2545 wdem
289 2512 320 2541 et
342 2506 453 2543 altare
473 2508 615 2555 (Matth.
636 2510 757 2556 xxm),
780 2511 930 2547 alterius
962 2512 1108 2556 quidem

45 2564 192 2609 sanguis
210 2565 302 2601 sicut
321 2566 455 2610 vituloe,
474 2569 622 2604 alterius
653 2570 746 2606 sicut
763 2571 853 2606 hirci
879 2575 940 2605 aut
965 2581 1105 2616 caprae,

45 2628 108 2657 aut
126 2623 276 2670 alicujus
294 2625 424 2661 horum
440 2627 540 2663 fusus
558 2634 613 2663 est
633 2629 678 2663 ad
694 2630 912 2676 expiandum
926 2640 991 2676 pro
1004 2636 1108 2677 parte

47 2683 165 2730 aliqua
182 2686 365 2731 populum.
390 2686 474 2723 Sive
492 2698 577 2735 ergo
599 2690 676 2726 haec
695 2690 739 2726 ad
751 2690 933 2736 justorum
952 2693 1108 2738 prophe-

46 2751 239 2793 tarumque
252 2758 438 2793 personas,
456 2751 516 2796 qui
539 2751 574 2786 in
594 2751 664 2787 boc
680 2751 814 2788 mundo
831 2752 983 2799 jugulati
1007 2759 1104 2798 sunt,

45 2808 102 2844 vel
122 2818 247 2844 corum
265 2810 325 2855 qui
343 2810 476 2854 dicunt,
500 2809 648 2858 Propter
666 2819 698 2848 te
722 2820 830 2849 morte
847 2815 1016 2860 afficimur
1032 2822 1107 2852 tota

45 2867 116 2911 die,
134 2869 296 2905 oestimati
316 2882 436 2906 sumus
453 2871 541 2907 sicut
558 2882 634 2907 oves
649 2873 832 2910 occisionis
847 2873 962 2921 (Psal.
983 2876 1102 2922 xmu),

45 2929 234 2968 referenda
254 2932 455 2975 videantur,
472 2934 548 2970 sive
562 2934 670 2970 etiam
693 2935 737 2971 ad
756 2936 962 2983 superiores
985 2938 1102 2975 virtu·

44 2994 111 3034 tes,
131 2993 262 3038 quibus
280 2995 487 3040 procuratio
505 2996 651 3032 humani
667 2997 809 3043 generis
826 2998 908 3035 data
931 3006 1001 3043 est,
1020 3000 1103 3047 quis

43 3051 149 3089 facile
165 3053 297 3089 audeat
324 3053 527 3091 affirmare?
555 3056 677 3102 Neque
697 3058 794 3094 enim
820 3060 897 3096 haec
929 3061 1101 3098 animalia

41 3121 108 3158 per
125 3112 296 3158 speciem,
318 3113 379 3150 sed
395 3124 461 3160 per
489 3115 640 3161 figuram
665 3116 795 3153 referri
815 3120 860 3155 ad
885 3119 985 3156 illam
1001 3149 1011 3162 ,
1043 3122 1102 3158 vel

41 3170 139 3208 illam
167 3182 358 3218 personam
377 3175 536 3220 putanda
564 3182 662 3212 sunt.
689 3177 780 3214 Nam
820 3179 897 3225 ipse
926 3179 1100 3219 Dominus

41 3228 147 3268 lesus
166 3231 353 3274 Christus,
375 3244 447 3270 non
465 3235 546 3272 ideo
569 3246 684 3283 agnus
709 3238 843 3275 dicitur
859 3266 869 3283 ‚
902 3242 1006 3286 quasi
1037 3243 1099 3288 qui

41 3297 202 3330 mutuus
227 3293 275 3330 sit
294 3298 330 3330 et
352 3303 548 3332 conversus
579 3296 617 3332 in
650 3299 806 3343 speciem
839 3301 935 3347 agni.
963 3302 1103 3341 Dicitur

41 3356 162 3390 tamen
179 3363 306 3401 agnus,
325 3356 410 3402 quia
419 3356 585 3394 voluntas
599 3357 677 3404 ejus
690 3364 726 3396 et
739 3360 883 3398 bonitas
900 3373 972 3408 qua
987 3364 1102 3401 Deum

41 3415 288 3461 repropitiavit
302 3416 526 3462 hominibus,
536 3424 573 3455 et
590 3426 824 3466 peecatorum
839 3422 1102 3471 indulgentiam

41 3473 154 3519 dedit,
171 3475 259 3513 talis
277 3477 418 3514 exstitit
434 3479 594 3516 humano
621 3481 762 3528 generi,
784 3483 890 3527 quasi
923 3485 1008 3528 agni
1030 3486 1099 3522 ho-

39 3532 111 3573 stia
130 3533 361 3575 immaculata
379 3542 416 3574 et
434 3537 625 3584 innocens,
639 3550 712 3586 qua
727 3540 863 3586 placari
893 3542 1100 3582 hominihus

41 3591 161 3632 Um
175 3597 389 3634 ereduntur.
419 3597 481 3635 Sic
511 3608 598 3646 ergo
624 3599 793 3641 fortassis
816 3606 853 3638 et
879 3602 1010 3649 siquis
1042 3610 1099 3642 est

41 3653 248 3702 andnam
262 3658 536 3707 coelestiumque
548 3661 739 3707 virtutum,
758 3667 821 3700 aut
845 3663 952 3711 siqui
981 3663 1098 3712 iusto-

1181 2143 1211 2179 si
1238 2145 1420 2190 purificari
1440 2145 1622 2191 potuerint
1651 2156 1671 2182 a
1692 2146 1853 2192 peccatis
1869 2147 2034 2183 homines
2051 2173 2060 2190 ,
2096 2152 2132 2182 et
2161 2156 2241 2183 esse

1179 2205 1359 2250 puriores,
1381 2205 1593 2242 minuuntur
1611 2211 1648 2242 et
1664 2206 1802 2242 hostiae.
1826 2205 1864 2242 Si
1883 2207 1982 2243 enim
2000 2217 2067 2254 pro
2086 2207 2244 2253 peccatis

1179 2271 1265 2301 sunt
1293 2267 1436 2311 hostiae,
1456 2272 1492 2303 et
1514 2256 1579 2314 pro
1598 2268 1827 2304 multitudine
1858 2275 2088 2315 peccatorum
2118 2269 2242 2305 multi-

1178 2326 1320 2371 plicatae
1336 2333 1431 2370 sunt,
1449 2328 1528 2365 sine
1546 2329 1653 2365 dubio
1665 2334 1702 2364 et
1720 2339 1785 2374 pro
1804 2329 2001 2375 exiguitate
2017 2330 2239 2365 minuuntur.

1179 2384 1293 2430 Hujus
1312 2392 1432 2422 autem
1449 2387 1501 2422 rei
1529 2387 1563 2422 in
1592 2388 1832 2433 praesentibus
1850 2387 1938 2424 loeis
1967 2387 2241 2433 Scripturaeha-

1177 2448 1304 2483 bemus
1318 2448 1464 2489 indicia,
1477 2448 1513 2484 id
1531 2453 1587 2485 est
1605 2449 1642 2484 in
1652 2448 1778 2484 ultima
1792 2448 1986 2484 festivitate
1994 2447 2238 2494 scenopegiae,

1178 2518 1260 2543 eum
1276 2518 1341 2554 per
1361 2513 1444 2544 octo
1459 2508 1536 2544 dies
1553 2508 1680 2544 hostiae
1706 2509 1880 2555 ¹iubentur
1899 2507 2035 2545 offerri.
2058 2507 2105 2543 Et
2120 2507 2239 2552 prima

1177 2569 1321 2615 quidem
1338 2569 1395 2606 die
1412 2569 1515 2616 quasi
1533 2570 1650 2606 adhuc
1679 2569 1716 2606 in
1751 2570 1973 2606 abundantia
1990 2574 2235 2616 peccatorum,

1176 2630 1452 2675 quatuordeeim
1466 2629 1568 2666 vituli
1593 2630 1764 2676 jubentur
1781 2629 1916 2667 offerri.
1929 2630 2095 2668 Secunda
2116 2634 2237 2666 autem

1177 2690 1234 2726 die
1270 2690 1470 2726 imminutis
1492 2695 1532 2726 ut
1565 2696 1650 2737 pote
1674 2691 1847 2736 peccatis,
1868 2691 2080 2726 minuuntur
2103 2695 2140 2726 et
2172 2690 2237 2726 ho-

1174 2752 1265 2794 stiae,
1285 2758 1322 2788 et
1341 2752 1615 2798 quatuordecim
1635 2751 1738 2788 vituli
1776 2750 1978 2789 offeruntur
1992 2778 2002 2795 ‚
2039 2751 2145 2787 tertia
2177 2750 2235 2786 die

1175 2814 1379 2857 duodecim,
1397 2819 1529 2860 etpost
1554 2814 1632 2851 haec
1649 2813 1829 2850 undecim.
1850 2813 1894 2849 Et
1912 2814 1962 2849 ita
1985 2812 2085 2858 quasi
2109 2811 2235 2858 puriti-

1174 2874 1376 2910 cationihus
1397 2873 1586 2911 deficiente
1612 2884 1678 2921 per
1707 2874 1783 2910 dies
1804 2874 2033 2910 multitudine
2069 2877 2236 2920 peccato-

1174 2946 1270 2980 rum,
1289 2936 1502 2972 minuuntur
1521 2943 1784 2983 consequentes
1799 2936 1907 2973 etiam
1931 2934 2072 2972 numeri
2098 2933 2234 2970 hostia-

1174 3007 1268 3034 rum.
1291 2997 1351 3034 Sic
1365 3007 1451 3044 ergo
1471 2998 1580 3034 etiam
1598 3008 1664 3045 pro
1680 2997 1948 3045 dispensatione
1964 2997 2075 3034 totius
2094 2996 2229 3038 mundi,

1175 3059 1352 3096 rationem
1385 3060 1650 3107 purificationis
1667 3060 1839 3108 intellige.
1859 3059 1999 3106 indiget
2017 3059 2112 3095 enim
2133 3057 2231 3103 puri-

1174 3119 1295 3156 ficatio
1308 3131 1380 3157 non
1395 3121 1511 3157 solum
1529 3122 1660 3168 quaein
1686 3126 1782 3158 terra
1808 3125 1892 3156 sunt
1908 3147 1916 3161 ‚
1946 3119 2008 3155 sed
2027 3123 2062 3153 et
2080 3126 2159 3162 quae
2190 3116 2226 3150 in

1174 3181 1290 3218 coelis.
1309 3182 1475 3218 Imminet
1494 3193 1650 3229 namque
1664 3187 1700 3217 et
1715 3181 1817 3217 coelis
1846 3178 2013 3224 perditio.
2036 3175 2096 3210 Sic
2126 3174 2222 3210 enim

1174 3231 1261 3280 dicit
1278 3242 1459 3289 Propheta
1480 3255 1488 3277 :
1510 3241 1595 3278 Goeli
1610 3241 1782 3287 peribunt,
1802 3244 1833 3273 et
1851 3246 1967 3272 omnes
1985 3241 2021 3270 ut
2042 3233 2225 3270 vestimen-

1171 3308 1246 3339 tum
1265 3308 1497 3345 veterascenae;
1516 3307 1548 3336 et
1562 3301 1653 3336 sicut
1672 3299 1836 3334 amictum
1862 3293 2011 3330 involves
2026 3303 2084 3329 eos
2101 3297 2134 3328 et
2147 3302 2224 3327 mu-

1169 3363 1339 3398 tabuntur
1356 3362 1476 3409 (Psal.
1495 3360 1563 3407 ci).
1585 3360 1728 3395 Intuere
1742 3357 1853 3403 igitur
1866 3353 2003 3396 mundi,
2015 3353 2052 3390 id
2068 3358 2138 3397 est,
2148 3362 2222 3390 coe-

1168 3422 1312 3459 lestium
1330 3449 1340 3464 ‚
1370 3432 1414 3457 ac
1431 3419 1668 3460 terrestrium,
1687 3421 1724 3452 et
1753 3414 1976 3451 infernorum
2006 3412 2224 3460 purificatio-

1169 3493 1266 3520 nem.
1282 3482 1372 3517 Vide
1385 3480 1529 3526 quantis
1544 3478 1704 3524 indigent
1721 3476 1791 3512 ista
1806 3475 1928 3512 omnia
1949 3473 2092 3519 hostiis,
2108 3484 2221 3522 quan-

1167 3546 1226 3577 tos
1249 3538 1436 3585 requirant
1455 3536 1602 3579 vitulos,
1627 3539 1782 3581 quantos
1809 3534 1956 3578 arietes,
1976 3538 2129 3579 quantos
2145 3532 2222 3571 hir-

1166 3608 1240 3637 eos.
1256 3597 1327 3634 Sed
1344 3598 1382 3634 in
1395 3597 1453 3634 his
1465 3597 1634 3634 omnibus
1653 3605 1747 3632 unus
1777 3599 1834 3631 est
1864 3604 1990 3640 agnus,
2017 3593 2079 3639 qui
2106 3592 2220 3629 totius

1165 3661 1287 3699 mundi
1306 3659 1423 3707 potuit
1440 3657 1584 3695 auferre
1600 3661 1801 3704 peecatum.
1820 3655 1867 3692 nt
1884 3655 1965 3692 ideo
1985 3657 2220 3692 cessaverunt

41 3722 124 3754 rm
143 3714 331 3757 hominm
356 3721 420 3759 hie
439 3731 508 3768 pro
534 3724 834 3770 repropitiatione
855 3725 977 3764 divina
996 3729 1096 3766 velut
1162 3730 1302 3762 caeterae
1316 3721 1462 3766 hostiae,
1491 3719 1575 3767 quia
1593 3719 1675 3756 talis
1699 3718 1768 3755 fuit
1797 3718 1875 3756 haeo
1902 3715 2020 3756 hostia
2034 3742 2045 3760 ,
2082 3720 2125 3752 ut
2144 3722 2217 3751 una

41 3774 152 3821 852⁸·
163 3781 228 3815 ant
239 3779 467 3828 &limant
476 3783 1091 3828 himm,obtntu⁸essesaertficium
1162 3788 1238 3826 sola
1251 3784 1432 3824 sufficeret
1447 3793 1514 3831 pro
1533 3782 1645 3822 totius
1662 3781 1787 3842 mundi
1819 3779 1947 3820 salute.
1971 3777 2103 3819 Goeteri
2116 3776 2216 3816 enim

1271 3865 1295 3889 Ὗ
