2540 4016
290 247 359 284 423
707 230 747 264 B.
775 223 943 261 RABANI
970 220 1118 259 MAum
1142 214 1357 255 ARGmEP.
1382 208 1588 247 MOGUNT.
1616 203 1807 245 OPERUM
1832 200 1953 239 PARS
1978 200 2006 236 1.
2381 191 2454 229 424

293 325 419 360 tutem,
439 315 587 361 ipseque
615 305 760 352 sanguis
789 301 891 337 vituli
909 307 1016 344 super
1045 290 1335 342 propitiatorium
1351 290 1390 331 A

291 382 335 417 ad
370 376 544 414 orientem
579 365 791 414 aspergitur,
827 361 871 396 ad
909 356 1203 405 propitiationem
1235 349 1334 386 enim

289 444 450 478 nostram
484 430 658 475 simulque
688 420 1000 461 illuminationem,
1021 413 1141 462 passio
1165 409 1335 448 salutaris

287 503 434 549 peracta
455 498 522 535 est,
541 489 633 526 unde
652 487 728 532 ipsa
744 481 863 528 passio
880 479 1012 515 dicitur
1026 471 1332 522 propitiatorium,

291 561 384 596 sicut
395 555 599 600 frequenter
612 543 833 582 ostendimus
844 551 853 583 ;
870 539 1001 575 dicitur
1012 541 1133 572 autem
1142 541 1180 570 et
1187 532 1308 569 oriens
1323 542 1332 574 ;

290 622 340 655 ait
356 618 449 654 enim
475 614 517 649 de
536 619 579 646 eo
599 604 792 642 Zacharias
810 601 989 647 propheta
1007 609 1015 633 :
1031 597 1123 632 Ecce
1143 595 1195 630 vir
1218 593 1335 628 oriens

290 688 411 715 nonien
423 678 512 720 ejus,
527 676 558 706 et
576 668 693 705 subter
707 676 745 701 eo
761 663 904 699 orietur.
926 660 986 696 Ait
1004 666 1126 695 autem
1145 661 1183 692 et
1199 654 1337 690 Zacha-
1352 688 1356 691 Δ

290 739 361 774 1135
383 733 548 772 sacerdos
564 734 666 775 pater
692 723 840 761 loannis
861 732 869 756 ε
887 721 933 756 In
956 718 1079 766 quibus
1103 714 1254 752 visitavit
1274 722 1336 747 nos

290 796 414 832 Oriens
433 803 475 828 ex
491 789 572 830 alto,
593 784 790 821 illuminare
809 781 862 815 his
880 779 938 825 qui
957 778 995 812 in
1008 774 1157 811 tenebris
1174 771 1292 808 sedent
1307 774 1338 804 et

289 854 463 891 inumbra
487 848 606 886 mortis
623 844 723 892 (Luc.
741 842 782 887 1).
817 839 889 876 Sed
915 844 952 873 et
980 841 1107 872 contra
1126 832 1340 880 propitiato-

290 916 397 957 rium,
420 912 456 947 id
486 914 540 946 est
570 907 606 942 in
636 907 829 949 conspectu
860 898 992 940 Patris,
1017 900 1187 942 asperget,
1207 891 1338 936 inquit,

289 976 426 1021 septies,
445 978 484 1007 ut
503 976 576 1006 tam
598 964 848 1003 remissionem
867 964 1116 1007 peccatorum,
1131 963 1241 1000 quam
1259 951 1341 996 Spi-

291 1038 380 1073 ritus
396 1032 511 1070 sancti
534 1031 665 1067 donum
689 1026 732 1062 de
753 1022 940 1060 Dominico
961 1017 1137 1064 sanguine
1155 1014 1341 1051 hominum

292 1097 501 1142 susciperet,
521 1096 714 1134 utrumque
738 1084 835 1121 enim
855 1079 1079 1126 septenarius
1099 1084 1271 1112 numerus
1291 1072 1341 1107 si-

295 1156 455 1203 gnificat,
471 1152 556 1199 quia
571 1148 737 1186 videlicet
755 1149 837 1181 sunt
856 1146 994 1188 septem
1009 1139 1101 1174 dona
1118 1135 1287 1181 Spiritus,
1307 1137 1343 1167 et

294 1218 388 1253 idem
408 1221 578 1249 numerus
593 1209 701 1245 etiam
717 1209 946 1252 peccatorum
966 1198 1146 1245 significat
1161 1193 1340 1231 remissio-
1359 1196 1391 1234 B

295 1289 390 1315 116111.
421 1275 511 1311 Ν3111
528 1273 635 1308 Ρ6110
657 1268 839 1305 Christum
868 1264 1136 1306 interrogante:
1157 1255 1197 1292 Si
1221 1265 1341 1301 pecca-

295 1339 378 1374 verit
406 1337 443 1371 in
471 1345 524 1369 me
554 1333 663 1378 frater
687 1339 795 1370 meus,
818 1325 950 1372 quoties
983 1321 1154 1356 dimittam
1175 1319 1221 1360 ei,
1237 1326 1343 1362 usque

294 1396 444 1444 septies?
470 1393 633 1430 Christus
663 1391 739 1425 ait:
758 1387 839 1422 Non
869 1386 946 1420 dico
975 1383 1116 1429 septies,
1149 1379 1208 1414 sed
1236 1388 1344 1423 usque

294 1456 484 1503 septuaqies
493 1453 629 1499 septies,
640 1449 882 1495 multiplicans
891 1453 1078 1481 numerum
1088 1440 1342 1487 septenarium.

716 1507 865 1545 CAPUT
884 1506 925 1542 V.

297 1563 347 1599 Dc
375 1560 568 1608 expiatione
595 1556 876 1634 sanctuariipejr
908 1551 1113 1597 sanquinem
1133 1547 1220 1585 hirci
1245 1552 1347 1592 atque

773 1609 843 1637 vitu
860 1612 884 1635 i.

347 1656 464 1703 (lum.)
492 1653 644 1699 Cumque
664 1648 865 1685 mactaverit
885 1647 1019 1681 hircum
1042 1655 1104 1691 pro
1126 1648 1265 1690 peccato
1285 1651 1347 1686 po-

298 1716 388 1763 puli,
408 1715 530 1760 inseret
553 1712 758 1758 sanquinem
787 1709 861 1754 ejus
883 1708 976 1742 intra
1004 1705 1131 1748 velum,
1146 1705 1235 1740 sicut
1255 1715 1347 1750 prce-

301 1783 433 1822 ceptum
453 1780 515 1817 est,
544 1774 584 1808 dc
607 1771 772 1818 sanquine
793 1768 899 1810 vituli,
931 1774 965 1802 ut
991 1770 1151 1812 aspergat
1171 1776 1188 1800 e
1213 1765 1350 1810 regione

301 1834 448 1878 oraculi,
466 1840 498 1869 et
514 1834 623 1879 expiet
636 1830 874 1867 sanctuarium
889 1828 929 1862 ab
950 1826 1180 1862 immunditiis
1197 1824 1352 1870 fitiorum

304 1895 431 1939 Israel,
452 1901 483 1930 et
504 1906 524 1929 a
541 1890 883 1940 prcevaricationibus
901 1899 1035 1931 corum,
1054 1887 1252 1931 cunctisque
1271 1895 1351 1930 pec-

304 1957 403 1992 catis.
423 1955 495 2003 <Em
511 1951 715 1999 Hesychio.)
738 1951 828 1994 Quia
853 1948 948 1984 6111111
967 1947 1134 1982 Christus
1162 1946 1205 1980 de
1222 1942 1355 1978 Judaeis

304 2016 499 2053 secundum
515 2023 661 2049 carnem
682 2001 742 2056 qui
762 2010 828 2045 sub
842 2009 927 2054 jugo
945 2007 1036 2052 legis
1055 2004 1236 2046 vivebant,
1255 2008 1356 2037 ortus

305 2083 372 2119 est,
394 2081 492 2111 recte
513 2073 616 2109 vituli
640 2070 858 2107 sacrificium
877 2067 1109 2108 nominatur3
1131 2064 1214 2111 quia
1233 2068 1357 2099 autem

315 2136 510 2173 secundum
542 2133 635 2178 quod
655 2132 861 2166 incarnatus
880 2133 958 2162 erat
976 2127 1019 2162 de
1038 2126 1217 2162 communi
1238 2134 1358 2160 massa
1377 2103 1406 2144 C

308 2198 495 2235 hominum
522 2195 639 2230 sactus
658 2198 727 2235 est,
755 2196 945 2237 propterea
964 2200 1090 2226 rursus
1109 2189 1217 2234 igitur
1235 2188 1359 2223 hircus

311 2258 511 2305 appellatur
529 2267 536 2290 z
554 2264 720 2300 asperum
748 2253 844 2287 enim
875 2252 943 2287 1106
968 2249 1114 2291 animal,
1134 2248 1289 2294 pilorum
1308 2247 1361 2281 in-

313 2320 521 2355 dumentum
552 2315 657 2361 gerit,
677 2322 843 2359 asperum
879 2316 999 2346 autem
1029 2314 1069 2344 ut
1095 2313 1180 2355 pote
1216 2312 1362 2352 peccato

313 2379 484 2415 refertum
504 2387 610 2413 omne
626 2376 821 2411 viventium
841 2383 965 2420 genus,
990 2372 1074 2418 quia
1093 2369 1181 2404 nihil
1200 2373 1255 2404 651
1281 2378 1364 2413 pec--

313 2445 391 2475 cato
412 2437 597 2488 asperius:
616 2435 710 2471 unde
729 2435 797 2469 hoc
817 2433 1014 2479 approbare
1039 2436 1161 2475 aperte
1182 2427 1365 2474 legislator

314 2500 435 2535 volens
453 2510 461 2533 :
480 2497 632 2542 Cumque
655 2494 873 2535 mactaverit,
897 2491 1027 2536 inquit,
1047 2490 1183 2524 hircum
1200 2498 1262 2532 pro
1290 2497 1365 2532 pec-

313 2566 387 2594 cato
411 2556 541 2604 populi.
568 2556 695 2592 Totum
716 2555 774 2589 hic
794 2552 998 2598 intelligens
1016 2551 1212 2586 humanum
1238 2557 1363 2594 genus,

313 2618 406 2664 quod
424 2616 603 2663 quondam
621 2624 691 2650 non
710 2611 876 2659 populus,
897 2620 992 2645 nunc
1004 2608 1155 2655 populus
1172 2616 1215 2642 ex
1233 2615 1303 2652 quo
1323 2606 1367 2641 de

314 2679 417 2714 nobis
436 2675 613 2722 primitias
640 2673 742 2709 Jesus
772 2670 943 2717 suscepit.
977 2670 1072 2714 Ergo
1092 2674 1131 2704 ut
1148 2668 1368 2703 demonstra-

317 2744 374 2773 ret
389 2737 434 2772 de
450 2735 582 2771 Judaeis
599 2733 744 2778 quidem
760 2731 1004 2777 principaliter
1021 2729 1204 2765 Christum
1222 2734 1369 2774 propter

320 2798 502 2834 Abraham
518 2793 767 2841 cognationem
785 2802 876 2832 6556,
895 2791 957 2826 sed
972 2797 1093 2825 tamen
1106 2789 1223 2825 omnis
1237 2794 1370 2824 nostrae

320 2863 458 2894 naturae
477 2865 556 2901 quae
573 2855 611 2890 in
629 2857 778 2900 peccato
793 2857 847 2886 est
862 2851 1039 2897 primitias
1052 2855 1211 2896 portare,
1225 2854 1371 2894 propter

323 2918 418 2963 quod
437 2921 474 2952 et
489 2915 604 2950 Adam
625 2911 824 2958 appellatus
845 2916 911 2952 651,
934 2909 1087 2945 vitulum
1105 2908 1212 2944 simul
1238 2914 1274 2943 et
1294 2908 1370 2942 hir-

324 2985 408 3010 cum
434 2973 493 3009 lex
513 2972 558 3007 ad
576 2971 726 3018 figuram
745 2969 914 3005 sacrificii
943 2968 1019 3013 ejus
1048 2967 1256 3012 assumpsit.
1283 2966 1372 3002 Cum

325 3041 446 3072 autem
467 3043 578 3069 unum
598 3032 645 3068 sit
666 3031 897 3073 sacrificium,
917 3029 993 3065 sive
1007 3028 1142 3063 vitulus
1156 3028 1231 3063 sive
1251 3027 1374 3063 hircus
1389 3005 1425 3044 D

326 3097 549 3138 nominetur,
567 3092 785 3138 effectusque
819 3099 911 3125 unus
934 3090 972 3124 in
999 3095 1191 3134 utrumque
1210 3087 1271 3131 sit,
1293 3097 1376 3133 pec-

329 3165 494 3196 catorum
510 3156 606 3192 enim
623 3164 667 3190 ex
686 3164 728 3190 eo
742 3151 951 3198 profligatur
966 3150 1153 3193 absolutio,
1172 3149 1376 3185 necessario

330 3217 532 3255 communia
553 3218 636 3251 sunt
654 3223 697 3249 ea
714 3222 793 3258 quae
812 3212 848 3247 in
867 3210 969 3247 hirco
999 3215 1153 3257 aguntur
1180 3213 1216 3244 et
1241 3208 1376 3251 vitulo;

331 3277 450 3315 cernis
475 3277 573 3313 enim
600 3274 684 3328 quia
711 3273 821 3309 etiam
847 3271 990 3307 hircum
1016 3269 1185 3305 occidens
1205 3273 1289 3303 ante
1308 3267 1380 3302 Do-

333 3339 470 3374 minum
496 3335 664 3372 videlicet
685 3332 844 3375 Patrem,
862 3335 899 3367 et
927 3329 1138 3375 sanguinem
1157 3326 1317 3363 inserens
1341 3326 1380 3361 in

336 3399 506 3436 interiora
521 3395 726 3438 velaminis,
742 3393 780 3429 id
798 3397 855 3428 est
871 3391 917 3427 ad
929 3390 1090 3426 Patrem.
1109 3387 1154 3424 Et
1171 3387 1283 3434 expiet
1299 3398 1382 3422 san-

335 3458 510 3495 canariam
527 3457 570 3492 ab
589 3453 818 3492 immunditiis
845 3451 1002 3498 filiorum
1024 3448 1137 3485 Israel
1156 3453 1188 3484 et
1210 3459 1232 3484 a
1251 3449 1384 3494 praeva-

339 3520 560 3558 mationibus
587 3529 707 3555 eorum
724 3517 923 3563 cunctisque
953 3513 1101 3562 peccatis
1119 3538 1127 3547 .
1145 3511 1288 3550 videtur
1303 3509 1384 3555 qui-

341 3585 423 3622 dem
451 3583 495 3619 de
520 3580 749 3618 tabernaculo
766 3579 909 3622 dicere3
930 3576 1017 3615 dicit
1045 3580 1166 3612 autem
1183 3583 1256 3610 non
1281 3572 1325 3609 de
1341 3580 1386 3607 eo

343 3644 404 3691 qui
421 3643 542 3680 sensui
558 3641 719 3687 subjacet
733 3652 743 3676 :
758 3640 846 3687 quid
867 3639 964 3676 enim
989 3635 1205 3684 expiationis
1218 3643 1284 3671 seu
1300 3642 1386 3680 pro-

343 3704 540 3751 pitiationis
562 3703 658 3750 ligna
671 3701 851 3750 egerent?-
873 3700 1005 3747 quidve
1021 3697 1148 3745 pelles,
1165 3696 1224 3734 vel
1250 3695 1388 3741 reliqua

348 3772 395 3798 ex
433 3763 564 3810 quihus
594 3761 867 3799 tabernaculum
902 3759 1108 3796 Judaeorum
1141 3755 1237 3804 quod
1267 3753 1391 3793 sensui

286 3831 295 3840 ’
351 3823 559 3870 subjacebat
575 3822 779 3885 ooniacum
804 3821 905 3860 erat?
922 3819 987 3858 sed
1004 3818 1296 3903 3636131116ξῆ
1314 3817 1409 3878 sive-
1443 3873 1452 3877 -

1118 3922 1162 3940 ἧς

1392 3959 1409 3972 ,
1449 3955 1454 3961 .

1402 344 1504 380 1111110
1527 352 1648 378 1113553
1666 345 1810 382 1105113,
1832 337 1883 372 ita
1901 340 1942 370 ut
1959 332 2024 368 Dei
2043 330 2082 367 in
2101 339 2145 366 ea
2163 324 2345 375 habitaret
2375 325 2457 374 Spi-

1402 407 1494 441 ritus
1512 417 1520 439 :
1536 403 1633 450 quod
1663 401 1932 437 demonstratur
1949 403 1994 430 ex
2013 402 2057 428 eo
2077 390 2174 438 quod
2204 388 2349 425 auferre
2368 387 2456 423 illud

1402 465 1564 500 irascens
1592 462 1749 498 minatus
1782 462 1838 494 est
1867 455 1977 498 Deus,
1996 452 2140 499 quando
2158 451 2196 487 111
2215 451 2277 496 qui
2295 459 2341 485 ex
2368 447 2459 484 Seth

1404 525 1673 562 descendebant
1686 548 1696 564 ,
1718 529 1802 556 cum
1830 521 1955 553 essent
1971 514 2059 560 justi
2079 518 2115 550 et
2135 512 2199 548 filii
2217 511 2283 547 Dei
2302 509 2460 557 appella-

1404 591 1544 627 rentur,
1564 581 1860 627 concupiscentes
1873 587 1949 620 eas,
1965 586 2045 622 quae
2062 573 2144 610 ssliae
2161 572 2354 609 hominum,
2389 570 2397 578 '
2423 617 2425 622 Α

1403 647 1558 687 bantur,
1582 643 1690 678 unius
1716 639 1858 687 generis
1884 648 1966 674 cum
2000 635 2103 672 malis
2121 641 2158 671 et
2177 633 2309 678 iniquis
2348 635 2353 638 ”
2435 623 2460 666 >1

1405 709 1507 747 511111;
1530 702 1621 738 dixit
1643 700 1740 737 enim
1759 699 1839 741 sie:
1867 697 2031 733 videntes
2054 694 2120 742 filii
2147 693 2212 752 Pei
2230 692 2322 739 filias
2349 690 2461 726 homi-

1407 774 1491 799 num
1509 761 1601 809 quod
1622 766 1734 796 essent
1756 758 1927 806 pulchroe,
1952 759 2159 803 acceperunt
2187 753 2253 789 sibi
2271 762 2397 787 uxores
2418 760 2461 787 ea:

1408 825 1567 862 onmibus
1580 835 1666 871 quas
1681 812 1867 868 eleqerant.
1884 819 1931 855 Et
1948 818 2037 853 dixit
2054 816 2225 852 Dominus
2240 814 2334 849 Deus
2350 823 2362 847 .·
2378 811 2413 846 N
2417 822 2462 846 on

1406 884 1620 932 permanebit
1641 883 1794 930 Spiritus
1811 891 1908 916 meus
1923 880 1959 915 in
1977 878 2114 914 homine
2130 877 2168 912 in
2182 880 2363 916 oeternum,
2380 872 2463 917 quia

1409 955 1491 980 caro
1510 951 1591 980 sunt
1612 942 1715 988 (Gen.
1745 941 1810 990 vi).
1832 941 1927 987 Ergo
1951 940 1982 975 si
2008 937 2198 975 habitabat
2221 935 2376 981 Spiritus
2398 932 2463 968 Dei

1409 1005 1446 1041 in
1462 1007 1668 1043 hominibus
1695 1010 1891 1050 antequam
1913 1012 2039 1054 omnes
2062 1000 2164 1046 sequi
2181 998 2367 1046 passiones
2384 1006 2465 1032 car-

1410 1069 1467 1105 nis
1487 1069 1712 1114 inciperent,
1735 1071 1862 1103 sancta
1882 1068 1980 1100 recte
1998 1067 2078 1098 erat
2105 1061 2292 1097 hominum
2322 1067 2460 1100 massa;

1411 1140 1497 1164 113111
1529 1138 1596 1164 1166
1613 1127 1792 1174 primitias
1822 1137 1867 1162 ex
1891 1135 1933 1160 ea
1955 1127 2101 1160 sanctus
2132 1125 2342 1158 sanctorum
2366 1128 2467 1154 assu·
2504 1115 2517 1148 ’ἴ

1414 1195 1542 1225 meret.
1565 1189 1657 1233 Quia
1678 1194 1798 1222 autem
1829 1185 2012 1221 sordidata
2041 1187 2109 1225 est,
2129 1181 2288 1227 expiavit
2313 1190 2392 1215 eam
2421 1178 2467 1213 ab

1412 1249 1650 1286 immunditiis
1671 1247 1829 1283 filiorum
1853 1244 1979 1287 Israel,
1997 1242 2193 1279 secundum
2206 1239 2384 1275 rationem
2402 1247 2468 1284 pro

1413 1310 1578 1347 sensibili
1597 1308 1709 1345 Israel
1738 1307 1843 1344 Jesus
1871 1304 2089 1344 immolatus,
2107 1301 2144 1337 id
2160 1306 2215 1336 651
2234 1298 2466 1342 sacrificium,

1413 1377 1449 1407 et
1467 1381 1533 1417 pro
1549 1371 1647 1406 0111111
1663 1370 1820 1405 humano
1835 1376 1982 1412 genere,
1999 1365 2043 1400 ad
2058 1362 2300 1409 expiationem
2318 1351 2471 1401 immun-

1415 1431 1585 1467 ditiarum
1632 1435 1844 1464 naturarum
1884 1425 2013 1462 obtulit
2027 1451 2037 1467 ‚
2077 1432 2230 1468 quarum
2276 1418 2470 1455 immundi-

1416 1489 1575 1525 tiarum?
1603 1489 1639 1524 id
1658 1494 1714 1524 est
1745 1498 1764 1522 a
1795 1483 2151 1532 praevaricationibus
2178 1491 2316 1523 eorum,
2354 1478 2472 1524 inquit

1416 1551 1630 1595 cunctisque
1648 1548 1826 1595 peccatis;
1848 1546 1977 1582 animae
1994 1545 2125 1590 quippe
2142 1541 2383 1583 immunditia,
2401 1549 2472 1575 non

1417 1610 1550 1647 mortui
1579 1609 1743 1656 pollutio,
1766 1618 1838 1644 11011
1866 1606 2037 1652 porcinus
2067 1603 2180 1644 cibus,
2199 1611 2270 1637 11011
2290 1599 2473 1646 quidpiam

1419 1672 1515 1708 aliud
1550 1671 1679 1714 simile,
1703 1670 1765 1706 sed
1785 1678 1916 1705 nocere
1946 1666 2112 1713 proximo
2130 1669 2197 1706 est,
2218 1669 2254 1698 et
2270 1670 2421 1706 peccare
2438 1659 2475 1695 in

1419 1735 1534 1770 Deum
1553 1732 1611 1768 vel
1634 1731 1803 1767 mandata
1823 1730 1901 1766 Dei.
1922 1728 2033 1763 Juxta
2052 1726 2143 1761 hunc
2162 1725 2268 1759 ritum
2295 1721 2397 1768 saciet
2423 1726 2477 1755 ta-

1421 1794 1607 1832 bernaculo
1635 1793 1836 1836 testimonii,
1850 1790 1942 1839 quod
1963 1790 2074 1835 fixum
2093 1794 2143 1822 est
2159 1788 2251 1822 inter
2270 1794 2327 1819 eos
2343 1783 2381 1818 in
2405 1792 2478 1817 me-

1422 1857 1479 1891 dio
1509 1856 1653 1891 sortium
1686 1852 1912 1889 habitationis
1930 1860 2072 1892 eorum,·
2098 1846 2216 1882 mutus
2236 1845 2416 1880 hominum
2433 1842 2477 1878 sit

1423 1919 1460 1953 in
1475 1915 1699 1952 tabernaculo
1715 1913 1856 1962 quando
1875 1911 2033 1960 pontifex
2047 1896 2242 1955 ιἰιρνεάῖετιν
2261 1907 2297 1941 in
2317 1909 2479 1940 sanctua-

1425 1981 1531 2022 rium,
1552 1985 1587 2013 ut
1606 1984 1699 2024 roqet
1719 1988 1781 2023 pro
1800 1987 1836 2012 se
1853 1981 1884 2010 et
1903 1985 1964 2021 pro
1984 1973 2086 2007 domo
2101 1981 2180 2013 sua,
2195 1975 2225 2003 et
2242 1979 2304 2015 pro
2320 1966 2479 2002 universo

1427 2047 1516 2075 coetu
1538 2041 1553 2075 1
1561 2040 1666 2075 srael.
1689 2039 1761 2087 (Ex
1781 2035 1931 2083 eodem.)
1948 2035 2050 2079 Quod
2067 2033 2125 2069 lex
2143 2031 2307 2077 superius
2328 2027 2483 2074 appella-

1428 2104 1480 2138 vit
1514 2110 1654 2146 sancta,
1673 2113 1758 2138 6666
1778 2111 1875 2137 1111116
1903 2095 2176 2134 tabernaculum
2207 2090 2403 2128 testimonii
2421 2100 2484 2135 ap-

1428 2158 1550 2212 pellat,
1571 2165 1665 2210 quod
1700 2164 1813 2199 fixum
1845 2168 1901 2198 est
1930 2162 2023 2196 iuter
2054 2157 2169 2194 cosin
2188 2155 2305 2191 medio
2335 2151 2485 2188 sortium

1429 2225 1663 2261 habitationis
1679 2234 1824 2267 eorum3
1844 2225 1970 2259 eadem
1999 2221 2131 2267 quippe
2150 2218 2288 2254 ratione
2309 2220 2344 2251 ct
2361 2217 2486 2250 sancta

1430 2297 1522 2326 esse,
1542 2292 1579 2321 et
1612 2284 1808 2320 testimonii
1851 2283 2023 2329 appellari
2060 2276 2333 2318 tabernaculum
2369 2282 2488 2310 massa

1431 2352 1555 2383 nostra
1575 2351 1706 2392 potest.
1733 2344 1771 2380 Si
1788 2344 1885 2379 enim
1905 2335 2177 2379 tabernaculum
2197 2335 2396 2374 testimonii
2415 2342 2488 2370 coe-

1432 2409 1505 2443 lum
1539 2407 1751 2449 dixerimus,
1784 2411 1883 2441 recte
1919 2408 2043 2439 sancta
2082 2400 2300 2440 nominatur,
2335 2393 2492 2433 coelestis

1434 2474 1555 2505 1105161
1576 2468 1685 2502 1101110
1702 2493 1711 2509 ,
1733 2465 1778 2501 (16
1804 2475 1875 2510 quo
1901 2464 1953 2499 ait
1983 2461 2142 2498 Paulus:
2158 2458 2259 2494 Sicut
2278 2456 2493 2502 portavimus

1433 2530 1619 2576 imaginem
1654 2527 1807 2570 terreni,
1836 2532 2011 2573 portemus
2047 2527 2078 2557 et
2121 2520 2307 2564 imaqinem
2348 2514 2492 2551 coelestis

1436 2590 1470 2636 (Ι
1490 2589 1572 2624 Cor.
1591 2595 1666 2636 xv).
1680 2587 1822 2623 Rursus
1839 2598 1847 2620 ε
1865 2584 1904 2621 Si
1920 2589 2094 2619 terrestris
2109 2580 2232 2615 domus
2249 2583 2368 2614 nostra
2387 2575 2492 2621 hujus

1435 2649 1660 2685 habitationis
1679 2647 1906 2688 dissolvatur,
1928 2644 2095 2679 habemus
2115 2638 2398 2684 aedificationem,
2416 2642 2493 2682 quae

1437 2721 1478 2745 ea:
1501 2710 1571 2745 Deo
1592 2715 1655 2751 est,
1673 2708 1816 2743 domum
1828 2716 1898 2740 non
1915 2714 2022 2739 utana
2038 2702 2183 2747 factam,
2199 2703 2366 2734 (eternam
2377 2696 2414 2730 in
2434 2704 2496 2729 ειε-

1437 2771 1480 2806 tis
1505 2770 1562 2818 (II
1583 2769 1665 2805 Cor.
1686 2770 1737 2816 v).
1767 2767 1918 2812 Quando
1938 2766 2032 2801 enim
2053 2763 2219 2800 Christus
2238 2757 2441 2805 ingreditur
2457 2755 2494 2790 in

1439 2837 1618 2874 sanctum,
1637 2831 1674 2866 id
1695 2834 1751 2865 est
1781 2828 1925 2874 quando
1951 2824 2209 2863 incarnabatur
2228 2819 2412 2857 coelestem
2431 2817 2496 2852 110-

1441 2899 1593 2940 minem,
1615 2901 1723 2942 atque
1754 2905 1799 2931 ex
1835 2894 1939 2930 nobis
1974 2891 2155 2941 primitias
2183 2887 2360 2930 sumebat,
2393 2893 2497 2920 1161110

1442 2970 1521 2999 6131
1547 2963 1585 2998 111
1607 2961 1821 3008 intelligibili
1840 2958 2072 2996 tabernaculo
2094 2955 2308 2998 testimonii,
2328 2963 2395 2990 nec
2411 2963 2498 2999 gen·
2538 2975 2540 2998 :

1444 3024 1530 3066 tilis,
1546 3033 1613 3058 nec
1628 3021 1879 3064 circumcisus,
1898 3030 1966 3057 1166
1983 3019 2182 3061 levita‚nec
2195 3015 2364 3052 sacerdos
2379 3025 2388 3049 ε
2405 3011 2499 3055 Quia
2536 3055 2540 3069 Ι

1443 3095 1560 3120 omnes
1575 3082 1963 3126 declinaverunt,simul
1978 3079 2120 3116 inutiles
2135 3078 2219 3125 sacti
2235 3082 2314 3112 sunt
2324 3074 2401 3123 (Ps.
2417 3071 2498 3120 ιιι).
2514 3084 2522 3094 ⁶

1443 3144 1555 3181 Nemo
1587 3144 1772 3180 coelestem
1809 3141 2121 3178 conversationem
2151 3145 2239 3174 111116
2267 3134 2500 3181 sequebatur,

1445 3216 1511 3242 nec
1541 3206 1686 3251 dignam
1718 3204 1859 3240 coelesti
1878 3202 2018 3238 homini
2047 3199 2263 3246 sapientiam
2282 3205 2395 3242 usque
2416 3195 2506 3230 dum,

1446 3266 1484 3302 in
1514 3270 1640 3301 sancto
1666 3263 1824 3308 propriae
1853 3262 1973 3297 carnis
2004 3265 2148 3305 rogaret
2177 3269 2243 3306 per
2274 3265 2445 3299 crucem,
2465 3254 2503 3297 et

1448 3333 1616 3370 egressus
1635 3327 1691 3357 est
1706 3331 1750 3357 ex
1769 3331 1811 3356 ea
1831 3321 1910 3366 lege
1941 3319 2142 3354 communis
2169 3317 2312 3360 mortis,
2333 3315 2459 3351 emitte

1449 3384 1614 3432 spiritum
1631 3410 1642 3426 ,
1669 3387 1706 3418 et
1736 3390 1884 3417 carnem
1911 3379 2058 3425 quidem
2088 3377 2296 3423 relinquens
2323 3374 2488 3420 sepulcro

1451 3446 1547 3494 quod
1563 3445 1641 3492 ejus
1658 3443 1844 3480 evidenter
1863 3440 1982 3477 exitus
1996 3439 2218 3476 nominatur.
2241 3435 2373 3472 Nullus
2389 3434 2434 3470 ho
2474 3433 2485 3442 “

1453 3518 1550 3551 num,
1580 3505 1710 3552 inquit,
1731 3503 1776 3540 sit
1807 3502 1844 3538 in
1866 3499 2091 3537 tabernaculo
2110 3498 2251 3550 quando
2274 3495 2462 3546 pontisexi

1452 3567 1609 3616 qreditur
1630 3566 1670 3602 in
1703 3562 1960 3605 sanctuarium,
1980 3566 2019 3596 ut
2036 3566 2144 3608 roget.
2175 3558 2255 3596 Non
2284 3562 2406 3595 autem

1453 3628 1624 3677 exprimit
1647 3625 1746 3674 quod
1769 3623 1888 3661 omnis
1911 3623 2020 3659 homo
2046 3622 2091 3659 de
2109 3617 2359 3658 tabernaculo.
2374 3625 2438 3654 see
2461 3658 2465 3661 r

1455 3691 1542 3728 dum
1558 3693 1701 3734 tempus
1715 3665 1897 3729 mermi,
1917 3684 2013 3730 quod
2030 3693 2129 3720 nune
2143 3682 2280 3720 dietum
2297 3683 2368 3728 est,
2384 3686 2430 3715 ex

1457 3751 1618 3793 deretur,
1630 3748 1695 3785 sed
1711 3745 1893 3794 significat
1907 3755 2014 3782 omne
2029 3744 2214 3789 hominum
2228 3748 2356 3796 genus

1457 3818 1546 3852 tunc
1561 3820 1689 3860 sapere
1707 3809 1798 3848 etin
1813 3808 1974 3856 peccatis
2003 3817 2096 3853 esse,
2117 3816 2162 3844 36
2186 3792 2379 3855 proptera
2388 3784 2465 3846 in]

1507 3880 1511 3882 .
2139 3858 2250 3893 ,wal
2279 3870 2361 3891 su*
2380 3871 2402 3886 „
2436 3869 2450 3881 ¹.
