2540 4016
293 169 383 208 1⁰99

713 164 755 203 Β.
783 163 955 203 RABANI
979 163 1127 204 MAURI
1151 163 1368 204 ARGHOEP.
1396 162 1604 205 MQGUNT.
1630 161 1826 204 ornum!
1849 161 1971 203 PARS
1994 164 2023 202 1.

2372 166 2477 210 tw

287 247 409 284 dicare
427 240 656 289 mysterium,
676 241 774 288 quod
787 250 871 277 eum
893 240 1081 286 plenitudo
1104 241 1265 287 gentium
1286 241 1343 276 in-
1361 242 1399 283 Α
1413 238 1574 278 (11003103
1591 253 1600 278 :
1623 254 1636 276 ‹
1657 240 1817 290 Sanguis
1834 242 1933 282 illius
1954 251 2062 289 super
2075 250 2158 288 nos,
2177 249 2218 282 et
2243 251 2356 291 super
2372 243 2486 298 Q

287 306 428 347 troiret‚
448 307 486 339 et
501 312 582 350 quae
605 301 828 349 repromissa
848 306 932 336 sunt
957 301 1010 337 eis
1035 311 1058 337 a
1086 300 1240 337 Domino
1257 298 1345 338 Jesu

285 366 489 411 reciperent
518 363 570 400 illi
603 363 666 410 qui
696 372 763 410 per
792 361 940 410 Moysen
963 361 1097 399 eruditi
1118 367 1157 399 et
1174 362 1345 400 instructi

284 427 441 470 fuerant,
474 428 511 460 et
540 421 602 470 qui
631 422 735 460 nobis
767 421 805 459 in
836 423 1036 460 certamine
1060 422 1190 470 positis
1210 422 1345 460 auxilia

285 486 510 525 orationibus
527 490 564 521 01
581 484 750 531 precibus
768 483 994 529 detulerant;
1019 489 1056 521 01
1079 485 1166 532 quia
1182 483 1344 521 nondum

283 548 582 598 repromissiones
593 547 778 584 consecuti
792 551 891 592 sunt,
910 551 1163 595 exspectantes
1178 553 1218 583 ut
1234 546 1344 583 etiam

284 615 408 647 nostra
438 609 582 646 vocatio
611 606 851 654 compleatur,
879 607 975 645 sicut
1007 607 1095 645 dicit
1122 605 1342 655 Apostolus,

284 680 379 707 nunc
394 669 538 706 demum
553 666 813 715 perfectionem
830 677 911 713 quae
927 665 982 704 eis
997 666 1106 704 dilata
1125 666 1244 704 fuerat
1258 677 1342 703 con-

284 735 498 777 sequantur,
519 738 602 765 eum
619 728 830 765 muneribus
851 738 930 774 quae
960 726 1143 775 accipiunt
1169 728 1214 764 ab
1236 727 1343 772 Jesu,

283 796 324 828 ut
347 789 593 836 unusquisque
623 787 765 826 habitet
783 787 820 824 in
841 798 944 835 pace,
975 788 1075 825 omni
1106 787 1202 825 bello
1234 793 1345 835 atque

283 851 384 889 omni
402 850 672 898 impugnatione
688 854 868 886 cessante.
885 846 972 886 Post
989 850 1068 886 haee
1085 849 1220 886 lectum
1239 849 1345 886 nobis

283 919 340 951 est
354 913 437 959 quia
455 911 518 948 filii
549 912 676 948 Ruhen
691 939 701 955 ,
729 916 766 948 et
784 911 848 947 filii
874 910 971 955 Gad,
993 917 1030 948 et
1059 911 1208 949 dimidia
1229 911 1346 948 tribus

283 974 460 1018 Manasse,
478 973 539 1019 qui
554 977 772 1009 0133111333
782 971 991 1018 Jordanem,
1008 972 1231 1009 aedificarent
1245 983 1347 1009 aram

283 1037 490 1083 ingentem3
511 1036 575 1071 111ἰί
596 1046 683 1072 vero
701 1035 813 1072 Israel
830 1035 976 1082 reliqui,
996 1036 1206 1083 ignorantes
1231 1046 1346 1083 quare

283 1099 361 1134 11300
379 1107 442 1133 313
462 1096 592 1133 fuisset
616 1101 828 1132 constructa
842 1124 851 1140 ,
881 1097 1030 1132 mittunt
1053 1095 1209 1133 Phinees
1230 1096 1345 1133 filium

1413 308 1557 340 nostros
1585 302 1728 352 (Manli.
1756 305 1896 354 xxvn);
1921 319 1935 342 ›
1960 306 2054 343 unde
2081 311 2119 342 et
2140 318 2155 341 ι
2177 307 2297 345 omnis
2324 318 2483 357 331111.>

1409 362 1529 409 iustus
1548 364 1611 411 qui
1627 364 1763 402 effusus
1782 371 1838 402 est
1857 375 1968 412 super
1986 370 2139 410 terram,
2155 376 2178 404 a
2191 368 2367 416 sanguine
2393 384 2397 390 Δ
2424 384 2457 400 ιι.
2472 381 2483 401 a
2506 399 2513 404 ,,

1409 423 1632 471 justiusque
1653 425 1700 461 ad
1723 426 1938 472 sanguinem
1959 426 2170 471 Zachariae,
2191 437 2299 475 quem
2324 429 2400 466 inte
2444 445 2460 461 ¹--

1412 476 1542 521 cerunt
1556 484 1652 520 inter
1670 484 1846 530 templum
1867 490 1906 522 et
1933 486 2047 523 altare
2065 485 2210 534 (Mateta.
2234 487 2355 538 xxm),
2377 502 2390 525 ›
2413 498 2478 529 ren>

1377 571 1384 579 .
1414 544 1621 591 quireretur
1644 553 1665 579 a
1692 544 1927 589 generatione
1954 545 2015 582 illa
2044 556 2125 593 quae
2150 547 2240 587 dixit
2257 561 2266 585 ε
2284 561 2301 584 ¹
2318 549 2490 599 Sanguis:

1414 603 1492 651 ejus
1512 614 1621 651 super
1647 614 1716 640 nos
1734 609 1772 641 et
1801 612 1910 652 super
1935 604 2031 643 filios
2058 612 2216 645 nostros.
2239 622 2252 645 1
2273 608 2367 647 Sunt
2389 620 2467 659 erg·
2534 587 2537 622 ξ

1414 664 1475 701 1311
1494 674 1580 711 pars
1603 664 1738 712 populi,
1762 665 1824 711 qui
1841 675 1959 713 neque
1975 676 2115 714 azyma,
2134 678 2255 715 neque
2271 669 2350 707 dies
2364 669 2478 708 festos
2509 706 2514 712 ,
2532 687 2537 715 ;,

1415 729 1668 771 competenter
1687 730 1820 773 agunt,
1840 725 1904 762 sed
1926 727 2091 764 conversi
2109 733 2194 765 sunt
2211 728 2290 766 dies
2316 729 2401 767 festi
2417 739 2478 768 eo·
2530 750 2534 770 ι

1416 796 1498 822 rum
1516 786 1553 822 in
1574 785 1727 831 luctum,
1747 791 1783 824 et
1801 787 1944 824 cantica
1959 797 2084 825 eorum
2106 788 2143 825 in
2165 788 2476 828 lamentationem.
2493 784 2496 785 ⁷

1416 846 1495 884 Non
1514 851 1710 893 potuerunt
1729 847 1826 884 diem
1845 847 1979 885 festum
2002 849 2188 887 celebrare
2214 850 2252 887 in
2268 850 2349 888 loco
2366 861 2477 898 quem
2521 846 2535 867 ³

1415 906 1525 954 elegit
1542 906 1717 943 Dominus
1735 907 1843 945 Deus.
1860 908 1905 944 Et
1921 919 1988 946 nos
2005 909 2153 956 quidem
2169 920 2243 946 non
2261 910 2420 949 diximus
2434 910 2480 949 ad
2522 927 2535 947 t«

1416 966 1519 1011 illos,
1538 967 1622 1014 quia
1639 977 1712 1003 non
1739 968 1808 1004 erit
1836 969 1939 1006 vobis
1957 980 2043 1016 pars
2067 970 2105 1006 in
2125 970 2196 1007 hoc
2212 970 2340 1016 altari,
2360 971 2418 1007 vel
2442 972 2480 1008 in

1416 1027 1630 1064 haereditate
1645 1027 1805 1072 Domini,
1822 1030 1885 1065 sed
1904 1030 1972 1075 ipsi
1993 1035 2122 1076 sponte
2140 1041 2204 1067 sua
2225 1031 2339 1067 altare
2353 1041 2482 1068 verum

1418 1093 1455 1125 01
1472 1088 1658 1125 coelestem
1676 1089 1886 1135 pontificem
1904 1089 2122 1134 refutarunt,
2143 1095 2180 1127 et
2198 1100 2241 1127 eo
2254 1101 2369 1137 usque
2388 1090 2480 1128 infe·
2525 1100 2530 1101 ⁷

281 1159 446 1203 Eleazar,
469 1158 533 1194 filii
547 1157 670 1193 Aaron
687 1157 906 1201 sacerdotis,
929 1167 1012 1193 cum
1037 1158 1161 1194 decem
1191 1157 1280 1195 viris
1300 1157 1345 1195 de
1363 1148 1396 1189 B
1414 1150 1571 1187 lieitates
1586 1150 1639 1187 eis
1660 1155 1757 1194 sunt,
1779 1155 1819 1186 ut
1839 1156 1875 1186 et
1893 1151 2087 1198 imaginem
2106 1152 2321 1198 perderent,
2350 1157 2386 1188 et
2405 1162 2480 1188 non

281 1220 434 1268 singulis
451 1219 615 1256 tribubus
635 1219 760 1256 0100113
773 1247 782 1263 ,
804 1223 844 1254 31
867 1218 898 1255 31
917 1218 1012 1255 sorte
1036 1224 1208 1265 tanquam
1232 1219 1344 1256 disce-

282 1284 410 1319 dentes
429 1292 448 1317 a
465 1281 538 1317 Deo
554 1281 624 1316 1100
640 1280 826 1323 fecissent,
846 1279 944 1315 velut
963 1285 1136 1326 apostatae
1158 1279 1291 1325 effecti,
1308 1287 1345 1318 et

281 1345 407 1376 eontra
438 1338 647 1374 mandatum
683 1338 746 1373 Dei
782 1342 970 1384 gerentes,
1005 1345 1297 1385 expugnarentur
1322 1351 1344 1376 a

282 1400 430 1447 reliquis
451 1398 686 1442 filiislsrae13
704 1399 760 1435 sin
779 1398 899 1442 aliter,
916 1403 956 1433 ut
973 1405 1168 1435 noscerent
1180 1409 1341 1436 eausam.

280 1461 335 1498 1111
354 1470 440 1497 vero
462 1459 693 1496 satisfaciunt
712 1458 755 1494 de
783 1469 846 1494 ara
863 1463 900 1494 et
915 1458 1039 1495 dicunt
1059 1469 1068 1495 ι
1091 1457 1235 1495 Scimus
1260 1460 1345 1506 quia

281 1523 397 1559 altare
418 1531 540 1557 verum
562 1525 629 1563 est,
647 1519 752 1557 Jesus
767 1519 862 1566 apud
878 1529 940 1555 vos
959 1516 1121 1562 habitat;
1140 1529 1206 1556 nos
1221 1525 1346 1556 autem

280 1583 434 1620 fecimus
465 1580 579 1617 altare
600 1580 668 1616 hoc
700 1580 745 1616 ad
779 1579 1052 1616 similitudinem
1088 1580 1183 1617 illius
1219 1580 1346 1617 altaris

283 1644 379 1691 quod
400 1643 494 1690 apud
512 1652 578 1679 vos
599 1646 847 1678 constructum
874 1647 941 1684 031,
962 1647 1003 1677 111
1020 1642 1116 1688 apud
1140 1652 1205 1679 nos
1230 1642 1346 1689 figura

283 1713 319 1745 01
338 1708 456 1754 imago
482 1706 561 1742 veri
589 1705 714 1742 altaris
733 1705 926 1750 habeatur,
964 1715 1010 1741 ne
1042 1704 1136 1742 forte
1164 1705 1344 1750 erastino,

283 1770 420 1816 inquit,
446 1768 589 1815 placeat
612 1767 714 1804 vobis
733 1767 855 1804 (110010
876 1767 960 1814 quia
978 1766 1149 1804 Jordanis
1170 1768 1347 1805 finitimus

283 1836 339 1868 est
358 1830 453 1867 inter
480 1840 546 1866 nos
575 1835 610 1866 et
630 1840 693 1866 vos
711 1830 841 1876 etipse
869 1830 1056 1874 decernit,
1090 1835 1127 1866 et
1161 1830 1242 1867 ideo
1273 1841 1347 1867 non

282 1892 423 1929 habetis
442 1892 647 1938 portionem
666 1892 703 1928 in
725 1890 831 1927 altari
844 1897 985 1928 nostro.
1008 1891 1093 1927 Haec
1110 1891 1180 1928 illis
1197 1902 1347 1938 respon-

283 1963 322 1989 sa
342 1948 532 1990 miserunt.
555 1952 625 1989 Sed
642 1952 831 1989 videamus
850 1952 937 1999 quid
956 1951 1043 1988 facti
1064 1950 1171 1997 hujus
1185 1952 1347 1989 continet

284 2020 565 2051 sacramentum.
586 2014 689 2050 Prior
714 2014 871 2060 populus
894 2013 1183 2050 circumcisionis
1212 2013 1249 2049 in
1268 2013 1345 2049 Ru-

283 2077 373 2119 ben,
394 2075 456 2122 qui
486 2075 605 2111 suerat
622 2075 900 2121 primogenitus,
922 2074 1151 2122 designatur;
1170 2075 1233 2111 sed
1254 2080 1290 2110 et
1311 2075 1348 2110 in

285 2136 385 2180 Gad,
413 2136 475 2183 qui
503 2142 539 2171 01
562 2136 639 2182 ipse
658 2135 923 2181 primogenitus
937 2140 992 2171 est
1011 2145 1056 2171 ex
1075 2136 1194 2180 Zelsa3
1216 2142 1251 2172 et
1271 2136 1348 2172 Ma-

284 2207 391 2234 nasse
415 2196 650 2233 nihilominus
683 2195 959 2242 primogenitus.
987 2196 1091 2241 Quod
1124 2203 1247 2233 autem
1270 2198 1350 2234 (11οο

284 2259 567 2307 primogenitus,
598 2258 797 2294 seeundum
826 2263 968 2305 tempus
997 2258 1138 2306 loquor.
1159 2259 1244 2295 Haec
1264 2269 1351 2306 ergo

286 2322 471 2363 dicuntur,
505 2329 550 2355 30
579 2319 672 2354 inter
706 2328 773 2354 nos
793 2324 830 2354 01
857 2318 938 2355 11103
961 2319 1128 2366 quiante
1155 2319 1352 2357 adventum

286 2380 423 2418 Christi
441 2378 586 2416 fuerant
608 2378 722 2424 justi,
741 2377 871 2414 divisio
893 2378 1013 2425 aliqua
1031 2389 1074 2415 30
1095 2381 1279 2426 separatio
1299 2381 1372 2417 vi·-

287 2442 452 2485 deretur;
470 2440 534 2477 sed
548 2445 587 2476 ut
601 2438 868 2483 ostenderetur,
889 2438 1033 2476 etiamsi
1052 2445 1137 2476 ante
1155 2440 1352 2478 adventum

287 2502 424 2541 Christi
456 2501 621 2544 fuerant,
654 2501 787 2537 fratres
816 2505 1105 2537 13310311031103
1135 2510 1229 2537 0330.
1250 2501 1356 2539 Licet

287 2566 384 2601 enim
406 2564 601 2601 habuerint
621 2563 736 2599 altare
755 2568 843 2598 11130
862 2569 946 2598 ante
970 2563 1167 2599 adventum
1187 2562 1353 2600 Salvato-

287 2628 354 2671 ris,
371 2626 536 2663 sciebant
555 2631 677 2661 tamen
692 2630 728 2660 et
741 2624 946 2661 sentiebant
962 2625 1047 2670 quia
1066 2635 1138 2661 non
1154 2630 1251 2661 esset
1266 2625 1353 2661 illud

289 2687 403 2722 altare
428 2696 556 2722 verum
569 2712 579 2729 ,
607 2686 670 2721 sed
691 2685 775 2731 quia
798 2684 914 2721 forma
934 2690 970 2722 01
991 2685 1108 2732 figura
1139 2684 1254 2721 futuri
1275 2685 1352 2722 veri

289 2747 403 2784 illius.
422 2745 606 2782 Noverant
625 2746 717 2789 haec,
745 2746 830 2791 quia
846 2756 943 2782 verae
961 2747 1089 2782 hostiae
1108 2751 1145 2782 et
1171 2757 1252 2792 quae
1269 2756 1352 2792 pos-

290 2813 373 2845 sent
407 2808 551 2844 auferre
579 2813 751 2853 peccata,
787 2818 859 2843 non
884 2808 938 2844 illi
968 2808 1074 2844 altari
1106 2808 1353 2846 offerebantur

290 2868 387 2916 quod
405 2869 564 2904 habebat
579 2867 840 2914 primogenitus
861 2868 1035 2915 populus,
1057 2869 1122 2905 sed
1141 2870 1179 2906 in
1202 2870 1273 2906 isto
1291 2869 1353 2906 ubi

290 2929 396 2966 Jesus
416 2934 507 2965 erat.
529 2928 596 2964 Hic
614 2928 782 2964 coelestes
808 2928 951 2973 hostiae,
973 2928 1033 2964 hic
1054 2938 1141 2964 vera
1172 2929 1352 2966 sacrificia

292 2995 602 3027 consummantur.
622 2989 681 3024 Fit
697 2999 783 3035 ergo
801 2999 895 3025 3333
915 2999 1017 3035 grex,
1039 2994 1073 3024 et
1097 3000 1192 3026 unus
1210 2997 1350 3037 pastor,

291 3052 346 3089 illi
363 3051 506 3098 priores
521 3050 635 3097 justi,
662 3055 700 3086 et
717 3050 778 3095 qui
798 3061 895 3086 nunc
921 3054 1006 3087 sunt
1029 3050 1240 3088 Christiani.
1261 3054 1351 3091 Volo

294 3121 418 3153 autem
449 3117 496 3153 ad
525 3117 656 3153 horum
689 3115 942 3163 probationem
978 3117 1191 3154 memoriam
1226 3117 1353 3155 faeere

292 3181 403 3218 etiam
418 3180 580 3217 historiae
595 3179 782 3225 cujusdam
793 3205 803 3223 ,
820 3179 852 3215 si
875 3184 998 3215 tamen
1022 3180 1196 3217 Dominus
1210 3181 1352 3218 >donare

293 3243 460 3290 dignetur
472 3246 512 3277 ut
529 3240 822 3287 explanationem
836 3239 953 3285 ipsius
968 3240 1170 3286 spiritalem
1189 3240 1352 3278 invenire

291 3305 488 3353 possimus.
513 3304 676 3341 Cadebat
701 3302 895 3349 aliquando
918 3302 1071 3350 populus
1095 3302 1132 3339 in
1153 3303 1298 3340 deserto
1312 3309 1354 3340 et

291 3366 517 3404 ¹moriebatur
549 3365 677 3413 (Num.
705 3363 797 3412 xvi).
823 3365 932 3402 Venit
955 3364 1076 3401 Aaron
1098 3364 1288 3411 pontifex,
1315 3371 1353 3400 et

295 3428 396 3465 stetit
414 3427 452 3463 in
475 3427 596 3463 medio
612 3437 738 3463 eorum
759 3427 822 3472 qui
836 3426 1087 3463 moriebantur
1097 3431 1137 3463 et
1149 3436 1274 3463 comm
1289 3426 1352 3473 qui

292 3489 479 3534 vivebant,
506 3499 552 3526 ne
570 3489 667 3525 ultra
684 3489 840 3526 vastatio
868 3489 998 3525 mortis
1023 3488 1216 3536 proficeret
1240 3488 1354 3526 etiam

296 3550 393 3589 inter
409 3554 572 3587 caeteros.
593 3550 700 3587 Venit
714 3560 823 3587 verus
849 3549 1012 3597 pontifex
1032 3559 1137 3586 meus
1160 3554 1203 3587 01
1224 3549 1351 3586 Domi-

292 3620 377 3656 nus,
396 3615 434 3648 et
452 3611 659 3647 intercessit
673 3611 814 3648 medius
843 3611 940 3647 inter
960 3611 1158 3648 morientes
1175 3617 1212 3648 et
1229 3612 1352 3657 vivos,

293 3672 332 3709 id
359 3678 436 3718 est,
466 3672 562 3709 inter
581 3681 645 3710 eos
673 3673 734 3719 qui
765 3682 811 3709 ex
840 3671 974 3710 Judaeis
997 3682 1101 3709 suam
1117 3673 1354 3719 praesentiam

236 3708 261 3755 ἒ
295 3740 543 3780 susceperunt,
559 3740 597 3772 et
609 3735 706 3772 inter
718 3744 782 3772 eos
796 3734 859 3781 qui
876 3744 949 3771 non
965 3734 1082 3783 solnm
1096 3745 1170 3772 non
1184 3743 1354 3781 suscepe-

297 3802 400 3840 runt,
418 3797 482 3834 sed
499 3798 718 3846 semetipsos
742 3798 859 3846 magis
877 3807 989 3846 quam
1012 3786 1112 3837 iilum
1123 3798 1351 3842 nectamus,

1419 1211 1644 1257 susciperent
1658 1211 1865 1248 veritatem.
1881 1211 1926 1246 Et
1941 1212 2021 1247 ideo
2036 1211 2169 1247 dicitur
2183 1211 2228 1247 ad
2245 1221 2308 1248 eos
2324 1223 2333 1247 t
2355 1225 2367 1245 ‹
2386 1212 2482 1248 Ecce

1418 1273 1647 1319 relinquetur
1676 1272 1780 1308 vobis
1814 1271 1943 1306 domus
1983 1276 2104 1307 vestra
2146 1271 2290 1308 deserta
2328 1270 2480 1318 (Matth.

1418 1334 1540 1381 xxm).
1561 1347 1574 1369 1
1595 1333 1788 1370 Translata
1810 1337 1866 1368 est
1894 1332 1992 1368 enini
2009 1333 2055 1369 ad
2080 1336 2205 1380 gentes
2225 1333 2340 1380 gratia
2368 1331 2483 1379 Spiri-

1419 1399 1478 1430 tus
1504 1392 1634 1435 333011,
1661 1392 1848 1428 translatae
1873 1397 1956 1427 sunt
1987 1391 2033 1428 ad
2059 1397 2185 1438 gentes
2212 1392 2480 1437 solemnitates,

1421 1459 1457 1491 et
1474 1452 1640 1501 pontifex
1655 1480 1664 1496 ,
1686 1463 1759 1488 non
1780 1452 2019 1499 imaginarius
2032 1480 2041 1496 ‚
2063 1453 2126 1489 scd
2141 1462 2263 1496 verus,
2284 1453 2483 1489 seeundum

1420 1515 1588 1552 ordinem
1618 1513 1886 1550 Melchisedech
1915 1514 2074 1557 electus;
2094 1518 2130 1550 et
2156 1523 2306 1551 neeesse
2326 1519 2380 1550 031
2399 1524 2482 1550 eum

1419 1586 1526 1612 veras
1545 1574 1684 1611 hostias
1697 1602 1706 1619 ,
1735 1575 1771 1611 id
1798 1580 1854 1611 est
1872 1602 1881 1619 ,
1903 1579 1937 1611 et
1957 1574 2139 1622 spiritales
2155 1574 2286 1611 offerre
2306 1575 2399 1621 apud
2419 1585 2484 1612 nos
2530 1566 2535 1570 ’

1420 1638 1482 1674 ubi
1502 1636 1703 1673 aedificatur
1727 1636 1882 1673 ecclesia
1901 1642 1938 1673 01
1958 1637 2132 1684 templum
2159 1637 2225 1673 Dei
2255 1647 2276 1673 3
2305 1637 2484 1684 lapidibus

1420 1699 1528 1744 vivis,
1545 1709 1624 1746 quae
1639 1703 1694 1736 031
1714 1699 1877 1736 Ecclesia
1895 1699 1960 1736 Dei
1977 1699 2148 1744 viventis,
2166 1704 2200 1737 et
2224 1698 2287 1736 ubi
2303 1704 2360 1736 est
2379 1708 2484 1736 verus

1420 1760 1543 1797 Israel.

1831 1820 1984 1858 CAPUT
2005 1819 2082 1858 XV.

1422 1897 1611 1934 Sermones
1627 1896 1736 1933 Josue
1755 1896 1801 1931 ad
1818 1894 2009 1942 populum,
2029 1899 2061 1930 et
2085 1893 2366 1948 commemoratio
2395 1903 2486 1940 111-ατ-

1469 1951 1646 1998 ceptorum
1662 1943 1806 1978 Domini
1829 1949 1860 1978 et
1881 1942 2127 1988 beneficiorum
2147 1941 2223 1988 ejus
2236 1968 2246 1986 ,
2262 1951 2339 1988 quoe
2357 1940 2484 1977 collata

1468 1997 1548 2026 sunt
1567 1991 1615 2026 eis
1633 1990 1933 2026 abundantissime
1953 1989 1996 2025 ab
2018 1990 2106 2035 ipso.

1467 2081 1569 2128 (Car.
1591 2079 1713 2126 xxm.)
1740 2091 1752 2112 «
1776 2078 1832 2114 En
1848 2088 1915 2125 ego
1934 2078 2042 2114 hodie
2065 2076 2250 2125 ingrediar
2273 2077 2371 2114 viam
2395 2077 2479 2113 uni—-

1424 2155 1435 2176 «
1464 2151 1578 2177 versae
1594 2145 1717 2183 terrae,
1735 2143 1772 2174 01
1786 2143 1863 2175 1010
1881 2138 1989 2175 corde
2006 2142 2043 2174 et
2062 2142 2137 2174 toto
2151 2138 2275 2173 animo
2289 2147 2486 2184 coguosce-

1425 2215 1437 2238 (1
1467 2203 1513 2239 113
1533 2202 1628 2248 quod
1645 2202 1690 2237 (10
1709 2200 1877 2237 031311133
1898 2200 2019 2238 verbis
2042 2210 2123 2246 quae
2137 2199 2313 2236 Dominus
2331 2205 2483 2246 praesta-

1425 2277 1439 2298 «
1469 2269 1590 2299 turum
1624 2273 1663 2298 30
1694 2262 1800 2298 nobis
1828 2271 1909 2298 esse
1946 2261 2127 2307 pollicitus
2155 2265 2229 2303 est,
2267 2269 2380 2297 unum
2411 2270 2485 2298 non

1425 2336 1437 2358 a
1467 2321 1685 2369 praeterierit
1701 2321 1898 2364 incassum,
1917 2333 1930 2355 1
1951 2325 1987 2356 01
2002 2319 2153 2366 reliqua.
2170 2319 2240 2367 (Ea
2257 2319 2484 2367 Auqustino.)

1422 2385 1526 2431 Quod
1543 2384 1631 2420 dicit
1658 2382 1764 2419 Jesus
1794 2382 1838 2418 de
1870 2392 1934 2418 sua
1962 2381 2227 2428 propinquante
2243 2371 2384 2418 morte:
2408 2381 2484 2428 Ego

1422 2451 1543 2483 autem
1563 2453 1714 2481 recurro
1730 2443 1840 2486 viam,
1861 2442 1957 2478 sicut
1978 2448 2016 2478 et
2039 2451 2168 2479 omnes
2183 2441 2248 2488 qui
2265 2446 2350 2478 sunt
2373 2451 2484 2488 super

1421 2514 1560 2546 terram
1573 2533 1583 2550 ‚
1601 2506 1640 2542 in
1656 2515 1700 2542 ea
1720 2504 2040 2551 interpretatione,
2059 2513 2141 2550 quae
2166 2507 2223 2540 est
2243 2511 2288 2540 ex
2308 2502 2484 2548 Hebraeo,

1421 2569 1640 2611 invenimus,
1662 2579 1675 2601 ‹
1697 2565 1880 2613 ingredior
1892 2565 2002 2602 viam.
2023 2577 2035 2599 1
2059 2564 2112 2600 113
2131 2573 2218 2610 ergo
2233 2563 2484 2610 accipiendum

1421 2636 1477 2668 est
1505 2630 1604 2677 quod
1636 2627 1872 2675 Septuaginta
1905 2626 2098 2669 dixerunt,
2124 2638 2136 2659 «
2156 2634 2327 2668 recurro,
2353 2637 2365 2659 1
2391 2624 2485 2660 sicut

1423 2692 1562 2728 dietum
1573 2688 1790 2732 ffithomini,
1810 2700 1822 2721 »
1840 2687 1955 2723 donec
1974 2685 2171 2722 revertaris
2183 2685 2221 2720 in
2238 2690 2373 2721 terram
2389 2683 2484 2719 unde
2526 2719 2529 2721 a

1423 2756 1591 2798 sumptus
1604 2761 1648 2788 03
1667 2747 1768 2798 (Gen.
1794 2747 1874 2795 “lii
1899 2752 1941 2783 ut
1968 2745 2167 2783 seeundum
2190 2753 2320 2791 eorpus
2344 2743 2482 2779 dictum

1422 2811 1656 2858 intelligatur.
1687 2808 1892 2846 Secundum
1921 2808 2082 2844 animam
2106 2816 2192 2843 vero
2211 2805 2242 2842 si
2260 2804 2483 2841 voluerimus

1421 2875 1473 2910 ita
1487 2874 1670 2919 accipere,
1688 2870 1995 2918 quemadmodum
2012 2869 2051 2905 in
2073 2867 2293 2904 Ecclesiaste
2323 2866 2482 2913 positum
2528 2878 2530 2880 ’

1423 2940 1496 2978 est,
1524 2947 1536 2969 1
1559 2934 1605 2970 Ε1
1641 2932 1791 2979 spiritus
1824 2935 2028 2969 revertetur
2061 2929 2108 2965 ad
2140 2929 2254 2965 Deum
2285 2927 2350 2974 qui
2384 2926 2484 2964 dedit
2519 2928 2522 2930 ’

1424 3007 1508 3035 eum
1529 2995 1658 3044 (Eccli.
1683 2995 1776 3043 x11);
1802 3007 1814 3029 1
1835 3004 1906 3031 303
1927 2992 2086 3029 arbitror
2114 2991 2158 3028 de
2182 2991 2351 3027 omnibus
2372 2998 2491 3036 posse·
2516 3003 2530 3011 ²

1425 3057 1511 3102 diei,
1532 3057 1595 3094 sed
1613 3057 1657 3093 de
1677 3056 1736 3092 his
1755 3056 1818 3102 qui
1835 3055 1889 3091 310
1913 3053 2072 3091 vixerint
2090 3057 2132 3088 ut
2151 3052 2197 3088 ad
2211 3050 2407 3087 Dominum
2420 3060 2483 3087 re-
2523 3044 2531 3057 '¹

1424 3118 1503 3155 diue
1523 3121 1745 3161 mereantur,
1764 3120 1938 3161 tanquam
1960 3114 2010 3150 ad
2033 3117 2218 3149 auctorem
2234 3122 2256 3148 a
2276 3121 2348 3159 quo
2363 3110 2481 3148 creati

1424 3184 1521 3217 sunt.
1543 3178 1668 3226 Neque
1682 3178 1780 3214 enim
1797 3178 1867 3213 hoe
1885 3181 1923 3212 et
1938 3176 1982 3213 de
1998 3175 2070 3212 illis
2095 3178 2197 3211 recte
2226 3173 2379 3220 intelligi
2409 3182 2478 3219 po—
2527 3202 2530 3206 ⁴

1424 3246 1510 3284 test,
1530 3239 1576 3277 de
1593 3240 1725 3286 quibus
1743 3238 1876 3275 dicitnr
1890 3247 1903 3272 ε
1922 3249 1934 3270 ε
1958 3235 2121 3282 Spiritus
2132 3234 2336 3277 ambulans,
2351 3237 2388 3270 et
2405 3242 2478 3270 non

1423 3303 1610 3337 revertens
1639 3297 1755 3344 (Pwt.
1776 3295 1934 3342 xxxvii).
1960 3307 1974 3329 ι
1998 3294 2070 3331 Iste
2097 3298 2220 3330 autem
2251 3293 2308 3329 vir
2328 3298 2480 3330 sanetus
2516 3304 2532 3342 ‚j

1423 3361 1528 3398 Jesus
1553 3359 1671 3403 Nave,
1699 3357 1730 3394 s'i
1756 3366 1831 3394 1103
1854 3355 2072 3399 addidisset,
2093 3355 2186 3391 sieut
2208 3359 2246 3391 et
2271 3364 2397 3393 omnes
2411 3354 2478 3402 qui
2524 3344 2530 3354 ²

1423 3426 1507 3460 sunt
1523 3429 1631 3468 super
1649 3424 1801 3462 terram,
1817 3415 1917 3454 null-a
1930 3421 2031 3453 esset
2046 3416 2200 3463 quaestio
2219 3427 2228 3451 :
2244 3424 2366 3462 neque
2379 3415 2478 3452 011113
2523 3445 2532 3447 ,7

1424 3483 1521 3521 aliud
1543 3482 1588 3519 de
1611 3481 1673 3518 illo
1700 3480 1932 3518 crederemus
1960 3485 2070 3525 quam
2094 3478 2192 3526 quod
2212 3486 2302 3515 neum
2324 3478 2477 3525 dignum
2512 3470 2528 3494 '³

1423 3554 1505 3583 esse
1522 3544 1690 3593 legimus.
1716 3542 1808 3579 oum
1829 3548 1917 3578 vem
1942 3541 2104 3578 additum
2129 3540 2328 3586 een-sieut
2344 3543 2382 3577 et
2398 3549 2492 3577 om·-

1421 3620 1488 3648 nes
1521 3609 1584 3657 qui
1606 3611 1693 3646 sunt
1725 3614 1832 3653 super
1862 3609 2024 3649 terram,
2048 3604 2183 3641 mirum
2214 3603 2245 3639 si
2275 3602 2345 3640 hoe
2377 3601 2488 3648 quod·

1421 3670 1572 3709 Latinus
1596 3669 1797 3716 interpres,
1818 3679 1834 3701 r«
1859 3675 2030 3710 recurro,
2055 3678 2069 3701 1
2094 3665 2238 3712 posuit,
2271 3674 2343 3701 non
2358 3662 2479 3719 mag-is

1425 3745 1440 3770 ι
1466 3739 1692 3782 00303111ομ1
1713 3730 1772 3768 vel
1793 3742 1806 3764 ι
1828 3737 1984 3767 excurro
2006 3739 2020 3764 ›
2041 3727 2234 3765 dicendum
2255 3731 2324 3771 est,
2345 3725 2377 3763 31
2401 3725 2478 3761 hoe

1420 3799 1542 3845 potest
1549 3794 1622 3834 dici
1637 3791 1890 3844 quodGraeeus
1899 3790 2012 3830 nabet
2019 3790 2221 3840 ἃποτρὲκω,
2228 3783 2477 3833 01311030οἰπέ
2481 3828 2485 3829 ⁷
