2540 4016
119 129 190 168 505

727 125 1062 166 EXPOSITIONES
1084 125 1134 164 IN
1156 125 1422 164 LE-VITICIJM.
1447 143 1496 154 -·-
1519 128 1606 165 LlB.
1632 129 1695 167 Vl·

2210 138 2281 179 506

91 255 93 259 Α
116 205 334 243 sacrificium
363 204 530 244 caedentis
558 203 769 241 memoriam
799 202 903 246 feeit,
925 212 1043 249 neque
1067 202 1163 239 enim
1181 203 1218 244 A
1232 203 1367 249 cipere.
1395 203 1442 240 Et
1460 213 1592 240 novum
1623 206 1842 243 sacrificium
1873 209 2023 248 Domino
2044 219 2130 253 tunc
2159 217 2282 256 offen-i

113 267 232 310 aliter,
254 267 316 304 scd
335 276 400 313 per
417 266 496 312 eius
513 264 767 302 mediationem
786 268 824 300 et
840 263 1014 299 virtutem
1046 272 1067 298 a
1085 273 1164 298 sen-

113 327 208 363 sibili
228 328 274 364 ad
303 326 543 374 intelligibilia
560 325 841 369 transferuntur,
861 334 904 360 ea
923 333 1003 370 quae
1033 323 1072 359 in
1101 323 1163 360 illo

113 387 292 424 sacrificio
313 393 502 435 peragunt.
532 387 578 423 Et
608 387 705 434 quod
737 387 807 424 hoc
838 393 894 424 est
916 386 1159 423 sacrificium:

112 447 200 484 Duce
227 449 368 485 decimae
398 448 522 485 similae
550 459 742 495 conspersae
769 448 857 485 oleo.
887 449 1037 495 Oportet
1065 449 1162 484 enim

111 507 205 544 scire
227 508 425 555 perfectam
452 509 716 545 humanitatem
745 514 782 546 et
810 509 1008 555 perfectam
1029 509 1161 546 divini-

110 571 222 603 tatem
247 569 502 615 contemplari,
530 569 567 605 id
595 574 682 613 est,·
707 569 744 605 in
765 580 878 605 unum
898 570 1104 612 convenire,
1125 570 1162 605 in

109 626 201 668 oleo,
221 626 257 662 id
274 632 348 670 est,
370 638 436 673 per
455 639 549 672 eam,
570 640 679 675 quam
699 630 796 666 circa
817 641 883 666 nos
902 630 1032 673 habet,
1063 640 1162 666 com-

107 685 314 731 passionem
338 698 347 721 :
379 688 443 723 sed
476 689 573 724 enim
603 690 823 726 sacrificium
854 691 943 727 odor
972 691 1161 726 suavitatis

107 744 258 782 Domino
297 746 500 792 invenitur,
537 750 759 796 sapientibus
788 750 893 786 nohis
921 750 965 786 dc
993 760 1036 785 eo
1063 752 1160 796 quod

107 805 215 852 digna
233 812 329 843 sunt.

152 866 191 901 In
224 867 354 913 quibus
378 873 499 904 autem
529 869 750 906 sacrificium
768 874 805 906 et
826 880 892 915 per
913 879 1003 915 quos
1023 870 1155 916 agitur,

105 926 285 970 quomodo
303 927 508 963 celebratur
526 927 776 974 {intelligibilis
795 929 877 974 agni
897 928 1045 972 oblatio,
1064 931 1159 975 quod

105 987 279 1032 sequitur,
311 987 467 1023 ostendit
492 999 499 1022 ε
529 997 646 1032 neque
676 987 774 1023 enIm
801 988 839 1024 in
871 989 1059 1033 sanguine,
1091 1000 1159 1026 nec

103 1056 169 1091 per
187 1045 449 1081 irrationabilia
465 1045 645 1088 animalia,
665 1045 886 1082 sacrificium
904 1057 925 1083 a
942 1047 1045 1083 nobis
1063 1048 1157 1085 Deus

101 1105 274 1150 suscipit,
307 1105 506 1141 secundum
540 1105 636 1151 quod
669 1109 858 1152 sequentia
891 1107 1153 1145 demonstrant.
1174 1099 1206 1137 Β

99 1164 160 1200 Ait
182 1165 278 1201 enim
298 1177 306 1200 :
328 1164 415 1200 Liba
440 1176 574 1213 quoque
598 1168 671 1202 vini
690 1173 816 1213 quarta
834 1178 915 1213 pars
938 1169 1012 1211 hin,
1030 1181 1156 1215 panem

99 1232 131 1261 ct
163 1226 365 1272 polentam,·
397 1229 479 1274 quia
511 1228 658 1263 dubium
693 1228 854 1265 futurum
889 1235 968 1266 crat
992 1230 1115 1266 forsan
1136 1241 1155 1267 a

99 1292 228 1339 quibus
252 1294 463 1339 mysterium
482 1293 666 1336 sacrificii,
686 1295 782 1339 quod
802 1305 865 1339 per
882 1294 1065 1330 Christum
1086 1300 1153 1338 est,

98 1353 192 1397 quod
221 1354 386 1399 superius
408 1354 563 1389 diximus
590 1354 807 1390 celebratur.
838 1355 957 1390 Habes
985 1365 1069 1391 ecce
1099 1355 1155 1390 in-

99 1413 294 1460 telligibilis
328 1414 591 1450 Melchisedech
621 1416 863 1458 oblationem,
892 1426 972 1461 quac
1004 1416 1039 1450 in
1063 1426 1156 1461 panc

99 1478 134 1509 et
155 1475 238 1510 vino
258 1475 458 1519 perficitur,
477 1476 512 1510 in
538 1486 609 1521 qua
629 1481 757 1521 quarta
785 1486 870 1521 pars
894 1476 972 1518 hin,
995 1476 1031 1510 in
1054 1475 1156 1511 libris

98 1535 171 1570 viui
197 1534 365 1579 offertum
398 1542 436 1571 ut
457 1546 522 1581 per
549 1542 714 1581 quartam
734 1536 978 1581 evangelicam
999 1535 1157 1571 traditio-

98 1606 202 1639 nem,
230 1607 308 1641 quae
335 1597 371 1631 in
403 1597 506 1632 libris
545 1602 700 1642 quatuor
732 1602 807 1639 est,
842 1607 906 1642 per
948 1596 1156 1632 libationem

97 1666 195 1699 vcro,
228 1656 455 1693 Dominicum
482 1667 686 1693 sermonem
713 1656 948 1702 significaret,
967 1666 1049 1691 cum
1077 1655 1153 1690 ait:

92 1716 166 1752 >Hic
183 1723 233 1753 est
251 1719 394 1764 sanquis
414 1729 511 1752 meus
527 1718 586 1764 qui
605 1728 668 1762 pro
690 1717 784 1752 vobis
806 1716 1004 1763 effundetur
1025 1715 1152 1761 (Marc.

96 1787 176 1821 xiv;
199 1777 325 1812 Matth.
342 1788 448 1820 xxvt;
466 1777 486 1811 I
502 1775 584 1812 Cor.
598 1776 666 1822 xt),
692 1777 769 1812 sine
789 1777 1040 1812 imminutione
1058 1776 1154 1812 enim

96 1835 311 1880 significare,
331 1835 529 1881 legislatori
547 1834 666 1870 visum
681 1840 752 1877 est,
771 1834 906 1870 Christi
925 1834 1152 1880 mysterium,

93 1901 240 1945 propter
260 1896 354 1942 quod
375 1901 410 1932 et
430 1895 614 1931 subdidit:
633 1894 679 1930 Ει
708 1894 883 1941 polentam
903 1900 934 1929 et
954 1894 1066 1940 pultes
1085 1904 1154 1928 non

94 1959 278 1996 comedetis
297 1968 339 1993 ecc
363 1962 475 2003 seyete
501 1967 610 2003 usque
643 1956 688 1991 ad
717 1955 809 1991 diem
832 1966 900 2001 quo
927 1955 1083 2000 offeratis
1111 1964 1154 1989 eat

1226 265 1362 312 iussit:
1381 264 1577 302 adveniens
1595 265 1691 300 enim
1716 266 1880 311 spiritus,
1905 273 2019 305 totam
2045 281 2206 313 nostram
2228 279 2283 316 vi-

1231 331 1305 361 tam
1322 326 1520 369 renovavit,
1541 325 1686 372 quando
1704 325 1931 363 confirmavit
1955 327 2091 366 Christi
2121 335 2283 373 traditio-

1229 396 1328 429 nem,
1350 391 1387 422 et
1409 386 1584 422 stabilivit
1600 386 1914 422 conversationem
1931 397 2040 432 quam
2057 387 2095 424 iu
2114 390 2185 427 illis
2201 403 2283 438 per.

1229 444 1328 481 fecit.
1348 444 1408 480 Ait
1424 445 1520 481 enim
1538 458 1546 480 :
1568 445 1620 480 De
1637 455 1712 480 meo
1742 444 1910 491 accipiet,
1930 451 1963 480 et
1985 448 2208 484 annuntiabit
2229 461 2287 486 υο-

1230 507 1280 542 bis
1299 504 1421 553 (Joan.
1438 505 1528 553 xv1).
1548 506 1700 552 Propter
1720 505 1817 552 quod
1841 515 1914 542 non
1937 506 1975 542 in
1999 506 2070 543 alia
2093 508 2287 546 hebdoma-

1229 566 1285 602 dis
1303 565 1362 601 die
1380 565 1539 608 advenit,
1562 565 1626 601 sed
1643 565 1681 600 in
1699 575 1769 611 qua
1800 566 2026 602 resurrectio
2046 566 2141 603 sacta
2160 575 2228 612 est,
2251 575 2287 605 et

1229 626 1432 672 manipulus
1456 625 1692 673 intelligibilis
1721 625 1862 662 oblatus
1882 630 1956 670 est,
1974 632 2016 662 ut
2035 631 2071 663 et
2099 627 2170 664 hoc
2200 638 2285 674 pro-

1227 685 1352 729 baret,
1380 685 1465 732 quia
1486 696 1579 721 nova
1609 686 1850 730 conversatio,
1878 696 1959 732 quae
1986 695 2054 723 nos
2074 689 2285 732 renovavit,

1227 748 1414 784 liberando
1444 758 1466 783 a
1498 748 1729 793 corruptione
1767 747 1982 790 vetustatis,
2021 748 2287 785 resurreetione

1227 807 1362 844 Christi
1385 813 1421 844 et
1444 808 1561 844 sancti
1583 806 1740 853 Spiritus
1764 806 1920 842 adventu
1939 811 2103 843 correcta
2125 812 2193 843 est.
2214 807 2288 843 Ma-

1227 870 1377 906 nifestat
1403 875 1522 906 autem
1548 869 1682 906 oblatio
1709 870 1826 916 ipsam
1854 869 2011 915 speciem
2031 869 2159 904 hostiae
2178 878 2287 915 quam

1225 930 1399 974 praecepit
1420 929 1499 965 fieri
1518 942 1538 965 ,ε
1558 929 1603 964 Et
1635 930 1686 964 sic
1719 930 1871 975 offeretis
1914 929 2129 975 sacrificium
2160 940 2286 964 novum

1227 989 1390 1032 Domina,
1411 1000 1453 1024 ex
1471 989 1628 1024 omnibus
1644 989 1919 1025 habitationibus
1937 991 2058 1026 vestris
2066 1001 2079 1033 ;
2097 1001 2203 1036 panes
2219 989 2288 1036 pri-

1226 1050 1406 1085 miliarum
1424 1050 1510 1085 duos
1528 1061 1570 1085 ea:
1590 1050 1727 1085 duabus
1744 1050 1886 1085 decimis
1904 1051 2030 1087 similae
2053 1051 2283 1096 fermentatae,

1224 1121 1310 1157 quos
1335 1109 1487 1156 coquetis
1514 1110 1550 1144 in
1573 1109 1747 1155 primitias
1774 1109 1938 1153 Domini,
1966 1115 1999 1145 et
2029 1110 2179 1155 offeretis
2207 1121 2286 1144 cum

1223 1170 1372 1216 panibus
1396 1176 1523 1217 septem
1550 1180 1656 1215 aqnos
1676 1169 1920 1204 immaculatos
1946 1169 2144 1212 anniculos,
2173 1175 2204 1204 et
2233 1171 2285 1205 vi-

1224 1231 1336 1267 tulum
1356 1231 1398 1267 de
1419 1237 1578 1266 armento
1599 1242 1724 1273 unum,
1741 1236 1774 1266 et
1794 1231 1918 1266 arietes
1944 1230 2045 1266 duos.
2069 1229 2209 1266 Novum
2229 1240 2285 1266 sa-

1224 1295 1400 1331 crificium
1415 1295 1554 1338 dicens,
1572 1295 1663 1340 legis
1681 1294 1874 1337 sacrificia,
1893 1300 1934 1330 ut
1949 1299 2085 1336 vetera,
2106 1294 2282 1330 exclusit:

1225 1355 1431 1401 evangeliffl
1459 1360 1580 1391 autem
1601 1365 1668 1400 pro
1700 1354 1769 1389 illis
1803 1354 2017 1389 introduxit.
2048 1354 2184 1389 Deinde
2217 1354 2281 1390 ad-

1225 1415 1329 1457 dens,
1347 1415 1389 1450 de
1409 1415 1681 1450 habitationibus
1710 1414 1844 1456 vestris,
1867 1413 2067 1449 Ecclesiam
2101 1412 2283 1459 significa-

1222 1477 1300 1519 vit,
1331 1475 1437 1522 eique
1469 1475 1591 1512 offerri
1623 1486 1703 1521 quse
1736 1477 1831 1512 dicta
1862 1480 1945 1511 sunt
1976 1474 2124 1521 aptavit.
2160 1474 2284 1521 Neque

1223 1536 1317 1571 enim
1344 1536 1454 1578 dixit,
1475 1545 1519 1571 ex
1539 1536 1706 1571 omnibus
1729 1535 1958 1579 habitaculis,
1981 1536 2041 1571 sed
2061 1547 2104 1571 ex
2124 1536 2282 1571 omnibus

1224 1596 1432 1632 habitaculis
1466 1597 1606 1639 vestris,
1642 1602 1682 1631 ut
1712 1597 1876 1632 absolute
1906 1597 2114 1633 ostenderet
2137 1597 2283 1641 aliquod

1223 1657 1469 1693 habitaculum
1501 1657 1736 1703 praecipuum‚
1757 1657 1801 1692 dc
1833 1666 1904 1703 quo
1936 1657 1987 1691 ait
2015 1655 2156 1691 David:
2181 1655 2283 1691 Beati

1221 1720 1281 1765 qui
1300 1719 1458 1754 habitant
1476 1718 1512 1753 in
1530 1718 1632 1753 dotno
1653 1723 1714 1753 tua
1732 1716 1849 1765 (Psal.
1866 1716 2039 1763 Lxxx111);
2059 1722 2095 1753 et
2112 1727 2256 1752 rursum
2272 1728 2280 1751 :

1223 1779 1338 1815 Unam
1367 1780 1450 1826 petii
1466 1792 1488 1815 a
1509 1779 1676 1823 Domino,
1695 1780 1785 1815 hanc
1811 1780 2007 1826 requiram,
2032 1784 2070 1814 ut
2091 1778 2283 1814 inhabitem

1222 1840 1258 1875 in
1283 1841 1385 1875 domo
1408 1840 1549 1875 Domini
1570 1840 1727 1876 omnibus
1746 1840 1866 1876 diebus
1887 1840 1965 1875 vitce
1982 1850 2081 1875 mete.
2105 1838 2150 1873 Et
2176 1849 2282 1884 panes

1221 1899 1366 1944 quidem
1386 1899 1622 1945 primitiarum
1648 1900 1752 1943 duos,
1779 1900 1816 1935 id
1835 1905 1904 1942 est,
1930 1899 2048 1946 legem
2066 1902 2103 1935 et
2121 1898 2282 1944 Evange-

1221 1960 1309 1995 lium
1337 1970 1477 2005 :panes
1503 1959 1601 1995 enim
1628 1966 1711 1995 sunt
1740 1960 1862 1997 cibum
1888 1960 2093 1996 animarum
2123 1958 2282 1995 fidelium

93 2031 133 2056 ea
154 2019 226 2055 Deo
248 2023 368 2054 vestro.
398 2017 618 2063 Prceceptum
641 2022 690 2052 est
715 2016 963 2062 sempiternum
988 2016 1025 2050 in
1051 2026 1151 2061 qene-
1171 2006 1201 2047 C
1224 2021 1461 2057 continentes,

93 2079 306 2123 rationibus,
341 2079 538 2125 cunctisque
584 2077 793 2112 habitaculis
835 2077 969 2112 vestris.
1005 2076 1149 2113 Oblatio

94 2140 189 2176 enim
213 2140 442 2186 praesentium
476 2140 652 2174 donorum
682 2149 790 2185 quam
822 2148 902 2174 esse
935 2138 1150 2185 mysterium

95 2202 277 2249 Unigeniti
296 2202 530 2244 ostendimus,
556 2201 801 2238 reconciliavit
831 2212 898 2238 nos
929 2202 1016 2244 Deo,
1040 2206 1076 2237 et
1095 2201 1149 2236 ei-

92 2264 178 2299 bum
210 2263 313 2299 nohis
336 2273 437 2299 novae
468 2262 618 2309 polentae
639 2268 675 2298 et
704 2262 844 2309 pultum
862 2262 1043 2307 praestitit.
1066 2262 1150 2297 llaec

92 2331 211 2361 autem
230 2324 414 2370 legislator
434 2324 571 2366 dicens,
591 2329 628 2360 et
643 2323 921 2360 resurrectionis
940 2322 1150 2358 describens

92 2386 287 2423 secundum
306 2386 451 2422 modum
471 2395 578 2432 quem
594 2386 786 2432 oportebat
803 2384 973 2431 gratiam,
995 2383 1040 2419 de
1058 2383 1151 2418 Pen-

92 2452 228 2483 tecoste
255 2457 362 2493 quam
393 2457 460 2483 nos
488 2446 712 2483 celebramus
745 2454 950 2482 sermonem
968 2443 1150 2480 connectit

92 2507 235 2543 dicens:
249 2507 491 2543 Numerabitis
506 2518 587 2553 erqo
603 2507 644 2542 ab
661 2507 771 2542 altero
785 2506 840 2542 die
861 2505 1013 2547 sabbati,
1031 2505 1068 2538 in
1082 2515 1149 2550 quo

93 2568 266 2604 obtulistis
295 2567 513 2613 manipulum
531 2569 781 2614 primitiarum,
803 2572 931 2612 septem
961 2564 1151 2600 hebdoma-

91 2628 156 2663 das
179 2627 314 2674 plenas,
335 2639 443 2674 usque
468 2627 514 2663 ad
543 2627 691 2662 alteram
717 2627 810 2662 diem
836 2625 1041 2672 expletionis
1066 2624 1150 2660 heb-

91 2689 252 2724 domadae
269 2690 436 2735 septimoe,
454 2689 490 2723 id
514 2694 577 2731 est,
597 2689 850 2735 quinquaqinta
869 2687 958 2730 dies,
977 2693 1008 2722 et
1025 2687 1075 2722 sic
1096 2686 1151 2731 of-

92 2750 209 2796 feretis
232 2749 590 2795 sacrificium‘novum
618 2749 782 2784 Domino.
805 2747 896 2792 Quia
927 2747 1033 2792 hujus
1058 2748 1150 2783 Pen-

92 2816 247 2848 tecostes
264 2822 381 2857 neque
398 2816 550 2857 tempus,
573 2820 690 2856 neque
707 2819 881 2845 numerus
899 2818 919 2843 a
939 2808 1071 2854 populo
1089 2807 1151 2843 Ju-

91 2874 251 2910 daeorum
272 2873 487 2916 custoditur,
516 2871 736 2909 sufficienter
760 2871 797 2906 in
817 2870 1065 2916 superioribus
1087 2879 1148 2906 os-

90 2939 234 2971 tensum
263 2939 331 2971 est·
350 2933 381 2969 A
400 2933 505 2969 nobis
527 2938 649 2968 autem
676 2941 758 2967 cum
787 2929 1093 2976 contemplatione
1113 2933 1150 2965 et

90 2994 137 3031 ad
165 2995 326 3031 litteram
343 2994 558 3031 custoditur.
588 2992 737 3029 Planius
762 2991 859 3028 enim
880 2991 1064 3038 legislator
1090 2991 1146 3026 in-

91 3055 290 3092 tentionem
319 3064 423 3090 suam
444 3053 697 3090 demonstrare
715 3052 854 3095 volens,
884 3051 929 3088 ab
955 3052 1068 3088 altero
1090 3052 1148 3089 die

91 3116 233 3153 sabbati
258 3115 442 3152 numerari
460 3114 644 3161 praecepit,
672 3113 935 3160 quinquaginta
963 3112 1053 3156 dies,
1076 3112 1149 3148 Do-

91 3178 265 3215 minicum
298 3177 394 3214 diem
434 3176 559 3223 procul
596 3175 705 3212 dubio
743 3174 869 3212 volens
890 3173 1053 3220 intelligi.
1080 3172 1148 3208 ilic

90 3240 188 3276 enim
207 3243 265 3276 est
293 3239 407 3276 altera
425 3238 504 3275 dies
523 3237 664 3274 sabbati
681 3248 690 3274 ε
710 3237 747 3272 in
767 3237 839 3272 hac
857 3235 952 3272 enim
983 3244 1147 3271 resurre-

91 3300 165 3337 ctio
182 3298 278 3336 facta
305 3304 381 3342 est,
399 3309 470 3345 qua
487 3297 732 3334 hebdomades
751 3301 990 3333 numerantur
1008 3300 1147 3340 septem

91 3369 205 3408 nsque
219 3360 264 3396 ad
284 3359 435 3396 alteram
454 3358 551 3395 diem
568 3357 784 3404 expletionis
798 3355 1048 3394 hebdomadae.
1076 3355 1148 3390 Do·-

94 3418 224 3457 minica
256 3430 384 3457 rursus
408 3419 466 3457 die
487 3418 720 3456 Pentecostes
749 3417 974 3454 celebramus
1003 3415 1146 3452 festivi-

96 3482 220 3524 tatem,
237 3480 276 3517 in
292 3491 364 3528 qua
387 3480 504 3518 sancti
534 3480 692 3527 Spiritus
715 3479 909 3515 adventum
931 3477 1145 3519 meruimus,

94 3547 168 3575 non
181 3540 316 3578 frustra
333 3553 376 3579 eo
392 3548 527 3588 septem
547 3540 854 3577 hebdomadarum
871 3538 1065 3574 adventum
1085 3546 1147 3572 cu-

97 3599 304 3654 stodientes,
334 3604 398 3640 sed
428 3610 467 3639 ut
497 3612 564 3639 nos
591 3609 904 3647 cognosceremus,
938 3597 1022 3643 quia
1056 3595 1146 3631 nihil

97 3666 216 3706 veuls·
229 3661 320 3701 nihil
333 3665 506 3703 saeculare
522 3663 694 3710 praecepit
720 3662 815 3698 Deus
838 3670 960 3708 agere,
986 3658 1146 3702 nihilque

97 3723 320 3771 corruptionj
332 3727 448 3784 yeteri
470 3726 675 3774 proximum
699 3725 760 3772 qui
785 3733 869 3763 eum
885 3721 1035 3762 cuniunt
1060 3728 1146 3767 pcr-

1268 2081 1359 2118 Sunt
1387 2087 1508 2117 autem
1527 2086 1564 2117 et
1585 2080 1845 2127 primitiarum,
1866 2080 1943 2116 sive
1961 2083 2003 2115 ut
2023 2077 2275 2125 Septuaginta,

1218 2143 1374 2190 separati
1388 2153 1399 2177 .·
1419 2143 1591 2189 quoniam
1607 2142 1707 2178 omni
1724 2142 1870 2188 quidem
1898 2141 2074 2188 sapientia
2090 2145 2173 2176 sunt
2189 2149 2281 2186 prae-

1219 2203 1335 2250 cipui,
1367 2203 1411 2239 ab
1430 2213 1472 2239 ea
1493 2208 1628 2246 autem,
1658 2213 1737 2248 quse
1757 2202 1917 2239 exterior
1936 2206 1992 2238 est
2012 2200 2170 2248 separati
2184 2200 2284 2236 vide-

1219 2267 1303 2303 licet
1323 2271 1359 2302 et
1380 2266 1546 2311 scjtmcti.
1566 2265 1658 2302 Sunt
1675 2275 1762 2312 ergo
1779 2275 1822 2300 ex
1842 2263 1978 2299 duabus
1997 2263 2139 2298 decimis
2157 2261 2282 2297 simila:

1219 2327 1452 2373 servientalis,
1477 2338 1522 2362 ex
1549 2327 1727 2368 doctrina,
1749 2335 1830 2370 quae
1850 2324 2049 2370 perfectam
2069 2322 2133 2358 Dei
2153 2320 2283 2357 divini-

1219 2393 1332 2423 tatem
1351 2392 1388 2422 et
1410 2386 1611 2432 perfectam
1640 2385 1902 2420 humanitatem
1928 2383 2050 2418 tradit.
2084 2381 2157 2416 Nec
2178 2380 2282 2416 aliter

1220 2448 1339 2493 coqui,
1358 2447 1428 2482 nisi
1445 2457 1511 2492 per
1529 2446 1636 2482 talem
1660 2444 1864 2481 doctrinam
1886 2447 2052 2489 possunt,
2073 2441 2135 2477 sed
2159 2441 2282 2486 primi-

1220 2508 1349 2543 tiarum
1376 2511 1456 2541 sunt
1487 2505 1650 2540 Domino.
1691 2504 1835 2539 Primus
1870 2502 1967 2537 enim
1998 2499 2170 2536 Dominus
2199 2509 2280 2535 cum

1224 2568 1341 2614 legem
1363 2565 1527 2612 perfecit,
1545 2570 1582 2601 et
1599 2564 1850 2611 Evangelium,
1870 2567 1906 2599 et
1924 2566 2006 2608 post
2035 2561 2104 2597 hoc
2132 2561 2277 2597 docuit:

1219 2627 1380 2662 Audistis
1408 2626 1490 2673 quia
1519 2625 1651 2660 dictum
1678 2629 1727 2659 est
1754 2622 1920 2669 antiquis,
1943 2632 2012 2657 non
2035 2620 2192 2661 occides,-
2217 2631 2279 2666 eqo

1220 2694 1336 2724 autem
1353 2686 1431 2722 dico
1458 2686 1569 2729 vobis,
1592 2686 1704 2721 omnis
1724 2685 1784 2731 qui
1803 2683 1970 2719 irascitur
1988 2682 2092 2727 fratri
2121 2692 2185 2717 suo
2205 2682 2280 2717 sine

1220 2760 1342 2791 causa,
1371 2759 1449 2784 reus
1470 2748 1534 2783 erit
1558 2746 1697 2792 judicio
1725 2742 1940 2792 (Matth.v);
1966 2740 2154 2786 conjunxit
2181 2741 2277 2778 enim

1220 2810 1280 2845 hic
1298 2808 1414 2855 legem
1434 2807 1643 2854 Evangelio,
1664 2810 1812 2852 propter
1826 2804 1923 2850 quod
1939 2802 2018 2849 ejus
2038 2802 2207 2849 primitiae
2223 2802 2276 2838 di-

1220 2875 1364 2906 cuntur.
1390 2868 1493 2913 Quod
1511 2874 1548 2904 et
1571 2868 1691 2904 Lucas
1716 2865 1951 2907 confirmans,
1971 2863 2151 2910 primitias
2167 2871 2274 2898 veras

1217 2931 1321 2967 nobis
1346 2929 1554 2972 ostendens,
1580 2927 1727 2973 scripsit
1752 2938 1761 2962 t
1791 2924 1950 2960 Primum
1973 2923 2112 2971 quidem
2142 2933 2274 2958 sermo-

1218 3003 1294 3028 nem
1311 2991 1377 3038 feci
1395 2991 1437 3026 de
1452 2990 1610 3026 onmibus
1624 2989 1694 3032 his,
1710 3000 1729 3024 o
1747 2987 1773 3023 Τ
1776 2986 1948 3034 heophile,
1964 2995 2041 3032 quoe
2056 2984 2155 3022 coenit
2173 2982 2277 3019 Jesus

1216 3051 1332 3098 [acere
1348 3057 1379 3086 et
1398 3050 1520 3086 docere
1538 3049 1630 3097 (Act.
1646 3047 1688 3095 ι).

1265 3111 1403 3148 Offerre
1418 3115 1538 3147 autem
1559 3120 1641 3147 cum
1661 3109 1714 3146 cis
1732 3115 1870 3155 septem
1889 3116 2000 3153 agnos
2019 3102 2274 3141 immaculatos

1218 3173 1406 3210 anniculos
1429 3172 1615 3218 praecepit,
1638 3172 1730 3208 dona
1755 3169 1963 3215 significans
1983 3176 2063 3212 quae
2083 3168 2167 3199 sunt
2198 3162 2269 3208 spi-

1213 3233 1307 3270 ritus
1325 3233 1370 3269 de
1392 3232 1523 3278 quibus
1543 3231 1712 3267 Salomon
1733 3229 1770 3263 lu
1790 3224 1996 3262 Proverbiis
2014 3223 2155 3259 dicebat
2172 3232 2180 3255 :
2202 3220 2267 3256 Sa-

1214 3292 1347 3338 pientia
1370 3291 1557 3336 oedificavit
1589 3289 1655 3324 sibi
1684 3287 1846 3328 domum,
1876 3283 1985 3319 erexit
2013 3280 2195 3316 columnas
2219 3290 2271 3314 se-

1212 3357 1306 3398 ptem
1325 3351 1448 3398 (Prov.
1469 3350 1535 3397 lx).
1567 3347 1715 3384 Planius
1739 3350 1858 3380 autem
1876 3342 1988 3379 Isaias
2013 3339 2162 3376 tradidit
2189 3350 2197 3374 :
2222 3337 2271 3373 Et

1214 3411 1397 3458 requiescit
1415 3420 1519 3455 super
1548 3418 1626 3443 eum
1651 3406 1795 3451 spiritus
1825 3401 1968 3437 Domini
1999 3399 2089 3447 (Isa.
2107 3397 2174 3446 xi).
2197 3397 2272 3434 Nec

1213 3471 1327 3507 tacuit
1345 3479 1439 3515 quae,
1458 3467 1515 3503 vel
1535 3466 1637 3511 cujus
1660 3461 1803 3499 numeri
1834 3464 1958 3497 essent
1975 3459 2083 3502 dona,
2105 3457 2272 3494 subintu-

1212 3530 1255 3565 lit
1283 3529 1380 3564 enim
1410 3539 1419 3562 ι
1445 3526 1599 3573 Spiritus
1625 3522 1807 3569 sapientioe
1832 3525 1863 3556 et
1890 3517 2099 3561 intellectus,
2126 3516 2272 3563 spiritus

1214 3588 1348 3625 consilii
1364 3593 1395 3622 et
1414 3585 1643 3632 fortitudinis,
1668 3582 1812 3630 spiritus
1835 3580 1989 3616 scientim
2010 3584 2042 3615 et
2064 3576 2217 3623 pietatis,
2237 3579 2271 3610 et

1213 3651 1364 3698 implebit
1396 3659 1474 3684 cum
1493 3648 1636 3694 spiritus
1657 3644 1791 3680 timoris
1822 3642 1976 3678 Domini.
2003 3640 2126 3686 Agnos
2145 3641 2268 3673 autem

1214 3715 1292 3750 hacc
1322 3709 1477 3758 appellat
1502 3708 1611 3752 dona,
1636 3705 1683 3743 ad
1714 3703 1973 3748 ostensionem,
2000 3700 2085 3748 quia
2114 3697 2272 3747 Spiritus
