2540 4016
308 201 380 239 679

730 195 772 231 Β.
799 194 971 232 RABANl
995 195 1143 232 MAURl
1166 193 1380 231 ARCHIEP.
1407 192 1613 235 MOGUNT.
1640 193 1833 233 OPERUM
1856 195 1978 234 PARS
2002 197 2030 233 1.

2397 201 2467 240 680

304 271 501 322 postulans,
521 270 760 318 ingemiscens
778 270 866 306 dicit
882 281 964 306 cum
981 271 1161 316 Propheta
1182 282 1190 305 :
1219 268 1355 305 Delicta
1372 269 1460 310 Ain
1485 268 1541 304 die
1572 270 1708 306 sabbati
1724 298 1734 313 ,
1761 271 1959 308 obtulerunt
1979 283 2057 308 eum
2084 272 2200 319 Moysi
2229 277 2263 309 et
2288 271 2409 308 Aaron
2435 279 2469 308 et

298 333 490 382 juventutis
518 342 620 373 meoe,
653 338 687 366 et
714 332 932 376 iqnorantias
957 342 1052 366 meas
1083 341 1124 365 ne
1143 329 1355 374 memineris,

303 395 450 432 Domine
475 404 488 429 .·
518 390 709 429 secundum
741 402 906 437 maynam
932 390 1212 426 misericordiam
1241 395 1355 433 tuam,

303 465 435 492 memor
454 459 524 489 esto
540 451 621 494 mei,
643 450 803 486 Domine.
836 450 1100 497 Adiuvabitque
1117 459 1200 485 eum
1223 449 1270 485 ad
1290 449 1358 484 im-

303 515 514 565 petrandam
533 513 675 549 veniam
691 512 904 548 intercessio
926 511 1107 558 pontilicis
1124 510 1266 553 summi,
1294 509 1356 556 qui

303 587 375 613 non
395 585 458 622 per
475 574 686 621 sanguinem
705 572 890 608 hircorum
913 578 950 608 et
979 572 1188 615 vitulorum,
1212 572 1274 608 sed
1292 581 1357 617 per

302 638 512 685 sanguinem
558 635 743 682 proprium
779 634 944 670 introivit
983 633 1094 670 semel
1131 633 1168 669 in
1203 638 1353 676 sancta,

300 703 436 735 aeterna
459 695 705 743 redemptione
723 695 882 731 inventa.

700 767 852 805 CAPUT
877 767 955 804 XV.

509 816 561 852 De
575 816 725 863 peccatis
740 826 801 862 per
819 815 1018 862 superbiam
1038 815 1154 860 [actis.

354 877 472 926 (Iam.)
488 877 615 912 Anima
634 888 726 920 vero,
739 887 816 922 quie
831 887 892 923 per
902 875 1099 922 superbiam
1113 873 1245 920 aliquid
1265 883 1357 907 com-

303 939 450 981 miserit,
470 939 540 974 sive
557 938 639 973 civis
657 937 700 972 sit
718 936 789 979 itte,
813 937 881 972 sive
899 936 1102 983 pereyrinus
1116 935 1280 981 quoniam
1298 932 1358 968 ad-

303 1010 420 1035 versus
439 998 627 1033 Dominum
656 995 790 1032 rebellis
812 996 879 1041 suit
893 1023 902 1038 ,
922 995 1046 1042 peribit
1064 995 1106 1030 de
1131 993 1258 1040 populo
1278 1003 1355 1034 suc,

301 1067 338 1097 et
358 1061 509 1106 reliqua.
529 1059 600 1105 (Ex
624 1056 852 1103 Auyustino.)
892 1057 978 1100 Quae
1009 1057 1080 1092 sint
1100 1060 1246 1101 peccata
1278 1063 1357 1099 quae

303 1120 393 1156 fiunt
411 1119 447 1155 in
463 1128 571 1154 manu
589 1117 779 1163 superbiae,
797 1116 834 1151 id
852 1122 923 1158 est,
942 1115 1109 1160 superbia
1126 1113 1356 1149 committun-

302 1187 374 1224 tur,
397 1180 584 1225 Scriptura
601 1179 679 1224 ipsa
703 1178 739 1213 in
762 1177 1066 1222 consequentibus
1085 1175 1173 1211 satis
1191 1173 1355 1219 exposuit
1373 1167 1405 1206 Β

302 1241 366 1277 ubi·
383 1240 458 1275 ait:
482 1237 658 1282 Quoniam
676 1237 815 1273 verbum
842 1237 1058 1282 contempsit.
1082 1235 1187 1270 Aliud
1203 1240 1257 1270 est
1271 1244 1355 1280 ergo

302 1307 482 1348 praecepta
501 1303 747 1339 contemnere,
767 1297 863 1332 aliud
882 1297 1027 1342 quidem
1044 1296 1164 1342 magni
1185 1295 1354 1340 pendere,

304 1359 367 1395 sed
387 1363 448 1393 aut
466 1357 630 1403 ignarum
650 1362 775 1392 contra
801 1355 936 1398 facere,
952 1360 1014 1390 aut
1033 1355 1168 1390 victum
1187 1354 1243 1389 vel
1263 1354 1356 1389 invi-

303 1423 393 1453 tum.
414 1416 500 1460 Quae
524 1416 593 1451 duo
619 1415 772 1450 fortasse
802 1415 1008 1459 pertincant
1039 1414 1082 1449 ad
1106 1414 1164 1448 illa
1194 1418 1356 1458 peccata,

304 1486 383 1521 quae
403 1485 423 1510 a
455 1474 660 1510 nolentibus
692 1473 782 1508 fiunt
802 1482 810 1507 :
834 1473 877 1508 de
895 1473 1024 1518 quihus
1046 1473 1212 1518 superlus
1232 1482 1358 1516 quem-

301 1536 493 1572 admodum
516 1535 589 1572 Deo
608 1534 803 1580 propitiato
835 1533 1067 1579 expiarentur
1088 1532 1293 1574 admonuit,
1316 1541 1358 1567 ac

303 1596 431 1632 deinde
458 1594 611 1641 subjecit
643 1599 791 1640 peccata
812 1593 1000 1639 superbiae,
1022 1603 1104 1628 cum
1128 1593 1279 1637 quisque
1300 1601 1359 1626 su-

303 1656 513 1703 perbiendo,
543 1656 580 1691 id
610 1661 675 1698 est,
709 1660 927 1701 pracceptum
949 1653 1210 1690 contemnendo
1231 1662 1357 1698 perpe-

306 1727 384 1751 ram
404 1716 491 1752 facit
513 1726 522 1751 z
541 1717 635 1762 quod
654 1725 765 1762 genus
785 1717 923 1762 peccati
941 1726 1013 1751 non
1033 1715 1122 1751 dixit
1139 1715 1210 1750 ullo
1229 1725 1360 1761 genere

302 1778 471 1814 sacrificii
495 1787 650 1823 purgare
666 1784 831 1823 oportere
852 1782 1022 1821 tanquam
1049 1775 1248 1812 insanabile
1265 1774 1360 1819 judi-

303 1847 418 1880 caus;
455 1836 517 1873 illa
544 1837 717 1872 duntaxat
749 1838 951 1880 curatione,
983 1847 1062 1881 quae
1093 1847 1157 1882 per
1183 1836 1360 1871 sacrificia

303 1897 534 1944 gerebantur,
555 1897 674 1942 qualia
700 1896 863 1932 facienda
884 1897 920 1932 in
940 1897 1009 1932 hac
1030 1895 1215 1941 Scriptura
1234 1895 1360 1941 praeci-

304 1958 465 2003 piuntur.
485 1957 570 2001 Quae
591 1958 621 1993 si
640 1968 703 2004 per
723 1958 800 2003 ipsa
829 1958 1073 2000 attendantur,
1100 1957 1188 1992 nulli
1212 1962 1360 2002 peccato

302 2023 455 2064 possunt
474 2018 631 2060 mederi3
659 2018 688 2052 si
707 2023 826 2053 autem
848 2027 905 2052 res
936 2017 1022 2062 ipsae
1053 2027 1206 2062 quorum
1239 2027 1359 2052 saera-

304 2084 425 2114 menta
444 2084 527 2114 sunt
548 2079 795 2123 inquirantur,
817 2079 852 2113 in
872 2079 925 2114 eis
943 2079 1096 2114 inveniri
1121 2079 1252 2125 poterit
1275 2090 1359 2125 pur·
1378 2061 1407 2102 C

305 2140 402 2187 gatio
422 2146 666 2186 peccatorum.
686 2140 788 2183 Quod
809 2151 893 2186 crgo
912 2141 1085 2185 scriptum
1106 2147 1162 2177 est
1191 2153 1198 2176 :
1230 2140 1361 2177 Pecca-

305 2204 362 2234 tor
399 2210 478 2233 cum
512 2199 641 2233 venerit
675 2199 712 2232 in
748 2199 960 2243 profundum
991 2199 1178 2241 malorum,
1207 2207 1361 2234 contem-

305 2259 356 2294 nit
384 2258 504 2305 (Prov.
527 2257 645 2305 xvlu),
666 2258 731 2294 iste
750 2259 971 2304 significatus
999 2265 1075 2301 est,
1104 2270 1210 2304 quem
1243 2259 1362 2305 Scrip-

306 2322 389 2352 tura
414 2318 481 2353 hoc
511 2317 590 2352 loco
621 2318 707 2352 dicit
739 2318 774 2352 in
804 2328 910 2352 manu
938 2318 1114 2363 superbiae
1140 2318 1359 2363 delinquere.

306 2375 383 2412 Hoc
398 2377 506 2422 igitur
522 2377 599 2412 siue
625 2387 731 2422 poena
752 2376 827 2421 ejus
847 2378 906 2422 qui
933 2378 1127 2413 committit
1152 2388 1221 2413 non
1246 2383 1363 2423 potest

309 2435 461 2478 aboleri,
499 2441 607 2481 atque
642 2436 722 2471 ideo
756 2446 826 2471 non
861 2443 978 2482 potest
1009 2446 1089 2471 csse
1122 2437 1358 2481 itnpunitum;

304 2501 340 2532 et
359 2506 440 2531 cum
459 2496 666 2542 poenitendo
694 2502 841 2532 sanatur
866 2508 873 2531 :
908 2496 985 2541 ipsa
1004 2496 1099 2531 enim
1124 2495 1267 2532 afflictiO
1287 2505 1363 2542 poe-

305 2557 468 2599 nitentis,
488 2566 594 2602 poena
625 2558 763 2602 peccati
782 2562 858 2600 est;
881 2557 1044 2602 quamvis
1074 2557 1298 2593 medicinalis
1328 2563 1363 2594 et

303 2616 471 2653 salubris.
495 2616 619 2652 Merito
635 2617 765 2662 quippe
781 2627 949 2663 magnum
961 2616 1140 2661 judicatur
1157 2623 1359 2663 peccatum,

301 2686 383 2712 cum
405 2677 572 2721 superbia
589 2683 809 2722 praeceptum
827 2678 1037 2713 contemnit.
1057 2678 1127 2715 Sed
1144 2689 1164 2714 e
1179 2679 1362 2716 contrario

301 2741 342 2771 ut
362 2736 483 2770 sanari
507 2737 641 2781 possit,
673 2747 734 2771 cor
754 2738 946 2773 contritum
967 2744 1004 2773 ct.
1022 2739 1249 2774 humiliatum
1268 2741 1362 2775 Deus

299 2805 371 2831 non
388 2795 795 2841 spernit.Verumtamen
810 2796 892 2840 qnia
908 2796 985 2831 sine
994 2806 1100 2842 poena
1117 2808 1187 2833 non
1205 2798 1263 2839 sit,
1282 2799 1360 2834 ideo

301 2855 387 2891 talia
407 2856 492 2891 hinc
511 2855 607 2891 dicta
627 2860 711 2891 sunt
736 2867 743 2890 ε
768 2856 893 2898 Deum,
918 2857 1046 2901 inquit,
1077 2858 1132 2892 hic
1160 2858 1358 2902 exacerbat,

300 2916 385 2959 quia
402 2915 495 2949 Deus
514 2915 670 2960 superbis
688 2914 828 2949 resistit.
862 2915 905 2949 Et
922 2917 1220 2952 exterminabitur
1240 2918 1359 2952 anima

301 2975 361 3011 illa
380 2976 423 3011 de
446 2975 577 3021 populo
596 2985 662 3010 suo
677 3002 687 3018 ,
708 2971 876 3020 quoniam
895 2976 977 3012 talis
991 2978 1136 3012 omnino
1155 2978 1188 3013 in
1210 2989 1360 3015 numero

301 3044 426 3070 eorum
442 3034 502 3080 qui
520 3033 566 3069 ad
578 3033 691 3069 Deum
706 3035 901 3079 pertinent,
917 3045 988 3070 nou
1008 3041 1075 3071 est.
1092 3036 1266 3079 Quoniam
1283 3048 1360 3074 ver-

300 3095 386 3131 bum
406 3094 548 3130 Domini
564 3094 803 3139 contempsit,
822 3102 859 3130 et
880 3096 1047 3131 mandata
1069 3095 1145 3141 ejus
1165 3098 1357 3143 dispersit,

304 3154 523 3190 contritione
573 3158 781 3189 conteretur
818 3154 938 3188 anima
974 3154 1046 3189 illa.
1085 3155 1204 3198 Quare
1237 3162 1359 3193 autem

304 3212 525 3250 contritione
541 3217 762 3255 conteretur,
779 3218 1039 3257 consequenter
1049 3213 1207 3259 adjungit
1217 3215 1357 3251 dicens:

303 3271 491 3308 Peccatum
505 3272 580 3318 ejus
593 3272 630 3307 in
649 3271 726 3315 illo,
738 3282 781 3307 ac
800 3282 865 3318 per
881 3272 950 3308 hoc
966 3272 997 3308 si
1013 3273 1074 3308 tali
1091 3278 1240 3319 peccato
1257 3274 1359 3309 debi-

302 3338 380 3372 ‘t'nm
395 3333 652 3370 contritionem
671 3333 748 3379 ipse
770 3332 839 3369 sibi
867 3333 1035 3370 adhibeat
1057 3334 1278 3380 poenitendo,
1297 3345 1361 3372 cor

305 3394 515 3440 contritum,
530 3398 571 3430 ut
587 3393 723 3430 dictum
741 3397 812 3436 est,
832 3392 928 3429 Deus
951 3403 1022 3430 non
1045 3393 1194 3440 spernit.

695 3466 848 3503 CAPUT
878 3466 971 3504 XVI.

305 3529 359 3566 De
376 3529 514 3566 homine
530 3529 710 3574 coiliyente
735 3528 832 3576 liqna
857 3529 894 3564 in
920 3528 976 3564 die
1000 3529 1156 3574 sabbati,·
1175 3536 1206 3566 et
1223 3530 1266 3566 dc
1280 3531 1360 3576 fim-

354 3576 437 3612 briis
476 3574 644 3621 faciendis
673 3586 734 3622 per
766 3574 912 3622 anyulos
948 3575 1136 3622 palliorum
1163 3588 1242 3613 cum
1269 3578 1362 3614 vittis

355 3622 602 3669 hyacinthinis.

356 3696 475 3744 (isin.)
500 3696 652 3733 Factum
671 3701 722 3732 est
739 3702 856 3734 autem
876 3709 955 3734 cum
969 3703 1082 3735 essent
1106 3697 1174 3745 filii
1192 3697 1308 3736 Israel
1324 3699 1364 3736 in

313 3758 510 3804 suetudine,
528 3763 560 3796 et
586 3758 794 3797 invenissent
824 3759 1241 3810 leominemsscottiycntem
1267 3761 1364 3810 liyna

1423 331 1591 366 universae
1628 332 1860 367 multitudini.
1889 332 1960 375 Qui
1992 332 2207 369 recluserunt
2227 343 2305 369 eum
2336 333 2373 368 in
2393 342 2471 367 car-

1423 401 1534 426 cerem
1549 417 1558 434 ,
1597 392 1784 427 nescientes
1811 391 1895 437 quid
1930 403 2034 439 super
2065 404 2105 429 eo
2149 393 2264 439 facere
2297 392 2469 429 deberent.

1421 451 1586 500 Discitque
1605 453 1778 488 Dominus
1793 452 1839 488 ad
1859 452 2004 500 Moysen
2018 464 2030 488 :
2051 454 2164 490 Morte
2179 454 2351 490 moriatur
2369 455 2473 492 homo

1420 513 1485 549 iste
1492 525 1506 557 ,-
1533 513 1658 549 obruat
1674 524 1752 548 eum
1769 513 1881 549 omnis
1900 514 2002 549 turba
2025 513 2198 560 lapidibus
2216 521 2316 551 extra
2341 521 2471 551 castra.

1423 573 1578 620 Cumque
1597 585 1675 608 eum
1690 574 1890 610 eduxissent
1905 574 2014 620 foras,
2040 574 2230 611 obruerunt
2248 575 2421 622 lapidibus
2439 582 2474 613 et

1422 640 1580 668 mortuus
1608 639 1672 677 est,
1700 634 1788 669 sicut
1809 641 2018 680 praeceperat
2035 635 2218 672 Dominus.
2239 635 2332 680 Quid
2353 643 2475 675 autem

1424 694 1607 738 insinuat,
1629 694 1724 740 quod
1747 701 1822 731 tam
1847 697 2018 732 atrociter
2034 695 2137 741 iussu
2162 698 2227 734 Dei
2249 698 2357 735 fuerit
2378 699 2474 736 idem

1423 755 1469 790 ab
1487 755 1584 790 omni
1607 756 1737 801 populo
1756 757 1956 794 trucidatus
1972 785 1981 800 ,
2002 759 2096 804 quod
2126 758 2230 795 facile
2259 761 2304 797 ab
2322 761 2475 798 infideli-
2534 803 2540 806 Δ

1422 816 1490 851 bus
1506 817 1750 862 promittitur?
1772 817 1975 866 Intelligant
1994 829 2079 867 ergo
2098 821 2182 866 quia
2201 821 2278 858 baec
2297 823 2418 858 omnia
2437 823 2475 859 in
2533 810 2540 855 Ῑ

1426 884 1508 925 typo
1526 878 1737 915 acciderunt
1758 880 1829 916 illis
1852 891 1861 916 ε
1883 880 2019 926 scripta
2042 887 2125 917 sunt
2145 882 2241 918 enim
2264 881 2310 917 ad
2333 892 2477 929 correp-
2535 890 2540 909 ³

1424 939 1559 974 tIonem
1593 946 1769 975 nostram.
1810 941 1871 977 Ille
1904 941 2000 977 enim
2045 942 2219 988 pristinus
2253 942 2478 988 carnalisque
2534 940 2540 975 3

1425 998 1532 1034 homo
1550 998 1610 1044 qui
1631 999 1726 1034 diem
1750 1001 1890 1036 sabbati
1920 1001 2056 1037 violare
2076 1012 2184 1038 ausus
2205 1006 2262 1038 est
2278 1002 2363 1038 dum
2382 1001 2479 1048 ligna
2536 1008 2540 1049 j

1424 1059 1620 1104 colligeret,
1631 1065 1778 1104 propter
1794 1060 1889 1106 quod
1899 1066 1954 1096 est
1971 1067 2008 1096 et
2022 1061 2182 1106 punitus,
2199 1061 2353 1098 formam
2371 1062 2479 1109 signi-
2534 1054 2540 1083 Ᾰ

1425 1120 1557 1156 ficabat
1575 1120 1652 1165 ejus
1668 1122 1729 1166 qui
1749 1122 1856 1158 hodie
1880 1123 1917 1157 in
1938 1122 2083 1158 Christo
2105 1123 2281 1170 signatus,
2298 1124 2481 1160 invenitur
2530 1123 2540 1174 J

1425 1190 1530 1226 agere
1550 1180 1695 1216 carnale
1721 1190 1834 1226 opus,
1867 1181 1902 1217 id
1935 1188 2011 1224 est,
2039 1183 2254 1218 contrahere
2281 1182 2399 1229 ligna,
2428 1182 2480 1219 fe-

1423 1250 1523 1283 num,
1541 1240 1721 1286 stipulam,
1739 1241 1783 1277 ad
1802 1251 1922 1278 escam
1942 1242 2034 1289 ignis
2048 1243 2173 1279 aeterni
2191 1243 2478 1279 convenientem.

1423 1299 1509 1344 Quae
1528 1301 1611 1336 dum
1629 1301 1762 1347 colligit
1785 1302 1821 1337 in
1852 1313 1954 1338 suam
1986 1303 2197 1348 perniciem,
2230 1304 2260 1340 si
2289 1303 2397 1340 suerit
2419 1304 2481 1340 de-

1423 1361 1636 1405 prehensus,
1655 1361 1799 1406 pellitur
1815 1363 1860 1398 ab
1879 1358 2045 1399 omnibus
2071 1369 2108 1399 et
2127 1364 2249 1400 statim
2268 1364 2446 1401 occiditur
2470 1376 2479 1401 ε

1425 1420 1509 1454 dum
1538 1419 1721 1463 judicatur
1755 1422 1800 1456 ab
1835 1422 2070 1467 spiritalibus.
2106 1422 2167 1459 Sic
2191 1434 2276 1470 ergo
2312 1425 2482 1462 omnibus

1426 1489 1646 1524 quaecunque
1666 1480 1736 1515 illis
1752 1480 1884 1516 Judaeis
1898 1491 1963 1526 per
1981 1482 2095 1528 legem
2110 1483 2331 1527 acciderunt,
2347 1484 2483 1521 forma-

1427 1538 1510 1574 liter
1528 1539 1757 1584 intelligenda
1775 1546 1871 1575 sunt.

1472 1598 1571 1633 Dixit
1588 1610 1721 1645 quoque
1742 1599 1915 1636 Dominus
1943 1603 1989 1637 ad
2018 1602 2163 1650 Moysen
2183 1615 2195 1640 .·
2218 1604 2375 1652 Loquere
2400 1607 2484 1653 filiis

1429 1657 1543 1692 Israel
1564 1665 1594 1693 et
1613 1659 1705 1694 dices
1732 1660 1777 1695 ad
1796 1671 1866 1703 eos,
1885 1668 1922 1696 ut
1941 1663 2074 1707 saciant
2092 1664 2158 1699 sibi
2174 1665 2331 1710 fimbrias
2343 1679 2405 1714 per
2421 1681 2485 1705 an-

1427 1718 1524 1763 yulos
1543 1719 1746 1764 palliorum,
1773 1729 1937 1767 ponentes
1960 1724 1997 1759 in
2024 1725 2072 1760 eis
2093 1726 2195 1761 vittas
2222 1727 2480 1773 hyacinthinas.

1430 1778 1524 1821 Quas
1544 1791 1622 1814 cum
1649 1781 1807 1826 viderint,
1832 1785 2109 1820 recordabuntur
2123 1788 2278 1823 omnium
2299 1790 2485 1826 mandato-

1429 1849 1505 1872 rum
1520 1839 1674 1883 Domini,
1695 1853 1736 1876 ne
1753 1849 1941 1888 sequantur
1959 1844 2184 1890 coyitationes
2197 1858 2295 1890 suas,
2315 1854 2347 1882 et
2365 1848 2483 1885 oculos

1428 1912 1507 1936 suos
1522 1913 1581 1947 per
1595 1914 1647 1938 res
1661 1905 1775 1940 varias
1792 1905 2020 1950 fornicantes‚·
2030 1907 2090 1942 sed
2107 1909 2217 1955 magis
2232 1916 2484 1956 praeceptorum

1428 1961 1570 1997 Domini
1590 1975 1770 2008 memores,
1800 1965 1932 2011 saciant
1958 1978 2018 2011 ea,
2041 1968 2177 2015 sintque
2193 1971 2305 2005 sancti
2331 1970 2483 2006 Domino

1430 2021 1502 2056 Deo
1523 2034 1598 2058 suo.
1618 2024 1692 2070 Eyo
1707 2025 1877 2062 Dominus
1897 2027 1992 2063 Deus
2010 2035 2130 2073 vester,
2151 2030 2210 2075 qui
2233 2030 2338 2066 eduxi
2361 2042 2419 2067 vos
2441 2032 2484 2067 de

1429 2088 1522 2116 terra
1545 2082 1689 2128 AEyypti
1706 2092 1742 2120 ut
1760 2097 1869 2121 essem
1887 2087 1982 2123 Deus
2002 2095 2121 2123 vester.
2151 2088 2357 2126 Secundum
2372 2091 2485 2128 histo-

1430 2141 1520 2176 riam
1539 2153 1623 2189 ergo
1639 2146 1819 2181 mandavit
1832 2147 2006 2184 Dominus
2019 2159 2084 2194 per
2101 2149 2244 2196 Moysen
2262 2151 2345 2187 filiis
2359 2152 2482 2195 Israel,

1430 2203 1466 2238 in
1494 2211 1648 2249 quatuor
1670 2208 1807 2254 angulis
1826 2209 2022 2254 'palliorum
2048 2212 2299 2257 hyacinthinas
2325 2213 2484 2250 fimbrias

1430 2263 1569 2307 facere,
1601 2266 1643 2300 ad
1663 2266 1900 2305 Israeliticum
1919 2271 2088 2317 populum
2121 2272 2422 2319 dignoscendum,
2443 2280 2484 2310 ut

1434 2325 1613 2368 quomodo
1635 2325 1669 2360 in
1690 2329 1900 2372 corporibus
1924 2330 2151 2366 circumcisio
2168 2332 2309 2378 signum
2328 2331 2485 2369 Judaieae

1430 2384 1545 2429 gentis
1565 2385 1678 2429 daret,
1700 2387 1749 2421 ita
1773 2394 1808 2422 et
1830 2390 1940 2424 vestis
1961 2391 2113 2427 haberet
2138 2392 2294 2438 aliquam
2315 2394 2484 2429 differen-

1430 2444 1534 2486 tiam;
1560 2450 1595 2479 et
1621 2451 1659 2480 nt
1682 2454 2011 2491 commonerentur,
2031 2451 2115 2495 quia
2143 2452 2267 2487 habitu
2299 2464 2319 2488 a
2344 2455 2483 2490 caeteris

1429 2504 1594 2548 gentibus
1616 2505 1678 2540 Dei
1696 2513 1876 2552 praecepto
1895 2508 2129 2552 differebant,
2152 2511 2328 2547 distarent
2345 2518 2382 2548 et
2402 2513 2485 2550 reli-

1430 2564 1548 2610 gione,
1568 2571 1745 2610 quatenus
1764 2578 1875 2603 unum
1895 2569 2008 2604 Deum
2026 2569 2186 2605 colerent
2200 2571 2332 2616 spretis
2346 2573 2484 2610 cunctis

1429 2624 1532 2660 idolis
1553 2626 1752 2669 nationum,
1773 2626 1922 2673 ejusque
1937 2629 2106 2665 mandata
2122 2630 2386 2668 studiosissime
2399 2643 2484 2669 con-

1429 2694 1575 2720 servare
1599 2685 1814 2721 niterentur.
1846 2687 2048 2734 Allegorice
2083 2694 2203 2725 autem
2231 2701 2298 2727 nos
2322 2691 2481 2735 instruit,

1428 2750 1468 2779 ut
1499 2745 1755 2791 intelligamus,
1786 2747 1870 2792 quia
1902 2748 2069 2784 mandata
2093 2759 2173 2794 quae
2203 2750 2371 2786 videntur
2403 2761 2483 2787 esse

1428 2805 1576 2839 minima
1594 2805 1630 2840 in
1650 2806 1774 2841 habitu
1793 2806 1881 2853 legis
1895 2835 1904 2851 ‚
1925 2808 1954 2843 si
1983 2813 2129 2854 propter
2149 2808 2333 2844 coelestem
2353 2810 2480 2855 vitam,

1429 2865 1524 2908 quod
1543 2864 1632 2899 vitta
1650 2866 1887 2911 hyacinthina
1904 2868 2102 2914 significat,
2128 2867 2284 2904 colorem
2306 2870 2402 2905 aeris
2420 2880 2483 2906 ex-

1428 2923 1598 2967 primens,
1634 2931 1837 2970 serventur,
1870 2928 2023 2963 multum
2050 2927 2253 2973 proficiant.
2290 2928 2360 2971 Qui
2386 2930 2483 2965 enim

1429 2984 1557 3028 spernit
1573 2984 1730 3028 minima,
1747 2986 1917 3032 paulatim
1932 2987 2065 3034 defluit.
2081 2988 2237 3035 Ideoque
2252 2998 2400 3026 necesse
2413 2996 2480 3033 est,

1429 3048 1470 3077 ut
1497 3045 1699 3092 secundum:
1715 3046 1876 3092 Apostoli
1906 3049 2178 3091 documentum,
2205 3049 2276 3085 sive
2294 3050 2483 3085 manduce-

1430 3115 1520 3147 mus,
1542 3105 1612 3140 sive
1628 3105 1798 3150 bibamus,
1821 3109 1890 3145 sive
1906 3109 2004 3146 atiud
2021 3111 2105 3157 quid
2119 3121 2278 3158 ayamus,
2310 3111 2427 3148 omnia
2445 3111 2482 3148 in

1430 3163 1578 3210 yloriam
1597 3165 1662 3201 Dei
1679 3166 1866 3211 faciamus.

1811 3239 1961 3278 CAPUT
1987 3241 2095 3279 xvu.

1431 3282 1483 3319 De
1494 3283 1662 3320 seditione
1673 3282 1798 3329 Chore,
1817 3286 1960 3322 Dathan
1975 3294 2006 3323 et
2025 3289 2159 3325 Abiron
2176 3295 2301 3326 contra
2321 3291 2480 3338 Moysen,

1801 3337 1832 3367 et
1853 3343 1953 3378 poena
1971 3344 2104 3370 eorum.

1478 3401 1578 3449 (Cn.
1607 3401 1697 3450 xvt.)
1731 3402 1822 3439 Ecce
1851 3410 1966 3440 autem
1997 3405 2110 3441 Chore
2143 3406 2237 3452 filius
2266 3407 2386 3453 Isaar,
2414 3409 2482 3454 filii

1432 3460 1557 3504 caath,
1577 3461 1644 3507 filii
1673 3461 1768 3506 Levi,
1788 3469 1820 3498 et
1846 3462 2001 3507 Dathan,
2032 3471 2065 3500 et
2087 3465 2242 3508 Abiram,
2265 3466 2332 3512 fitia·
2361 3467 2479 3513 Eiiab,

1432 3520 1514 3557 Hon
1528 3532 1664 3568 quoque
1682 3521 1778 3567 filius
1796 3520 1961 3566 Phelech,
1989 3523 2031 3559 de
2049 3524 2134 3570 filiis
2158 3525 2292 3570 Ruben,
2319 3538 2483 3564 surrexe-

1428 3586 1510 3616 runt
1529 3587 1650 3616 contra
1671 3581 1816 3628 Moysen
1831 3608 1842 3625 ,
1861 3581 2009 3630 aliisque
2034 3584 2188 3630 filiorum
2203 3584 2320 3622 Israel
2340 3585 2480 3624 ducenti
2507 3595 2510 3634 ζ

1428 3641 1679 3688 quinquaqinta
1695 3641 1774 3684 viri,
1791 3653 1948 3689 proceres
1969 3655 2172 3692 synayoyae,
2192 3651 2225 3681 et
2245 3646 2307 3692 qui
2328 3653 2481 3694 tempora
2516 3655 2526 3662 ’·

1429 3703 1582 3748 concilii,
1607 3714 1685 3757 per-
1699 3705 1842 3740 nomina
1871 3705 2097 3754 vocabantur.
2130 3705 2285 3754 Cumque
2307 3709 2482 3749 stem

1430 3763 1595 3803 adversus
1610 3764 1755 3813 Moysen
1769 3771 1802 3803 et
1815 3765 1950 3814 Aaron,
1981 3766 2172 3807 dixerunt:
2192 3768 2350 3817 Sufficiat
2370 3767 2479 3816 vain,

2532 3501 2540 3599 naum..
2535 3476 2540 3485 -
2535 3372 2540 3445 ,....,
