<?xml version="1.0" encoding="UTF-8"?>
<!DOCTYPE html PUBLIC "-//W3C//DTD XHTML 1.0 Transitional//EN"
    "http://www.w3.org/TR/xhtml1/DTD/xhtml1-transitional.dtd">
<html xmlns="http://www.w3.org/1999/xhtml" xml:lang="en" lang="en">
 <head>
  <title>
</title>
<meta http-equiv="Content-Type" content="text/html;charset=utf-8" />
  <meta name='ocr-system' content='tesseract 3.04.00' />
  <meta name='ocr-capabilities' content='ocr_page ocr_carea ocr_par ocr_line ocrx_word'/>
</head>
<body>
  <div class='ocr_page' id='page_1' title='image "./patrologiae00unknuoft_0516.png"; bbox 0 0 2540 4016; ppageno 0'>
   <div class='ocr_carea' id='block_1_1' title="bbox 290 149 2455 278">
    <p class='ocr_par' dir='ltr' id='par_1_1' title="bbox 290 149 2460 278">
     <span class='ocr_line' id='line_1_1' title="bbox 722 149 2441 222; baseline 0.001 -32"><span class='ocrx_word' id='word_1_1' title='bbox 722 151 764 190; x_wconf 87' lang='lat' dir='ltr'>B.</span> <span class='ocrx_word' id='word_1_2' title='bbox 791 151 963 193; x_wconf 81' lang='lat' dir='ltr'>RABANI</span> <span class='ocrx_word' id='word_1_3' title='bbox 989 150 1137 189; x_wconf 82' lang='lat' dir='ltr'><strong>MAURI</strong></span> <span class='ocrx_word' id='word_1_4' title='bbox 1159 150 1374 194; x_wconf 76' lang='lat' dir='ltr'>ARCHIEP,</span> <span class='ocrx_word' id='word_1_5' title='bbox 1402 149 1609 194; x_wconf 72' lang='lat' dir='ltr'>MOGUNT.</span> <span class='ocrx_word' id='word_1_6' title='bbox 1637 150 1830 199; x_wconf 72' lang='lat' dir='ltr'>OPERUM</span> <span class='ocrx_word' id='word_1_7' title='bbox 1850 151 1972 212; x_wconf 65' lang='lat' dir='ltr'>i‘ARS</span> <span class='ocrx_word' id='word_1_8' title='bbox 1993 154 2024 192; x_wconf 87' lang='grc' dir='ltr'>Ι.</span> <span class='ocrx_word' id='word_1_9' title='bbox 2376 159 2441 222; x_wconf 37' lang='grc' dir='ltr'>μ’</span> 
     </span>
     <span class='ocr_line' id='line_1_2' title="bbox 290 223 2455 278; baseline 0.004 -15"><span class='ocrx_word' id='word_1_10' title='bbox 290 230 445 272; x_wconf 52' lang='lat' dir='ltr'>crimine</span> <span class='ocrx_word' id='word_1_11' title='bbox 463 227 693 272; x_wconf 75' lang='lat' dir='ltr'>condemnat,</span> <span class='ocrx_word' id='word_1_12' title='bbox 709 228 796 275; x_wconf 83' lang='lat' dir='ltr'>quia</span> <span class='ocrx_word' id='word_1_13' title='bbox 814 228 945 264; x_wconf 85' lang='lat' dir='ltr'>dicitur</span> <span class='ocrx_word' id='word_1_14' title='bbox 962 239 971 263; x_wconf 74' lang='grc' dir='ltr'><strong><em>ε</em></strong></span> <span class='ocrx_word' id='word_1_15' title='bbox 995 240 1006 261; x_wconf 74' lang='grc' dir='ltr'>ι</span> <span class='ocrx_word' id='word_1_16' title='bbox 1020 227 1077 263; x_wconf 86' lang='lat' dir='ltr'>An</span> <span class='ocrx_word' id='word_1_17' title='bbox 1097 227 1246 264; x_wconf 86' lang='lat' dir='ltr'>nescitis</span> <span class='ocrx_word' id='word_1_18' title='bbox 1261 225 1345 272; x_wconf 83' lang='lat' dir='ltr'>quia</span> <span class='ocrx_word' id='word_1_19' title='bbox 1363 224 1400 276; x_wconf 69' lang='grc' dir='ltr'><strong>Α</strong></span> <span class='ocrx_word' id='word_1_20' title='bbox 1414 223 1480 268; x_wconf 84' lang='lat' dir='ltr'>ris,</span> <span class='ocrx_word' id='word_1_21' title='bbox 1497 229 1559 261; x_wconf 83' lang='lat' dir='ltr'>aut</span> <span class='ocrx_word' id='word_1_22' title='bbox 1580 224 1690 262; x_wconf 82' lang='lat' dir='ltr'>etiam</span> <span class='ocrx_word' id='word_1_23' title='bbox 1702 224 1734 262; x_wconf 84' lang='lat' dir='ltr'>si</span> <span class='ocrx_word' id='word_1_24' title='bbox 1746 225 1829 273; x_wconf 89' lang='lat' dir='ltr'>quis</span> <span class='ocrx_word' id='word_1_25' title='bbox 1842 225 1936 264; x_wconf 86' lang='lat' dir='ltr'>forte</span> <span class='ocrx_word' id='word_1_26' title='bbox 1953 227 2112 275; x_wconf 75' lang='lat' dir='ltr'>attigerit</span> <span class='ocrx_word' id='word_1_27' title='bbox 2124 229 2260 278; x_wconf 78' lang='lat' dir='ltr'>aliquid</span> <span class='ocrx_word' id='word_1_28' title='bbox 2274 228 2413 270; x_wconf 83' lang='lat' dir='ltr'>liberali</span> <span class='ocrx_word' id='word_1_29' title='bbox 2451 239 2455 241; x_wconf 69' lang='grc'><strong>’</strong></span> 
     </span>
    </p>
   </div>
   <div class='ocr_carea' id='block_1_2' title="bbox 295 157 395 198">
    <p class='ocr_par' dir='ltr' id='par_1_2' title="bbox 295 157 395 198">
     <span class='ocr_line' id='line_1_3' title="bbox 295 157 395 198; baseline -0.02 0"><span class='ocrx_word' id='word_1_30' title='bbox 295 157 395 198; x_wconf 68' lang='lat' dir='ltr'>{01ss</span> 
     </span>
    </p>
   </div>
   <div class='ocr_carea' id='block_1_3' title="bbox 283 290 1351 1132">
    <p class='ocr_par' dir='ltr' id='par_1_3' title="bbox 288 290 1351 402">
     <span class='ocr_line' id='line_1_4' title="bbox 291 290 1351 339; baseline 0.001 -12"><span class='ocrx_word' id='word_1_31' title='bbox 291 301 444 339; x_wconf 81' lang='lat' dir='ltr'>corpora</span> <span class='ocrx_word' id='word_1_32' title='bbox 465 295 587 329; x_wconf 88' lang='lat' dir='ltr'>vestra</span> <span class='ocrx_word' id='word_1_33' title='bbox 606 290 778 338; x_wconf 87' lang='lat' dir='ltr'>templum</span> <span class='ocrx_word' id='word_1_34' title='bbox 795 290 860 326; x_wconf 90' lang='lat' dir='ltr'>Dei</span> <span class='ocrx_word' id='word_1_35' title='bbox 876 290 956 327; x_wconf 89' lang='lat' dir='ltr'>est?</span> <span class='ocrx_word' id='word_1_36' title='bbox 970 290 1000 326; x_wconf 92' lang='lat' dir='ltr'>si</span> <span class='ocrx_word' id='word_1_37' title='bbox 1014 291 1095 337; x_wconf 91' lang='lat' dir='ltr'>quis</span> <span class='ocrx_word' id='word_1_38' title='bbox 1116 294 1237 327; x_wconf 83' lang='lat' dir='ltr'>autem</span> <span class='ocrx_word' id='word_1_39' title='bbox 1259 296 1351 328; x_wconf 86' lang='lat' dir='ltr'>tem-</span> 
     </span>
     <span class='ocr_line' id='line_1_5' title="bbox 288 351 1345 402; baseline 0 -13"><span class='ocrx_word' id='word_1_40' title='bbox 288 352 388 401; x_wconf 90' lang='lat' dir='ltr'>plum</span> <span class='ocrx_word' id='word_1_41' title='bbox 404 351 467 388; x_wconf 89' lang='lat' dir='ltr'>Dei</span> <span class='ocrx_word' id='word_1_42' title='bbox 482 352 687 396; x_wconf 85' lang='lat' dir='ltr'>violaverit,</span> <span class='ocrx_word' id='word_1_43' title='bbox 697 351 881 399; x_wconf 86' lang='lat' dir='ltr'>disperdet</span> <span class='ocrx_word' id='word_1_44' title='bbox 900 351 999 388; x_wconf 93' lang='lat' dir='ltr'>illum</span> <span class='ocrx_word' id='word_1_45' title='bbox 1008 352 1103 389; x_wconf 90' lang='lat' dir='ltr'>Deus</span> <span class='ocrx_word' id='word_1_46' title='bbox 1114 351 1149 399; x_wconf 87' lang='lat' dir='ltr'>(I</span> <span class='ocrx_word' id='word_1_47' title='bbox 1158 351 1240 389; x_wconf 84' lang='lat' dir='ltr'>Cor.</span> <span class='ocrx_word' id='word_1_48' title='bbox 1252 351 1322 402; x_wconf 77' lang='grc' dir='ltr'>ιιι).</span> <span class='ocrx_word' id='word_1_49' title='bbox 1331 366 1345 389; x_wconf 68' lang='grc' dir='ltr'><strong><em>ι</em></strong></span> 
     </span>
    </p>

    <p class='ocr_par' dir='ltr' id='par_1_4' title="bbox 283 411 1351 1132">
     <span class='ocr_line' id='line_1_6' title="bbox 336 411 1349 461; baseline 0.005 -14"><span class='ocrx_word' id='word_1_50' title='bbox 336 411 454 461; x_wconf 75' lang='lat' dir='ltr'>(lum.)</span> <span class='ocrx_word' id='word_1_51' title='bbox 486 424 499 445; x_wconf 88' lang='lat'>‹</span> <span class='ocrx_word' id='word_1_52' title='bbox 524 411 721 457; x_wconf 88' lang='lat' dir='ltr'>Postquam</span> <span class='ocrx_word' id='word_1_53' title='bbox 742 417 862 448; x_wconf 88' lang='lat' dir='ltr'>autem</span> <span class='ocrx_word' id='word_1_54' title='bbox 878 422 1007 448; x_wconf 85' lang='lat' dir='ltr'>omnes</span> <span class='ocrx_word' id='word_1_55' title='bbox 1025 412 1230 450; x_wconf 82' lang='lat' dir='ltr'>circumcisi</span> <span class='ocrx_word' id='word_1_56' title='bbox 1251 419 1349 461; x_wconf 79' lang='lat' dir='ltr'>sunt,</span> 
     </span>
     <span class='ocr_line' id='line_1_7' title="bbox 292 474 1351 519; baseline 0.001 -9"><span class='ocrx_word' id='word_1_57' title='bbox 292 488 306 510; x_wconf 84' lang='lat'>‹</span> <span class='ocrx_word' id='word_1_58' title='bbox 335 479 550 514; x_wconf 82' lang='lat' dir='ltr'>manserunt</span> <span class='ocrx_word' id='word_1_59' title='bbox 564 475 601 509; x_wconf 91' lang='lat' dir='ltr'>in</span> <span class='ocrx_word' id='word_1_60' title='bbox 623 474 748 510; x_wconf 85' lang='lat' dir='ltr'>eodem</span> <span class='ocrx_word' id='word_1_61' title='bbox 769 478 971 510; x_wconf 79' lang='lat' dir='ltr'>castrorum</span> <span class='ocrx_word' id='word_1_62' title='bbox 991 475 1088 519; x_wconf 91' lang='lat' dir='ltr'>loco,</span> <span class='ocrx_word' id='word_1_63' title='bbox 1107 475 1220 514; x_wconf 83' lang='lat' dir='ltr'>donec</span> <span class='ocrx_word' id='word_1_64' title='bbox 1243 486 1351 512; x_wconf 87' lang='lat' dir='ltr'>sana-</span> 
     </span>
     <span class='ocr_line' id='line_1_8' title="bbox 291 534 1349 581; baseline 0.002 -11"><span class='ocrx_word' id='word_1_65' title='bbox 291 549 304 570; x_wconf 82' lang='lat'><strong>«</strong></span> <span class='ocrx_word' id='word_1_66' title='bbox 333 542 472 579; x_wconf 85' lang='lat' dir='ltr'>rentur,</span> <span class='ocrx_word' id='word_1_67' title='bbox 495 550 506 569; x_wconf 72' lang='grc' dir='ltr'><strong><em>ι</em></strong></span> <span class='ocrx_word' id='word_1_68' title='bbox 531 534 739 581; x_wconf 79' lang='lat' dir='ltr'>etreliqua.</span> <span class='ocrx_word' id='word_1_69' title='bbox 769 534 846 571; x_wconf 92' lang='lat' dir='ltr'>Non</span> <span class='ocrx_word' id='word_1_70' title='bbox 868 535 964 570; x_wconf 90' lang='lat' dir='ltr'>enim</span> <span class='ocrx_word' id='word_1_71' title='bbox 989 535 1119 572; x_wconf 85' lang='lat' dir='ltr'>sufficit</span> <span class='ocrx_word' id='word_1_72' title='bbox 1144 536 1249 573; x_wconf 86' lang='lat' dir='ltr'>nohis</span> <span class='ocrx_word' id='word_1_73' title='bbox 1277 537 1349 573; x_wconf 92' lang='lat' dir='ltr'>cir-</span> 
     </span>
     <span class='ocr_line' id='line_1_9' title="bbox 287 596 1350 643; baseline 0 -9"><span class='ocrx_word' id='word_1_74' title='bbox 287 597 454 637; x_wconf 87' lang='lat' dir='ltr'>cumcidi,</span> <span class='ocrx_word' id='word_1_75' title='bbox 474 597 536 633; x_wconf 89' lang='lat' dir='ltr'>sed</span> <span class='ocrx_word' id='word_1_76' title='bbox 554 601 634 643; x_wconf 91' lang='lat' dir='ltr'>post</span> <span class='ocrx_word' id='word_1_77' title='bbox 652 596 965 633; x_wconf 81' lang='lat' dir='ltr'>circumcisionem</span> <span class='ocrx_word' id='word_1_78' title='bbox 981 597 1115 641; x_wconf 87' lang='lat' dir='ltr'>sanari,</span> <span class='ocrx_word' id='word_1_79' title='bbox 1138 598 1175 635; x_wconf 90' lang='lat' dir='ltr'>id</span> <span class='ocrx_word' id='word_1_80' title='bbox 1193 603 1261 640; x_wconf 90' lang='lat' dir='ltr'>est,</span> <span class='ocrx_word' id='word_1_81' title='bbox 1289 609 1350 634; x_wconf 90' lang='lat' dir='ltr'>us-</span> 
     </span>
     <span class='ocr_line' id='line_1_10' title="bbox 287 657 1348 706; baseline 0.001 -12"><span class='ocrx_word' id='word_1_82' title='bbox 287 669 428 705; x_wconf 86' lang='lat' dir='ltr'>quequo</span> <span class='ocrx_word' id='word_1_83' title='bbox 443 658 553 706; x_wconf 85' lang='lat' dir='ltr'>ctiam</span> <span class='ocrx_word' id='word_1_84' title='bbox 570 657 781 694; x_wconf 74' lang='lat' dir='ltr'>cicatricem</span> <span class='ocrx_word' id='word_1_85' title='bbox 793 658 910 705; x_wconf 89' lang='lat' dir='ltr'>ipsum</span> <span class='ocrx_word' id='word_1_86' title='bbox 923 659 1208 695; x_wconf 82' lang='lat' dir='ltr'>circumcisionis</span> <span class='ocrx_word' id='word_1_87' title='bbox 1218 659 1348 695; x_wconf 80' lang='lat' dir='ltr'>vulnus</span> 
     </span>
     <span class='ocr_line' id='line_1_11' title="bbox 286 718 1348 762; baseline 0.002 -8"><span class='ocrx_word' id='word_1_88' title='bbox 286 720 453 755; x_wconf 83' lang='lat' dir='ltr'>obducat.</span> <span class='ocrx_word' id='word_1_89' title='bbox 477 718 628 762; x_wconf 79' lang='lat' dir='ltr'>Quando</span> <span class='ocrx_word' id='word_1_90' title='bbox 647 718 743 754; x_wconf 72' lang='lat' dir='ltr'>enim</span> <span class='ocrx_word' id='word_1_91' title='bbox 762 718 915 754; x_wconf 80' lang='lat' dir='ltr'>cicatrix</span> <span class='ocrx_word' id='word_1_92' title='bbox 933 720 969 754; x_wconf 90' lang='lat' dir='ltr'>in</span> <span class='ocrx_word' id='word_1_93' title='bbox 989 719 1138 755; x_wconf 84' lang='lat' dir='ltr'>vulnere</span> <span class='ocrx_word' id='word_1_94' title='bbox 1154 720 1348 756; x_wconf 89' lang='lat' dir='ltr'>circumci-</span> 
     </span>
     <span class='ocr_line' id='line_1_12' title="bbox 286 779 1349 828; baseline 0.001 -12"><span class='ocrx_word' id='word_1_95' title='bbox 286 779 704 826; x_wconf 83' lang='lat' dir='ltr'>sionisobducitur?Eg0</span> <span class='ocrx_word' id='word_1_96' title='bbox 719 779 877 815; x_wconf 77' lang='lat' dir='ltr'>arbitror</span> <span class='ocrx_word' id='word_1_97' title='bbox 887 780 982 827; x_wconf 89' lang='lat' dir='ltr'>quod</span> <span class='ocrx_word' id='word_1_98' title='bbox 991 781 1203 817; x_wconf 90' lang='lat' dir='ltr'>circumcidi</span> <span class='ocrx_word' id='word_1_99' title='bbox 1218 791 1282 828; x_wconf 91' lang='lat' dir='ltr'>per</span> <span class='ocrx_word' id='word_1_100' title='bbox 1291 780 1349 817; x_wconf 88' lang='lat' dir='ltr'>Je-</span> 
     </span>
     <span class='ocr_line' id='line_1_13' title="bbox 286 840 1350 889; baseline 0.002 -13"><span class='ocrx_word' id='word_1_101' title='bbox 286 850 380 882; x_wconf 91' lang='lat' dir='ltr'>sum,</span> <span class='ocrx_word' id='word_1_102' title='bbox 397 841 463 875; x_wconf 81' lang='lat' dir='ltr'>hoc</span> <span class='ocrx_word' id='word_1_103' title='bbox 478 845 531 876; x_wconf 90' lang='lat' dir='ltr'>est</span> <span class='ocrx_word' id='word_1_104' title='bbox 546 840 644 876; x_wconf 82' lang='lat' dir='ltr'>vitiis</span> <span class='ocrx_word' id='word_1_105' title='bbox 653 850 791 883; x_wconf 85' lang='lat' dir='ltr'>carere,</span> <span class='ocrx_word' id='word_1_106' title='bbox 803 840 918 876; x_wconf 87' lang='lat' dir='ltr'>malas</span> <span class='ocrx_word' id='word_1_107' title='bbox 933 842 1210 878; x_wconf 88' lang='lat' dir='ltr'>consuetudines</span> <span class='ocrx_word' id='word_1_108' title='bbox 1225 848 1350 889; x_wconf 88' lang='lat' dir='ltr'>etpes-</span> 
     </span>
     <span class='ocr_line' id='line_1_14' title="bbox 286 902 1345 949; baseline 0.003 -12"><span class='ocrx_word' id='word_1_109' title='bbox 286 902 375 937; x_wconf 88' lang='lat' dir='ltr'>sima</span> <span class='ocrx_word' id='word_1_110' title='bbox 393 902 555 938; x_wconf 85' lang='lat' dir='ltr'>instituta</span> <span class='ocrx_word' id='word_1_111' title='bbox 579 902 774 949; x_wconf 77' lang='lat' dir='ltr'>deponere,</span> <span class='ocrx_word' id='word_1_112' title='bbox 797 902 911 938; x_wconf 80' lang='lat' dir='ltr'>l&#39;oedos</span> <span class='ocrx_word' id='word_1_113' title='bbox 928 908 964 938; x_wconf 89' lang='lat' dir='ltr'>ct</span> <span class='ocrx_word' id='word_1_114' title='bbox 993 903 1197 940; x_wconf 89' lang='lat' dir='ltr'>inconditos</span> <span class='ocrx_word' id='word_1_115' title='bbox 1210 915 1345 949; x_wconf 81' lang='lat' dir='ltr'>mores,</span> 
     </span>
     <span class='ocr_line' id='line_1_15' title="bbox 283 964 1346 1010; baseline 0.004 -12"><span class='ocrx_word' id='word_1_116' title='bbox 283 968 319 1000; x_wconf 89' lang='lat' dir='ltr'>ct</span> <span class='ocrx_word' id='word_1_117' title='bbox 332 964 505 1010; x_wconf 85' lang='lat' dir='ltr'>quidquid</span> <span class='ocrx_word' id='word_1_118' title='bbox 526 965 570 1000; x_wconf 84' lang='lat' dir='ltr'>ab</span> <span class='ocrx_word' id='word_1_119' title='bbox 587 964 788 1001; x_wconf 73' lang='lat' dir='ltr'>honestatis</span> <span class='ocrx_word' id='word_1_120' title='bbox 806 969 842 1000; x_wconf 90' lang='lat' dir='ltr'>et</span> <span class='ocrx_word' id='word_1_121' title='bbox 856 964 1002 1010; x_wconf 81' lang='lat' dir='ltr'>pietatis</span> <span class='ocrx_word' id='word_1_122' title='bbox 1015 965 1137 1010; x_wconf 80' lang='lat' dir='ltr'>regula</span> <span class='ocrx_word' id='word_1_123' title='bbox 1153 965 1346 1010; x_wconf 80' lang='lat' dir='ltr'>redundat,</span> 
     </span>
     <span class='ocr_line' id='line_1_16' title="bbox 283 1023 1348 1071; baseline 0.003 -13"><span class='ocrx_word' id='word_1_124' title='bbox 283 1023 484 1059; x_wconf 80' lang='lat' dir='ltr'>abscidere.</span> <span class='ocrx_word' id='word_1_125' title='bbox 508 1023 579 1059; x_wconf 86' lang='lat' dir='ltr'>Sed</span> <span class='ocrx_word' id='word_1_126' title='bbox 596 1035 676 1059; x_wconf 89' lang='lat' dir='ltr'>cum</span> <span class='ocrx_word' id='word_1_127' title='bbox 698 1025 765 1060; x_wconf 89' lang='lat' dir='ltr'>hoc</span> <span class='ocrx_word' id='word_1_128' title='bbox 784 1025 816 1059; x_wconf 90' lang='lat' dir='ltr'>in</span> <span class='ocrx_word' id='word_1_129' title='bbox 837 1024 949 1060; x_wconf 87' lang='lat' dir='ltr'>initiis</span> <span class='ocrx_word' id='word_1_130' title='bbox 968 1023 1133 1067; x_wconf 86' lang='lat' dir='ltr'>facimus,</span> <span class='ocrx_word' id='word_1_131' title='bbox 1152 1026 1229 1071; x_wconf 86' lang='lat' dir='ltr'>ipsa</span> <span class='ocrx_word' id='word_1_132' title='bbox 1243 1026 1348 1062; x_wconf 88' lang='lat' dir='ltr'>novi-</span> 
     </span>
     <span class='ocr_line' id='line_1_17' title="bbox 284 1085 1347 1132; baseline 0.003 -14"><span class='ocrx_word' id='word_1_133' title='bbox 284 1085 368 1119; x_wconf 88' lang='lat' dir='ltr'>tatis</span> <span class='ocrx_word' id='word_1_134' title='bbox 383 1085 649 1131; x_wconf 84' lang='lat' dir='ltr'>quodammodo</span> <span class='ocrx_word' id='word_1_135' title='bbox 664 1085 871 1121; x_wconf 84' lang='lat' dir='ltr'>difficultate</span> <span class='ocrx_word' id='word_1_136' title='bbox 886 1086 1181 1132; x_wconf 82' lang='lat' dir='ltr'>constringimur,</span> <span class='ocrx_word' id='word_1_137' title='bbox 1195 1092 1231 1122; x_wconf 89' lang='lat' dir='ltr'>et</span> <span class='ocrx_word' id='word_1_138' title='bbox 1244 1085 1347 1132; x_wconf 85' lang='lat' dir='ltr'>quasi</span> 
     </span>
    </p>
   </div>
   <div class='ocr_carea' id='block_1_4' title="bbox 284 1137 2517 1206">
    <p class='ocr_par' dir='ltr' id='par_1_5' title="bbox 284 1137 2517 1206">
     <span class='ocr_line' id='line_1_18' title="bbox 284 1137 2517 1206; baseline 0.007 -28"><span class='ocrx_word' id='word_1_139' title='bbox 284 1155 365 1180; x_wconf 81' lang='lat' dir='ltr'>cum</span> <span class='ocrx_word' id='word_1_140' title='bbox 382 1145 505 1181; x_wconf 76' lang='lat' dir='ltr'>labore</span> <span class='ocrx_word' id='word_1_141' title='bbox 523 1146 678 1190; x_wconf 85' lang='lat' dir='ltr'>quodam</span> <span class='ocrx_word' id='word_1_142' title='bbox 698 1151 733 1182; x_wconf 89' lang='lat' dir='ltr'>et</span> <span class='ocrx_word' id='word_1_143' title='bbox 754 1146 876 1181; x_wconf 89' lang='lat' dir='ltr'>dolore</span> <span class='ocrx_word' id='word_1_144' title='bbox 894 1147 1018 1189; x_wconf 89' lang='lat' dir='ltr'>animi,</span> <span class='ocrx_word' id='word_1_145' title='bbox 1035 1152 1176 1183; x_wconf 77' lang='lat' dir='ltr'>veteres</span> <span class='ocrx_word' id='word_1_146' title='bbox 1193 1158 1345 1185; x_wconf 80' lang='lat' dir='ltr'>consue·</span> <span class='ocrx_word' id='word_1_147' title='bbox 1365 1137 1396 1176; x_wconf 87' lang='grc' dir='ltr'>Β</span> <span class='ocrx_word' id='word_1_148' title='bbox 1415 1145 1480 1188; x_wconf 82' lang='lat' dir='ltr'>dit,</span> <span class='ocrx_word' id='word_1_149' title='bbox 1511 1146 1587 1182; x_wconf 73' lang='lat' dir='ltr'>llaeC</span> <span class='ocrx_word' id='word_1_150' title='bbox 1614 1153 1697 1182; x_wconf 90' lang='lat' dir='ltr'>sunt</span> <span class='ocrx_word' id='word_1_151' title='bbox 1716 1158 1794 1193; x_wconf 77' lang='lat' dir='ltr'>quoe</span> <span class='ocrx_word' id='word_1_152' title='bbox 1819 1149 2028 1194; x_wconf 67' lang='lat' dir='ltr'>l‘roepsssffl&#39;l‘l</span> <span class='ocrx_word' id='word_1_153' title='bbox 2049 1149 2144 1186; x_wconf 70' lang='lat' dir='ltr'>Deus</span> <span class='ocrx_word' id='word_1_154' title='bbox 2171 1151 2225 1187; x_wconf 70' lang='lat' dir='ltr'>llis</span> <span class='ocrx_word' id='word_1_155' title='bbox 2253 1153 2311 1199; x_wconf 78' lang='lat' dir='ltr'>qui</span> <span class='ocrx_word' id='word_1_156' title='bbox 2332 1153 2481 1206; x_wconf 65' lang='lat' dir='ltr'>diligunt</span> <span class='ocrx_word' id='word_1_157' title='bbox 2515 1173 2517 1179; x_wconf 94' lang='lat'>·</span> 
     </span>
    </p>
   </div>
   <div class='ocr_carea' id='block_1_5' title="bbox 278 1207 1351 3835">
    <p class='ocr_par' dir='ltr' id='par_1_6' title="bbox 278 1207 1349 1856">
     <span class='ocr_line' id='line_1_19' title="bbox 283 1207 1345 1253; baseline 0.004 -12"><span class='ocrx_word' id='word_1_158' title='bbox 283 1207 426 1243; x_wconf 88' lang='lat' dir='ltr'>tudines</span> <span class='ocrx_word' id='word_1_159' title='bbox 442 1208 637 1253; x_wconf 80' lang='lat' dir='ltr'>culpasque</span> <span class='ocrx_word' id='word_1_160' title='bbox 662 1207 803 1243; x_wconf 79' lang='lat' dir='ltr'>novella</span> <span class='ocrx_word' id='word_1_161' title='bbox 830 1207 1053 1243; x_wconf 87' lang='lat' dir='ltr'>institutione</span> <span class='ocrx_word' id='word_1_162' title='bbox 1081 1214 1276 1245; x_wconf 87' lang='lat' dir='ltr'>mutamus.</span> <span class='ocrx_word' id='word_1_163' title='bbox 1300 1210 1345 1245; x_wconf 89' lang='lat' dir='ltr'>Et</span> 
     </span>
     <span class='ocr_line' id='line_1_20' title="bbox 282 1266 1345 1314; baseline 0.006 -13"><span class='ocrx_word' id='word_1_164' title='bbox 282 1266 377 1310; x_wconf 80' lang='lat' dir='ltr'>ideo,</span> <span class='ocrx_word' id='word_1_165' title='bbox 394 1274 432 1303; x_wconf 92' lang='lat' dir='ltr'>ut</span> <span class='ocrx_word' id='word_1_166' title='bbox 452 1268 539 1311; x_wconf 78' lang='lat' dir='ltr'>dixi,</span> <span class='ocrx_word' id='word_1_167' title='bbox 558 1268 723 1314; x_wconf 76' lang='lat' dir='ltr'>quaedam</span> <span class='ocrx_word' id='word_1_168' title='bbox 740 1267 932 1303; x_wconf 83' lang='lat' dir='ltr'>dissicultas</span> <span class='ocrx_word' id='word_1_169' title='bbox 947 1275 1001 1303; x_wconf 89' lang='lat' dir='ltr'>est</span> <span class='ocrx_word' id='word_1_170' title='bbox 1022 1268 1058 1303; x_wconf 91' lang='lat' dir='ltr'>in</span> <span class='ocrx_word' id='word_1_171' title='bbox 1080 1268 1193 1305; x_wconf 88' lang='lat' dir='ltr'>initiis</span> <span class='ocrx_word' id='word_1_172' title='bbox 1210 1281 1345 1307; x_wconf 85' lang='lat' dir='ltr'>exuere</span> 
     </span>
     <span class='ocr_line' id='line_1_21' title="bbox 282 1329 1347 1375; baseline 0.002 -11"><span class='ocrx_word' id='word_1_173' title='bbox 282 1340 362 1375; x_wconf 80' lang='lat' dir='ltr'>quae</span> <span class='ocrx_word' id='word_1_174' title='bbox 390 1335 575 1374; x_wconf 85' lang='lat' dir='ltr'>amputare</span> <span class='ocrx_word' id='word_1_175' title='bbox 603 1339 808 1374; x_wconf 81' lang='lat' dir='ltr'>possumuS,</span> <span class='ocrx_word' id='word_1_176' title='bbox 837 1329 954 1374; x_wconf 86' lang='lat' dir='ltr'>prima</span> <span class='ocrx_word' id='word_1_177' title='bbox 984 1335 1020 1364; x_wconf 92' lang='lat' dir='ltr'>et</span> <span class='ocrx_word' id='word_1_178' title='bbox 1046 1330 1204 1365; x_wconf 86' lang='lat' dir='ltr'>secunda</span> <span class='ocrx_word' id='word_1_179' title='bbox 1234 1332 1347 1367; x_wconf 89' lang='lat' dir='ltr'>susei-</span> 
     </span>
     <span class='ocr_line' id='line_1_22' title="bbox 280 1388 1346 1436; baseline 0.002 -11"><span class='ocrx_word' id='word_1_180' title='bbox 280 1399 379 1435; x_wconf 86' lang='lat' dir='ltr'>pere.</span> <span class='ocrx_word' id='word_1_181' title='bbox 411 1388 485 1423; x_wconf 87' lang='lat' dir='ltr'>lloe</span> <span class='ocrx_word' id='word_1_182' title='bbox 502 1398 588 1433; x_wconf 78' lang='lat' dir='ltr'>ergo</span> <span class='ocrx_word' id='word_1_183' title='bbox 608 1388 696 1422; x_wconf 86' lang='lat' dir='ltr'>mibi</span> <span class='ocrx_word' id='word_1_184' title='bbox 713 1388 854 1423; x_wconf 88' lang='lat' dir='ltr'>videtur</span> <span class='ocrx_word' id='word_1_185' title='bbox 872 1394 1013 1434; x_wconf 88' lang='lat' dir='ltr'>tempus</span> <span class='ocrx_word' id='word_1_186' title='bbox 1036 1399 1115 1424; x_wconf 91' lang='lat' dir='ltr'>csse</span> <span class='ocrx_word' id='word_1_187' title='bbox 1134 1391 1229 1436; x_wconf 90' lang='lat' dir='ltr'>quod</span> <span class='ocrx_word' id='word_1_188' title='bbox 1248 1391 1346 1427; x_wconf 87' lang='lat' dir='ltr'>velut</span> 
     </span>
     <span class='ocr_line' id='line_1_23' title="bbox 280 1449 1344 1499; baseline 0.003 -14"><span class='ocrx_word' id='word_1_189' title='bbox 280 1450 317 1485; x_wconf 89' lang='lat' dir='ltr'>in</span> <span class='ocrx_word' id='word_1_190' title='bbox 345 1449 468 1486; x_wconf 85' lang='lat' dir='ltr'>dolore</span> <span class='ocrx_word' id='word_1_191' title='bbox 499 1449 789 1485; x_wconf 74' lang='lat' dir='ltr'>circumcisionis</span> <span class='ocrx_word' id='word_1_192' title='bbox 823 1454 956 1484; x_wconf 73' lang='lat' dir='ltr'>nostrae</span> <span class='ocrx_word' id='word_1_193' title='bbox 988 1450 1142 1485; x_wconf 88' lang='lat' dir='ltr'>dicimur</span> <span class='ocrx_word' id='word_1_194' title='bbox 1170 1451 1344 1499; x_wconf 84' lang='lat' dir='ltr'>residere,</span> 
     </span>
     <span class='ocr_line' id='line_1_24' title="bbox 280 1509 1347 1557; baseline 0.003 -11"><span class='ocrx_word' id='word_1_195' title='bbox 280 1520 467 1557; x_wconf 86' lang='lat' dir='ltr'>usquequo</span> <span class='ocrx_word' id='word_1_196' title='bbox 497 1510 652 1545; x_wconf 83' lang='lat' dir='ltr'>obducta</span> <span class='ocrx_word' id='word_1_197' title='bbox 686 1509 859 1545; x_wconf 82' lang='lat' dir='ltr'>cicatrice</span> <span class='ocrx_word' id='word_1_198' title='bbox 897 1519 1082 1545; x_wconf 87' lang='lat' dir='ltr'>sanemur.</span> <span class='ocrx_word' id='word_1_199' title='bbox 1125 1510 1347 1550; x_wconf 88' lang='lat' dir='ltr'>Obducimus</span> 
     </span>
     <span class='ocr_line' id='line_1_25' title="bbox 281 1571 1348 1620; baseline 0.003 -13"><span class='ocrx_word' id='word_1_200' title='bbox 281 1580 400 1609; x_wconf 77' lang='lat' dir='ltr'>autem</span> <span class='ocrx_word' id='word_1_201' title='bbox 433 1572 659 1614; x_wconf 80' lang='lat' dir='ltr'>cicatricem,</span> <span class='ocrx_word' id='word_1_202' title='bbox 690 1582 772 1607; x_wconf 90' lang='lat' dir='ltr'>cum</span> <span class='ocrx_word' id='word_1_203' title='bbox 797 1571 874 1618; x_wconf 84' lang='lat' dir='ltr'>jam</span> <span class='ocrx_word' id='word_1_204' title='bbox 898 1581 989 1607; x_wconf 83' lang='lat' dir='ltr'>nova</span> <span class='ocrx_word' id='word_1_205' title='bbox 1017 1572 1180 1608; x_wconf 87' lang='lat' dir='ltr'>instituta</span> <span class='ocrx_word' id='word_1_206' title='bbox 1212 1573 1348 1620; x_wconf 85' lang='lat' dir='ltr'>absque</span> 
     </span>
     <span class='ocr_line' id='line_1_26' title="bbox 282 1633 1348 1682; baseline 0.003 -12"><span class='ocrx_word' id='word_1_207' title='bbox 282 1634 489 1671; x_wconf 79' lang='lat' dir='ltr'>difficultate</span> <span class='ocrx_word' id='word_1_208' title='bbox 502 1634 738 1680; x_wconf 88' lang='lat' dir='ltr'>complemus,</span> <span class='ocrx_word' id='word_1_209' title='bbox 754 1634 835 1669; x_wconf 92' lang='lat' dir='ltr'>etin</span> <span class='ocrx_word' id='word_1_210' title='bbox 850 1643 955 1668; x_wconf 91' lang='lat' dir='ltr'>usum</span> <span class='ocrx_word' id='word_1_211' title='bbox 966 1633 1069 1670; x_wconf 90' lang='lat' dir='ltr'>nobis</span> <span class='ocrx_word' id='word_1_212' title='bbox 1086 1635 1238 1671; x_wconf 75' lang='lat' dir='ltr'>vertitur</span> <span class='ocrx_word' id='word_1_213' title='bbox 1252 1636 1348 1682; x_wconf 87' lang='lat' dir='ltr'>quod</span> 
     </span>
     <span class='ocr_line' id='line_1_27' title="bbox 280 1694 1349 1742; baseline 0.002 -11"><span class='ocrx_word' id='word_1_214' title='bbox 280 1696 382 1742; x_wconf 86' lang='lat' dir='ltr'>prius</span> <span class='ocrx_word' id='word_1_215' title='bbox 403 1695 508 1741; x_wconf 87' lang='lat' dir='ltr'>quasi</span> <span class='ocrx_word' id='word_1_216' title='bbox 531 1695 715 1731; x_wconf 88' lang='lat' dir='ltr'>insolitum</span> <span class='ocrx_word' id='word_1_217' title='bbox 731 1694 875 1730; x_wconf 81' lang='lat' dir='ltr'>difficile</span> <span class='ocrx_word' id='word_1_218' title='bbox 890 1695 1095 1732; x_wconf 71' lang='lat' dir='ltr'>videbatur.</span> <span class='ocrx_word' id='word_1_219' title='bbox 1109 1696 1155 1732; x_wconf 90' lang='lat' dir='ltr'>Et</span> <span class='ocrx_word' id='word_1_220' title='bbox 1166 1702 1250 1732; x_wconf 89' lang='lat' dir='ltr'>tunc</span> <span class='ocrx_word' id='word_1_221' title='bbox 1263 1707 1349 1733; x_wconf 77' lang='lat' dir='ltr'>vere</span> 
     </span>
     <span class='ocr_line' id='line_1_28' title="bbox 278 1755 1349 1802; baseline 0.006 -11"><span class='ocrx_word' id='word_1_222' title='bbox 278 1755 353 1801; x_wconf 80' lang='lat' dir='ltr'>iani</span> <span class='ocrx_word' id='word_1_223' title='bbox 375 1755 492 1791; x_wconf 84' lang='lat' dir='ltr'>sanati</span> <span class='ocrx_word' id='word_1_224' title='bbox 514 1755 730 1798; x_wconf 85' lang='lat' dir='ltr'>inducimur,</span> <span class='ocrx_word' id='word_1_225' title='bbox 753 1765 834 1791; x_wconf 92' lang='lat' dir='ltr'>cum</span> <span class='ocrx_word' id='word_1_226' title='bbox 849 1756 948 1793; x_wconf 81' lang='lat' dir='ltr'>vitiis</span> <span class='ocrx_word' id='word_1_227' title='bbox 975 1762 1157 1802; x_wconf 82' lang='lat' dir='ltr'>carentes,</span> <span class='ocrx_word' id='word_1_228' title='bbox 1175 1757 1349 1798; x_wconf 77' lang='lat' dir='ltr'>virtutem</span> 
     </span>
     <span class='ocr_line' id='line_1_29' title="bbox 281 1817 902 1856; baseline 0.003 -2"><span class='ocrx_word' id='word_1_229' title='bbox 281 1828 374 1854; x_wconf 87' lang='lat' dir='ltr'>novo</span> <span class='ocrx_word' id='word_1_230' title='bbox 388 1828 456 1852; x_wconf 91' lang='lat' dir='ltr'>usu</span> <span class='ocrx_word' id='word_1_231' title='bbox 471 1817 647 1853; x_wconf 90' lang='lat' dir='ltr'>vertimus</span> <span class='ocrx_word' id='word_1_232' title='bbox 665 1817 700 1852; x_wconf 92' lang='lat' dir='ltr'>in</span> <span class='ocrx_word' id='word_1_233' title='bbox 720 1822 902 1856; x_wconf 83' lang='lat' dir='ltr'>naturam.</span> 
     </span>
    </p>

    <p class='ocr_par' dir='ltr' id='par_1_7' title="bbox 282 1878 1351 3835">
     <span class='ocr_line' id='line_1_30' title="bbox 329 1878 1351 1927; baseline 0.004 -12"><span class='ocrx_word' id='word_1_234' title='bbox 329 1878 448 1927; x_wconf 79' lang='lat' dir='ltr'>(lein.)</span> <span class='ocrx_word' id='word_1_235' title='bbox 481 1891 493 1913; x_wconf 72' lang='lat' dir='ltr'>e</span> <span class='ocrx_word' id='word_1_236' title='bbox 523 1879 807 1926; x_wconf 84' lang='lat' dir='ltr'>Manseruntque</span> <span class='ocrx_word' id='word_1_237' title='bbox 827 1879 890 1919; x_wconf 84' lang='lat' dir='ltr'>filii</span> <span class='ocrx_word' id='word_1_238' title='bbox 908 1879 1020 1918; x_wconf 86' lang='lat' dir='ltr'>Israel</span> <span class='ocrx_word' id='word_1_239' title='bbox 1038 1880 1075 1916; x_wconf 91' lang='lat' dir='ltr'>in</span> <span class='ocrx_word' id='word_1_240' title='bbox 1104 1879 1286 1927; x_wconf 86' lang='lat' dir='ltr'>Galgalis,</span> <span class='ocrx_word' id='word_1_241' title='bbox 1313 1887 1351 1919; x_wconf 88' lang='lat' dir='ltr'>ct</span> 
     </span>
     <span class='ocr_line' id='line_1_31' title="bbox 286 1940 1347 1988; baseline 0.004 -12"><span class='ocrx_word' id='word_1_242' title='bbox 286 1955 296 1975; x_wconf 80' lang='grc' dir='ltr'>ι</span> <span class='ocrx_word' id='word_1_243' title='bbox 328 1940 628 1988; x_wconf 78' lang='lat' dir='ltr'>fecerunttphase</span> <span class='ocrx_word' id='word_1_244' title='bbox 652 1948 779 1988; x_wconf 86' lang='lat' dir='ltr'>quarta</span> <span class='ocrx_word' id='word_1_245' title='bbox 804 1941 944 1980; x_wconf 81' lang='lat' dir='ltr'>decima</span> <span class='ocrx_word' id='word_1_246' title='bbox 965 1942 1022 1978; x_wconf 90' lang='lat' dir='ltr'>die</span> <span class='ocrx_word' id='word_1_247' title='bbox 1039 1942 1174 1978; x_wconf 84' lang='lat' dir='ltr'>mensis</span> <span class='ocrx_word' id='word_1_248' title='bbox 1194 1943 1238 1979; x_wconf 88' lang='lat' dir='ltr'>ad</span> <span class='ocrx_word' id='word_1_249' title='bbox 1263 1953 1347 1980; x_wconf 81' lang='lat' dir='ltr'>ves—</span> 
     </span>
     <span class='ocr_line' id='line_1_32' title="bbox 286 2000 1347 2048; baseline 0.006 -13"><span class='ocrx_word' id='word_1_250' title='bbox 286 2013 298 2035; x_wconf 83' lang='grc' dir='ltr'><strong><em>ι</em></strong></span> <span class='ocrx_word' id='word_1_251' title='bbox 327 2012 454 2048; x_wconf 88' lang='lat' dir='ltr'>perum</span> <span class='ocrx_word' id='word_1_252' title='bbox 473 2001 508 2038; x_wconf 91' lang='lat' dir='ltr'>in</span> <span class='ocrx_word' id='word_1_253' title='bbox 528 2002 792 2048; x_wconf 82' lang='lat' dir='ltr'>campestribus</span> <span class='ocrx_word' id='word_1_254' title='bbox 809 2000 970 2045; x_wconf 82' lang='lat' dir='ltr'>Jericho,</span> <span class='ocrx_word' id='word_1_255' title='bbox 990 2007 1026 2038; x_wconf 90' lang='lat' dir='ltr'>et</span> <span class='ocrx_word' id='word_1_256' title='bbox 1043 2003 1281 2041; x_wconf 87' lang='lat' dir='ltr'>comederunt</span> <span class='ocrx_word' id='word_1_257' title='bbox 1302 2004 1347 2041; x_wconf 87' lang='lat' dir='ltr'>de</span> 
     </span>
     <span class='ocr_line' id='line_1_33' title="bbox 286 2062 1344 2111; baseline 0.005 -13"><span class='ocrx_word' id='word_1_258' title='bbox 286 2075 298 2098; x_wconf 93' lang='lat'><strong>‹</strong></span> <span class='ocrx_word' id='word_1_259' title='bbox 328 2062 492 2109; x_wconf 77' lang='lat' dir='ltr'>frugibus</span> <span class='ocrx_word' id='word_1_260' title='bbox 507 2068 613 2100; x_wconf 86' lang='lat' dir='ltr'>terrae</span> <span class='ocrx_word' id='word_1_261' title='bbox 629 2063 686 2099; x_wconf 89' lang='lat' dir='ltr'>die</span> <span class='ocrx_word' id='word_1_262' title='bbox 704 2063 835 2107; x_wconf 87' lang='lat' dir='ltr'>altero,</span> <span class='ocrx_word' id='word_1_263' title='bbox 856 2073 1003 2111; x_wconf 85' lang='lat' dir='ltr'>azymos</span> <span class='ocrx_word' id='word_1_264' title='bbox 1022 2074 1148 2111; x_wconf 86' lang='lat' dir='ltr'>panes,</span> <span class='ocrx_word' id='word_1_265' title='bbox 1164 2070 1199 2101; x_wconf 88' lang='lat' dir='ltr'>et</span> <span class='ocrx_word' id='word_1_266' title='bbox 1217 2065 1344 2111; x_wconf 87' lang='lat' dir='ltr'>polen-</span> 
     </span>
     <span class='ocr_line' id='line_1_34' title="bbox 287 2123 1346 2174; baseline 0.005 -17"><span class='ocrx_word' id='word_1_267' title='bbox 287 2135 300 2157; x_wconf 80' lang='grc' dir='ltr'>ι</span> <span class='ocrx_word' id='word_1_268' title='bbox 331 2128 406 2159; x_wconf 86' lang='lat' dir='ltr'>tam</span> <span class='ocrx_word' id='word_1_269' title='bbox 417 2123 577 2168; x_wconf 76' lang='lat' dir='ltr'>eiusdem</span> <span class='ocrx_word' id='word_1_270' title='bbox 594 2123 693 2158; x_wconf 88' lang='lat' dir='ltr'>anni.</span> <span class='ocrx_word' id='word_1_271' title='bbox 705 2123 913 2170; x_wconf 83' lang='lat' dir='ltr'>Defecitque</span> <span class='ocrx_word' id='word_1_272' title='bbox 926 2135 1058 2163; x_wconf 84' lang='lat' dir='ltr'>manna</span> <span class='ocrx_word' id='word_1_273' title='bbox 1073 2131 1265 2174; x_wconf 83' lang='lat' dir='ltr'>postquam</span> <span class='ocrx_word' id='word_1_274' title='bbox 1285 2136 1346 2162; x_wconf 92' lang='lat' dir='ltr'>co-</span> 
     </span>
     <span class='ocr_line' id='line_1_35' title="bbox 289 2183 1345 2230; baseline 0.005 -11"><span class='ocrx_word' id='word_1_275' title='bbox 289 2197 302 2219; x_wconf 81' lang='grc' dir='ltr'>ι</span> <span class='ocrx_word' id='word_1_276' title='bbox 331 2185 522 2221; x_wconf 87' lang='lat' dir='ltr'>mederunt</span> <span class='ocrx_word' id='word_1_277' title='bbox 538 2183 582 2219; x_wconf 88' lang='lat' dir='ltr'>de</span> <span class='ocrx_word' id='word_1_278' title='bbox 600 2183 764 2230; x_wconf 82' lang='lat' dir='ltr'>frugibus</span> <span class='ocrx_word' id='word_1_279' title='bbox 780 2190 983 2223; x_wconf 74' lang='lat' dir='ltr'>tei-raeznec</span> <span class='ocrx_word' id='word_1_280' title='bbox 998 2186 1055 2222; x_wconf 88' lang='lat' dir='ltr'>usi</span> <span class='ocrx_word' id='word_1_281' title='bbox 1070 2193 1153 2225; x_wconf 88' lang='lat' dir='ltr'>sunt</span> <span class='ocrx_word' id='word_1_282' title='bbox 1169 2186 1264 2224; x_wconf 80' lang='lat' dir='ltr'>ultra</span> <span class='ocrx_word' id='word_1_283' title='bbox 1284 2186 1345 2224; x_wconf 91' lang='lat' dir='ltr'>illo</span> 
     </span>
     <span class='ocr_line' id='line_1_36' title="bbox 285 2246 1347 2296; baseline 0 -12"><span class='ocrx_word' id='word_1_284' title='bbox 285 2258 300 2284; x_wconf 73' lang='lat' dir='ltr'>e</span> <span class='ocrx_word' id='word_1_285' title='bbox 329 2247 410 2283; x_wconf 87' lang='lat' dir='ltr'>cibo</span> <span class='ocrx_word' id='word_1_286' title='bbox 432 2246 493 2284; x_wconf 80' lang='lat' dir='ltr'>tilii</span> <span class='ocrx_word' id='word_1_287' title='bbox 521 2247 643 2291; x_wconf 85' lang='lat' dir='ltr'>lsrael,</span> <span class='ocrx_word' id='word_1_288' title='bbox 666 2247 728 2283; x_wconf 88' lang='lat' dir='ltr'>sed</span> <span class='ocrx_word' id='word_1_289' title='bbox 752 2247 987 2285; x_wconf 81' lang='lat' dir='ltr'>comederunt</span> <span class='ocrx_word' id='word_1_290' title='bbox 1007 2248 1050 2285; x_wconf 89' lang='lat' dir='ltr'>de</span> <span class='ocrx_word' id='word_1_291' title='bbox 1069 2248 1234 2296; x_wconf 78' lang='lat' dir='ltr'>frugibus</span> <span class='ocrx_word' id='word_1_292' title='bbox 1255 2259 1347 2295; x_wconf 76' lang='lat' dir='ltr'>prae-</span> 
     </span>
     <span class='ocr_line' id='line_1_37' title="bbox 283 2308 1348 2349; baseline 0.002 -5"><span class='ocrx_word' id='word_1_293' title='bbox 283 2320 298 2344; x_wconf 75' lang='grc' dir='ltr'>σ</span> <span class='ocrx_word' id='word_1_294' title='bbox 329 2309 443 2346; x_wconf 87' lang='lat' dir='ltr'>sentis</span> <span class='ocrx_word' id='word_1_295' title='bbox 458 2309 541 2345; x_wconf 85' lang='lat' dir='ltr'>anni</span> <span class='ocrx_word' id='word_1_296' title='bbox 561 2314 664 2345; x_wconf 73' lang='lat' dir='ltr'>terrae</span> <span class='ocrx_word' id='word_1_297' title='bbox 681 2308 866 2349; x_wconf 81' lang='lat' dir='ltr'>Chanaan.</span> <span class='ocrx_word' id='word_1_298' title='bbox 889 2322 902 2343; x_wconf 70' lang='grc' dir='ltr'><strong><em>ι</em></strong></span> <span class='ocrx_word' id='word_1_299' title='bbox 922 2309 967 2344; x_wconf 85' lang='grc' dir='ltr'>Εῑ</span> <span class='ocrx_word' id='word_1_300' title='bbox 982 2308 1145 2345; x_wconf 89' lang='lat' dir='ltr'>fecerunt</span> <span class='ocrx_word' id='word_1_301' title='bbox 1158 2309 1221 2345; x_wconf 86' lang='lat' dir='ltr'>filii</span> <span class='ocrx_word' id='word_1_302' title='bbox 1236 2309 1348 2346; x_wconf 85' lang='lat' dir='ltr'>Israel</span> 
     </span>
     <span class='ocr_line' id='line_1_38' title="bbox 282 2369 1349 2416; baseline 0.001 -10"><span class='ocrx_word' id='word_1_303' title='bbox 282 2369 418 2416; x_wconf 76' lang='lat' dir='ltr'>pascha</span> <span class='ocrx_word' id='word_1_304' title='bbox 433 2370 571 2407; x_wconf 75' lang='lat' dir='ltr'>decima</span> <span class='ocrx_word' id='word_1_305' title='bbox 586 2375 715 2416; x_wconf 81' lang='lat' dir='ltr'>quarta</span> <span class='ocrx_word' id='word_1_306' title='bbox 733 2369 791 2406; x_wconf 86' lang='lat' dir='ltr'>die</span> <span class='ocrx_word' id='word_1_307' title='bbox 806 2370 952 2406; x_wconf 88' lang='lat' dir='ltr'>mensis.</span> <span class='ocrx_word' id='word_1_308' title='bbox 971 2369 1049 2405; x_wconf 88' lang='lat' dir='ltr'>Non</span> <span class='ocrx_word' id='word_1_309' title='bbox 1066 2371 1163 2406; x_wconf 89' lang='lat' dir='ltr'>enim</span> <span class='ocrx_word' id='word_1_310' title='bbox 1183 2377 1267 2407; x_wconf 80' lang='lat' dir='ltr'>ante</span> <span class='ocrx_word' id='word_1_311' title='bbox 1282 2371 1349 2407; x_wconf 91' lang='lat' dir='ltr'>cir-</span> 
     </span>
     <span class='ocr_line' id='line_1_39' title="bbox 284 2432 1345 2479; baseline 0.003 -11"><span class='ocrx_word' id='word_1_312' title='bbox 284 2432 544 2469; x_wconf 89' lang='lat' dir='ltr'>cumcisionem</span> <span class='ocrx_word' id='word_1_313' title='bbox 564 2442 692 2469; x_wconf 77' lang='lat' dir='ltr'>carnes</span> <span class='ocrx_word' id='word_1_314' title='bbox 717 2432 800 2478; x_wconf 83' lang='lat' dir='ltr'>agni</span> <span class='ocrx_word' id='word_1_315' title='bbox 825 2433 1015 2468; x_wconf 84' lang='lat' dir='ltr'>comedere</span> <span class='ocrx_word' id='word_1_316' title='bbox 1041 2433 1192 2478; x_wconf 88' lang='lat' dir='ltr'>debent,</span> <span class='ocrx_word' id='word_1_317' title='bbox 1217 2435 1253 2470; x_wconf 91' lang='lat' dir='ltr'>id</span> <span class='ocrx_word' id='word_1_318' title='bbox 1275 2440 1345 2479; x_wconf 87' lang='lat' dir='ltr'>est,</span> 
     </span>
     <span class='ocr_line' id='line_1_40' title="bbox 284 2493 1345 2541; baseline 0.004 -13"><span class='ocrx_word' id='word_1_319' title='bbox 284 2498 478 2538; x_wconf 74' lang='lat' dir='ltr'>antequam</span> <span class='ocrx_word' id='word_1_320' title='bbox 509 2498 700 2534; x_wconf 77' lang='lat' dir='ltr'>sanentur:</span> <span class='ocrx_word' id='word_1_321' title='bbox 734 2493 799 2529; x_wconf 89' lang='lat' dir='ltr'>sed</span> <span class='ocrx_word' id='word_1_322' title='bbox 834 2498 1071 2540; x_wconf 83' lang='lat' dir='ltr'>posteaquam</span> <span class='ocrx_word' id='word_1_323' title='bbox 1099 2495 1214 2531; x_wconf 82' lang='lat' dir='ltr'>sanati</span> <span class='ocrx_word' id='word_1_324' title='bbox 1246 2501 1345 2541; x_wconf 84' lang='lat' dir='ltr'>sunt,</span> 
     </span>
     <span class='ocr_line' id='line_1_41' title="bbox 282 2553 1347 2603; baseline 0.003 -13"><span class='ocrx_word' id='word_1_325' title='bbox 282 2553 412 2590; x_wconf 87' lang='lat' dir='ltr'>dicitur</span> <span class='ocrx_word' id='word_1_326' title='bbox 424 2554 510 2599; x_wconf 85' lang='lat' dir='ltr'>quia</span> <span class='ocrx_word' id='word_1_327' title='bbox 529 2553 692 2591; x_wconf 88' lang='lat' dir='ltr'>fecerunt</span> <span class='ocrx_word' id='word_1_328' title='bbox 711 2554 844 2599; x_wconf 80' lang='lat' dir='ltr'>pascha</span> <span class='ocrx_word' id='word_1_329' title='bbox 859 2554 922 2592; x_wconf 81' lang='lat' dir='ltr'>filii</span> <span class='ocrx_word' id='word_1_330' title='bbox 941 2554 1051 2593; x_wconf 85' lang='lat' dir='ltr'>Israel</span> <span class='ocrx_word' id='word_1_331' title='bbox 1067 2555 1204 2592; x_wconf 88' lang='lat' dir='ltr'>decima</span> <span class='ocrx_word' id='word_1_332' title='bbox 1219 2563 1347 2603; x_wconf 78' lang='lat' dir='ltr'>quarta</span> 
     </span>
     <span class='ocr_line' id='line_1_42' title="bbox 284 2614 1348 2661; baseline 0.004 -11"><span class='ocrx_word' id='word_1_333' title='bbox 284 2614 508 2652; x_wconf 80' lang='lat' dir='ltr'>(ticinensis.</span> <span class='ocrx_word' id='word_1_334' title='bbox 536 2614 645 2654; x_wconf 80' lang='lat' dir='ltr'>Vides</span> <span class='ocrx_word' id='word_1_335' title='bbox 670 2624 757 2661; x_wconf 79' lang='lat' dir='ltr'>ergo</span> <span class='ocrx_word' id='word_1_336' title='bbox 785 2614 869 2660; x_wconf 83' lang='lat' dir='ltr'>quia</span> <span class='ocrx_word' id='word_1_337' title='bbox 901 2625 1007 2652; x_wconf 88' lang='lat' dir='ltr'>nemo</span> <span class='ocrx_word' id='word_1_338' title='bbox 1027 2616 1235 2655; x_wconf 87' lang='lat' dir='ltr'>immundus</span> <span class='ocrx_word' id='word_1_339' title='bbox 1260 2617 1348 2655; x_wconf 85' lang='lat' dir='ltr'>facit</span> 
     </span>
     <span class='ocr_line' id='line_1_43' title="bbox 283 2677 1347 2724; baseline 0.006 -13"><span class='ocrx_word' id='word_1_340' title='bbox 283 2677 435 2722; x_wconf 81' lang='lat' dir='ltr'>pascha,</span> <span class='ocrx_word' id='word_1_341' title='bbox 462 2686 567 2712; x_wconf 90' lang='lat' dir='ltr'>nemo</span> <span class='ocrx_word' id='word_1_342' title='bbox 590 2677 879 2720; x_wconf 87' lang='lat' dir='ltr'>incircumcisus,</span> <span class='ocrx_word' id='word_1_343' title='bbox 903 2677 966 2714; x_wconf 87' lang='lat' dir='ltr'>sed</span> <span class='ocrx_word' id='word_1_344' title='bbox 987 2679 1047 2724; x_wconf 88' lang='lat' dir='ltr'>qui</span> <span class='ocrx_word' id='word_1_345' title='bbox 1066 2680 1222 2717; x_wconf 83' lang='lat' dir='ltr'>mundus</span> <span class='ocrx_word' id='word_1_346' title='bbox 1240 2679 1347 2717; x_wconf 88' lang='lat' dir='ltr'>fuerit</span> 
     </span>
     <span class='ocr_line' id='line_1_44' title="bbox 283 2737 1344 2784; baseline 0.007 -13"><span class='ocrx_word' id='word_1_347' title='bbox 283 2741 321 2773; x_wconf 86' lang='lat' dir='ltr'>et</span> <span class='ocrx_word' id='word_1_348' title='bbox 335 2737 585 2779; x_wconf 77' lang='lat' dir='ltr'>circumcisus,</span> <span class='ocrx_word' id='word_1_349' title='bbox 602 2737 696 2772; x_wconf 86' lang='lat' dir='ltr'>sicut</span> <span class='ocrx_word' id='word_1_350' title='bbox 712 2737 907 2783; x_wconf 84' lang='lat' dir='ltr'>Apostolus</span> <span class='ocrx_word' id='word_1_351' title='bbox 922 2738 1180 2784; x_wconf 86' lang='lat' dir='ltr'>interpretatur</span> <span class='ocrx_word' id='word_1_352' title='bbox 1196 2740 1344 2778; x_wconf 83' lang='lat' dir='ltr'>dicens:</span> 
     </span>
     <span class='ocr_line' id='line_1_45' title="bbox 287 2795 1344 2841; baseline 0.006 -10"><span class='ocrx_word' id='word_1_353' title='bbox 287 2808 301 2831; x_wconf 75' lang='grc' dir='ltr'>ι</span> <span class='ocrx_word' id='word_1_354' title='bbox 330 2795 472 2834; x_wconf 87' lang='lat' dir='ltr'>Etenim</span> <span class='ocrx_word' id='word_1_355' title='bbox 495 2796 630 2841; x_wconf 86' lang='lat' dir='ltr'>pascha</span> <span class='ocrx_word' id='word_1_356' title='bbox 656 2803 821 2832; x_wconf 90' lang='lat' dir='ltr'>nostrum</span> <span class='ocrx_word' id='word_1_357' title='bbox 850 2797 1056 2834; x_wconf 89' lang='lat' dir='ltr'>immolatus</span> <span class='ocrx_word' id='word_1_358' title='bbox 1084 2804 1140 2837; x_wconf 85' lang='lat' dir='ltr'>est</span> <span class='ocrx_word' id='word_1_359' title='bbox 1163 2798 1344 2837; x_wconf 86' lang='lat' dir='ltr'>Christus.</span> 
     </span>
     <span class='ocr_line' id='line_1_46' title="bbox 283 2855 1346 2903; baseline 0.003 -10"><span class='ocrx_word' id='word_1_360' title='bbox 283 2857 409 2903; x_wconf 79' lang='lat' dir='ltr'>ltaque</span> <span class='ocrx_word' id='word_1_361' title='bbox 423 2856 519 2892; x_wconf 90' lang='lat' dir='ltr'>diem</span> <span class='ocrx_word' id='word_1_362' title='bbox 536 2855 668 2892; x_wconf 86' lang='lat' dir='ltr'>festum</span> <span class='ocrx_word' id='word_1_363' title='bbox 687 2856 929 2901; x_wconf 74' lang='lat' dir='ltr'>celebremus,</span> <span class='ocrx_word' id='word_1_364' title='bbox 946 2869 1017 2896; x_wconf 90' lang='lat' dir='ltr'>non</span> <span class='ocrx_word' id='word_1_365' title='bbox 1035 2859 1073 2895; x_wconf 88' lang='lat' dir='ltr'>in</span> <span class='ocrx_word' id='word_1_366' title='bbox 1094 2858 1273 2901; x_wconf 83' lang='lat' dir='ltr'>fermento</span> <span class='ocrx_word' id='word_1_367' title='bbox 1284 2871 1346 2900; x_wconf 81' lang='lat' dir='ltr'>ve-</span> 
     </span>
     <span class='ocr_line' id='line_1_47' title="bbox 286 2917 1345 2967; baseline 0.005 -13"><span class='ocrx_word' id='word_1_368' title='bbox 286 2919 369 2961; x_wconf 87' lang='lat' dir='ltr'>teri,</span> <span class='ocrx_word' id='word_1_369' title='bbox 391 2929 508 2963; x_wconf 87' lang='lat' dir='ltr'>neque</span> <span class='ocrx_word' id='word_1_370' title='bbox 532 2918 570 2955; x_wconf 91' lang='lat' dir='ltr'>in</span> <span class='ocrx_word' id='word_1_371' title='bbox 598 2917 778 2956; x_wconf 88' lang='lat' dir='ltr'>fermento</span> <span class='ocrx_word' id='word_1_372' title='bbox 801 2919 948 2955; x_wconf 65' lang='lat' dir='ltr'>malitia}</span> <span class='ocrx_word' id='word_1_373' title='bbox 965 2926 999 2957; x_wconf 86' lang='lat' dir='ltr'>et</span> <span class='ocrx_word' id='word_1_374' title='bbox 1021 2922 1206 2967; x_wconf 76' lang='lat' dir='ltr'>nequitiae,</span> <span class='ocrx_word' id='word_1_375' title='bbox 1229 2923 1345 2961; x_wconf 88' lang='lat' dir='ltr'>sedin</span> 
     </span>
     <span class='ocr_line' id='line_1_48' title="bbox 284 2978 1343 3028; baseline 0.008 -14"><span class='ocrx_word' id='word_1_376' title='bbox 284 2978 422 3024; x_wconf 80' lang='lat' dir='ltr'>azymis</span> <span class='ocrx_word' id='word_1_377' title='bbox 441 2978 658 3014; x_wconf 81' lang='lat' dir='ltr'>sinceritatis</span> <span class='ocrx_word' id='word_1_378' title='bbox 677 2984 713 3015; x_wconf 89' lang='lat' dir='ltr'>et</span> <span class='ocrx_word' id='word_1_379' title='bbox 727 2979 890 3017; x_wconf 81' lang='lat' dir='ltr'>veritatis</span> <span class='ocrx_word' id='word_1_380' title='bbox 907 2979 942 3026; x_wconf 92' lang='lat' dir='ltr'>(I</span> <span class='ocrx_word' id='word_1_381' title='bbox 960 2979 1040 3018; x_wconf 80' lang='lat' dir='ltr'>Cor.</span> <span class='ocrx_word' id='word_1_382' title='bbox 1054 2981 1105 3028; x_wconf 86' lang='lat' dir='ltr'>v).</span> <span class='ocrx_word' id='word_1_383' title='bbox 1134 2995 1145 3016; x_wconf 72' lang='grc' dir='ltr'>ι</span> <span class='ocrx_word' id='word_1_384' title='bbox 1169 2982 1239 3021; x_wconf 84' lang='lat' dir='ltr'>Sed</span> <span class='ocrx_word' id='word_1_385' title='bbox 1258 2988 1343 3022; x_wconf 87' lang='lat' dir='ltr'>tunc</span> 
     </span>
     <span class='ocr_line' id='line_1_49' title="bbox 285 3038 1343 3090; baseline 0.006 -16"><span class='ocrx_word' id='word_1_386' title='bbox 285 3038 432 3085; x_wconf 88' lang='lat' dir='ltr'>quidem</span> <span class='ocrx_word' id='word_1_387' title='bbox 450 3038 594 3083; x_wconf 84' lang='lat' dir='ltr'>quando</span> <span class='ocrx_word' id='word_1_388' title='bbox 613 3038 702 3073; x_wconf 86' lang='lat' dir='ltr'>exiit</span> <span class='ocrx_word' id='word_1_389' title='bbox 722 3039 875 3084; x_wconf 90' lang='lat' dir='ltr'>populus</span> <span class='ocrx_word' id='word_1_390' title='bbox 894 3039 939 3077; x_wconf 90' lang='lat' dir='ltr'>de</span> <span class='ocrx_word' id='word_1_391' title='bbox 964 3045 1060 3077; x_wconf 83' lang='lat' dir='ltr'>terra</span> <span class='ocrx_word' id='word_1_392' title='bbox 1081 3041 1241 3089; x_wconf 88' lang='lat' dir='ltr'>AEgypti,</span> <span class='ocrx_word' id='word_1_393' title='bbox 1260 3055 1343 3090; x_wconf 89' lang='lat' dir='ltr'>por-</span> 
     </span>
     <span class='ocr_line' id='line_1_50' title="bbox 286 3100 1343 3150; baseline 0.008 -16"><span class='ocrx_word' id='word_1_394' title='bbox 286 3100 376 3135; x_wconf 84' lang='lat' dir='ltr'>tavit</span> <span class='ocrx_word' id='word_1_395' title='bbox 404 3109 639 3144; x_wconf 88' lang='lat' dir='ltr'>conspersum</span> <span class='ocrx_word' id='word_1_396' title='bbox 661 3111 669 3134; x_wconf 93' lang='lat'>:</span> <span class='ocrx_word' id='word_1_397' title='bbox 695 3109 777 3134; x_wconf 91' lang='lat' dir='ltr'>cum</span> <span class='ocrx_word' id='word_1_398' title='bbox 796 3109 908 3144; x_wconf 81' lang='lat' dir='ltr'>panes</span> <span class='ocrx_word' id='word_1_399' title='bbox 936 3109 1009 3137; x_wconf 90' lang='lat' dir='ltr'>non</span> <span class='ocrx_word' id='word_1_400' title='bbox 1033 3101 1232 3147; x_wconf 79' lang='lat' dir='ltr'>habe-rent,</span> <span class='ocrx_word' id='word_1_401' title='bbox 1253 3105 1343 3150; x_wconf 91' lang='lat' dir='ltr'>pluit</span> 
     </span>
     <span class='ocr_line' id='line_1_51' title="bbox 286 3161 1342 3205; baseline 0.005 -7"><span class='ocrx_word' id='word_1_402' title='bbox 286 3161 421 3198; x_wconf 81' lang='lat' dir='ltr'>eisdem</span> <span class='ocrx_word' id='word_1_403' title='bbox 436 3170 590 3204; x_wconf 80' lang='lat' dir='ltr'>manna;</span> <span class='ocrx_word' id='word_1_404' title='bbox 612 3171 695 3198; x_wconf 88' lang='lat' dir='ltr'>cum</span> <span class='ocrx_word' id='word_1_405' title='bbox 717 3165 838 3197; x_wconf 84' lang='lat' dir='ltr'>autem</span> <span class='ocrx_word' id='word_1_406' title='bbox 854 3163 1088 3200; x_wconf 83' lang='lat' dir='ltr'>veneruntad</span> <span class='ocrx_word' id='word_1_407' title='bbox 1105 3169 1241 3203; x_wconf 87' lang='lat' dir='ltr'>terram</span> <span class='ocrx_word' id='word_1_408' title='bbox 1259 3178 1342 3205; x_wconf 81' lang='lat' dir='ltr'>san-</span> 
     </span>
     <span class='ocr_line' id='line_1_52' title="bbox 287 3219 1340 3270; baseline 0.006 -12"><span class='ocrx_word' id='word_1_409' title='bbox 287 3229 397 3265; x_wconf 85' lang='lat' dir='ltr'>ctam,</span> <span class='ocrx_word' id='word_1_410' title='bbox 415 3227 452 3258; x_wconf 87' lang='lat' dir='ltr'>ot</span> <span class='ocrx_word' id='word_1_411' title='bbox 468 3221 607 3257; x_wconf 84' lang='lat' dir='ltr'>fructus</span> <span class='ocrx_word' id='word_1_412' title='bbox 627 3227 800 3266; x_wconf 85' lang='lat' dir='ltr'>oeperunt</span> <span class='ocrx_word' id='word_1_413' title='bbox 818 3222 1013 3267; x_wconf 70' lang='lat' dir='ltr'>provinciae</span> <span class='ocrx_word' id='word_1_414' title='bbox 1039 3219 1254 3270; x_wconf 83' lang='lat' dir='ltr'>palmarum,</span> <span class='ocrx_word' id='word_1_415' title='bbox 1275 3228 1340 3264; x_wconf 85' lang='lat' dir='ltr'>de·</span> 
     </span>
     <span class='ocr_line' id='line_1_53' title="bbox 287 3283 1344 3334; baseline 0.005 -14"><span class='ocrx_word' id='word_1_416' title='bbox 287 3284 371 3321; x_wconf 87' lang='lat' dir='ltr'>fecit</span> <span class='ocrx_word' id='word_1_417' title='bbox 389 3285 441 3320; x_wconf 83' lang='lat' dir='ltr'>eis</span> <span class='ocrx_word' id='word_1_418' title='bbox 456 3295 601 3327; x_wconf 75' lang='lat' dir='ltr'>manna,</span> <span class='ocrx_word' id='word_1_419' title='bbox 621 3290 658 3320; x_wconf 85' lang='lat' dir='ltr'>et</span> <span class='ocrx_word' id='word_1_420' title='bbox 676 3288 763 3320; x_wconf 87' lang='lat' dir='ltr'>tunc</span> <span class='ocrx_word' id='word_1_421' title='bbox 786 3283 894 3320; x_wconf 88' lang='lat' dir='ltr'>edere</span> <span class='ocrx_word' id='word_1_422' title='bbox 916 3291 1106 3331; x_wconf 83' lang='lat' dir='ltr'>coeperunt</span> <span class='ocrx_word' id='word_1_423' title='bbox 1120 3286 1163 3322; x_wconf 91' lang='lat' dir='ltr'>de</span> <span class='ocrx_word' id='word_1_424' title='bbox 1181 3286 1344 3334; x_wconf 79' lang='lat' dir='ltr'>frugibus</span> 
     </span>
     <span class='ocr_line' id='line_1_54' title="bbox 286 3348 1344 3395; baseline 0.002 -11"><span class='ocrx_word' id='word_1_425' title='bbox 286 3355 405 3385; x_wconf 71' lang='lat' dir='ltr'>terrie.</span> <span class='ocrx_word' id='word_1_426' title='bbox 422 3349 547 3395; x_wconf 82' lang='lat' dir='ltr'>ltaque</span> <span class='ocrx_word' id='word_1_427' title='bbox 568 3354 643 3385; x_wconf 80' lang='lat' dir='ltr'>tres</span> <span class='ocrx_word' id='word_1_428' title='bbox 658 3355 780 3394; x_wconf 86' lang='lat' dir='ltr'>partes</span> <span class='ocrx_word' id='word_1_429' title='bbox 796 3348 959 3385; x_wconf 91' lang='lat' dir='ltr'>ciborum</span> <span class='ocrx_word' id='word_1_430' title='bbox 977 3349 1192 3395; x_wconf 81' lang='lat' dir='ltr'>generaliter</span> <span class='ocrx_word' id='word_1_431' title='bbox 1210 3349 1344 3387; x_wconf 85' lang='lat' dir='ltr'>descri-</span> 
     </span>
     <span class='ocr_line' id='line_1_55' title="bbox 286 3409 1344 3456; baseline 0.002 -11"><span class='ocrx_word' id='word_1_432' title='bbox 286 3410 434 3445; x_wconf 88' lang='lat' dir='ltr'>buntur.</span> <span class='ocrx_word' id='word_1_433' title='bbox 478 3409 597 3446; x_wconf 85' lang='lat' dir='ltr'>Unum</span> <span class='ocrx_word' id='word_1_434' title='bbox 632 3420 704 3456; x_wconf 79' lang='lat' dir='ltr'>quo</span> <span class='ocrx_word' id='word_1_435' title='bbox 737 3410 920 3446; x_wconf 80' lang='lat' dir='ltr'>vescimur</span> <span class='ocrx_word' id='word_1_436' title='bbox 954 3414 1130 3447; x_wconf 85' lang='lat' dir='ltr'>exeuntes</span> <span class='ocrx_word' id='word_1_437' title='bbox 1164 3410 1210 3447; x_wconf 82' lang='lat' dir='ltr'>de</span> <span class='ocrx_word' id='word_1_438' title='bbox 1247 3415 1344 3447; x_wconf 84' lang='lat' dir='ltr'>terra</span> 
     </span>
     <span class='ocr_line' id='line_1_56' title="bbox 287 3469 1346 3518; baseline 0.002 -12"><span class='ocrx_word' id='word_1_439' title='bbox 287 3469 455 3518; x_wconf 82' lang='lat' dir='ltr'>AEgypti,</span> <span class='ocrx_word' id='word_1_440' title='bbox 483 3471 545 3508; x_wconf 84' lang='lat' dir='ltr'>sed</span> <span class='ocrx_word' id='word_1_441' title='bbox 568 3471 637 3507; x_wconf 85' lang='lat' dir='ltr'>hoo</span> <span class='ocrx_word' id='word_1_442' title='bbox 663 3472 708 3508; x_wconf 79' lang='lat' dir='ltr'>ad</span> <span class='ocrx_word' id='word_1_443' title='bbox 738 3481 888 3518; x_wconf 79' lang='lat' dir='ltr'>parvum</span> <span class='ocrx_word' id='word_1_444' title='bbox 915 3477 1056 3518; x_wconf 88' lang='lat' dir='ltr'>tempus</span> <span class='ocrx_word' id='word_1_445' title='bbox 1085 3472 1227 3513; x_wconf 77' lang='lat' dir='ltr'>suffieit.</span> <span class='ocrx_word' id='word_1_446' title='bbox 1259 3471 1346 3513; x_wconf 70' lang='lat' dir='ltr'>Post</span> 
     </span>
     <span class='ocr_line' id='line_1_57' title="bbox 289 3532 1347 3578; baseline 0.003 -10"><span class='ocrx_word' id='word_1_447' title='bbox 289 3533 358 3568; x_wconf 82' lang='lat' dir='ltr'>hoc</span> <span class='ocrx_word' id='word_1_448' title='bbox 375 3532 536 3568; x_wconf 82' lang='lat' dir='ltr'>succedit</span> <span class='ocrx_word' id='word_1_449' title='bbox 554 3542 699 3571; x_wconf 82' lang='lat' dir='ltr'>manna.</span> <span class='ocrx_word' id='word_1_450' title='bbox 719 3532 843 3569; x_wconf 82' lang='lat' dir='ltr'>Tertio</span> <span class='ocrx_word' id='word_1_451' title='bbox 860 3542 948 3570; x_wconf 83' lang='lat' dir='ltr'>vero</span> <span class='ocrx_word' id='word_1_452' title='bbox 959 3533 1035 3578; x_wconf 77' lang='lat' dir='ltr'>jam</span> <span class='ocrx_word' id='word_1_453' title='bbox 1047 3534 1204 3573; x_wconf 75' lang='lat' dir='ltr'>dotem</span> <span class='ocrx_word' id='word_1_454' title='bbox 1221 3539 1347 3575; x_wconf 67' lang='lat' dir='ltr'>sancta</span> 
     </span>
     <span class='ocr_line' id='line_1_58' title="bbox 288 3594 1347 3644; baseline 0.003 -14"><span class='ocrx_word' id='word_1_455' title='bbox 288 3595 451 3641; x_wconf 84' lang='lat' dir='ltr'>capimus</span> <span class='ocrx_word' id='word_1_456' title='bbox 467 3594 619 3631; x_wconf 71' lang='lat' dir='ltr'>fructus.</span> <span class='ocrx_word' id='word_1_457' title='bbox 640 3595 679 3630; x_wconf 87' lang='lat' dir='ltr'>lu</span> <span class='ocrx_word' id='word_1_458' title='bbox 698 3595 830 3643; x_wconf 74' lang='lat' dir='ltr'>quihus</span> <span class='ocrx_word' id='word_1_459' title='bbox 849 3595 1074 3640; x_wconf 73' lang='lat' dir='ltr'>differentiis,</span> <span class='ocrx_word' id='word_1_460' title='bbox 1095 3602 1136 3632; x_wconf 86' lang='lat' dir='ltr'>ut</span> <span class='ocrx_word' id='word_1_461' title='bbox 1154 3606 1245 3633; x_wconf 79' lang='lat' dir='ltr'>meae</span> <span class='ocrx_word' id='word_1_462' title='bbox 1260 3604 1347 3644; x_wconf 75' lang='lat' dir='ltr'>par·</span> 
     </span>
     <span class='ocr_line' id='line_1_59' title="bbox 288 3655 1345 3704; baseline 0.004 -13"><span class='ocrx_word' id='word_1_463' title='bbox 288 3657 411 3693; x_wconf 86' lang='lat' dir='ltr'>vitatis</span> <span class='ocrx_word' id='word_1_464' title='bbox 429 3655 633 3693; x_wconf 86' lang='lat' dir='ltr'>intellectus</span> <span class='ocrx_word' id='word_1_465' title='bbox 650 3656 876 3704; x_wconf 79' lang='lat' dir='ltr'>assequitur,</span> <span class='ocrx_word' id='word_1_466' title='bbox 897 3657 984 3693; x_wconf 85' lang='lat' dir='ltr'>illud</span> <span class='ocrx_word' id='word_1_467' title='bbox 1007 3658 1164 3695; x_wconf 80' lang='lat' dir='ltr'>arbitror</span> <span class='ocrx_word' id='word_1_468' title='bbox 1181 3658 1345 3703; x_wconf 62' lang='lat' dir='ltr'>indicarit</span> 
     </span>
     <span class='ocr_line' id='line_1_60' title="bbox 290 3710 1348 3767; baseline 0.006 -15"><span class='ocrx_word' id='word_1_469' title='bbox 290 3717 386 3762; x_wconf 86' lang='lat' dir='ltr'>quod</span> <span class='ocrx_word' id='word_1_470' title='bbox 414 3718 554 3764; x_wconf 83' lang='lat' dir='ltr'>primus</span> <span class='ocrx_word' id='word_1_471' title='bbox 588 3717 691 3755; x_wconf 82' lang='lat' dir='ltr'>cibus</span> <span class='ocrx_word' id='word_1_472' title='bbox 709 3710 766 3754; x_wconf 77' lang='lat' dir='ltr'>est</span> <span class='ocrx_word' id='word_1_473' title='bbox 788 3727 895 3764; x_wconf 84' lang='lat' dir='ltr'>quem</span> <span class='ocrx_word' id='word_1_474' title='bbox 921 3719 967 3756; x_wconf 81' lang='lat' dir='ltr'>de</span> <span class='ocrx_word' id='word_1_475' title='bbox 994 3719 1150 3767; x_wconf 78' lang='lat' dir='ltr'>AEgypto</span> <span class='ocrx_word' id='word_1_476' title='bbox 1173 3725 1348 3757; x_wconf 66' lang='lat' dir='ltr'>exeuntes</span> 
     </span>
     <span class='ocr_line' id='line_1_61' title="bbox 287 3773 1346 3835; baseline 0.007 -18"><span class='ocrx_word' id='word_1_477' title='bbox 287 3777 480 3817; x_wconf 63' lang='lat' dir='ltr'>nobiseum</span> <span class='ocrx_word' id='word_1_478' title='bbox 497 3780 737 3833; x_wconf 75' lang='lat' dir='ltr'>portavimus,</span> <span class='ocrx_word' id='word_1_479' title='bbox 757 3779 796 3820; x_wconf 78' lang='lat' dir='ltr'>id</span> <span class='ocrx_word' id='word_1_480' title='bbox 807 3787 879 3828; x_wconf 76' lang='lat' dir='ltr'>eet,</span> <span class='ocrx_word' id='word_1_481' title='bbox 896 3773 1346 3835; x_wconf 56' lang='lat' dir='ltr'>parmeniano-mut*</span> 
     </span>
    </p>
   </div>
   <div class='ocr_carea' id='block_1_6' title="bbox 1361 2928 2513 2990">
    <p class='ocr_par' dir='ltr' id='par_1_8' title="bbox 1361 2928 2513 2990">
     <span class='ocr_line' id='line_1_62' title="bbox 1361 2928 2513 2990; baseline 0.005 -24"><span class='ocrx_word' id='word_1_482' title='bbox 1361 2949 1398 2990; x_wconf 77' lang='lat' dir='ltr'><strong>D</strong></span> <span class='ocrx_word' id='word_1_483' title='bbox 1416 2930 1446 2967; x_wconf 86' lang='lat' dir='ltr'>si</span> <span class='ocrx_word' id='word_1_484' title='bbox 1463 2940 1507 2966; x_wconf 89' lang='lat' dir='ltr'>ex</span> <span class='ocrx_word' id='word_1_485' title='bbox 1526 2930 1599 2966; x_wconf 88' lang='lat' dir='ltr'>Deo</span> <span class='ocrx_word' id='word_1_486' title='bbox 1613 2930 1685 2969; x_wconf 87' lang='lat' dir='ltr'>sint</span> <span class='ocrx_word' id='word_1_487' title='bbox 1701 2930 1732 2978; x_wconf 93' lang='lat'>(1</span> <span class='ocrx_word' id='word_1_488' title='bbox 1748 2929 1857 2969; x_wconf 75' lang='lat' dir='ltr'>Joan.</span> <span class='ocrx_word' id='word_1_489' title='bbox 1874 2930 1939 2976; x_wconf 80' lang='lat' dir='ltr'>iv).</span> <span class='ocrx_word' id='word_1_490' title='bbox 1962 2929 2164 2976; x_wconf 80' lang='lat' dir='ltr'>»Cognovit</span> <span class='ocrx_word' id='word_1_491' title='bbox 2182 2940 2269 2976; x_wconf 86' lang='lat' dir='ltr'>ergo</span> <span class='ocrx_word' id='word_1_492' title='bbox 2282 2928 2387 2969; x_wconf 75' lang='lat' dir='ltr'>Iesus</span> <span class='ocrx_word' id='word_1_493' title='bbox 2403 2941 2476 2973; x_wconf 83' lang='lat' dir='ltr'>nou</span> <span class='ocrx_word' id='word_1_494' title='bbox 2503 2936 2513 2979; x_wconf 56' lang='lat' dir='ltr'>-g</span> 
     </span>
    </p>
   </div>
   <div class='ocr_carea' id='block_1_7' title="bbox 2415 253 2540 4016">
    <p class='ocr_par' dir='ltr' id='par_1_9' title="bbox 2415 253 2540 4016">
     <span class='ocr_line' id='line_1_63' title="bbox 2415 253 2540 370; baseline 0 0"><span class='ocrx_word' id='word_1_495' title='bbox 2415 253 2540 370; x_wconf 95' lang='lat' dir='ltr'>   </span> 
     </span>
     <span class='ocr_line' id='line_1_64' title="bbox 2436 370 2540 562; baseline 0 -69"><span class='ocrx_word' id='word_1_496' title='bbox 2436 370 2540 562; x_wconf 95' lang='lat' dir='ltr'>    </span> 
     </span>
     <span class='ocr_line' id='line_1_65' title="bbox 2455 562 2540 675; baseline 0 -112"><span class='ocrx_word' id='word_1_497' title='bbox 2455 562 2540 675; x_wconf 95' lang='lat' dir='ltr'>   </span> 
     </span>
     <span class='ocr_line' id='line_1_66' title="bbox 2428 675 2540 809; baseline 0 -70"><span class='ocrx_word' id='word_1_498' title='bbox 2428 675 2540 809; x_wconf 95' lang='lat' dir='ltr'>  </span> 
     </span>
     <span class='ocr_line' id='line_1_67' title="bbox 2440 809 2540 922; baseline 0 0"><span class='ocrx_word' id='word_1_499' title='bbox 2440 809 2540 922; x_wconf 95' lang='lat' dir='ltr'>  </span> 
     </span>
     <span class='ocr_line' id='line_1_68' title="bbox 2459 922 2540 992; baseline 0 0"><span class='ocrx_word' id='word_1_500' title='bbox 2459 922 2540 992; x_wconf 95' lang='lat' dir='ltr'>   </span> 
     </span>
     <span class='ocr_line' id='line_1_69' title="bbox 2491 992 2540 1153; baseline 0 -112"><span class='ocrx_word' id='word_1_501' title='bbox 2491 992 2540 1153; x_wconf 95' lang='lat' dir='ltr'>   </span> 
     </span>
     <span class='ocr_line' id='line_1_70' title="bbox 2496 1153 2540 1278; baseline 0 0"><span class='ocrx_word' id='word_1_502' title='bbox 2496 1153 2540 1278; x_wconf 95' lang='lat' dir='ltr'>  </span> 
     </span>
     <span class='ocr_line' id='line_1_71' title="bbox 2496 1278 2540 1435; baseline 0 -48"><span class='ocrx_word' id='word_1_503' title='bbox 2496 1278 2540 1435; x_wconf 95' lang='lat' dir='ltr'>  </span> 
     </span>
     <span class='ocr_line' id='line_1_72' title="bbox 2496 1435 2540 1663; baseline 0 0"><span class='ocrx_word' id='word_1_504' title='bbox 2496 1435 2540 1663; x_wconf 95' lang='lat' dir='ltr'>   </span> 
     </span>
     <span class='ocr_line' id='line_1_73' title="bbox 2496 1663 2540 1835; baseline 0 -45"><span class='ocrx_word' id='word_1_505' title='bbox 2496 1663 2540 1835; x_wconf 95' lang='lat' dir='ltr'>   </span> 
     </span>
     <span class='ocr_line' id='line_1_74' title="bbox 2496 1835 2540 1904; baseline 0 2112"><span class='ocrx_word' id='word_1_506' title='bbox 2496 1835 2540 1904; x_wconf 95' lang='lat' dir='ltr'> </span> 
     </span>
     <span class='ocr_line' id='line_1_75' title="bbox 2496 1904 2540 2086; baseline 0 -58"><span class='ocrx_word' id='word_1_507' title='bbox 2496 1904 2540 2086; x_wconf 95' lang='lat' dir='ltr'>   </span> 
     </span>
     <span class='ocr_line' id='line_1_76' title="bbox 2496 2086 2540 2206; baseline 0 0"><span class='ocrx_word' id='word_1_508' title='bbox 2496 2086 2540 2206; x_wconf 95' lang='lat' dir='ltr'>  </span> 
     </span>
     <span class='ocr_line' id='line_1_77' title="bbox 2496 2206 2540 2266; baseline 0 1750"><span class='ocrx_word' id='word_1_509' title='bbox 2496 2206 2540 2266; x_wconf 95' lang='lat' dir='ltr'> </span> 
     </span>
     <span class='ocr_line' id='line_1_78' title="bbox 2496 2266 2540 2441; baseline 0 -53"><span class='ocrx_word' id='word_1_510' title='bbox 2496 2266 2540 2441; x_wconf 95' lang='lat' dir='ltr'>   </span> 
     </span>
     <span class='ocr_line' id='line_1_79' title="bbox 2516 2441 2540 2573; baseline 0 0"><span class='ocrx_word' id='word_1_511' title='bbox 2516 2441 2540 2573; x_wconf 95' lang='lat' dir='ltr'>  </span> 
     </span>
     <span class='ocr_line' id='line_1_80' title="bbox 2514 2573 2540 2693; baseline 0 0"><span class='ocrx_word' id='word_1_512' title='bbox 2514 2573 2540 2693; x_wconf 95' lang='lat' dir='ltr'>  </span> 
     </span>
     <span class='ocr_line' id='line_1_81' title="bbox 2488 2693 2540 2877; baseline 0 0"><span class='ocrx_word' id='word_1_513' title='bbox 2488 2693 2540 2877; x_wconf 95' lang='lat' dir='ltr'>   </span> 
     </span>
     <span class='ocr_line' id='line_1_82' title="bbox 2488 2877 2540 2938; baseline 0 1078"><span class='ocrx_word' id='word_1_514' title='bbox 2488 2877 2540 2938; x_wconf 95' lang='lat' dir='ltr'> </span> 
     </span>
     <span class='ocr_line' id='line_1_83' title="bbox 2486 2938 2540 3063; baseline 0 0"><span class='ocrx_word' id='word_1_515' title='bbox 2486 2938 2540 3063; x_wconf 95' lang='lat' dir='ltr'>  </span> 
     </span>
     <span class='ocr_line' id='line_1_84' title="bbox 2486 3063 2540 3183; baseline 0 0"><span class='ocrx_word' id='word_1_516' title='bbox 2486 3063 2540 3183; x_wconf 95' lang='lat' dir='ltr'>  </span> 
     </span>
     <span class='ocr_line' id='line_1_85' title="bbox 2498 3183 2540 3243; baseline 0 773"><span class='ocrx_word' id='word_1_517' title='bbox 2498 3183 2540 3243; x_wconf 95' lang='lat' dir='ltr'> </span> 
     </span>
     <span class='ocr_line' id='line_1_86' title="bbox 2490 3243 2540 3360; baseline 0 -56"><span class='ocrx_word' id='word_1_518' title='bbox 2490 3243 2540 3360; x_wconf 95' lang='lat' dir='ltr'>  </span> 
     </span>
     <span class='ocr_line' id='line_1_87' title="bbox 2488 3360 2540 3486; baseline 0 -59"><span class='ocrx_word' id='word_1_519' title='bbox 2488 3360 2540 3486; x_wconf 95' lang='lat' dir='ltr'>  </span> 
     </span>
     <span class='ocr_line' id='line_1_88' title="bbox 2476 3486 2540 3671; baseline 0 -55"><span class='ocrx_word' id='word_1_520' title='bbox 2476 3486 2540 3671; x_wconf 95' lang='lat' dir='ltr'>   </span> 
     </span>
     <span class='ocr_line' id='line_1_89' title="bbox 2474 3671 2540 3791; baseline 0 0"><span class='ocrx_word' id='word_1_521' title='bbox 2474 3671 2540 3791; x_wconf 95' lang='lat' dir='ltr'>   </span> 
     </span>
     <span class='ocr_line' id='line_1_90' title="bbox 2474 3791 2540 4016; baseline 0 0"><span class='ocrx_word' id='word_1_522' title='bbox 2474 3791 2540 4016; x_wconf 95' lang='lat' dir='ltr'>  </span> 
     </span>
    </p>
   </div>
   <div class='ocr_carea' id='block_1_8' title="bbox 1416 285 2472 709">
    <p class='ocr_par' dir='ltr' id='par_1_10' title="bbox 1416 285 2473 709">
     <span class='ocr_line' id='line_1_91' title="bbox 1417 285 2453 342; baseline 0.01 -20"><span class='ocrx_word' id='word_1_523' title='bbox 1417 285 1642 332; x_wconf 80' lang='lat' dir='ltr'>litterarum,</span> <span class='ocrx_word' id='word_1_524' title='bbox 1676 297 1757 334; x_wconf 78' lang='lat' dir='ltr'>quae</span> <span class='ocrx_word' id='word_1_525' title='bbox 1776 287 1946 336; x_wconf 83' lang='lat' dir='ltr'>exiguum</span> <span class='ocrx_word' id='word_1_526' title='bbox 1973 289 2008 325; x_wconf 88' lang='lat' dir='ltr'>in</span> <span class='ocrx_word' id='word_1_527' title='bbox 2037 299 2161 327; x_wconf 89' lang='lat' dir='ltr'>eremo</span> <span class='ocrx_word' id='word_1_528' title='bbox 2185 292 2320 340; x_wconf 77' lang='lat' dir='ltr'>aliquid</span> <span class='ocrx_word' id='word_1_529' title='bbox 2348 286 2453 342; x_wconf 67' lang='lat' dir='ltr'>juv-&#39;-</span> 
     </span>
     <span class='ocr_line' id='line_1_92' title="bbox 1416 349 2455 409; baseline 0.008 -23"><span class='ocrx_word' id='word_1_530' title='bbox 1416 359 1484 386; x_wconf 89' lang='lat' dir='ltr'>nos</span> <span class='ocrx_word' id='word_1_531' title='bbox 1501 355 1632 395; x_wconf 85' lang='lat' dir='ltr'>potest.</span> <span class='ocrx_word' id='word_1_532' title='bbox 1653 349 1690 386; x_wconf 85' lang='lat' dir='ltr'>ln</span> <span class='ocrx_word' id='word_1_533' title='bbox 1707 360 1829 387; x_wconf 90' lang='lat' dir='ltr'>eremo</span> <span class='ocrx_word' id='word_1_534' title='bbox 1842 360 1930 388; x_wconf 90' lang='lat' dir='ltr'>vero</span> <span class='ocrx_word' id='word_1_535' title='bbox 1944 351 2068 397; x_wconf 88' lang='lat' dir='ltr'>positi,</span> <span class='ocrx_word' id='word_1_536' title='bbox 2084 352 2120 389; x_wconf 88' lang='lat' dir='ltr'>id</span> <span class='ocrx_word' id='word_1_537' title='bbox 2141 353 2252 390; x_wconf 87' lang='lat' dir='ltr'>estin</span> <span class='ocrx_word' id='word_1_538' title='bbox 2263 354 2388 393; x_wconf 80' lang='lat' dir='ltr'>bacin</span> <span class='ocrx_word' id='word_1_539' title='bbox 2406 358 2455 409; x_wconf 78' lang='lat' dir='ltr'>q&#39;</span> 
     </span>
     <span class='ocr_line' id='line_1_93' title="bbox 1417 411 2434 466; baseline 0.009 -20"><span class='ocrx_word' id='word_1_540' title='bbox 1417 420 1514 447; x_wconf 90' lang='lat' dir='ltr'>nunc</span> <span class='ocrx_word' id='word_1_541' title='bbox 1532 421 1656 447; x_wconf 89' lang='lat' dir='ltr'>sumus</span> <span class='ocrx_word' id='word_1_542' title='bbox 1674 411 1750 447; x_wconf 88' lang='lat' dir='ltr'>vita</span> <span class='ocrx_word' id='word_1_543' title='bbox 1762 438 1772 455; x_wconf 97' lang='lat'>,</span> <span class='ocrx_word' id='word_1_544' title='bbox 1793 416 1872 448; x_wconf 84' lang='lat' dir='ltr'>tum</span> <span class='ocrx_word' id='word_1_545' title='bbox 1897 417 1934 448; x_wconf 90' lang='lat' dir='ltr'>et</span> <span class='ocrx_word' id='word_1_546' title='bbox 1954 423 2089 450; x_wconf 86' lang='lat' dir='ltr'>manna</span> <span class='ocrx_word' id='word_1_547' title='bbox 2107 415 2303 461; x_wconf 83' lang='lat' dir='ltr'>vescimur,</span> <span class='ocrx_word' id='word_1_548' title='bbox 2320 428 2386 466; x_wconf 87' lang='lat' dir='ltr'>per</span> <span class='ocrx_word' id='word_1_549' title='bbox 2407 419 2434 460; x_wconf 72' lang='lat' dir='ltr'>lt</span> 
     </span>
     <span class='ocr_line' id='line_1_94' title="bbox 1418 469 2436 523; baseline 0.011 -18"><span class='ocrx_word' id='word_1_550' title='bbox 1418 470 1513 516; x_wconf 89' lang='lat' dir='ltr'>quod</span> <span class='ocrx_word' id='word_1_551' title='bbox 1527 470 1658 506; x_wconf 58' lang='lat' dir='ltr'>divinae</span> <span class='ocrx_word' id='word_1_552' title='bbox 1671 469 1762 516; x_wconf 85' lang='lat' dir='ltr'>legis</span> <span class='ocrx_word' id='word_1_553' title='bbox 1777 470 2077 509; x_wconf 85' lang='lat' dir='ltr'>instructionibus</span> <span class='ocrx_word' id='word_1_554' title='bbox 2095 475 2292 512; x_wconf 86' lang='lat' dir='ltr'>erudimur.</span> <span class='ocrx_word' id='word_1_555' title='bbox 2310 477 2436 523; x_wconf 82' lang='lat' dir='ltr'>Quive</span> 
     </span>
     <span class='ocr_line' id='line_1_95' title="bbox 1417 527 2455 584; baseline 0.013 -20"><span class='ocrx_word' id='word_1_556' title='bbox 1417 530 1550 567; x_wconf 89' lang='lat' dir='ltr'>meruit</span> <span class='ocrx_word' id='word_1_557' title='bbox 1574 530 1610 565; x_wconf 95' lang='lat' dir='ltr'>in</span> <span class='ocrx_word' id='word_1_558' title='bbox 1632 536 1783 566; x_wconf 62' lang='lat' dir='ltr'>terram*</span> <span class='ocrx_word' id='word_1_559' title='bbox 1798 532 2093 582; x_wconf 86' lang='lat' dir='ltr'>repromissionis</span> <span class='ocrx_word' id='word_1_560' title='bbox 2116 535 2268 582; x_wconf 82' lang='lat' dir='ltr'>intrare,</span> <span class='ocrx_word' id='word_1_561' title='bbox 2289 538 2325 575; x_wconf 90' lang='lat' dir='ltr'>id</span> <span class='ocrx_word' id='word_1_562' title='bbox 2345 527 2413 584; x_wconf 80' lang='lat' dir='ltr'>cst,</span> <span class='ocrx_word' id='word_1_563' title='bbox 2435 550 2455 578; x_wconf 88' lang='lat' dir='ltr'>e</span> 
     </span>
     <span class='ocr_line' id='line_1_96' title="bbox 1417 591 2464 647; baseline 0.013 -21"><span class='ocrx_word' id='word_1_564' title='bbox 1417 601 1498 637; x_wconf 83' lang='lat' dir='ltr'>quae</span> <span class='ocrx_word' id='word_1_565' title='bbox 1521 602 1542 627; x_wconf 86' lang='lat' dir='ltr'>a</span> <span class='ocrx_word' id='word_1_566' title='bbox 1575 591 1762 629; x_wconf 85' lang='lat' dir='ltr'>Salvatore</span> <span class='ocrx_word' id='word_1_567' title='bbox 1791 595 1971 642; x_wconf 88' lang='lat' dir='ltr'>promissa</span> <span class='ocrx_word' id='word_1_568' title='bbox 1992 601 2073 633; x_wconf 89' lang='lat' dir='ltr'>sunt</span> <span class='ocrx_word' id='word_1_569' title='bbox 2092 599 2290 647; x_wconf 87' lang='lat' dir='ltr'>consequi,</span> <span class='ocrx_word' id='word_1_570' title='bbox 2318 599 2379 638; x_wconf 90' lang='lat' dir='ltr'>ille</span> <span class='ocrx_word' id='word_1_571' title='bbox 2397 602 2464 640; x_wconf 88' lang='lat' dir='ltr'>ede</span> 
     </span>
     <span class='ocr_line' id='line_1_97' title="bbox 1417 649 2472 709; baseline 0.012 -23"><span class='ocrx_word' id='word_1_572' title='bbox 1417 649 1556 688; x_wconf 86' lang='lat' dir='ltr'>fructus</span> <span class='ocrx_word' id='word_1_573' title='bbox 1576 651 1620 688; x_wconf 90' lang='lat' dir='ltr'>dc</span> <span class='ocrx_word' id='word_1_574' title='bbox 1637 653 1782 699; x_wconf 89' lang='lat' dir='ltr'>regione</span> <span class='ocrx_word' id='word_1_575' title='bbox 1812 655 2028 704; x_wconf 86' lang='lat' dir='ltr'>palmarum.</span> <span class='ocrx_word' id='word_1_576' title='bbox 2053 657 2146 695; x_wconf 83' lang='lat' dir='ltr'>Vere</span> <span class='ocrx_word' id='word_1_577' title='bbox 2173 659 2330 696; x_wconf 89' lang='lat' dir='ltr'>fructum</span> <span class='ocrx_word' id='word_1_578' title='bbox 2350 663 2472 709; x_wconf 87' lang='lat' dir='ltr'>palm</span> 
     </span>
    </p>
   </div>
   <div class='ocr_carea' id='block_1_9' title="bbox 1417 837 2491 1130">
    <p class='ocr_par' dir='ltr' id='par_1_11' title="bbox 1417 832 2491 1130">
     <span class='ocr_line' id='line_1_98' title="bbox 1418 837 2440 894; baseline 0.011 -24"><span class='ocrx_word' id='word_1_579' title='bbox 1418 845 1498 883; x_wconf 75' lang='lat' dir='ltr'>quae</span> <span class='ocrx_word' id='word_1_580' title='bbox 1522 848 1618 872; x_wconf 79' lang='lat' dir='ltr'>nunc</span> <span class='ocrx_word' id='word_1_581' title='bbox 1650 838 1685 872; x_wconf 77' lang='lat' dir='ltr'>in</span> <span class='ocrx_word' id='word_1_582' title='bbox 1715 837 1793 886; x_wconf 78' lang='lat' dir='ltr'>lege</span> <span class='ocrx_word' id='word_1_583' title='bbox 1820 839 1883 874; x_wconf 82' lang='lat' dir='ltr'>Dei</span> <span class='ocrx_word' id='word_1_584' title='bbox 1913 846 1950 877; x_wconf 69' lang='lat' dir='ltr'>et</span> <span class='ocrx_word' id='word_1_585' title='bbox 1970 841 2100 878; x_wconf 82' lang='lat' dir='ltr'>divinis</span> <span class='ocrx_word' id='word_1_586' title='bbox 2122 843 2253 880; x_wconf 68' lang='lat' dir='ltr'>nuens</span> <span class='ocrx_word' id='word_1_587' title='bbox 2282 845 2440 894; x_wconf 78' lang='lat' dir='ltr'>intellige</span> 
     </span>
     <span class='ocr_line' id='line_1_99' title="bbox 1417 901 2459 946; baseline 0.013 -14"><span class='ocrx_word' id='word_1_588' title='bbox 1417 908 1611 945; x_wconf 90' lang='lat' dir='ltr'>possumus</span> <span class='ocrx_word' id='word_1_589' title='bbox 1637 905 1699 935; x_wconf 90' lang='lat' dir='ltr'>aut</span> <span class='ocrx_word' id='word_1_590' title='bbox 1731 901 1885 946; x_wconf 82' lang='lat' dir='ltr'>sentire,</span> <span class='ocrx_word' id='word_1_591' title='bbox 1916 903 2029 939; x_wconf 92' lang='lat' dir='ltr'>multo</span> <span class='ocrx_word' id='word_1_592' title='bbox 2060 905 2270 942; x_wconf 84' lang='lat' dir='ltr'>sublimiora</span> <span class='ocrx_word' id='word_1_593' title='bbox 2301 915 2337 944; x_wconf 86' lang='lat' dir='ltr'>ct</span> <span class='ocrx_word' id='word_1_594' title='bbox 2359 909 2459 946; x_wconf 84' lang='lat' dir='ltr'>excel</span> 
     </span>
     <span class='ocr_line' id='line_1_100' title="bbox 1419 960 2482 1014; baseline 0.01 -18"><span class='ocrx_word' id='word_1_595' title='bbox 1419 960 1515 997; x_wconf 80' lang='lat' dir='ltr'>siora</span> <span class='ocrx_word' id='word_1_596' title='bbox 1531 968 1640 998; x_wconf 89' lang='lat' dir='ltr'>erunt</span> <span class='ocrx_word' id='word_1_597' title='bbox 1656 963 1715 999; x_wconf 86' lang='lat' dir='ltr'>illa</span> <span class='ocrx_word' id='word_1_598' title='bbox 1735 975 1814 1010; x_wconf 80' lang='lat' dir='ltr'>quae</span> <span class='ocrx_word' id='word_1_599' title='bbox 1835 967 2227 1014; x_wconf 67' lang='lat' dir='ltr'>cessanteoeiiigrnate,</span> <span class='ocrx_word' id='word_1_600' title='bbox 2250 969 2343 1006; x_wconf 84' lang='lat' dir='ltr'>facie</span> <span class='ocrx_word' id='word_1_601' title='bbox 2363 971 2408 1006; x_wconf 88' lang='lat' dir='ltr'>ad</span> <span class='ocrx_word' id='word_1_602' title='bbox 2425 970 2482 1006; x_wconf 85' lang='lat' dir='ltr'>fa-</span> 
     </span>
     <span class='ocr_line' id='line_1_101' title="bbox 1419 1022 2491 1082; baseline 0.009 -25"><span class='ocrx_word' id='word_1_603' title='bbox 1419 1022 1509 1059; x_wconf 90' lang='lat' dir='ltr'>eiem</span> <span class='ocrx_word' id='word_1_604' title='bbox 1537 1024 1650 1059; x_wconf 86' lang='lat' dir='ltr'>sancti</span> <span class='ocrx_word' id='word_1_605' title='bbox 1678 1025 1811 1070; x_wconf 86' lang='lat' dir='ltr'>quique</span> <span class='ocrx_word' id='word_1_606' title='bbox 1847 1027 2103 1071; x_wconf 89' lang='lat' dir='ltr'>merebuntur;</span> <span class='ocrx_word' id='word_1_607' title='bbox 2141 1030 2225 1075; x_wconf 82' lang='lat' dir='ltr'>quia</span> <span class='ocrx_word' id='word_1_608' title='bbox 2252 1042 2330 1077; x_wconf 72' lang='lat' dir='ltr'>quw</span> <span class='ocrx_word' id='word_1_609' title='bbox 2359 1022 2491 1082; x_wconf 45' lang='lat' dir='ltr'>oculus</span> 
     </span>
     <span class='ocr_line' id='line_1_102' title="bbox 1419 1084 2483 1130; baseline 0.009 -12"><span class='ocrx_word' id='word_1_610' title='bbox 1419 1095 1488 1119; x_wconf 81' lang='lat' dir='ltr'>non</span> <span class='ocrx_word' id='word_1_611' title='bbox 1508 1084 1605 1128; x_wconf 80' lang='lat' dir='ltr'>vidit,</span> <span class='ocrx_word' id='word_1_612' title='bbox 1627 1096 1686 1120; x_wconf 80' lang='lat' dir='ltr'>nec</span> <span class='ocrx_word' id='word_1_613' title='bbox 1704 1086 1801 1121; x_wconf 80' lang='lat' dir='ltr'>auris</span> <span class='ocrx_word' id='word_1_614' title='bbox 1819 1086 1965 1130; x_wconf 71' lang='lat' dir='ltr'>audivit,</span> <span class='ocrx_word' id='word_1_615' title='bbox 1982 1099 2042 1123; x_wconf 82' lang='lat' dir='ltr'>nec</span> <span class='ocrx_word' id='word_1_616' title='bbox 2062 1089 2098 1124; x_wconf 80' lang='lat' dir='ltr'>in</span> <span class='ocrx_word' id='word_1_617' title='bbox 2118 1100 2178 1124; x_wconf 85' lang='lat' dir='ltr'>cor</span> <span class='ocrx_word' id='word_1_618' title='bbox 2191 1091 2341 1126; x_wconf 78' lang='lat' dir='ltr'>hominis</span> <span class='ocrx_word' id='word_1_619' title='bbox 2363 1103 2483 1128; x_wconf 82' lang='lat' dir='ltr'>ascen-</span> 
     </span>
    </p>
   </div>
   <div class='ocr_carea' id='block_1_10' title="bbox 1414 1206 2066 1291">
    <p class='ocr_par' dir='ltr' id='par_1_12' title="bbox 1414 1206 2066 1291">
     <span class='ocr_line' id='line_1_103' title="bbox 1414 1206 2066 1291; baseline 0.008 -51"><span class='ocrx_word' id='word_1_620' title='bbox 1414 1216 1494 1241; x_wconf 82' lang='lat' dir='ltr'>eum</span> <span class='ocrx_word' id='word_1_621' title='bbox 1515 1206 1550 1254; x_wconf 82' lang='grc' dir='ltr'>(Ι</span> <span class='ocrx_word' id='word_1_622' title='bbox 1568 1206 1720 1254; x_wconf 89' lang='lat' dir='ltr'>Cor.11).</span> <span class='ocrx_word' id='word_1_623' title='bbox 1826 1254 1978 1291; x_wconf 72' lang='lat' dir='ltr'><strong>CAPUT</strong></span> <span class='ocrx_word' id='word_1_624' title='bbox 2003 1254 2066 1290; x_wconf 69' lang='lat' dir='ltr'>vu</span> 
     </span>
    </p>
   </div>
   <div class='ocr_carea' id='block_1_11' title="bbox 1418 1305 2480 1360">
    <p class='ocr_par' dir='ltr' id='par_1_13' title="bbox 1418 1305 2480 1360">
     <span class='ocr_line' id='line_1_104' title="bbox 1418 1305 2480 1360; baseline 0.01 -21"><span class='ocrx_word' id='word_1_625' title='bbox 1418 1305 1482 1340; x_wconf 80' lang='lat' dir='ltr'>Ubi</span> <span class='ocrx_word' id='word_1_626' title='bbox 1500 1306 1658 1351; x_wconf 76' lang='lat' dir='ltr'>princeps</span> <span class='ocrx_word' id='word_1_627' title='bbox 1683 1307 1856 1341; x_wconf 73' lang='lat' dir='ltr'>exercitus</span> <span class='ocrx_word' id='word_1_628' title='bbox 1877 1307 2021 1342; x_wconf 78' lang='lat' dir='ltr'>Domini</span> <span class='ocrx_word' id='word_1_629' title='bbox 2049 1310 2215 1354; x_wconf 77' lang='lat' dir='ltr'>apparuit</span> <span class='ocrx_word' id='word_1_630' title='bbox 2231 1310 2353 1356; x_wconf 80' lang='lat' dir='ltr'>Josue,</span> <span class='ocrx_word' id='word_1_631' title='bbox 2375 1323 2480 1360; x_wconf 76' lang='lat' dir='ltr'>quem</span> 
     </span>
    </p>
   </div>
   <div class='ocr_carea' id='block_1_12' title="bbox 1462 1353 2522 1445">
    <p class='ocr_par' dir='ltr' id='par_1_14' title="bbox 1462 1353 2522 1445">
     <span class='ocr_line' id='line_1_105' title="bbox 1462 1353 2522 1408; baseline 0.012 -23"><span class='ocrx_word' id='word_1_632' title='bbox 1462 1353 1534 1396; x_wconf 83' lang='lat' dir='ltr'>ipse</span> <span class='ocrx_word' id='word_1_633' title='bbox 1553 1353 1733 1394; x_wconf 75' lang='lat' dir='ltr'>adorari15</span> <span class='ocrx_word' id='word_1_634' title='bbox 1755 1359 1787 1388; x_wconf 88' lang='lat' dir='ltr'>et</span> <span class='ocrx_word' id='word_1_635' title='bbox 1803 1364 1916 1389; x_wconf 83' lang='lat' dir='ltr'>sermo</span> <span class='ocrx_word' id='word_1_636' title='bbox 1932 1353 1955 1389; x_wconf 90' lang='lat' dir='ltr'><em>J</em></span> <span class='ocrx_word' id='word_1_637' title='bbox 1959 1366 2042 1391; x_wconf 79' lang='lat' dir='ltr'>osue</span> <span class='ocrx_word' id='word_1_638' title='bbox 2057 1355 2102 1391; x_wconf 82' lang='lat' dir='ltr'>ad</span> <span class='ocrx_word' id='word_1_639' title='bbox 2123 1357 2290 1402; x_wconf 83' lang='lat' dir='ltr'>populum</span> <span class='ocrx_word' id='word_1_640' title='bbox 2306 1358 2349 1395; x_wconf 81' lang='lat' dir='ltr'>de</span> <span class='ocrx_word' id='word_1_641' title='bbox 2367 1372 2480 1408; x_wconf 66' lang='lat' dir='ltr'>expu-</span> <span class='ocrx_word' id='word_1_642' title='bbox 2514 1374 2522 1390; x_wconf 90' lang='grc'>-·</span> 
     </span>
     <span class='ocr_line' id='line_1_106' title="bbox 1462 1399 1914 1445; baseline 0.007 -12"><span class='ocrx_word' id='word_1_643' title='bbox 1462 1399 1626 1445; x_wconf 57' lang='lat' dir='ltr'>allatione</span> <span class='ocrx_word' id='word_1_644' title='bbox 1648 1399 1742 1435; x_wconf 80' lang='lat' dir='ltr'>urbis</span> <span class='ocrx_word' id='word_1_645' title='bbox 1759 1400 1914 1436; x_wconf 79' lang='lat' dir='ltr'>Jericlto.</span> 
     </span>
    </p>
   </div>
   <div class='ocr_carea' id='block_1_13' title="bbox 1414 1459 2533 2914">
    <p class='ocr_par' dir='ltr' id='par_1_15' title="bbox 1414 1459 2537 2914">
     <span class='ocr_line' id='line_1_107' title="bbox 1464 1459 2480 1512; baseline 0.008 -18"><span class='ocrx_word' id='word_1_646' title='bbox 1464 1459 1582 1507; x_wconf 70' lang='lat' dir='ltr'>(lem.)</span> <span class='ocrx_word' id='word_1_647' title='bbox 1610 1472 1622 1494; x_wconf 84' lang='lat'>‹</span> <span class='ocrx_word' id='word_1_648' title='bbox 1653 1460 1743 1497; x_wconf 89' lang='lat' dir='ltr'>Cum</span> <span class='ocrx_word' id='word_1_649' title='bbox 1762 1467 1884 1497; x_wconf 83' lang='lat' dir='ltr'>autem</span> <span class='ocrx_word' id='word_1_650' title='bbox 1899 1467 1995 1499; x_wconf 86' lang='lat' dir='ltr'>esset</span> <span class='ocrx_word' id='word_1_651' title='bbox 2014 1462 2122 1500; x_wconf 82' lang='lat' dir='ltr'>Josue</span> <span class='ocrx_word' id='word_1_652' title='bbox 2142 1463 2179 1501; x_wconf 89' lang='lat' dir='ltr'>in</span> <span class='ocrx_word' id='word_1_653' title='bbox 2196 1475 2283 1512; x_wconf 87' lang='lat' dir='ltr'>agro</span> <span class='ocrx_word' id='word_1_654' title='bbox 2301 1467 2402 1505; x_wconf 88' lang='lat' dir='ltr'>urhis</span> <span class='ocrx_word' id='word_1_655' title='bbox 2419 1467 2480 1506; x_wconf 62' lang='lat' dir='ltr'>Je„</span> 
     </span>
     <span class='ocr_line' id='line_1_108' title="bbox 1418 1521 2480 1570; baseline 0.015 -16"><span class='ocrx_word' id='word_1_656' title='bbox 1418 1532 1432 1554; x_wconf 88' lang='lat'>‹</span> <span class='ocrx_word' id='word_1_657' title='bbox 1464 1521 1580 1564; x_wconf 86' lang='lat' dir='ltr'>richo,</span> <span class='ocrx_word' id='word_1_658' title='bbox 1603 1521 1737 1558; x_wconf 79' lang='lat' dir='ltr'>levavit</span> <span class='ocrx_word' id='word_1_659' title='bbox 1753 1523 1893 1567; x_wconf 89' lang='lat' dir='ltr'>oeulos,</span> <span class='ocrx_word' id='word_1_660' title='bbox 1915 1529 1951 1560; x_wconf 88' lang='lat' dir='ltr'>et</span> <span class='ocrx_word' id='word_1_661' title='bbox 1969 1524 2059 1562; x_wconf 84' lang='lat' dir='ltr'>vidit</span> <span class='ocrx_word' id='word_1_662' title='bbox 2075 1526 2193 1564; x_wconf 87' lang='lat' dir='ltr'>virum</span> <span class='ocrx_word' id='word_1_663' title='bbox 2215 1533 2370 1566; x_wconf 87' lang='lat' dir='ltr'>stantem</span> <span class='ocrx_word' id='word_1_664' title='bbox 2388 1541 2480 1570; x_wconf 87' lang='lat' dir='ltr'>con-</span> 
     </span>
     <span class='ocr_line' id='line_1_109' title="bbox 1421 1584 2483 1637; baseline 0.013 -21"><span class='ocrx_word' id='word_1_665' title='bbox 1421 1595 1433 1616; x_wconf 83' lang='lat'>‹</span> <span class='ocrx_word' id='word_1_666' title='bbox 1462 1587 1518 1617; x_wconf 87' lang='lat' dir='ltr'>tra</span> <span class='ocrx_word' id='word_1_667' title='bbox 1537 1592 1588 1626; x_wconf 89' lang='lat' dir='ltr'>se,</span> <span class='ocrx_word' id='word_1_668' title='bbox 1610 1589 1645 1618; x_wconf 89' lang='lat' dir='ltr'>et</span> <span class='ocrx_word' id='word_1_669' title='bbox 1665 1584 1896 1630; x_wconf 84' lang='lat' dir='ltr'>evaginatum</span> <span class='ocrx_word' id='word_1_670' title='bbox 1913 1591 2094 1625; x_wconf 88' lang='lat' dir='ltr'>tenentem</span> <span class='ocrx_word' id='word_1_671' title='bbox 2113 1588 2288 1635; x_wconf 86' lang='lat' dir='ltr'>gladium,</span> <span class='ocrx_word' id='word_1_672' title='bbox 2306 1593 2483 1637; x_wconf 76' lang='lat' dir='ltr'>perrexit·</span> 
     </span>
     <span class='ocr_line' id='line_1_110' title="bbox 1421 1643 2526 1696; baseline 0.014 -19"><span class='ocrx_word' id='word_1_673' title='bbox 1421 1655 1433 1678; x_wconf 82' lang='lat'>‹</span> <span class='ocrx_word' id='word_1_674' title='bbox 1464 1652 1534 1689; x_wconf 88' lang='lat' dir='ltr'>que</span> <span class='ocrx_word' id='word_1_675' title='bbox 1554 1644 1599 1679; x_wconf 90' lang='lat' dir='ltr'>ad</span> <span class='ocrx_word' id='word_1_676' title='bbox 1613 1654 1709 1686; x_wconf 89' lang='lat' dir='ltr'>eum,</span> <span class='ocrx_word' id='word_1_677' title='bbox 1722 1650 1758 1680; x_wconf 88' lang='lat' dir='ltr'>et</span> <span class='ocrx_word' id='word_1_678' title='bbox 1777 1645 1828 1681; x_wconf 89' lang='lat' dir='ltr'>ait</span> <span class='ocrx_word' id='word_1_679' title='bbox 1851 1658 1858 1681; x_wconf 92' lang='lat'><strong>:</strong></span> <span class='ocrx_word' id='word_1_680' title='bbox 1878 1645 2008 1683; x_wconf 89' lang='lat' dir='ltr'>Noster</span> <span class='ocrx_word' id='word_1_681' title='bbox 2026 1657 2080 1692; x_wconf 89' lang='lat' dir='ltr'>es,</span> <span class='ocrx_word' id='word_1_682' title='bbox 2098 1658 2143 1685; x_wconf 86' lang='lat' dir='ltr'>an</span> <span class='ocrx_word' id='word_1_683' title='bbox 2162 1650 2481 1696; x_wconf 65' lang='lat' dir='ltr'>adversariorum?</span> <span class='ocrx_word' id='word_1_684' title='bbox 2514 1643 2526 1685; x_wconf 53' lang='grc' dir='ltr'><strong><em>ἦ</em></strong></span> 
     </span>
     <span class='ocr_line' id='line_1_111' title="bbox 1421 1703 2526 1762; baseline 0.015 -25"><span class='ocrx_word' id='word_1_685' title='bbox 1421 1715 1432 1737; x_wconf 89' lang='lat'>‹</span> <span class='ocrx_word' id='word_1_686' title='bbox 1466 1703 1534 1748; x_wconf 87' lang='lat' dir='ltr'>Qui</span> <span class='ocrx_word' id='word_1_687' title='bbox 1566 1706 1752 1751; x_wconf 88' lang='lat' dir='ltr'>respondit</span> <span class='ocrx_word' id='word_1_688' title='bbox 1785 1718 1793 1741; x_wconf 93' lang='lat'><strong>:</strong></span> <span class='ocrx_word' id='word_1_689' title='bbox 1828 1706 2086 1754; x_wconf 85' lang='lat' dir='ltr'>Nequaquam;</span> <span class='ocrx_word' id='word_1_690' title='bbox 2116 1711 2178 1749; x_wconf 84' lang='lat' dir='ltr'>sed</span> <span class='ocrx_word' id='word_1_691' title='bbox 2211 1722 2290 1748; x_wconf 89' lang='lat' dir='ltr'>sum</span> <span class='ocrx_word' id='word_1_692' title='bbox 2310 1714 2480 1762; x_wconf 83' lang='lat' dir='ltr'>princeps</span> <span class='ocrx_word' id='word_1_693' title='bbox 2522 1708 2526 1757; x_wconf 34' lang='grc' dir='ltr'>ᾗ</span> 
     </span>
     <span class='ocr_line' id='line_1_112' title="bbox 1421 1766 2526 1812; baseline 0.013 -14"><span class='ocrx_word' id='word_1_694' title='bbox 1421 1776 1433 1798; x_wconf 75' lang='grc' dir='ltr'><strong>α</strong></span> <span class='ocrx_word' id='word_1_695' title='bbox 1462 1766 1641 1802; x_wconf 83' lang='lat' dir='ltr'>exercitus</span> <span class='ocrx_word' id='word_1_696' title='bbox 1669 1766 1837 1811; x_wconf 89' lang='lat' dir='ltr'>Domini,</span> <span class='ocrx_word' id='word_1_697' title='bbox 1873 1773 1910 1804; x_wconf 88' lang='lat' dir='ltr'>et</span> <span class='ocrx_word' id='word_1_698' title='bbox 1936 1779 2034 1808; x_wconf 83' lang='lat' dir='ltr'>nunc</span> <span class='ocrx_word' id='word_1_699' title='bbox 2061 1771 2180 1807; x_wconf 84' lang='lat' dir='ltr'>venio.</span> <span class='ocrx_word' id='word_1_700' title='bbox 2206 1771 2344 1809; x_wconf 89' lang='lat' dir='ltr'>Cecidit</span> <span class='ocrx_word' id='word_1_701' title='bbox 2372 1774 2482 1812; x_wconf 84' lang='lat' dir='ltr'>Josue</span> <span class='ocrx_word' id='word_1_702' title='bbox 2521 1790 2526 1793; x_wconf 27' lang='grc' dir='ltr'><strong>Α</strong></span> 
     </span>
     <span class='ocr_line' id='line_1_113' title="bbox 1422 1826 2533 1878; baseline 0.012 -19"><span class='ocrx_word' id='word_1_703' title='bbox 1422 1836 1435 1858; x_wconf 76' lang='grc' dir='ltr'><strong><em>ι</em></strong></span> <span class='ocrx_word' id='word_1_704' title='bbox 1463 1835 1600 1872; x_wconf 89' lang='lat' dir='ltr'>pronus</span> <span class='ocrx_word' id='word_1_705' title='bbox 1626 1826 1661 1861; x_wconf 91' lang='lat' dir='ltr'>in</span> <span class='ocrx_word' id='word_1_706' title='bbox 1686 1832 1833 1872; x_wconf 88' lang='lat' dir='ltr'>terram,</span> <span class='ocrx_word' id='word_1_707' title='bbox 1859 1834 1895 1864; x_wconf 91' lang='lat' dir='ltr'>et</span> <span class='ocrx_word' id='word_1_708' title='bbox 1915 1829 2070 1867; x_wconf 88' lang='lat' dir='ltr'>adorans</span> <span class='ocrx_word' id='word_1_709' title='bbox 2092 1832 2142 1866; x_wconf 87' lang='lat' dir='ltr'>ait</span> <span class='ocrx_word' id='word_1_710' title='bbox 2163 1845 2170 1868; x_wconf 72' lang='grc' dir='ltr'>ε</span> <span class='ocrx_word' id='word_1_711' title='bbox 2194 1833 2286 1878; x_wconf 85' lang='lat' dir='ltr'>Quid</span> <span class='ocrx_word' id='word_1_712' title='bbox 2305 1835 2480 1875; x_wconf 82' lang='lat' dir='ltr'>Dominus</span> <span class='ocrx_word' id='word_1_713' title='bbox 2519 1847 2533 1872; x_wconf 66' lang='grc' dir='ltr'>-ῑ,</span> 
     </span>
     <span class='ocr_line' id='line_1_114' title="bbox 1420 1885 2526 1941; baseline 0.011 -21"><span class='ocrx_word' id='word_1_714' title='bbox 1420 1896 1433 1920; x_wconf 86' lang='lat'><strong>‹</strong></span> <span class='ocrx_word' id='word_1_715' title='bbox 1464 1894 1567 1922; x_wconf 83' lang='lat' dir='ltr'>meus</span> <span class='ocrx_word' id='word_1_716' title='bbox 1591 1885 1751 1932; x_wconf 90' lang='lat' dir='ltr'>loquitur</span> <span class='ocrx_word' id='word_1_717' title='bbox 1781 1887 1826 1923; x_wconf 88' lang='lat' dir='ltr'>ad</span> <span class='ocrx_word' id='word_1_718' title='bbox 1856 1898 2001 1930; x_wconf 83' lang='lat' dir='ltr'>servum</span> <span class='ocrx_word' id='word_1_719' title='bbox 2033 1891 2160 1931; x_wconf 83' lang='lat' dir='ltr'>suum?</span> <span class='ocrx_word' id='word_1_720' title='bbox 2193 1891 2321 1937; x_wconf 85' lang='lat' dir='ltr'>Solve,</span> <span class='ocrx_word' id='word_1_721' title='bbox 2348 1895 2478 1941; x_wconf 90' lang='lat' dir='ltr'>inquit,</span> <span class='ocrx_word' id='word_1_722' title='bbox 2522 1886 2526 1923; x_wconf 77' lang='grc' dir='ltr'>Ῐ</span> 
     </span>
     <span class='ocr_line' id='line_1_115' title="bbox 1421 1947 2479 2001; baseline 0.01 -20"><span class='ocrx_word' id='word_1_723' title='bbox 1421 1958 1434 1981; x_wconf 78' lang='grc' dir='ltr'>ι</span> <span class='ocrx_word' id='word_1_724' title='bbox 1464 1947 1751 1984; x_wconf 84' lang='lat' dir='ltr'>calceamentum</span> <span class='ocrx_word' id='word_1_725' title='bbox 1772 1955 1872 1985; x_wconf 93' lang='lat' dir='ltr'>tuum</span> <span class='ocrx_word' id='word_1_726' title='bbox 1898 1951 1942 1987; x_wconf 89' lang='lat' dir='ltr'>de</span> <span class='ocrx_word' id='word_1_727' title='bbox 1966 1952 2118 2001; x_wconf 86' lang='lat' dir='ltr'>pedibus</span> <span class='ocrx_word' id='word_1_728' title='bbox 2144 1954 2237 1998; x_wconf 86' lang='lat' dir='ltr'>tuis;</span> <span class='ocrx_word' id='word_1_729' title='bbox 2263 1965 2364 1992; x_wconf 74' lang='lat' dir='ltr'>iocus</span> <span class='ocrx_word' id='word_1_730' title='bbox 2382 1957 2479 1992; x_wconf 88' lang='lat' dir='ltr'>enim</span> 
     </span>
     <span class='ocr_line' id='line_1_116' title="bbox 1421 2008 2528 2060; baseline 0.007 -18"><span class='ocrx_word' id='word_1_731' title='bbox 1421 2019 1434 2041; x_wconf 91' lang='lat'><strong>‹</strong></span> <span class='ocrx_word' id='word_1_732' title='bbox 1464 2008 1500 2044; x_wconf 92' lang='lat' dir='ltr'>in</span> <span class='ocrx_word' id='word_1_733' title='bbox 1536 2018 1607 2054; x_wconf 92' lang='lat' dir='ltr'>quo</span> <span class='ocrx_word' id='word_1_734' title='bbox 1627 2015 1702 2044; x_wconf 87' lang='lat' dir='ltr'>stas</span> <span class='ocrx_word' id='word_1_735' title='bbox 1733 2016 1880 2046; x_wconf 87' lang='lat' dir='ltr'>sanctus</span> <span class='ocrx_word' id='word_1_736' title='bbox 1908 2017 1976 2047; x_wconf 89' lang='lat' dir='ltr'>est.</span> <span class='ocrx_word' id='word_1_737' title='bbox 2011 2013 2184 2060; x_wconf 76' lang='lat' dir='ltr'>Eccitque</span> <span class='ocrx_word' id='word_1_738' title='bbox 2209 2014 2317 2051; x_wconf 87' lang='lat' dir='ltr'>Josue</span> <span class='ocrx_word' id='word_1_739' title='bbox 2343 2021 2381 2051; x_wconf 90' lang='lat' dir='ltr'>ut</span> <span class='ocrx_word' id='word_1_740' title='bbox 2410 2017 2478 2053; x_wconf 90' lang='lat' dir='ltr'>sibi</span> <span class='ocrx_word' id='word_1_741' title='bbox 2526 2048 2528 2050; x_wconf 85' lang='grc'><em>,</em></span> 
     </span>
     <span class='ocr_line' id='line_1_117' title="bbox 1421 2066 2479 2123; baseline 0.01 -22"><span class='ocrx_word' id='word_1_742' title='bbox 1421 2079 1432 2100; x_wconf 89' lang='lat'><strong>‹</strong></span> <span class='ocrx_word' id='word_1_743' title='bbox 1462 2066 1579 2103; x_wconf 90' lang='lat' dir='ltr'>fuerat</span> <span class='ocrx_word' id='word_1_744' title='bbox 1601 2068 1830 2114; x_wconf 87' lang='lat' dir='ltr'>imperatum.</span> <span class='ocrx_word' id='word_1_745' title='bbox 1858 2082 1870 2103; x_wconf 88' lang='lat'><strong>›</strong></span> <span class='ocrx_word' id='word_1_746' title='bbox 1899 2070 2111 2116; x_wconf 86' lang='lat' dir='ltr'>Respiciens</span> <span class='ocrx_word' id='word_1_747' title='bbox 2129 2073 2242 2109; x_wconf 90' lang='lat' dir='ltr'>oculis</span> <span class='ocrx_word' id='word_1_748' title='bbox 2257 2074 2347 2113; x_wconf 86' lang='lat' dir='ltr'>vidit</span> <span class='ocrx_word' id='word_1_749' title='bbox 2375 2077 2479 2123; x_wconf 85' lang='lat' dir='ltr'>prin-</span> 
     </span>
     <span class='ocr_line' id='line_1_118' title="bbox 1417 2128 2524 2180; baseline 0.004 -15"><span class='ocrx_word' id='word_1_750' title='bbox 1417 2129 1534 2175; x_wconf 91' lang='lat' dir='ltr'>cipem</span> <span class='ocrx_word' id='word_1_751' title='bbox 1552 2128 1688 2165; x_wconf 79' lang='lat' dir='ltr'>mititiae</span> <span class='ocrx_word' id='word_1_752' title='bbox 1713 2129 1885 2174; x_wconf 90' lang='lat' dir='ltr'>Domini,</span> <span class='ocrx_word' id='word_1_753' title='bbox 1910 2136 2085 2178; x_wconf 82' lang='lat' dir='ltr'>tanquam</span> <span class='ocrx_word' id='word_1_754' title='bbox 2102 2134 2163 2179; x_wconf 93' lang='lat' dir='ltr'>qui</span> <span class='ocrx_word' id='word_1_755' title='bbox 2180 2134 2282 2180; x_wconf 87' lang='lat' dir='ltr'>prius</span> <span class='ocrx_word' id='word_1_756' title='bbox 2306 2146 2380 2172; x_wconf 87' lang='lat' dir='ltr'>non</span> <span class='ocrx_word' id='word_1_757' title='bbox 2399 2147 2479 2174; x_wconf 88' lang='lat' dir='ltr'>res·</span> <span class='ocrx_word' id='word_1_758' title='bbox 2519 2131 2524 2134; x_wconf 63' lang='grc'>’</span> 
     </span>
     <span class='ocr_line' id='line_1_119' title="bbox 1415 2190 2531 2241; baseline 0.007 -15"><span class='ocrx_word' id='word_1_759' title='bbox 1415 2190 1578 2238; x_wconf 81' lang='lat' dir='ltr'>pexerit,</span> <span class='ocrx_word' id='word_1_760' title='bbox 1600 2191 1663 2226; x_wconf 89' lang='lat' dir='ltr'>sed</span> <span class='ocrx_word' id='word_1_761' title='bbox 1686 2196 1772 2228; x_wconf 89' lang='lat' dir='ltr'>tunc</span> <span class='ocrx_word' id='word_1_762' title='bbox 1788 2202 1870 2229; x_wconf 91' lang='lat' dir='ltr'>cum</span> <span class='ocrx_word' id='word_1_763' title='bbox 1890 2193 2092 2241; x_wconf 85' lang='lat' dir='ltr'>principem</span> <span class='ocrx_word' id='word_1_764' title='bbox 2113 2195 2251 2233; x_wconf 83' lang='lat' dir='ltr'>militiae</span> <span class='ocrx_word' id='word_1_765' title='bbox 2265 2194 2407 2236; x_wconf 88' lang='lat' dir='ltr'>Domini</span> <span class='ocrx_word' id='word_1_766' title='bbox 2425 2197 2479 2234; x_wconf 87' lang='lat' dir='ltr'>vi·</span> <span class='ocrx_word' id='word_1_767' title='bbox 2525 2234 2531 2240; x_wconf 74' lang='grc'>,</span> 
     </span>
     <span class='ocr_line' id='line_1_120' title="bbox 1416 2252 2527 2304; baseline 0.006 -14"><span class='ocrx_word' id='word_1_768' title='bbox 1416 2263 1523 2290; x_wconf 92' lang='lat' dir='ltr'>surus</span> <span class='ocrx_word' id='word_1_769' title='bbox 1543 2258 1650 2290; x_wconf 90' lang='lat' dir='ltr'>esset.</span> <span class='ocrx_word' id='word_1_770' title='bbox 1682 2252 1797 2297; x_wconf 83' lang='lat' dir='ltr'>Quem</span> <span class='ocrx_word' id='word_1_771' title='bbox 1828 2259 1947 2293; x_wconf 84' lang='lat' dir='ltr'>tamen</span> <span class='ocrx_word' id='word_1_772' title='bbox 1970 2254 2075 2292; x_wconf 85' lang='lat' dir='ltr'>Jesus</span> <span class='ocrx_word' id='word_1_773' title='bbox 2108 2266 2189 2296; x_wconf 90' lang='lat' dir='ltr'>cum</span> <span class='ocrx_word' id='word_1_774' title='bbox 2207 2258 2380 2302; x_wconf 83' lang='lat' dir='ltr'>vidisset,</span> <span class='ocrx_word' id='word_1_775' title='bbox 2404 2269 2478 2297; x_wconf 89' lang='lat' dir='ltr'>non</span> <span class='ocrx_word' id='word_1_776' title='bbox 2524 2302 2527 2304; x_wconf 47' lang='grc'>,</span> 
     </span>
     <span class='ocr_line' id='line_1_121' title="bbox 1416 2313 2479 2363; baseline 0.008 -14"><span class='ocrx_word' id='word_1_777' title='bbox 1416 2324 1499 2354; x_wconf 86' lang='lat' dir='ltr'>eum</span> <span class='ocrx_word' id='word_1_778' title='bbox 1514 2313 1613 2353; x_wconf 81' lang='lat' dir='ltr'>velut</span> <span class='ocrx_word' id='word_1_779' title='bbox 1633 2324 1861 2353; x_wconf 89' lang='lat' dir='ltr'>communem</span> <span class='ocrx_word' id='word_1_780' title='bbox 1878 2317 2062 2357; x_wconf 86' lang='lat' dir='ltr'>hominem</span> <span class='ocrx_word' id='word_1_781' title='bbox 2080 2318 2170 2357; x_wconf 86' lang='lat' dir='ltr'>vidit</span> <span class='ocrx_word' id='word_1_782' title='bbox 2186 2345 2196 2363; x_wconf 88' lang='lat'>,</span> <span class='ocrx_word' id='word_1_783' title='bbox 2222 2320 2282 2355; x_wconf 88' lang='lat' dir='ltr'>sed</span> <span class='ocrx_word' id='word_1_784' title='bbox 2301 2320 2479 2358; x_wconf 84' lang='lat' dir='ltr'>intellexit</span> 
     </span>
     <span class='ocr_line' id='line_1_122' title="bbox 1416 2375 2479 2419; baseline 0.006 -6"><span class='ocrx_word' id='word_1_785' title='bbox 1416 2375 1587 2414; x_wconf 83' lang='lat' dir='ltr'>virtutem</span> <span class='ocrx_word' id='word_1_786' title='bbox 1606 2385 1688 2412; x_wconf 85' lang='lat' dir='ltr'>esse</span> <span class='ocrx_word' id='word_1_787' title='bbox 1711 2388 1719 2411; x_wconf 74' lang='grc' dir='ltr'>ε</span> <span class='ocrx_word' id='word_1_788' title='bbox 1742 2377 1903 2413; x_wconf 88' lang='lat' dir='ltr'>nondum</span> <span class='ocrx_word' id='word_1_789' title='bbox 1931 2383 2050 2414; x_wconf 79' lang='lat' dir='ltr'>tamen</span> <span class='ocrx_word' id='word_1_790' title='bbox 2070 2379 2247 2418; x_wconf 80' lang='lat' dir='ltr'>intellexit</span> <span class='ocrx_word' id='word_1_791' title='bbox 2274 2390 2319 2418; x_wconf 80' lang='lat' dir='ltr'>ex</span> <span class='ocrx_word' id='word_1_792' title='bbox 2345 2381 2479 2419; x_wconf 75' lang='lat' dir='ltr'>divinis</span> 
     </span>
     <span class='ocr_line' id='line_1_123' title="bbox 1416 2435 2478 2489; baseline 0.008 -19"><span class='ocrx_word' id='word_1_793' title='bbox 1416 2435 1611 2476; x_wconf 82' lang='lat' dir='ltr'>virtutibus</span> <span class='ocrx_word' id='word_1_794' title='bbox 1626 2463 1635 2480; x_wconf 93' lang='lat'>‚</span> <span class='ocrx_word' id='word_1_795' title='bbox 1666 2446 1712 2475; x_wconf 85' lang='lat' dir='ltr'>an</span> <span class='ocrx_word' id='word_1_796' title='bbox 1730 2446 1775 2472; x_wconf 83' lang='lat' dir='ltr'>ex</span> <span class='ocrx_word' id='word_1_797' title='bbox 1797 2438 1990 2475; x_wconf 83' lang='lat' dir='ltr'>contrariis</span> <span class='ocrx_word' id='word_1_798' title='bbox 2009 2449 2079 2477; x_wconf 84' lang='lat' dir='ltr'>una</span> <span class='ocrx_word' id='word_1_799' title='bbox 2097 2440 2147 2477; x_wconf 85' lang='lat' dir='ltr'>sit</span> <span class='ocrx_word' id='word_1_800' title='bbox 2165 2451 2244 2485; x_wconf 75' lang='lat' dir='ltr'>quae</span> <span class='ocrx_word' id='word_1_801' title='bbox 2262 2441 2418 2489; x_wconf 87' lang='lat' dir='ltr'>videtur,</span> <span class='ocrx_word' id='word_1_802' title='bbox 2441 2448 2478 2478; x_wconf 86' lang='lat' dir='ltr'>et</span> 
     </span>
     <span class='ocr_line' id='line_1_124' title="bbox 1416 2497 2475 2548; baseline 0.004 -11"><span class='ocrx_word' id='word_1_803' title='bbox 1416 2497 1499 2537; x_wconf 88' lang='lat' dir='ltr'>ideo</span> <span class='ocrx_word' id='word_1_804' title='bbox 1526 2498 1726 2545; x_wconf 82' lang='lat' dir='ltr'>interrogat</span> <span class='ocrx_word' id='word_1_805' title='bbox 1749 2505 1786 2534; x_wconf 87' lang='lat' dir='ltr'>et</span> <span class='ocrx_word' id='word_1_806' title='bbox 1810 2499 2013 2545; x_wconf 86' lang='lat' dir='ltr'>perquirit,</span> <span class='ocrx_word' id='word_1_807' title='bbox 2042 2501 2166 2537; x_wconf 86' lang='lat' dir='ltr'>dicens</span> <span class='ocrx_word' id='word_1_808' title='bbox 2187 2511 2197 2537; x_wconf 71' lang='grc' dir='ltr'><strong>ε</strong></span> <span class='ocrx_word' id='word_1_809' title='bbox 2226 2514 2239 2537; x_wconf 78' lang='grc' dir='ltr'><strong><em>ι</em></strong></span> <span class='ocrx_word' id='word_1_810' title='bbox 2271 2502 2403 2540; x_wconf 83' lang='lat' dir='ltr'>Noster</span> <span class='ocrx_word' id='word_1_811' title='bbox 2422 2514 2475 2548; x_wconf 87' lang='lat' dir='ltr'>es,</span> 
     </span>
     <span class='ocr_line' id='line_1_125' title="bbox 1417 2562 2481 2612; baseline 0.006 -12"><span class='ocrx_word' id='word_1_812' title='bbox 1417 2572 1463 2600; x_wconf 82' lang='lat' dir='ltr'>an</span> <span class='ocrx_word' id='word_1_813' title='bbox 1487 2562 1801 2601; x_wconf 76' lang='lat' dir='ltr'>adversariorum?</span> <span class='ocrx_word' id='word_1_814' title='bbox 1824 2575 1836 2597; x_wconf 86' lang='lat'><strong>›</strong></span> <span class='ocrx_word' id='word_1_815' title='bbox 1869 2563 1916 2600; x_wconf 89' lang='lat' dir='ltr'>At</span> <span class='ocrx_word' id='word_1_816' title='bbox 1949 2563 2009 2600; x_wconf 91' lang='lat' dir='ltr'>ille</span> <span class='ocrx_word' id='word_1_817' title='bbox 2032 2564 2085 2600; x_wconf 84' lang='lat' dir='ltr'>ait</span> <span class='ocrx_word' id='word_1_818' title='bbox 2105 2577 2113 2600; x_wconf 85' lang='lat'><strong>:</strong></span> <span class='ocrx_word' id='word_1_819' title='bbox 2146 2576 2157 2598; x_wconf 78' lang='grc' dir='ltr'>ι</span> <span class='ocrx_word' id='word_1_820' title='bbox 2186 2565 2261 2611; x_wconf 80' lang='lat' dir='ltr'>Ego</span> <span class='ocrx_word' id='word_1_821' title='bbox 2279 2575 2359 2604; x_wconf 87' lang='lat' dir='ltr'>sum</span> <span class='ocrx_word' id='word_1_822' title='bbox 2382 2566 2481 2612; x_wconf 82' lang='lat' dir='ltr'>prin-</span> 
     </span>
     <span class='ocr_line' id='line_1_126' title="bbox 1415 2623 2478 2670; baseline 0.005 -12"><span class='ocrx_word' id='word_1_823' title='bbox 1415 2634 1501 2670; x_wconf 84' lang='lat' dir='ltr'>eeps</span> <span class='ocrx_word' id='word_1_824' title='bbox 1519 2624 1658 2661; x_wconf 81' lang='lat' dir='ltr'>militiae</span> <span class='ocrx_word' id='word_1_825' title='bbox 1676 2623 1821 2660; x_wconf 87' lang='lat' dir='ltr'>virtutis</span> <span class='ocrx_word' id='word_1_826' title='bbox 1836 2624 1977 2662; x_wconf 90' lang='lat' dir='ltr'>Domini</span> <span class='ocrx_word' id='word_1_827' title='bbox 1996 2636 2004 2661; x_wconf 91' lang='lat'>:</span> <span class='ocrx_word' id='word_1_828' title='bbox 2025 2635 2122 2665; x_wconf 84' lang='lat' dir='ltr'>nunc</span> <span class='ocrx_word' id='word_1_829' title='bbox 2138 2624 2281 2665; x_wconf 80' lang='lat' dir='ltr'>adveni,</span> <span class='ocrx_word' id='word_1_830' title='bbox 2307 2639 2318 2661; x_wconf 75' lang='grc' dir='ltr'>ι</span> <span class='ocrx_word' id='word_1_831' title='bbox 2337 2625 2478 2665; x_wconf 86' lang='lat' dir='ltr'>Etcum</span> 
     </span>
     <span class='ocr_line' id='line_1_127' title="bbox 1415 2682 2499 2739; baseline 0.005 -20"><span class='ocrx_word' id='word_1_832' title='bbox 1415 2684 1484 2720; x_wconf 86' lang='lat' dir='ltr'>hoc</span> <span class='ocrx_word' id='word_1_833' title='bbox 1505 2685 1664 2720; x_wconf 87' lang='lat' dir='ltr'>audisset</span> <span class='ocrx_word' id='word_1_834' title='bbox 1683 2682 1809 2731; x_wconf 74' lang='lat' dir='ltr'>lesus„</span> <span class='ocrx_word' id='word_1_835' title='bbox 1831 2685 1994 2722; x_wconf 88' lang='lat' dir='ltr'>adoravit</span> <span class='ocrx_word' id='word_1_836' title='bbox 2010 2692 2047 2722; x_wconf 89' lang='lat' dir='ltr'>et</span> <span class='ocrx_word' id='word_1_837' title='bbox 2067 2686 2155 2726; x_wconf 74' lang='lat' dir='ltr'>dixit</span> <span class='ocrx_word' id='word_1_838' title='bbox 2176 2698 2184 2722; x_wconf 92' lang='lat'>:</span> <span class='ocrx_word' id='word_1_839' title='bbox 2207 2687 2478 2739; x_wconf 38' lang='lat' dir='ltr'>Domineuquid</span> <span class='ocrx_word' id='word_1_840' title='bbox 2498 2711 2499 2714; x_wconf 59' lang='lat'><em>=</em></span> 
     </span>
     <span class='ocr_line' id='line_1_128' title="bbox 1414 2743 2476 2792; baseline 0.008 -14"><span class='ocrx_word' id='word_1_841' title='bbox 1414 2743 1582 2790; x_wconf 73' lang='lat' dir='ltr'>praecipis</span> <span class='ocrx_word' id='word_1_842' title='bbox 1603 2753 1708 2780; x_wconf 89' lang='lat' dir='ltr'>servo</span> <span class='ocrx_word' id='word_1_843' title='bbox 1729 2744 1811 2781; x_wconf 83' lang='lat' dir='ltr'>tuo?</span> <span class='ocrx_word' id='word_1_844' title='bbox 1830 2744 1922 2788; x_wconf 84' lang='lat' dir='ltr'>Quid</span> <span class='ocrx_word' id='word_1_845' title='bbox 1945 2749 1999 2781; x_wconf 86' lang='lat' dir='ltr'>est</span> <span class='ocrx_word' id='word_1_846' title='bbox 2017 2745 2112 2790; x_wconf 90' lang='lat' dir='ltr'>quod</span> <span class='ocrx_word' id='word_1_847' title='bbox 2131 2756 2197 2792; x_wconf 84' lang='lat' dir='ltr'>per</span> <span class='ocrx_word' id='word_1_848' title='bbox 2219 2746 2289 2782; x_wconf 88' lang='lat' dir='ltr'>hoc</span> <span class='ocrx_word' id='word_1_849' title='bbox 2307 2757 2373 2786; x_wconf 85' lang='lat' dir='ltr'>nos</span> <span class='ocrx_word' id='word_1_850' title='bbox 2391 2747 2476 2786; x_wconf 84' lang='lat' dir='ltr'>edo-</span> 
     </span>
     <span class='ocr_line' id='line_1_129' title="bbox 1415 2804 2471 2853; baseline 0.002 -11"><span class='ocrx_word' id='word_1_851' title='bbox 1415 2811 1473 2842; x_wconf 92' lang='lat' dir='ltr'>cet</span> <span class='ocrx_word' id='word_1_852' title='bbox 1489 2804 1621 2843; x_wconf 83' lang='lat' dir='ltr'>Jesus?</span> <span class='ocrx_word' id='word_1_853' title='bbox 1639 2805 1729 2842; x_wconf 89' lang='lat' dir='ltr'>Illud</span> <span class='ocrx_word' id='word_1_854' title='bbox 1749 2810 1803 2843; x_wconf 89' lang='lat' dir='ltr'>est</span> <span class='ocrx_word' id='word_1_855' title='bbox 1825 2806 1903 2842; x_wconf 88' lang='lat' dir='ltr'>sine</span> <span class='ocrx_word' id='word_1_856' title='bbox 1919 2806 2028 2843; x_wconf 87' lang='lat' dir='ltr'>dubio</span> <span class='ocrx_word' id='word_1_857' title='bbox 2043 2807 2140 2852; x_wconf 86' lang='lat' dir='ltr'>quod</span> <span class='ocrx_word' id='word_1_858' title='bbox 2157 2806 2243 2843; x_wconf 84' lang='lat' dir='ltr'>dicit</span> <span class='ocrx_word' id='word_1_859' title='bbox 2260 2808 2443 2853; x_wconf 85' lang='lat' dir='ltr'>apostolus</span> <span class='ocrx_word' id='word_1_860' title='bbox 2463 2821 2471 2844; x_wconf 90' lang='lat'>:</span> 
     </span>
     <span class='ocr_line' id='line_1_130' title="bbox 1419 2866 2514 2914; baseline 0.005 -13"><span class='ocrx_word' id='word_1_861' title='bbox 1419 2878 1432 2901; x_wconf 90' lang='lat'>‹</span> <span class='ocrx_word' id='word_1_862' title='bbox 1463 2866 1582 2909; x_wconf 78' lang='lat' dir='ltr'>Nolite</span> <span class='ocrx_word' id='word_1_863' title='bbox 1597 2868 1694 2904; x_wconf 88' lang='lat' dir='ltr'>omni</span> <span class='ocrx_word' id='word_1_864' title='bbox 1716 2867 1857 2914; x_wconf 88' lang='lat' dir='ltr'>spiritui</span> <span class='ocrx_word' id='word_1_865' title='bbox 1876 2867 2024 2906; x_wconf 83' lang='lat' dir='ltr'>credere</span> <span class='ocrx_word' id='word_1_866' title='bbox 2039 2894 2049 2911; x_wconf 94' lang='lat'>‚</span> <span class='ocrx_word' id='word_1_867' title='bbox 2071 2868 2136 2905; x_wconf 85' lang='lat' dir='ltr'>sed</span> <span class='ocrx_word' id='word_1_868' title='bbox 2153 2869 2304 2914; x_wconf 78' lang='lat' dir='ltr'>probate</span> <span class='ocrx_word' id='word_1_869' title='bbox 2327 2869 2475 2914; x_wconf 71' lang='lat' dir='ltr'>spiritus</span> <span class='ocrx_word' id='word_1_870' title='bbox 2512 2867 2514 2879; x_wconf 76' lang='lat'>²</span> 
     </span>
    </p>
   </div>
   <div class='ocr_carea' id='block_1_14' title="bbox 1409 2991 2496 3838">
    <p class='ocr_par' dir='ltr' id='par_1_16' title="bbox 1409 2991 2496 3838">
     <span class='ocr_line' id='line_1_131' title="bbox 1415 2991 2475 3039; baseline 0.002 -9"><span class='ocrx_word' id='word_1_871' title='bbox 1415 2993 1533 3030; x_wconf 89' lang='lat' dir='ltr'>solum</span> <span class='ocrx_word' id='word_1_872' title='bbox 1550 2993 1634 3039; x_wconf 87' lang='lat' dir='ltr'>quia</span> <span class='ocrx_word' id='word_1_873' title='bbox 1649 3003 1694 3029; x_wconf 83' lang='lat' dir='ltr'>ex</span> <span class='ocrx_word' id='word_1_874' title='bbox 1711 2993 1785 3029; x_wconf 90' lang='lat' dir='ltr'>Deo</span> <span class='ocrx_word' id='word_1_875' title='bbox 1802 2998 1872 3036; x_wconf 88' lang='lat' dir='ltr'>est,</span> <span class='ocrx_word' id='word_1_876' title='bbox 1893 2993 1956 3029; x_wconf 88' lang='lat' dir='ltr'>sed</span> <span class='ocrx_word' id='word_1_877' title='bbox 1973 2992 2058 3038; x_wconf 87' lang='lat' dir='ltr'>quia</span> <span class='ocrx_word' id='word_1_878' title='bbox 2076 2991 2170 3029; x_wconf 84' lang='lat' dir='ltr'>Deus</span> <span class='ocrx_word' id='word_1_879' title='bbox 2186 2997 2243 3030; x_wconf 87' lang='lat' dir='ltr'>est</span> <span class='ocrx_word' id='word_1_880' title='bbox 2258 3003 2268 3036; x_wconf 88' lang='lat'>;</span> <span class='ocrx_word' id='word_1_881' title='bbox 2289 3003 2362 3031; x_wconf 85' lang='lat' dir='ltr'>uon</span> <span class='ocrx_word' id='word_1_882' title='bbox 2378 2993 2475 3032; x_wconf 83' lang='lat' dir='ltr'>enim</span> 
     </span>
     <span class='ocr_line' id='line_1_132' title="bbox 1415 3053 2496 3100; baseline 0.001 -11"><span class='ocrx_word' id='word_1_883' title='bbox 1415 3054 1614 3097; x_wconf 84' lang='lat' dir='ltr'>adorasset,</span> <span class='ocrx_word' id='word_1_884' title='bbox 1650 3054 1721 3090; x_wconf 87' lang='lat' dir='ltr'>nisi</span> <span class='ocrx_word' id='word_1_885' title='bbox 1757 3053 1984 3100; x_wconf 80' lang='lat' dir='ltr'>cognovisset</span> <span class='ocrx_word' id='word_1_886' title='bbox 2017 3054 2145 3093; x_wconf 83' lang='lat' dir='ltr'>Deum.</span> <span class='ocrx_word' id='word_1_887' title='bbox 2174 3053 2262 3098; x_wconf 77' lang='lat' dir='ltr'>Quis</span> <span class='ocrx_word' id='word_1_888' title='bbox 2297 3053 2390 3094; x_wconf 74' lang='lat' dir='ltr'>alius</span> <span class='ocrx_word' id='word_1_889' title='bbox 2420 3058 2496 3091; x_wconf 61' lang='lat' dir='ltr'>est*</span> 
     </span>
     <span class='ocr_line' id='line_1_133' title="bbox 1414 3114 2475 3160; baseline 0.004 -10"><span class='ocrx_word' id='word_1_890' title='bbox 1414 3115 1583 3160; x_wconf 90' lang='lat' dir='ltr'>princeps</span> <span class='ocrx_word' id='word_1_891' title='bbox 1608 3114 1745 3151; x_wconf 77' lang='lat' dir='ltr'>mititiae</span> <span class='ocrx_word' id='word_1_892' title='bbox 1766 3114 1911 3152; x_wconf 84' lang='lat' dir='ltr'>virtutis</span> <span class='ocrx_word' id='word_1_893' title='bbox 1931 3114 2096 3158; x_wconf 85' lang='lat' dir='ltr'>Domini,</span> <span class='ocrx_word' id='word_1_894' title='bbox 2126 3114 2196 3154; x_wconf 80' lang='lat' dir='ltr'>nisi</span> <span class='ocrx_word' id='word_1_895' title='bbox 2218 3115 2392 3156; x_wconf 73' lang='lat' dir='ltr'>Dominus</span> <span class='ocrx_word' id='word_1_896' title='bbox 2409 3124 2475 3154; x_wconf 77' lang='lat' dir='ltr'>no-</span> 
     </span>
     <span class='ocr_line' id='line_1_134' title="bbox 1415 3174 2471 3220; baseline 0.002 -9"><span class='ocrx_word' id='word_1_897' title='bbox 1415 3181 1491 3211; x_wconf 83' lang='lat' dir='ltr'>ster</span> <span class='ocrx_word' id='word_1_898' title='bbox 1519 3174 1623 3213; x_wconf 75' lang='lat' dir='ltr'>lesus</span> <span class='ocrx_word' id='word_1_899' title='bbox 1647 3175 1836 3213; x_wconf 77' lang='lat' dir='ltr'>Christus?</span> <span class='ocrx_word' id='word_1_900' title='bbox 1869 3174 1994 3214; x_wconf 76' lang='lat' dir='ltr'>Omnis</span> <span class='ocrx_word' id='word_1_901' title='bbox 2024 3184 2183 3220; x_wconf 79' lang='lat' dir='ltr'>namque</span> <span class='ocrx_word' id='word_1_902' title='bbox 2216 3174 2300 3214; x_wconf 86' lang='lat' dir='ltr'>coeli</span> <span class='ocrx_word' id='word_1_903' title='bbox 2327 3174 2471 3218; x_wconf 78' lang='lat' dir='ltr'>militia,</span> 
     </span>
     <span class='ocr_line' id='line_1_135' title="bbox 1417 3234 2475 3281; baseline 0.001 -11"><span class='ocrx_word' id='word_1_904' title='bbox 1417 3236 1492 3271; x_wconf 85' lang='lat' dir='ltr'>sive</span> <span class='ocrx_word' id='word_1_905' title='bbox 1512 3236 1652 3281; x_wconf 84' lang='lat' dir='ltr'>angeli,</span> <span class='ocrx_word' id='word_1_906' title='bbox 1669 3236 1745 3272; x_wconf 81' lang='lat' dir='ltr'>sive</span> <span class='ocrx_word' id='word_1_907' title='bbox 1767 3235 1974 3280; x_wconf 74' lang='lat' dir='ltr'>archangeli</span> <span class='ocrx_word' id='word_1_908' title='bbox 1991 3260 2002 3278; x_wconf 88' lang='lat'>,</span> <span class='ocrx_word' id='word_1_909' title='bbox 2022 3235 2100 3273; x_wconf 74' lang='lat' dir='ltr'>sive</span> <span class='ocrx_word' id='word_1_910' title='bbox 2121 3234 2275 3273; x_wconf 79' lang='lat' dir='ltr'>virtutes</span> <span class='ocrx_word' id='word_1_911' title='bbox 2291 3261 2300 3277; x_wconf 92' lang='lat'>,</span> <span class='ocrx_word' id='word_1_912' title='bbox 2319 3235 2395 3275; x_wconf 77' lang='lat' dir='ltr'>sive</span> <span class='ocrx_word' id='word_1_913' title='bbox 2410 3235 2475 3273; x_wconf 87' lang='lat' dir='ltr'>do-</span> 
     </span>
     <span class='ocr_line' id='line_1_136' title="bbox 1415 3293 2472 3338; baseline -0.002 -6"><span class='ocrx_word' id='word_1_914' title='bbox 1415 3295 1646 3337; x_wconf 82' lang='lat' dir='ltr'>minationes,</span> <span class='ocrx_word' id='word_1_915' title='bbox 1673 3295 1748 3331; x_wconf 82' lang='lat' dir='ltr'>sive</span> <span class='ocrx_word' id='word_1_916' title='bbox 1767 3294 2007 3338; x_wconf 84' lang='lat' dir='ltr'>principatus,</span> <span class='ocrx_word' id='word_1_917' title='bbox 2026 3293 2102 3331; x_wconf 87' lang='lat' dir='ltr'>sive</span> <span class='ocrx_word' id='word_1_918' title='bbox 2121 3298 2332 3338; x_wconf 80' lang='lat' dir='ltr'>potestates,</span> <span class='ocrx_word' id='word_1_919' title='bbox 2350 3295 2472 3335; x_wconf 80' lang='lat' dir='ltr'>omnia</span> 
     </span>
     <span class='ocr_line' id='line_1_137' title="bbox 1416 3351 2474 3402; baseline 0.001 -11"><span class='ocrx_word' id='word_1_920' title='bbox 1416 3355 1495 3391; x_wconf 81' lang='lat' dir='ltr'>haee</span> <span class='ocrx_word' id='word_1_921' title='bbox 1528 3363 1608 3399; x_wconf 82' lang='lat' dir='ltr'>quae</span> <span class='ocrx_word' id='word_1_922' title='bbox 1637 3363 1703 3399; x_wconf 86' lang='lat' dir='ltr'>per</span> <span class='ocrx_word' id='word_1_923' title='bbox 1729 3353 1848 3399; x_wconf 85' lang='lat' dir='ltr'>ipsum</span> <span class='ocrx_word' id='word_1_924' title='bbox 1871 3351 1966 3390; x_wconf 79' lang='lat' dir='ltr'>facta</span> <span class='ocrx_word' id='word_1_925' title='bbox 1990 3358 2074 3391; x_wconf 85' lang='lat' dir='ltr'>sunt</span> <span class='ocrx_word' id='word_1_926' title='bbox 2090 3379 2100 3396; x_wconf 91' lang='lat'>,</span> <span class='ocrx_word' id='word_1_927' title='bbox 2127 3353 2195 3392; x_wconf 84' lang='lat' dir='ltr'>sub</span> <span class='ocrx_word' id='word_1_928' title='bbox 2213 3353 2291 3399; x_wconf 83' lang='lat' dir='ltr'>ipso</span> <span class='ocrx_word' id='word_1_929' title='bbox 2308 3354 2474 3402; x_wconf 86' lang='lat' dir='ltr'>principe</span> 
     </span>
     <span class='ocr_line' id='line_1_138' title="bbox 1415 3413 2474 3462; baseline 0.002 -9"><span class='ocrx_word' id='word_1_930' title='bbox 1415 3415 1572 3453; x_wconf 86' lang='lat' dir='ltr'>militant</span> <span class='ocrx_word' id='word_1_931' title='bbox 1600 3414 1662 3461; x_wconf 85' lang='lat' dir='ltr'>qui</span> <span class='ocrx_word' id='word_1_932' title='bbox 1686 3418 1743 3451; x_wconf 82' lang='lat' dir='ltr'>est</span> <span class='ocrx_word' id='word_1_933' title='bbox 1775 3413 1979 3460; x_wconf 81' lang='lat' dir='ltr'>principum</span> <span class='ocrx_word' id='word_1_934' title='bbox 2005 3413 2195 3460; x_wconf 76' lang='lat' dir='ltr'>princeps,</span> <span class='ocrx_word' id='word_1_935' title='bbox 2229 3415 2289 3461; x_wconf 81' lang='lat' dir='ltr'>qui</span> <span class='ocrx_word' id='word_1_936' title='bbox 2319 3415 2474 3462; x_wconf 67' lang='lat' dir='ltr'>largitur</span> 
     </span>
     <span class='ocr_line' id='line_1_139' title="bbox 1415 3474 2471 3525; baseline 0.006 -12"><span class='ocrx_word' id='word_1_937' title='bbox 1415 3477 1640 3525; x_wconf 84' lang='lat' dir='ltr'>principibus</span> <span class='ocrx_word' id='word_1_938' title='bbox 1669 3475 1907 3523; x_wconf 80' lang='lat' dir='ltr'>principatus.</span> <span class='ocrx_word' id='word_1_939' title='bbox 1939 3474 2019 3521; x_wconf 88' lang='lat' dir='ltr'>Ipse</span> <span class='ocrx_word' id='word_1_940' title='bbox 2038 3481 2094 3513; x_wconf 82' lang='lat' dir='ltr'>est</span> <span class='ocrx_word' id='word_1_941' title='bbox 2122 3475 2220 3516; x_wconf 81' lang='lat' dir='ltr'>enim</span> <span class='ocrx_word' id='word_1_942' title='bbox 2238 3476 2302 3522; x_wconf 74' lang='lat' dir='ltr'>qui</span> <span class='ocrx_word' id='word_1_943' title='bbox 2326 3476 2416 3521; x_wconf 73' lang='lat' dir='ltr'>dicit</span> <span class='ocrx_word' id='word_1_944' title='bbox 2433 3477 2471 3518; x_wconf 74' lang='lat' dir='ltr'>in</span> 
     </span>
     <span class='ocr_line' id='line_1_140' title="bbox 1415 3537 2487 3590; baseline 0.004 -15"><span class='ocrx_word' id='word_1_945' title='bbox 1415 3537 1635 3585; x_wconf 78' lang='lat' dir='ltr'>Evangelio:</span> <span class='ocrx_word' id='word_1_946' title='bbox 1657 3549 1670 3570; x_wconf 76' lang='grc' dir='ltr'><strong><em>ι</em></strong></span> <span class='ocrx_word' id='word_1_947' title='bbox 1691 3537 1778 3574; x_wconf 78' lang='lat' dir='ltr'>Esto</span> <span class='ocrx_word' id='word_1_948' title='bbox 1793 3541 1831 3572; x_wconf 86' lang='lat' dir='ltr'>tu</span> <span class='ocrx_word' id='word_1_949' title='bbox 1845 3541 2060 3583; x_wconf 79' lang='lat' dir='ltr'>potestatem</span> <span class='ocrx_word' id='word_1_950' title='bbox 2075 3537 2214 3581; x_wconf 69' lang='lat' dir='ltr'>habeut</span> <span class='ocrx_word' id='word_1_951' title='bbox 2227 3547 2335 3590; x_wconf 72' lang='lat' dir='ltr'>super</span> <span class='ocrx_word' id='word_1_952' title='bbox 2345 3537 2487 3579; x_wconf 72' lang='lat' dir='ltr'>decem·</span> 
     </span>
     <span class='ocr_line' id='line_1_141' title="bbox 1413 3596 2469 3646; baseline 0 -10"><span class='ocrx_word' id='word_1_953' title='bbox 1413 3600 1581 3637; x_wconf 74' lang='lat' dir='ltr'>civitates</span> <span class='ocrx_word' id='word_1_954' title='bbox 1596 3597 1703 3646; x_wconf 77' lang='lat' dir='ltr'>(Luc.</span> <span class='ocrx_word' id='word_1_955' title='bbox 1722 3597 1815 3644; x_wconf 80' lang='lat' dir='ltr'>xix).</span> <span class='ocrx_word' id='word_1_956' title='bbox 1843 3609 1857 3632; x_wconf 78' lang='grc' dir='ltr'><strong>ι</strong></span> <span class='ocrx_word' id='word_1_957' title='bbox 1883 3596 1950 3634; x_wconf 85' lang='lat' dir='ltr'>Hic</span> <span class='ocrx_word' id='word_1_958' title='bbox 1966 3603 2022 3635; x_wconf 89' lang='lat' dir='ltr'>est</span> <span class='ocrx_word' id='word_1_959' title='bbox 2037 3599 2100 3646; x_wconf 87' lang='lat' dir='ltr'>qui</span> <span class='ocrx_word' id='word_1_960' title='bbox 2113 3603 2262 3645; x_wconf 69' lang='lat' dir='ltr'>ammo</span> <span class='ocrx_word' id='word_1_961' title='bbox 2280 3607 2395 3645; x_wconf 65' lang='lat' dir='ltr'>refluo</span> <span class='ocrx_word' id='word_1_962' title='bbox 2411 3608 2469 3638; x_wconf 80' lang='lat' dir='ltr'>re-</span> 
     </span>
     <span class='ocr_line' id='line_1_142' title="bbox 1412 3657 2469 3708; baseline 0.003 -12"><span class='ocrx_word' id='word_1_963' title='bbox 1412 3669 1562 3708; x_wconf 71' lang='lat' dir='ltr'>gressus</span> <span class='ocrx_word' id='word_1_964' title='bbox 1592 3663 1668 3695; x_wconf 68' lang='lat' dir='ltr'>est.</span> <span class='ocrx_word' id='word_1_965' title='bbox 1701 3657 1774 3694; x_wconf 75' lang='lat' dir='ltr'>Sed</span> <span class='ocrx_word' id='word_1_966' title='bbox 1807 3657 1952 3695; x_wconf 83' lang='lat' dir='ltr'>interim</span> <span class='ocrx_word' id='word_1_967' title='bbox 1982 3658 2169 3702; x_wconf 69' lang='lat' dir='ltr'>videamus</span> <span class='ocrx_word' id='word_1_968' title='bbox 2197 3667 2279 3705; x_wconf 72' lang='lat' dir='ltr'>qum</span> <span class='ocrx_word' id='word_1_969' title='bbox 2305 3668 2469 3706; x_wconf 60' lang='lat' dir='ltr'>prmus</span> 
     </span>
     <span class='ocr_line' id='line_1_143' title="bbox 1411 3716 2471 3766; baseline 0.004 -9"><span class='ocrx_word' id='word_1_970' title='bbox 1411 3717 1519 3761; x_wconf 72' lang='lat' dir='ltr'>lectio</span> <span class='ocrx_word' id='word_1_971' title='bbox 1535 3718 1684 3766; x_wconf 69' lang='lat' dir='ltr'>ingerit,</span> <span class='ocrx_word' id='word_1_972' title='bbox 1699 3717 1739 3760; x_wconf 75' lang='lat' dir='ltr'>In</span> <span class='ocrx_word' id='word_1_973' title='bbox 1758 3716 1904 3756; x_wconf 83' lang='lat' dir='ltr'>Jeriche</span> <span class='ocrx_word' id='word_1_974' title='bbox 1919 3723 1977 3757; x_wconf 78' lang='lat' dir='ltr'>est</span> <span class='ocrx_word' id='word_1_975' title='bbox 1994 3719 2116 3764; x_wconf 67' lang='lat' dir='ltr'>leun,-</span> <span class='ocrx_word' id='word_1_976' title='bbox 2130 3719 2250 3760; x_wconf 73' lang='lat' dir='ltr'>adhue.</span> <span class='ocrx_word' id='word_1_977' title='bbox 2261 3721 2389 3761; x_wconf 69' lang='lat' dir='ltr'>hostes</span> <span class='ocrx_word' id='word_1_978' title='bbox 2400 3719 2471 3763; x_wconf 69' lang='lat' dir='ltr'>ab·</span> 
     </span>
     <span class='ocr_line' id='line_1_144' title="bbox 1409 3777 2474 3838; baseline -0.004 -15"><span class='ocrx_word' id='word_1_979' title='bbox 1409 3779 1743 3828; x_wconf 59' lang='lat' dir='ltr'>damtunam.</span> <span class='ocrx_word' id='word_1_980' title='bbox 1759 3783 1799 3821; x_wconf 79' lang='lat' dir='ltr'>et</span> <span class='ocrx_word' id='word_1_981' title='bbox 1811 3781 1973 3821; x_wconf 76' lang='lat' dir='ltr'>nondun</span> <span class='ocrx_word' id='word_1_982' title='bbox 1990 3783 2232 3838; x_wconf 62' lang='lat' dir='ltr'>capannam</span> <span class='ocrx_word' id='word_1_983' title='bbox 2247 3780 2370 3831; x_wconf 63' lang='lat' dir='ltr'>June.</span> <span class='ocrx_word' id='word_1_984' title='bbox 2381 3777 2474 3827; x_wconf 58' lang='lat' dir='ltr'>int</span> 
     </span>
    </p>
   </div>
  </div>
 </body>
</html>
