2540 4016
24 152 29 153 ἶ
57 181 125 222 ⁷⁸1

59 317 96 353 in
112 317 376 360 holocaustum,
391 325 504 352 unum
525 324 632 351 mane
652 319 690 350 et
704 313 860 350 alterum
876 323 1042 361 vespere,
1061 313 1112 350 si-

59 377 206 424 gnificat
224 377 319 423 quod
332 375 576 413 innocentiam
588 375 708 422 operis
722 384 795 411 non
810 373 940 417 solum,
957 373 1021 410 sed
1034 383 1114 410 cor-

60 436 116 473 dis
132 443 203 473 tam
224 437 261 473 in
275 437 381 473 initio
396 436 681 473 conversationis
699 441 854 480 nostrae,
873 445 983 482 quam
1002 433 1114 471 etiam

60 497 97 532 in
115 497 186 534 fine
202 497 276 533 Deo
290 507 354 543 per
371 497 492 544 ignem
510 495 698 532 charitatis
710 500 818 542 atque
834 495 1015 532 fervorem
1033 492 1115 541 Spi-

61 557 153 593 ritus
163 556 279 594 sancti
290 555 459 593 exhibere
471 555 643 592 debemus
657 567 665 592 :
679 556 761 603 quia
770 556 831 602 qut·
842 554 1114 602 perseveraverit

60 631 168 666 usque
183 619 220 655 in
234 619 352 665 finem,
363 619 419 655 hic
435 620 550 657 salvus
564 622 629 657 erit
647 617 914 669 (Matth.xx1v).
931 617 1117 664 Simulque

60 680 198 716 decima
225 688 311 724 pars
336 679 420 725 ephi
445 681 573 717 similae
605 691 799 728 conspersa
822 679 902 716 oleo
921 679 1116 727 purissimo

59 748 141 775 cum
160 738 242 784 agni
260 738 441 775 oblatione
455 738 578 776 offerri
594 740 817 786 praecipitur,
833 743 870 776 et
888 739 926 775 in
945 738 1117 775 libamine

59 799 134 835 vini
161 804 289 845 quarta
306 811 391 846 pars
414 811 594 837 mensurae
612 802 689 845 hin,
706 802 791 848 quia
812 801 891 846 ipsa
907 799 1116 835 innocentia

0 851 1 872 ³
61 866 147 896 tunc
177 866 279 908 grata
316 867 351 897 et
381 862 614 907 acceptabilis
645 862 715 898 erit
743 862 831 904 Deo,
853 861 884 896 si
917 860 1115 897 secundum

59 922 248 957 scientiam
269 922 400 957 divinae
433 922 520 969 legis
553 927 660 968 atque
691 920 906 971 evangelicae
943 919 1115 956 doctrinae

59 982 174 1028 gratia
212 987 410 1027 temperata
439 983 591 1018 honeste
628 980 820 1016 adhibetur
838 1006 848 1023 ,
883 985 1114 1016 monstrante

59 1042 128 1078 hoc
141 1042 325 1086 Scriptura
340 1047 378 1076 et
391 1042 533 1077 dicente
550 1055 558 1076 :
576 1041 748 1076 Innocens
763 1040 922 1076 manibus
937 1047 969 1076 et
982 1041 1113 1077 mundo

58 1100 175 1142 corde,
192 1100 250 1146 qui
272 1110 340 1135 non
363 1101 493 1146 accepit
524 1101 561 1135 in
594 1111 681 1135 vano
713 1101 869 1135 animam
900 1111 1032 1137 suam:
1052 1113 1113 1137 nec

71 223 75 229 Ι
528 176 884 216 ENARRATIONES
908 178 954 216 IN
978 176 1156 216 Lmlttm
1175 176 1488 217 nummorum.
1511 195 1560 212 --
1580 181 1667 228 μβ.
1692 182 1754 221 Π.

58 263 133 295 tem
152 257 242 293 duos
260 264 372 303 agnos
389 253 640 293 immaculatos
669 254 774 301 iubet
800 253 960 299 quotidie
986 251 1111 290 offerri
1128 253 1167 294 A
1181 251 1343 298 sabbata,
1360 253 1458 290 ultra
1470 253 1568 291 hunc
1579 256 1755 293 mundum
1773 262 1830 295 ot
1841 269 1926 298 vm
1943 266 2083 306 Q
2098 270 2225 309 w

2152 196 2225 236 'm

1180 314 1292 351 vatio.
1319 313 1422 359 Quod
1439 314 1538 351 enim
1559 316 1736 362 scriptum
1755 323 1814 354 est
1830 319 1868 356 in
1889 319 2032 368 Genesi,
2059 331 2142 375 quta
2166 342 2226 373 η..

1179 372 1309 418 quievit
1339 372 1435 409 Deus
1462 372 1520 409 die
1534 372 1672 411 sabbati
1689 373 1733 409 ab
1762 375 1924 421 operum
1946 378 2020 416 suis
2047 381 2148 428 (Gan.
2166 388 2229 438 ι),

1181 439 1255 467 non
1267 430 1432 475 videmus
1447 432 1506 469 vel
1529 437 1615 470 tunc
1647 431 1784 470 sactum
1802 443 1884 471 esse
1914 435 1954 472 in
1976 436 2035 474 die
2063 442 2230 491 septing,

1181 489 1239 528 vel
1253 491 1363 528 etiam
1394 502 1491 529 nunc
1517 492 1611 531 fleri.
1634 492 1789 540 Semper
1803 493 1901 531 enim
1929 494 2046 533 Deum
2065 498 2230 541 videmus

1181 552 1340 599 operari,
1361 558 1399 590 et
1414 562 1483 590 nec
1501 554 1694 592 sabbatum
1706 559 1777 600 est,
1798 554 1836 591 in
1856 564 1929 602 quo
1944 565 2017 592 non
2041 556 2137 596 Deus
2149 569 2234 608 ope-
2267 555 2280 569 “

1182 617 1297 658 retur,
1317 613 1354 651 in
1374 623 1446 660 quo
1459 624 1531 651 non
1544 615 1721 665 producat
1739 614 1854 652 solem
1871 626 1977 654 suum
1993 627 2102 665 super
2120 619 2236 660 honos

1182 678 1221 711 et
1240 674 1370 720 malos,
1385 681 1422 713 et
1442 677 1545 728 pluat
1568 688 1676 726 super
1691 678 1810 726 justos
1828 684 1867 716 et
1883 679 2058 728 iniuntur,
2077 691 2152 720 non
2165 694 2237 730 qno

1183 744 1256 771 non
1274 737 1451 782 producat
1470 737 1510 774 in
1535 738 1718 776 montibus
1737 739 1883 785 fenum,
1901 745 1941 778 et
1956 741 2108 781 herbam
2123 745 2239 782 servi-

1183 796 1252 832 tuti
1270 796 1479 844 hominum;
1499 800 1537 836 in
1554 810 1626 848 quo
1644 811 1717 838 non
1734 802 1914 848 percutiat
1925 806 1965 840 et
1978 809 2104 849 sanet;
2123 806 2238 844 dedu-

1182 862 1242 894 cat
1258 858 1305 894 ad
1318 851 1523 904 infernum,
1544 866 1582 897 et
1600 862 1773 906 reducat;
1803 863 1841 899 in
1857 874 1930 910 quo
1946 874 2019 901 non
2037 866 2181 904 occidat
2200 873 2240 905 et

1181 918 1305 956 vivere
1324 919 1446 957 faciat.
1470 921 1573 958 Unde
1592 927 1630 958 et
1652 922 1829 960 Dominus
1856 924 1894 960 in
1914 925 2134 973 Evangeliis,
2155 937 2237 964 cum

1180 976 1294 1015 Judaei
1309 981 1588 1025 praescriberent
1611 983 1680 1019 sibi
1701 984 1744 1020 de
1762 985 1974 1030 operatione
1996 991 2033 1023 et
2049 987 2239 1025 curatione

1181 1040 1336 1084 sabbati,
1354 1043 1541 1089 respondit
1555 1044 1610 1080 eis
1626 1055 1635 1079 ε
1659 1043 1769 1080 Pater
1797 1056 1894 1081 meus
1913 1058 2022 1093 usque
2034 1049 2138 1085 modo
2156 1060 2240 1096 ope-

1183 1105 1298 1144 ratur,
1314 1106 1347 1136 et
1366 1112 1427 1147 eqo
1442 1113 1565 1148 operor
1584 1102 1622 1150 (J
1624 1114 1704 1139 oan.
1722 1103 1773 1151 v).
1793 1103 1999 1142 Ostendens
2019 1116 2084 1152 per
2106 1107 2185 1144 hoee
2201 1109 2239 1146 in

53 1159 185 1206 juravit
203 1158 239 1193 in
255 1157 334 1193 doto
354 1159 512 1205 proximo
528 1169 591 1195 suo
611 1158 725 1206 (Psat.
746 1158 869 1206 xx111).
892 1158 978 1204 Quae
993 1167 1115 1197 autem
1133 1146 1166 1187 Β
1185 1159 1284 1196 nullo
1307 1160 1415 1206 hujus
1437 1162 1558 1198 saeculi
1583 1162 1734 1199 sabbato
1753 1165 1983 1210 requiescere
1999 1165 2115 1204 Deum
2131 1179 2153 1204 a
2167 1169 2241 1207 dis-

57 1221 103 1257 sit
135 1230 303 1257 mensura
329 1220 412 1267 ephi
449 1221 524 1257 sive
563 1220 625 1257 hin
638 1248 647 1266 ,
678 1220 714 1256 in
758 1219 1007 1268 superioribus
1038 1220 1115 1268 Jam

59 1280 195 1317 dictum
220 1285 287 1316 est.

102 1341 167 1376 Die
186 1348 302 1377 autem
327 1341 463 1377 sabbati
497 1343 650 1388 offeretis
683 1343 770 1378 duos
795 1353 902 1390 aqnos
935 1342 1118 1380 anniculos

54 1402 309 1447 immaculatos,
325 1411 355 1439 et
372 1404 460 1438 duas
476 1403 627 1439 decimas
641 1403 766 1440 similae
782 1403 857 1439 oleo
868 1414 1062 1449 conspersoe
1076 1403 1115 1438 in

54 1465 252 1510 sacrificio;
274 1471 304 1499 et
323 1464 393 1499 liba
416 1475 493 1509 quse
513 1465 577 1498 rite
596 1464 793 1510 funduntur
805 1475 867 1510 per
879 1464 1018 1510 sinqula
1037 1463 1116 1499 sab-

56 1525 134 1560 bata
156 1527 191 1560 in
208 1525 450 1560 holocaustum
483 1525 742 1571 sempiternum.
782 1524 868 1569 Quae
899 1529 955 1560 est
993 1530 1115 1560 autem

54 1585 234 1631 festivitas
266 1585 421 1628 sabbati,
443 1585 510 1620 nisi
538 1584 598 1620 illa
623 1586 666 1621 de
688 1595 756 1631 qua
782 1584 974 1630 Apostolus
994 1584 1082 1620 dicit
1101 1597 1110 1620 :

56 1646 278 1693 Relinquitur
298 1638 378 1692 erqo
411 1646 642 1682 sabbatismus
682 1645 806 1692 (Ilebr.
840 1646 912 1693 lv),
933 1647 1002 1682 hoc
1028 1651 1112 1690 est,

56 1708 197 1745 sabbati
218 1708 424 1745 observatio
446 1709 578 1755 populo
613 1709 699 1744 Dei?
736 1709 994 1755 Relinqucntes
1027 1718 1114 1756 ergo

56 1768 227 1804 ‚ludaicas
244 1769 385 1805 sabbati
416 1769 701 1812 observationes,
723 1768 838 1814 qualis
879 1779 957 1804 esse
986 1769 1115 1805 debeat

57 1830 263 1866 Christiano
281 1830 421 1866 sabbati
442 1831 661 1874 observatio,
673 1830 872 1867 videamus.
889 1830 953 1866 Dic
971 1830 1114 1867 sabbati

56 1890 145 1926 nihil
160 1901 200 1926 cx
215 1891 338 1927 mundi
353 1891 491 1927 actibus
502 1895 643 1936 oportet
653 1890 809 1936 operari.
823 1888 859 1926 Si
871 1899 957 1936 ergo
967 1890 1114 1927 desinas

57 1950 100 1986 ab
115 1951 281 1986 omnibus
297 1951 530 1987 saecularibus
544 1950 727 1997 operibus,
739 1956 774 1986 et
785 1950 874 1986 nihil
888 1951 1112 1986 mundanum

55 2019 174 2056 geras,
197 2011 258 2046 sed
284 2011 505 2056 spiritalibus
524 2010 694 2056 operibus
714 2019 834 2054 vaceS‚
855 2010 901 2046 ad
922 2010 1111 2047 ecclesiam

57 2072 183 2108 venias
201 2099 210 2115 ,
243 2072 457 2108 lectionibus
495 2071 626 2108 divinis
664 2078 700 2109 et
738 2073 953 2109 tractatibus
988 2083 1114 2109 aurem

55 2133 216 2180 praebeas
229 2161 238 2177 ,
261 2134 304 2170 de
324 2134 532 2170 coelestihus
550 2135 686 2182 cogites
699 2162 710 2180 ‚
744 2134 921 2172 defutura
937 2146 1000 2183 spe
1017 2136 1114 2173 solli—

59 2194 256 2230 citudinem
290 2205 417 2241 geras,
456 2200 646 2232 venturum
677 2196 853 2244 judicium
887 2209 961 2246 prae
998 2198 1114 2235 oculis

58 2254 193 2290 habeas
206 2281 215 2298 ‚
241 2265 313 2291 non
333 2255 505 2301 respicias
529 2257 572 2292 ad
591 2258 784 2302 praesentia
814 2264 850 2294 et
869 2258 1037 2302 visibilia,
1050 2258 1115 2295 sed

59 2318 104 2353 ad
124 2318 316 2354 invisibilia
336 2323 372 2354 et
387 2318 506 2354 sutura
529 2331 536 2354 :
565 2319 641 2356 haec
656 2324 711 2356 est
738 2320 943 2357 observatio
971 2321 1113 2356 sabbati

58 2378 277 2415 Christiano.
296 2378 365 2415 Sed
380 2380 457 2416 haec
470 2379 489 2416 J
493 2380 584 2416 udaei
598 2381 794 2418 observare
808 2381 993 2418 deberent.
1011 2380 1115 2417 Deni-

59 2449 127 2487 que
148 2440 256 2476 etiam
268 2440 360 2486 apud
374 2441 526 2487 ipsos‚si
547 2441 661 2486 saber,
684 2442 714 2479 si
742 2447 914 2487 structor,
936 2448 974 2479 et
1002 2443 1031 2479 si
1052 2442 1113 2489 qui

58 2500 260 2546 huJusmodi
279 2501 446 2546 opiticum
467 2501 587 2545 fucrit,
607 2503 746 2539 oriatur
778 2503 816 2539 in
854 2503 914 2540 die
947 2504 1111 2547 sabbati;

58 2559 173 2596 lector
201 2566 322 2596 autem
348 2562 478 2597 divinae
497 2562 586 2607 legis
602 2569 638 2598 et
658 2563 786 2598 doctor
812 2572 882 2599 non
915 2563 1047 2599 desinit
1069 2564 1113 2599 ab

60 2631 169 2669 opere
194 2632 272 2665 suo,
289 2627 325 2657 et
346 2627 465 2658 tamen
494 2623 682 2658 sabbatum
701 2633 773 2659 non
791 2624 1029 2661 contaminat.
1053 2623 1114 2661 Sic

58 2684 155 2721 enim
176 2683 263 2719 dicit
284 2682 328 2718 ad
359 2693 422 2719 eos
445 2695 452 2717 :
471 2683 540 2718 Aut
562 2694 630 2719 non
651 2683 794 2730 definis,
811 2686 894 2731 quia
917 2685 1113 2722 sacerdotes

56 2743 96 2780 in
128 2743 252 2790 templo
291 2743 473 2779 sabbatum
511 2743 654 2787 violant,
686 2750 717 2780 et
756 2745 829 2780 sine
858 2746 1001 2781 crimine
1034 2751 1114 2782 sunt

59 2803 202 2852 (Malta.
227 2803 319 2851 x11)?
337 2803 403 2848 Qui
434 2814 519 2850 crgo
535 2810 654 2840 cessat
681 2805 725 2840 ab
743 2806 914 2851 operibus
940 2807 1060 2843 saeculi
1078 2812 1114 2844 et

58 2863 281 2910 spiritalibus
313 2864 453 2901 actibus
474 2870 592 2907 vacat,
622 2865 690 2901 iste
719 2871 774 2901 est
804 2867 865 2912 qui
892 2867 1113 2904 sacrificium

58 2917 199 2962 sabbati
213 2931 249 2962 et
269 2925 365 2962 diem
384 2925 517 2962 festum
540 2927 613 2972 agit
631 2927 877 2971 sabbatorum,
893 2937 1009 2975 neque
1023 2940 1109 2966 one-

57 2995 98 3022 ra
116 2990 237 3032 portat
257 2987 294 3022 in
314 2986 385 3022 via.
420 2986 518 3023 Onus
554 2988 649 3023 enim
683 2992 738 3024 est
764 2998 871 3025 omne
902 2996 1104 3036 peccatum.

58 3047 365 3092 Quemadmodum
384 3048 470 3084 dicit
485 3054 521 3083 et
541 3047 723 3094 Propheta
744 3060 752 3083 :
774 3047 872 3084 Sicut
901 3061 988 3086 onus
1006 3062 1108 3097 qrave

57 3113 210 3155 qravatoe
245 3113 325 3142 sunt
356 3118 459 3153 super
487 3119 540 3144 me
574 3107 688 3156 (Psal.
725 3108 840 3156 xxxi).
861 3109 986 3157 Neque
1011 3111 1109 3147 enim

58 3167 177 3214 ignem
194 3167 367 3204 accendit.
385 3167 488 3203 lllum
508 3168 646 3205 scilicet
663 3169 783 3216 ignem
797 3169 841 3206 de
856 3180 927 3217 quo
944 3171 1077 3208 dicitur
1097 3183 1106 3207 :

57 3226 113 3264 Ite
131 3229 168 3264 in
188 3227 316 3264 lumine
340 3229 430 3275 iqnis
458 3229 572 3273 vestri,
591 3230 679 3274 etin
701 3231 844 3276 flamma
861 3243 966 3279 quam
986 3243 1109 3269 accen-

29 3299 34 3303 ·
58 3288 172 3325 distis.
196 3288 236 3325 ln
269 3289 419 3327 sabbato
450 3292 700 3337 unusquisque
719 3293 843 3330 sedeat
863 3292 900 3329 in
918 3293 998 3330 loco
1026 3303 1106 3339 suo,

58 3354 95 3385 et
125 3359 195 3386 non
214 3354 320 3386 exeat
341 3350 436 3387 inde.
453 3349 540 3395 Quis
554 3362 640 3399 ergo
659 3358 714 3389 est
733 3353 834 3390 locus
867 3354 945 3401 eius
977 3354 1107 3391 animae

61 3408 254 3455 spiritalis?
284 3408 429 3449 «Iustitia
461 3411 562 3448 locus
595 3411 685 3458 ejus,
730 3414 880 3458 veritas,
912 3414 1104 3461 sapientia,

61 3463 310 3513 sanctificatio,
328 3475 365 3507 et
379 3471 501 3508 omnia
527 3482 606 3518 quae
631 3472 798 3509 Christus
817 3477 886 3516 est,
908 3473 1010 3510 locus
1027 3473 1106 3509 ani-

58 3539 128 3569 mae
141 3536 209 3568 est.
228 3531 282 3569 Ex
296 3543 367 3579 quo
381 3532 461 3570 loco
480 3543 559 3570 eam
582 3544 654 3570 non
672 3538 813 3580 oportet
830 3533 943 3576 exire,
959 3538 1000 3569 ut
1018 3541 1105 3570 vera

61 3589 208 3632 mutata
235 3594 429 3637 custodiat,
449 3599 487 3631 et
502 3595 596 3631 diem
614 3593 747 3632 festum
769 3595 805 3630 in
823 3593 1012 3631 sacrificiis
1029 3593 1106 3629 exi-

62 3657 123 3700 gat
136 3653 382 3700 sabbatorum.
403 3655 465 3692 Sic
494 3661 530 3692 et
552 3655 726 3692 Dominus
746 3655 888 3692 dicebat
907 3666 916 3690 2
938 3654 1007 3698 Qui
1031 3665 1104 3690 ma-

62 3716 118 3748 net
138 3711 176 3756 in
195 3718 388 3767 medilfiw
414 3714 450 3750 in
464 3726 503 3751 eo
520 3715 641 3762 (Joan.
666 3715 731 3763 vi).
752 3715 856 3760 Quod
879 3720 1000 3752 autem
1014 3715 1106 3750 dixi—

63 3779 146 3811 mus
158 3778 243 3808 vera
255 3769 419 3819 sabbata,
438 3773 468 3811 si
482 3773 592 3812 altius
603 3779 811 3827 repetamus
827 3784 908 3822 quae
931 3774 1005 3812 sint
1019 3784 1105 3812 vera

1184 1222 1459 1268 pensationibus
1475 1223 1616 1267 mundi,
1637 1228 1674 1260 et
1687 1234 1707 1260 a
1722 1225 1990 1271 provisionibus
2009 1229 2152 1274 generis
2171 1230 2242 1267 hu-

1185 1282 1298 1317 mani.
1321 1281 1413 1318 Nam
1431 1288 1618 1320 creaturas
1636 1285 1782 1330 quidem
1802 1285 1889 1322 fecit
1903 1297 1945 1322 ex
1964 1288 2085 1331 initio,
2105 1294 2142 1325 et
2156 1290 2241 1327 sub-

1185 1341 1341 1377 stantias
1360 1343 1513 1388 protulit
1528 1349 1682 1389 quantas
1705 1345 1774 1382 sibi
1792 1346 1941 1386 sciebat.
1956 1352 1996 1384 ut
2012 1354 2097 1394 pote
2115 1361 2239 1388 rerum

1185 1400 1364 1444 conditor,
1376 1398 1421 1437 ad
1430 1402 1691 1448 perfectionem
1707 1405 1831 1441 mundi
1849 1416 1954 1452 posse
1972 1407 2151 1447 sufficere.
2167 1410 2239 1448 Sed

1184 1471 1300 1506 usque
1317 1461 1361 1497 ad
1385 1464 1731 1500 consummationem
1751 1466 1887 1510 saeculi,
1910 1468 1955 1505 ab
1976 1478 2101 1506 earum
2117 1471 2239 1518 provi-

1187 1522 1290 1558 sione
1320 1527 1356 1559 et
1374 1521 1642 1570 dispensatione
1664 1536 1736 1562 non
1757 1533 1886 1564 cessat.
1908 1529 1953 1564 Et
1980 1530 2051 1566 erit
2072 1541 2159 1579 ergo
2177 1543 2239 1570 ve-

1184 1591 1264 1617 rum
1295 1582 1487 1619 sabbatum
1507 1584 1542 1619 in
1571 1594 1642 1631 quo
1663 1586 1864 1631 requiescet
1885 1588 1980 1625 Deus
2008 1591 2052 1626 ab
2070 1592 2238 1630 omnibus

1183 1645 1355 1690 operibus
1373 1645 1462 1690 suis,
1492 1646 1661 1682 saeculum
1687 1654 1894 1693 venturum,
1915 1655 2000 1686 tunc
2031 1662 2114 1688 cum
2131 1654 2238 1690 aufu-

1184 1703 1258 1749 giet
1276 1704 1389 1749 dolor,
1410 1711 1446 1741 et
1476 1706 1639 1750 tristitia,
1666 1712 1702 1743 et
1722 1708 1890 1754 gemitus,
1920 1714 1955 1745 et
1973 1710 2044 1747 erit
2060 1713 2181 1748 omnia
2202 1719 2240 1750 et

1183 1761 1221 1799 in
1250 1765 1419 1802 omnibus
1450 1766 1556 1803 Deus.
1580 1767 1619 1803 ln
1644 1778 1714 1814 quo
1745 1769 1896 1806 sabbato
1928 1773 2102 1809 concedat
2127 1775 2239 1813 ctiam

1183 1824 1288 1862 nobis
1312 1826 1407 1862 Deus
1427 1827 1522 1862 diem
1553 1826 1685 1864 festum
1703 1839 1811 1876 agere
1832 1841 1968 1875 secum,
1990 1843 2072 1869 cum
2101 1835 2238 1881 angelis

1183 1887 1319 1924 sanctis
1338 1887 1431 1924 festa
1449 1889 1647 1933 celebrare,
1663 1890 1855 1929 offerentes
1869 1894 2088 1931 sacrificium
2106 1895 2238 1942 laudis,

1183 1951 1220 1983 et
1254 1947 1447 1985 reddentes
1473 1942 1659 1986 A'ltissimo
1688 1958 1770 1988 vota
1790 1958 1928 1989 nostra.
1950 1953 2049 1991 Tunc
2076 1955 2239 1995 fortassis

1184 2010 1220 2042 et
1237 2007 1455 2044 sacrificium
1475 2015 1637 2046 nostrum
1660 2011 1883 2057 indesinens,
1904 2015 1947 2051 de
1963 2025 2033 2061 quo
2051 2027 2158 2063 supra
2176 2029 2240 2055 ex-

1184 2069 1387 2115 posuimus,
1407 2070 1537 2107 melius
1558 2070 1743 2116 offeretur.
1767 2073 1869 2109 Tunc
1883 2074 1979 2110 enim
1995 2076 2123 2113 melius
2142 2077 2241 2115 inde-

1185 2130 1349 2166 sinenter
1364 2130 1536 2166 assistere
1552 2132 1688 2176 poterit
1703 2132 1812 2176 Deus,
1835 2138 1872 2169 et
1891 2134 2110 2171 sacrificium
2125 2137 2241 2175 laudis

1183 2200 1248 2238 per
1274 2190 1481 2236 pontificem
1510 2202 1695 2238 magnum,
1717 2193 1777 2240 qui
1809 2200 1860 2230 est
1889 2196 2050 2232 sacerdos
2085 2198 2121 2234 in
2141 2205 2239 2235 aeter-

1184 2263 1267 2288 num
1299 2253 1489 2288 secundum
1525 2253 1683 2289 ordinem
1712 2254 1964 2293 Melchisedech
1996 2247 2111 2305 (P'sat.
2148 2261 2237 2308 cix).

1186 2313 1336 2350 Sabbati
1355 2324 1442 2360 ergo
1470 2315 1617 2358 oblatio,
1636 2316 1707 2352 duo
1725 2323 1810 2353 sunt
1839 2318 1920 2364 agni
1940 2320 2095 2356 anniculi
2111 2321 2238 2358 imma-

1184 2375 1308 2418 culati,
1331 2381 1368 2411 et
1385 2375 1464 2410 duae
1484 2375 1633 2412 decimae
1662 2377 1788 2413 similae
1808 2378 1887 2413 oleo
1904 2389 2104 2426 conspersae
2122 2382 2159 2417 in
2179 2392 2238 2419 sa-

1183 2435 1335 2478 crificio,
1356 2440 1392 2470 et
1406 2435 1478 2471 liba
1497 2446 1577 2482 quae
1597 2437 1666 2472 rite
1686 2436 1884 2473 funduntur
1908 2449 1972 2485 per
1992 2440 2132 2486 singula
2154 2443 2238 2479 sab-

1181 2497 1278 2533 bata.
1297 2495 1383 2540 Quae
1402 2497 1505 2533 nobis
1521 2497 1611 2533 nihil
1625 2498 1721 2534 aliud
1740 2499 1911 2543 innuunt,
1930 2511 2037 2546 quam
2055 2508 2092 2537 ut
2123 2503 2237 2539 sobrie

1182 2563 1213 2593 et
1227 2557 1322 2602 juste
1341 2562 1373 2592 et
1398 2557 1452 2603 pie
1483 2558 1636 2594 vivamus
1668 2559 1705 2594 in
1740 2559 1804 2594 ltoc
1829 2560 1973 2605 sceculo,
1998 2570 2234 2608 exspectantes

1182 2618 1317 2653 beatam
1336 2628 1446 2665 spem,
1465 2624 1498 2654 et
1519 2618 1705 2655 adventum
1723 2619 1844 2667 qtorioe
1871 2623 1990 2668 maqm'
2008 2622 2075 2659 Dei
2098 2630 2130 2660 et
2150 2623 2234 2660 Sat-

1181 2679 1311 2715 vaeoris
1326 2679 1436 2715 nostri
1454 2678 1478 2715 J
1481 2690 1541 2716 esu
1562 2679 1705 2716 Christi.
1719 2680 1772 2717 Ac
1787 2682 1962 2728 quidquid
1979 2683 2097 2720 divina
2115 2686 2233 2731 gratia

1180 2748 1388 2785 possumus,
1403 2744 1564 2785 paternae
1581 2739 1714 2786 quietis
1728 2741 1920 2787 adeptione
1935 2742 2113 2779 instanter
2131 2744 2232 2781 labo-

1182 2792 1315 2835 remus.
1332 2799 1429 2836 Duos
1442 2809 1554 2846 agnos
1567 2799 1753 2838 anniculos
1767 2798 1918 2837 Domino
1931 2802 2049 2846 offert,
2066 2804 2127 2849 qui
2143 2804 2232 2840 sim-

1180 2860 1378 2906 plicitatem
1392 2859 1524 2896 mentis
1543 2865 1652 2907 atque
1670 2860 1911 2897 innocentiam
1930 2862 2050 2908 operis
2063 2889 2072 2905 ,
2093 2862 2128 2897 in
2149 2873 2233 2899 con-

1126 2942 1162 2981 D
1182 2926 1307 2967 spectu
1321 2920 1520 2957 divinitatis
1545 2921 1704 2958 exhibet.
1724 2921 1821 2958 Duas
1837 2922 1993 2958 decimas
2010 2922 2136 2959 similae
2151 2923 2233 2960 oleo

1179 2991 1385 3029 conspersae
1403 2981 1440 3018 in
1461 2981 1642 3018 sacrificio
1670 2981 1779 3019 simul
1798 2992 1881 3018 cum
1910 2981 2139 3020 libaminibus
2165 2983 2230 3022 do-

1178 3047 1254 3085 nat,
1279 3041 1341 3088 qui
1361 3041 1514 3087 spiritali
1533 3041 1649 3089 gratia
1678 3040 1851 3088 repletur,
1873 3041 2062 3079 scientiam
2077 3042 2229 3080 duorum

1178 3106 1480 3139 testamentorum
1495 3101 1632 3148 Spiritu
1646 3100 1955 3146 sancto'docente,
1972 3102 2077 3139 simul
2093 3102 2228 3146 verbis,

1178 3163 1368 3210 exemplis,
1403 3162 1628 3200 auditoribus
1668 3163 1743 3200 suis
1775 3163 2013 3199 commendat.
2061 3161 2105 3197 Et
2148 3161 2226 3199 haec

1177 3223 1314 3266 omnia,
1332 3229 1372 3260 ut
1389 3222 1562 3267 diximus,
1578 3233 1650 3259 non
1660 3231 1726 3269 pro
1743 3219 1948 3267 temporalis
1961 3216 2222 3266 lucri'quaestu,

1178 3285 1241 3322 sed
1260 3295 1326 3331 pro
1348 3291 1494 3322 aeternae
1513 3284 1596 3319 vitae
1614 3280 1802 3327 adeptione
1820 3279 2022 3325 expendere
2038 3285 2219 3327 satagunt.

1178 3344 1300 3384 Tertia
1326 3339 1504 3382 festivitas
1532 3341 1676 3388 ponitur
1692 3338 1890 3376 neomeniae
1905 3337 1998 3382 dies,
2015 3337 2053 3375 in
2071 3348 2141 3386 qua
2165 3338 2220 3377 or.

1175 3407 1291 3444 fertur
1307 3411 1344 3443 et
1357 3403 1489 3447 hostia,
1508 3402 1601 3439 sicut
1614 3400 1788 3446 scriptum
1801 3403 1858 3436 est
1878 3410 1889 3435 ε

1221 3467 1267 3503 In
1284 3464 1452 3502 Kalendis
1474 3468 1600 3504 autem,
1617 3459 1653 3496 id
1671 3465 1733 3502 est,
1751 3459 1788 3495 in
1800 3458 1969 3496 mensium
1983 3456 2152 3506 exordiis,
2167 3457 2222 3508 of-

1175 3526 1294 3572 feretis
1311 3522 1552 3559 holocaustum
1567 3519 1731 3562 Domino.
1746 3518 1872 3555 vitatos
1887 3518 1930 3556 de
1945 3525 2101 3557 amento
2113 3519 2217 3565 duos,

1175 3586 1316 3622 arietem
1342 3593 1465 3625 unum,
1487 3591 1594 3628 uanos
1615 3577 1796 3616 anniculos
1816 3585 1944 3625 septem
1961 3579 2217 3626 immaculatos,

1175 3652 1205 3683 et
1218 3651 1286 3681 tres
1300 3644 1451 3680 decimas
1470 3641 1595 3679 simila:
1607 3650 1800 3688 conspersae
1810 3638 1885 3676 oleo
1895 3650 1957 3693 per
1963 3635 2117 3686 sinqulos
2127 3639 2220 3677 arie-

1175 3715 1245 3749 tes‚·
1260 3711 1292 3741 et
1306 3703 1474 3741 decimam
1490 3702 1633 3739 decimoe
1645 3698 1770 3738 similae
1782 3710 1826 3735 ex
1838 3698 1912 3735 oleo
1920 3699 1958 3735 in
1972 3698 2147 3747 sacrificio
2157 3700 2221 3748 per

1177 3778 1284 3816 agnos
1305 3763 1477 3813 sinentes,
1498 3761 1742 3804 holocautum
1764 3759 1962 3800 suavissimi
1984 3760 2103 3800 odorio
2118 3767 2221 3814 atqu
