2540 4016
289 202 382 242 10¹5

283 341 376 377 1316,
407 339 443 369 61
474 335 754 381 suscipientibus
774 340 1004 372 sacramenta
1021 335 1123 371 verbi
1152 335 1233 378 Dei,
1266 345 1338 371 non

282 396 396 431 otiose
415 405 483 431 nec
501 396 660 442 segniter
678 405 738 432 res
752 396 911 443 gerenda
925 401 992 439 est,
1014 397 1077 432 sed
1093 395 1339 432 festinandum

281 463 336 493 est
365 462 402 493 et
432 458 698 504 perurgendum
723 467 911 504 usquequo
939 458 1061 494 onmia
1095 462 1336 495 transeamus.

283 518 456 554 Transire
472 518 568 553 enim
584 519 705 554 omnia
719 546 729 562 ,
748 519 898 565 implere
917 525 972 556 est
993 519 1114 555 omnia
1135 530 1217 565 quae
1235 530 1338 555 man-

280 582 424 616 dantur.
460 579 691 616 Festinemus
717 590 805 627 ergo
829 581 1003 624 transire,
1035 581 1105 616 hoc
1133 586 1201 624 651,
1225 581 1338 616 adim-

278 640 376 685 plere
393 639 552 684 primum
574 639 670 685 quod
694 639 871 685 scriptum
890 645 967 683 est,
993 651 1005 672 ‹
1033 639 1134 675 Beati
1161 649 1338 685 pauperes

279 701 405 745 spiritu
429 699 573 744 (Matth.
603 698 661 747 v);
686 712 699 735 1
729 705 770 735 111
796 700 959 746 deposita
985 700 1084 735 omni
1113 699 1335 745 arrogantia,

277 766 313 796 et
335 761 468 797 Christi
485 762 688 798 humilitate
703 767 887 808 suscepta,
908 762 1099 808 pervenire
1119 761 1163 796 ad
1179 761 1335 807 promis-

277 833 354 858 sam
383 824 643 860 beatitudinem
672 834 899 867 mereamur;
929 824 991 860 sed
1009 834 1090 859 cum
1112 824 1181 858 1106
1207 822 1336 868 imple-

276 885 447 928 verimus,
468 896 538 921 non
561 886 665 922 nobis
684 887 852 922 standum
876 891 946 929 651,
970 895 1086 930 neque
1104 885 1334 926 cessandum,

277 948 339 982 sed
384 947 600 984 transeunda
633 953 717 983 sunt
754 953 791 983 et
824 953 954 982 caetera
994 956 1073 991 quae
1111 951 1335 991 sequuntur,

278 1012 315 1041 ut
352 1009 553 1043 esuriamus
588 1013 623 1043 et
651 1007 817 1044 sitiamus
848 1007 1040 1053 justitiam.
1060 1007 1336 1041 Transeundum

274 1067 377 1102 nobis
404 1074 459 1103 est
479 1074 515 1103 et
532 1068 625 1112 quod
648 1068 825 1112 sequitur,
848 1071 886 1100 ut
911 1066 946 1100 in
971 1065 1040 1101 hoc
1064 1064 1197 1100 mundo
1217 1064 1335 1109 lugea-

272 1137 379 1162 mus:
401 1129 473 1163 6110
499 1129 609 1163 611301
635 1127 774 1171 reliqua
804 1125 1024 1161 transeunda
1052 1130 1149 1167 sunt,
1172 1131 1213 1159 ut
1235 1134 1335 1158 man-

273 1189 363 1223 sueti
387 1188 599 1231 efficiamur,
619 1193 655 1223 61
672 1194 708 1222 111
728 1186 869 1232 pacifici
890 1195 1115 1228 maneamus,
1131 1189 1167 1220 61
1183 1195 1247 1230 per
1265 1185 1333 1220 hoc
1352 1180 1384 1219 B
1403 1188 1475 1223 6311
1505 1188 1658 1233 superba
1676 1187 1809 1222 moenia
1836 1187 2082 1222 destruantur.
2117 1187 2373 1232 Circumspicis
2392 1188 2467 1223 sor-

270 1251 453 1296 possimus
488 1250 561 1288 filii,
582 1250 645 1285 Dei
678 1259 771 1284 esse.
803 1247 1063 1283 Festinandum
1099 1256 1256 1291 quoque,
1293 1251 1333 1280 ut

269 1311 562 1356 persecutionum
582 1309 722 1354 pondus
738 1309 871 1343 virtute
886 1306 1067 1353 patientiae
1088 1311 1330 1341 transeamus.

270 1369 432 1414 Cumque
463 1369 539 1403 haec
565 1367 708 1413 singula
729 1377 808 1412 quae
831 1367 875 1401 ad
905 1365 1052 1399 virtutis
1073 1363 1224 1408 gloriam
1249 1373 1331 1408 spe-

269 1433 381 1471 ctant,
403 1438 475 1463 non
493 1427 669 1474 segniter,
695 1436 761 1462 nec
781 1426 954 1467 remisse,
974 1423 1037 1460 sed
1055 1433 1138 1459 cum
1157 1423 1254 1458 omni
1274 1423 1330 1458 in-

268 1490 399 1526 stantia
419 1495 455 1526 et
477 1489 663 1525 celeritate
687 1488 950 1533 conquirimus,
982 1486 1050 1521 hoc
1070 1485 1158 1520 mihi
1189 1484 1331 1519 videtur

268 1562 348 1588 6556
367 1561 449 1586 61110
466 1549 698 1586 festinatione
716 1549 872 1584 transire
895 1547 1105 1583 Jordanem.
1125 1546 1214 1582 Cum
1244 1555 1331 1583 vero

268 1614 520 1648 transierimus
552 1618 588 1648 et
618 1612 784 1647 obtinere
810 1611 1036 1657 potuerimus
1064 1620 1144 1656 quae
1168 1610 1331 1646 obtinere

268 1674 441 1709 debemus
457 1700 465 1715 ,
489 1683 635 1708 rursum
658 1672 762 1708 nohis
785 1671 977 1718 diligentiae
1005 1676 1040 1707 et
1072 1669 1221 1705 cautelae
1241 1679 1329 1705 cura

268 1735 450 1777 succedit;
470 1745 515 1770 ne
530 1734 619 1771 sorte
641 1734 878 1780 negligentius
892 1732 1113 1775 incedentes,
1133 1732 1330 1777 improviso

267 1793 388 1839 aliquo
420 1794 523 1839 lapsu
557 1793 787 1830 effundantur
825 1803 970 1840 gressus
1004 1793 1134 1829 nostri.
1166 1792 1267 1828 Sicut
1294 1797 1331 1829 et

266 1855 447 1901 Propheta
473 1855 561 1890 dicit
583 1867 591 1890 ε
617 1867 630 1888 1
661 1854 773 1891 Paulo
804 1854 925 1891 minus
941 1853 1046 1890 effusi
1072 1858 1156 1889 sunt
1183 1863 1329 1899 gressus

266 1916 337 1951 mei
358 1915 470 1963 (Psal.
488 1916 615 1964 Lxxn).
637 1930 650 1952 1

683 1978 835 2016 CAPUT
859 1978 903 2015 V.

265 2054 318 2090 De
334 2054 418 2099 filiis
438 2054 558 2090 Ruben
577 2061 608 2090 et
628 2054 727 2097 Gad,
752 2061 784 2089 et
801 2053 949 2089 dimidia
969 2052 1062 2088 tribu
1087 2051 1273 2095 Manasse,
1295 2058 1327 2088 et

314 2101 496 2136 duodecim
517 2101 691 2146 lapidibus
691 2112 791 2183 ἔασε
808 2102 849 2135 de
864 2100 1033 2136 Jordam's
1053 2099 1150 2135 alveo
1170 2098 1324 2135 transla-
1346 2084 1375 2125 C
1398 2099 1648 2137 subruerimus
1676 2097 1824 2138 moenia,
1856 2096 1950 2141 ipsos
1983 2103 2126 2139 quoque
2161 2093 2206 2128 ad
2244 2092 2464 2127 internecio-

314 2154 366 2183 tos
381 2149 494 2193 posuit
514 2147 622 2182 Josue
638 2147 674 2182 in

314 2222 432 2269 (inm.)
465 2234 475 2253 1
499 2221 581 2256 Filii
600 2231 743 2267 quoque
774 2220 902 2256 Ruben
929 2225 966 2256 et
995 2220 1088 2263 Gad,
1115 2224 1151 2255 61
1179 2219 1327 2255 1110111113

269 2297 282 2319 1
313 2285 429 2320 11111115
453 2283 615 2319 Manasse
631 2310 640 2326 ‚
662 2283 792 2318 armati
812 2282 1065 2328 praecedebant
1082 2282 1175 2317 filios
1202 2280 1324 2323 Israel,

270 2359 282 2379 ‹
313 2346 408 2381 sicut
428 2345 480 2380 eis
505 2349 726 2390 praeceperat
747 2343 902 2390 Moyses.
936 2343 980 2377 Et
1001 2341 1239 2388 quadraginta
1258 2351 1325 2385 pu-

267 2419 280 2440 «
311 2412 503 2453 gnatorum
535 2405 661 2448 millia,
693 2415 760 2450 per
786 2410 925 2439 turmas
951 2408 987 2438 et
1015 2411 1147 2438 cuneos
1180 2401 1325 2437 incede-

268 2481 280 2502 1
311 2469 395 2505 bant
415 2478 478 2514 per
496 2468 604 2513 plana
625 2473 734 2513 atque
751 2465 971 2511 campestria
992 2464 1092 2500 urbis
1115 2462 1275 2499 Jericho.
1309 2475 1321 2497 ›

265 2529 338 2566 Nec
372 2529 558 2565 remissior
598 2528 703 2565 nobis
747 2527 952 2564 sollicitudo
992 2527 1029 2561 in
1068 2524 1326 2562 conservandis

265 2591 371 2627 dehet
398 2599 492 2633 6556,
525 2601 633 2636 quam
665 2591 700 2626 in
733 2589 990 2635 conquirendis
1019 2587 1227 2623 virtutibus.
1254 2585 1326 2621 Aut

262 2664 334 2691 non
356 2655 434 2690 haec
461 2655 524 2690 tibi
547 2654 728 2699 designari
755 2654 924 2690 videntur
948 2653 984 2688 in
1013 2663 1055 2688 eo
1082 2662 1163 2687 cum
1194 2650 1326 2687 dicitur

265 2714 348 2760 qnia
365 2714 602 2760 quadraginta
617 2714 728 2749 millia
752 2715 914 2750 virorum
933 2713 1085 2749 accincti
1107 2716 1143 2747 ct
1159 2710 1322 2755 expediti

264 2774 490 2810 transierunt
514 2774 558 2808 ad
582 2783 738 2819 pugnam
761 2774 797 2808 in
816 2779 1012 2818 conspectu
1032 2771 1175 2807 Domini
1194 2771 1239 2806 ad
1260 2780 1324 2805 ex-

263 2836 494 2884 pugnandam
519 2833 663 2870 Jericho
687 2834 896 2870 civitatem?
915 2834 1157 2879 Requiramus
1183 2831 1243 2877 qui
1266 2830 1326 2865 isti

264 2902 349 2932 sunt
378 2905 469 2941 quos
497 2894 684 2940 Scriptura
706 2894 793 2930 dicit
819 2895 1000 2931 accinctos
1038 2893 1088 2928 vel
1121 2892 1323 2938 expeditos.

264 2955 341 3001 Ego
364 2965 410 2990 ex
445 2954 658 2999 memetipso
684 2963 903 2999 praesumere
933 2952 1067 2997 aliquid
1101 2956 1136 2986 et
1160 2960 1323 2996 pronun-

267 3013 358 3050 tiare
373 3023 445 3048 non
461 3013 588 3048 audeo.
610 3013 772 3058 Apostoli
789 3013 903 3058 magis
923 3012 1054 3047 litteris
1072 3012 1267 3046 doceamur
1286 3010 1323 3045 in

265 3075 413 3112 talibus.
437 3073 504 3117 Qui
526 3078 611 3107 sunt
639 3073 699 3108 isti
717 3073 870 3108 accincti
892 3072 1004 3108 Paulo
1031 3078 1234 3117 exponente
1253 3070 1324 3106 dis-

266 3146 405 3176 camus.
433 3136 523 3175 Audi
542 3139 619 3184 ipse
635 3133 722 3179 quid
742 3133 830 3168 dicit
847 3143 856 3168 t
879 3145 891 3166 ‹
922 3132 1047 3168 Estote
1065 3141 1151 3178 crgo
1172 3131 1322 3167 accincti

266 3203 407 3239 lumbos
432 3207 573 3238 vestros
594 3201 631 3236 in
647 3198 798 3235 veritate
825 3196 970 3243 (Ephes.
990 3195 1055 3242 vi).
1082 3209 1092 3228 ›
1115 3193 1225 3230 Vides
1239 3203 1325 3240 ergo

267 3263 353 3309 quia
375 3261 509 3297 Paulus
539 3260 723 3296 accinctus
749 3257 849 3292 novit
871 3264 933 3291 eos
951 3255 1012 3300 qui
1032 3253 1217 3300 praecincti
1244 3257 1327 3287 sunt

268 3322 411 3368 cingulo
435 3321 612 3357 veritatis.
634 3319 746 3365 Igitur
771 3317 881 3353 etiam
903 3319 1064 3351 nostrum
1093 3322 1174 3349 esse
1201 3313 1326 3358 cingu-

267 3381 342 3417 lum
364 3382 499 3417 veritas
527 3381 647 3422 debet,
680 3379 710 3415 si
743 3383 864 3413 tamen
897 3375 1160 3412 servaverimus
1189 3372 1326 3409 militiae

268 3441 374 3487 hujus
398 3447 435 3477 et
462 3441 595 3487 cinguli
625 3443 908 3476 sacramentum.
941 3435 980 3472 Si
999 3435 1097 3471 enim
1113 3434 1250 3470 veritas
1269 3437 1326 3468 est

269 3503 452 3548 cingulum
473 3507 638 3537 nostrum
656 3510 728 3546 quo
746 3498 882 3536 Christi
913 3496 1042 3532 militia
1070 3493 1261 3541 cingimur,
1292 3492 1324 3529 si

269 3565 413 3610 quando
426 3563 556 3600 falsum
575 3563 756 3608 loquimur
771 3566 807 3597 et
823 3558 1048 3595 mendacium
1065 3556 1108 3592 dc
1126 3565 1190 3592 ore
1202 3560 1326 3591 nostro

270 3625 455 3670 procedit,
488 3612 725 3670 discingimur
751 3631 774 3657 a
803 3619 931 3656 militia
959 3615 1116 3659 Christi,
1143 3620 1180 3651 et
1205 3614 1326 3650 balteo

271 3684 457 3721 charitatis
475 3684 708 3720 exsolvimur.
727 3680 850 3718 Simus
871 3687 958 3725 ergo
976 3677 1015 3712 in
1032 3675 1184 3712 veritate
1202 3674 1326 3718 cincti,

272 3752 320 3780 ne
337 3745 449 3780 simus
467 3745 505 3780 in
522 3744 682 3780 falsitate
697 3740 882 3784 discincti;
901 3738 966 3775 sed
978 3746 1045 3774 nos
1062 3735 1247 3772 imitemur
1263 3743 1329 3781 po—

273 3803 346 3840 tius
362 3805 451 3841 istos
467 3805 724 3853 quadragesies
741 3802 842 3841 mille
857 3801 955 3839 vims
973 3798 1172 3850 accinctos,
1192 3798 1328 3844 praee&

723 2147 862 2193 alqalis.

716 201 758 237 B.
787 201 957 238 RABANI
981 201 1130 240 MAURI
1153 201 1368 238 ARCHIEP.
1396 200 1602 241 MOGUNT.
1627 203 1820 242 OPERUM
1845 204 1968 241 PARS
1989 217 2019 240 1.

285 276 370 323 quia
387 274 491 311 nohis
515 285 660 323 quoque
677 277 906 313 venientibus
929 276 975 312 ad
994 276 1215 322 baptismum
1241 276 1339 311 salu·
1358 278 1393 317 A
1409 276 1535 314 dentes
1551 278 1588 313 in
1602 281 1797 325 conspectu
1817 279 1972 322 Domini,
1991 283 2028 314 61
2048 287 2190 324 semper
2211 277 2326 315 simus
2346 278 2384 314 in
2398 285 2466 316 vex

2370 183 2448 240 iot

1407 338 1514 376 ritate
1535 340 1723 377 succincti.
1751 339 1816 377 Vis
1841 340 1952 386 igitur
1978 340 2117 376 discere
2137 349 2218 385 quae
2243 349 2311 376 nos
2335 349 2433 387 pugn
2456 336 2458 340 '

1405 403 1489 444 post
1505 400 1724 446 baptismum
1737 426 1747 443 ‚
1771 410 1851 445 quae
1877 399 1970 436 bella
2000 398 2220 444 suscipiant,
2239 399 2314 436 noli
2347 409 2370 436 a
2391 403 2459 436 me'

1407 460 1470 496 sed
1485 461 1530 497 ab
1547 461 1627 507 ipso
1643 470 1772 496 rursus
1789 460 1889 495 disce
1909 458 2094 504 Apostolo.
2119 458 2199 505 Ipse
2214 464 2251 496 te
2267 459 2388 505 docet,
2409 455 2473 498 111-Ἰ

1406 530 1492 557 6605
1512 533 1521 556 :
1547 532 1559 554 ‹
1579 520 1657 556 Non
1673 520 1770 555 enim
1783 519 1887 556 nobis
1903 524 1959 555 est
1979 530 2099 565 pugna
2127 520 2301 557 adversus
2319 532 2468 562 carnem

1405 585 1442 615 et
1461 580 1672 626 sanguinem
1689 605 1700 623 ,
1725 580 1788 615 sed
1807 579 1981 615 adversus
2001 579 2182 626 principes
2197 586 2234 618 et
2249 587 2462 630 potestates,

1406 641 1581 676 adversus
1599 640 1724 675 mundi
1748 638 1855 684 hujus
1879 644 2040 676 rectores
2062 641 2295 677 tenebrarum
2320 643 2467 690 harum,

1405 702 1579 737 adversus
1613 701 1789 746 spiritalia
1819 700 1990 747 nequitiae
2021 701 2059 736 in
2089 701 2298 738 coelestibus
2319 703 2465 750 (Ephes.

1403 761 1470 808 v1.)
1491 775 1503 795 1
1534 761 1675 797 Formae
1694 766 1778 797 sunt
1807 766 1844 797 et
1873 760 1998 808 tigurae
2025 771 2106 807 quae
2131 763 2267 808 scripta
2297 771 2390 799 sunt.
2414 765 2468 801 Ita

1403 823 1500 858 enim
1519 822 1605 858 dicit
1628 821 1846 868 Apostolus:
1873 834 1885 855 ‹
1920 820 2004 857 Haec
2029 822 2126 857 enim
2147 823 2270 858 omnia
2292 823 2329 859 10
2351 825 2466 870 figura
2496 860 2499 861 γ

1405 882 1662 928 contingebant
1682 882 1753 918 illis
1771 891 1780 916 :
1805 882 1939 927 scripta
1959 886 2042 917 sunt
2061 887 2183 918 autem
2202 883 2248 919 ad
2268 885 2468 930 correptio·
2499 877 2510 898 ἶ

1404 954 1485 979 0601
1507 949 1690 986 nostram,
1713 943 1749 978 in
1769 953 1859 988 quos
1883 942 1974 978 fines
2006 943 2220 979 saeculorum
2246 945 2467 982 devenerunt

1404 1006 1439 1054 (Ι
1458 1006 1538 1041 Cor.
1560 1005 1613 1052 x).
1648 1018 1659 1039 ›
1697 1005 1734 1040 Si
1753 1015 1839 1051 ergo
1860 1010 2010 1050 propter
2030 1015 2096 1040 nos
2115 1006 2248 1051 scripta
2269 1011 2364 1049 sunt,
2385 1017 2465 1053 age,

1402 1067 1489 1113 quid
1507 1067 1656 1102 cessas?
1688 1066 1868 1101 Exeamus
1886 1065 1931 1100 ad
1951 1065 2106 1108 bellum,
2138 1071 2177 1100 ut
2196 1072 2424 1112 expugnetur
2445 1077 2466 1102 a

1402 1127 1506 1162 nobis
1529 1127 1656 1163 civitas
1675 1127 1793 1172 prima
1813 1126 1919 1171 hujus
1939 1126 2078 1169 mundi,
2098 1132 2134 1162 et
2151 1127 2312 1170 malitiae,
2331 1132 2367 1163 et
2382 1138 2468 1174 pec-

1402 1251 1499 1282 tasse
1517 1257 1587 1291 quo
1604 1247 1669 1282 tibi
1687 1246 1817 1281 itinere
1836 1245 2139 1290 progrediendum
2153 1246 2214 1288 sit,
2236 1246 2298 1290 qui
2314 1257 2465 1292 campus

1400 1306 1608 1342 certaminis
1636 1306 1859 1350 expetendus
1883 1306 2031 1350 (novum
2054 1304 2120 1339 tibi
2152 1304 2307 1341 fortasse
2326 1306 2464 1342 videbi-

1403 1374 1474 1410 tur,
1494 1368 1590 1412 quod
1607 1366 1770 1402 dicturus
1787 1375 1881 1407 sum,
1902 1365 1964 1400 sed
1981 1369 2102 1400 tamen
2126 1375 2254 1401 verum
2272 1365 2356 1412 est),
2372 1376 2466 1411 prae-

1407 1435 1463 1464 ter
1484 1428 1714 1473 temetipsum
1747 1433 1784 1462 et
1816 1427 2044 1463 extrinsecus
2073 1427 2262 1472 requiras?
2296 1426 2463 1463 Praelium
2523 1447 2540 1472 ξ

1400 1490 1494 1525 intra
1514 1495 1549 1525 te
1572 1495 1646 1532 est;
1666 1490 1761 1534 quod
1781 1494 1949 1534 gesturus
1967 1498 2020 1532 es,
2040 1489 2259 1525 intrinsecus
2274 1494 2342 1525 est.
2370 1489 2463 1525 Mala
2519 1499 2540 1535 ,ι

1399 1549 1462 1585 1113
1481 1549 1670 1584 aedificatio
1686 1559 1764 1595 quae
1783 1549 1992 1585 subruenda
2012 1554 2082 1592 est,
2104 1549 2219 1586 hostis
2237 1555 2321 1585 tuus
2341 1550 2384 1586 de
2403 1555 2466 1587 tuo
2520 1556 2540 1597 ἶ

1399 1612 1508 1647 601116
1527 1610 1704 1657 procedit.
1743 1611 1821 1647 Non
1852 1622 1930 1647 mea
1954 1622 2023 1647 vox
2052 1612 2134 1655 ista,
2156 1613 2219 1647 sed
2236 1611 2372 1647 Christi
2395 1617 2463 1647 est.

1398 1671 1612 1707 Audivimus
1631 1672 1749 1717 ipsum
1769 1671 1950 1707 dicentem
1968 1684 1976 1706 ε
2000 1684 2012 1704 1
2031 1671 2082 1707 De
2097 1672 2206 1707 corde
2224 1672 2320 1707 enim
2334 1681 2462 1718 proce-

1399 1732 1490 1768 dunt
1505 1732 1741 1779 cogitationes
1761 1731 1877 1774 malae,
1899 1731 2107 1774 homicidia,
2127 1730 2322 1774 adulteria,
2346 1730 2463 1766 sorni·
2523 1732 2540 1770 ’ἓ

1399 1793 1572 1834 63110065,
1597 1791 1703 1834 furta,
1727 1790 1816 1827 falsa
1835 1791 2057 1835 testimonia,
2074 1791 2324 1837 blasphemiae,
2345 1790 2465 1826 avari·
2526 1796 2540 1828 :

1398 1855 1463 1898 tia,
1495 1854 1671 1899 nequitia,
1699 1853 1770 1890 doli
1799 1851 1945 1900 (Matth.
1976 1851 2052 1899 xv).
2081 1864 2093 1886 ›
2125 1850 2234 1887 Vides
2254 1855 2410 1896 quantus
2429 1855 2466 1886 et
2524 1848 2540 1890 ’ξ

1398 1917 1514 1964 qualis
1532 1916 1713 1952 exercitus
1731 1914 1889 1951 hostium
1907 1918 2051 1949 tuorum
2070 1912 2262 1948 adversum
2284 1916 2319 1946 16
2339 1911 2382 1946 116
2403 1917 2465 1947 tuo
2520 1907 2540 1968 ,ᾗ

1396 1979 1506 2015 601116
1523 1977 1709 2024 procedit?
1737 1976 1799 2012 Isti
1821 1976 1925 2011 nobis
1957 1975 2074 2020 prima
2095 1979 2215 2019 strage
2236 1971 2464 2008 confodiendi
2525 1978 2540 2023 j

1398 2043 1492 2081 sunt,
1528 2038 1587 2073 isti
1617 2037 1734 2082 prima
1757 2036 1834 2071 acic
1865 2034 2119 2079 prosternendi
2144 2039 2239 2068 sunt.
2270 2032 2406 2067 Horum
2428 2031 2460 2066 si
2518 2029 2540 2116 ἒ

1396 2175 1480 2201 06111
1499 2164 1639 2200 exedere
1657 2161 1877 2208 poterimus;
1902 2159 1949 2194 ita
1976 2163 2017 2194 ut
2036 2167 2107 2193 1100
2132 2156 2381 2201 relinquamus
2400 2155 2462 2200 qui

1396 2223 1580 2259 renuntiet
1597 2221 1652 2257 vel
1673 2221 1841 2266 respiret.
1864 2219 1902 2255 Si
1926 2219 2002 2264 jam
2021 2216 2140 2252 nullus
2164 2227 2208 2253 ex
2230 2216 2286 2252 his
2311 2225 2464 2262 prorsus

1397 2285 1433 2319 in
1462 2284 1598 2319 nostris
1629 2281 1911 2328 cogitationibus
1946 2279 2128 2315 redivivus
2159 2278 2345 2324 eruperit,
2377 2283 2463 2314 tunc

1395 2346 1502 2382 nobis
1530 2355 1594 2392 per
1621 2344 1746 2380 Jesum
1767 2343 1911 2378 dabitur
1931 2341 1992 2376 illa
2012 2341 2172 2387 requies,
2201 2344 2242 2374 ut
2260 2339 2458 2385 unusquis-

1395 2419 1465 2455 que
1496 2406 1701 2452 requiescat
1720 2405 1786 2440 sub
1817 2404 1889 2438 vite
1907 2413 1971 2438 sua
1987 2429 1996 2445 ,
2022 2408 2058 2437 61
2077 2402 2143 2437 sub
2171 2401 2242 2436 ficu
2267 2411 2351 2443 sua,
2379 2410 2462 2435 cum
2523 2446 2540 2450 ᾗ

1391 2469 1468 2516 jam
1487 2478 1560 2503 non
1581 2467 1627 2502 sit
1649 2465 1709 2510 qui
1730 2467 1914 2499 exterreat
1942 2461 2035 2497 filios
2058 2460 2181 2496 lsrael.
2203 2460 2462 2495 Verumtamen
2524 2456 2540 2484 J

1396 2535 1587 2566 transeunt
1605 2526 1799 2562 Jordanem
1825 2523 2065 2570 quadraginta
2085 2515 2197 2557 millia
2220 2521 2382 2556 virorum
2401 2530 2462 2554 ar-
2530 2535 2540 2562 1

1395 2596 1578 2627 matorum
1598 2615 1608 2631 ,
1639 2586 1789 2623 accincti
1810 2586 1847 2620 in
1867 2588 2062 2629 conspectu
2081 2581 2226 2618 Domini
2243 2581 2288 2616 ab
2303 2580 2459 2624 bellum;
2525 2585 2540 2647 Ξ

1397 2656 1433 2687 61
1465 2656 1553 2685 tunc
1587 2649 1675 2684 dicit
1707 2646 1896 2692 Scriptura
1921 2653 1930 2678 :
1954 2643 2024 2678 110
2055 2642 2192 2678 d-ieillo
2217 2640 2462 2687 magnificavit
2525 2649 2540 2688 3

1400 2726 1412 2747 ‹
1443 2712 1614 2749 Dominus
1626 2710 1734 2746 Josue
1750 2717 1872 2744 coram
1885 2705 1985 2742 omni
1998 2704 2122 2747 Israel,
2133 2708 2173 2739 ut
2187 2703 2358 2739 timerent
2371 2711 2458 2738 eum
2522 2689 2540 2759 j

1400 2785 1412 2806 ‹
1443 2772 1536 2807 sicut
1553 2776 1588 2806 et
1607 2770 1803 2806 timuerant
1826 2766 1972 2813 Moysen
1985 2792 1994 2808 ‚
2013 2764 2098 2800 dum
2115 2763 2233 2798 adhuc
2251 2761 2410 2804 viveret,
2441 2773 2456 2795 1

1395 2833 1597 2877 etreliqua.
1624 2830 1760 2865 Fuerat
1788 2828 1932 2873 quidem
1951 2826 2022 2862 ista
2043 2823 2236 2860 exsultatio
2257 2821 2331 2858 filio
2346 2820 2458 2864 Nave,

1395 2898 1435 2929 ut
1470 2894 1541 2928 dux
1566 2890 1688 2936 populi
1723 2889 1819 2924 illius
1853 2886 1948 2933 apud
1979 2895 2042 2921 eos
2066 2893 2157 2929 quos
2189 2881 2336 2928 regebat
2362 2886 2460 2916 esset

1395 2951 1623 2999 magnificus.
1668 2949 1798 2985 Noster
1829 2956 1916 2983 vero
1947 2944 2075 2987 Jesus,
2116 2941 2290 2978 Dominus
2325 2949 2456 2982 meus,

1396 3014 1469 3050 dux
1504 3018 1540 3048 et
1573 3016 1694 3047 rector
1729 3007 1851 3056 populi
1890 3004 2018 3051 hujus,
2055 3001 2237 3050 quomodo
2273 2999 2457 3036 exaltatur

1393 3073 1431 3108 in
1462 3076 1659 3118 conspectu
1686 3070 1804 3106 omnis
1832 3066 1976 3115 generis
2012 3064 2169 3100 filiorum
2195 3061 2307 3098 lsrael
2336 3059 2458 3095 videa-

1393 3143 1475 3169 mus
1497 3144 1505 3167 :
1528 3142 1594 3178 ego
1623 3130 1780 3166 arbitror
1795 3127 1891 3174 quod
1908 3127 1985 3172 ipse
2009 3133 2153 3170 semper
2186 3121 2282 3167 apud
2312 3119 2457 3155 Patrem

1394 3193 1574 3230 exaltatus
1602 3196 1658 3227 651
1690 3197 1726 3226 61
1758 3189 1941 3229 excelsus,
1969 3185 2031 3222 sed
2055 3185 2125 3220 hoc
2151 3192 2243 3228 opus
2264 3185 2321 3217 est
2352 3185 2392 3214 ut
2417 3178 2456 3214 10
2508 3198 2513 3226 1

1395 3258 1592 3298 conspectu
1605 3257 1730 3287 nostro
1745 3249 1881 3285 exaltet
1898 3247 1997 3282 illum
2013 3246 2108 3280 Deus
2124 3243 2246 3278 Pater.
2265 3240 2457 3276 Exaltatur

1395 3317 1514 3348 autem
1550 3311 1586 3345 in
1611 3313 1806 3354 conspectu
1836 3316 1933 3348 meo,
1960 3314 2043 3340 cum
2076 3302 2164 3338 mihi
2193 3299 2398 3336 sublimitas
2417 3303 2454 3333 et

1395 3371 1569 3409 celsitudo
1591 3367 1790 3406 divinitatis
1806 3365 1885 3410 eJus
1901 3365 2078 3410 aperitur.
2095 3361 2247 3406 Quando
2264 3370 2351 3406 ergo
2365 3358 2453 3394 mihi

1394 3431 1535 3469 excelsa
1554 3428 1631 3474 ejus
1648 3426 1847 3464 divinitatis
1864 3423 2022 3461 revelata
2039 3422 2143 3459 sunt?
2163 3421 2265 3457 Tunc
2289 3419 2454 3466 profecto

1395 3503 1478 3530 cum
1494 3490 1688 3528 Jordanem
1715 3486 1928 3527 transirem}
1946 3484 2058 3520 variis
2075 3481 2316 3520 sacramentis
2330 3480 2453 3516 {utura

1393 3562 1496 3588 arma
1515 3555 1675 3587 tenerem
1693 3547 1741 3584 ad
1759 3545 1896 3593 praelia.
1919 3557 1931 3579 ‹
1956 3544 2002 3580 Et
2029 3544 2248 3583 timuerunt,
2273 3553 2288 3575 ‹
2310 3540 2450 3586 inquit,

1397 3625 1410 3647 1
1433 3612 1556 3649 lesum
1587 3610 1680 3647 sicut
1711 3607 1906 3644 timuerant
1924 3605 2084 3652 Moysen.
2105 3616 2118 3639 1
2140 3601 2267 3639 Omnis
2298 3600 2360 3646 qui
2383 3599 2452 3636 sub

1393 3673 1473 3720 lege
1491 3675 1548 3707 est
1561 3696 1571 3714 ‚
1591 3669 1694 3705 timet
1719 3666 1884 3714 Moysen;
1905 3675 1987 3702 cum
2018 3673 2105 3702 vero
2138 3661 2186 3699 ad
2215 3659 2451 3707 Evangelium

1392 3743 1440 3770 ex
1462 3731 1541 3778 lege
1565 3727 1764 3772 transierit,
1783 3732 1921 3764 mutata
1953 3723 2182 3764 observantia
2213 3726 2378 3761 mutatur
2412 3723 2476 3764 eb⁸

1395 3793 1504 3830 timor
1517 3818 1530 3836 ,
1565 3789 1659 3828 sicut.
1686 3787 1880 3836 Apostolus
1912 3786 2000 3826 dicit
2024 3797 2039 3823 z
2073 3796 2088 3820 1
2120 3783 2198 3832 Ego
2232 3787 2357 3826 10110111
2371 3788 2453 3830 ω
