2540 4016
342 278 408 316 267

341 354 449 402 xxv),
467 354 539 396 ait;
557 355 593 387 et
609 357 713 386 renes
730 343 787 381 uri
805 348 840 378 at
1100 393 1108 400 ²
1355 386 1362 393 ·

340 417 398 456 cui
411 419 564 459 utraque
576 410 739 457 poterant
753 399 991 439 testimouium
1006 393 1212 441 perhibere.
1229 388 1270 425 In
1285 396 1382 457 reni-

339 479 406 514 bus
420 476 499 515 istis
510 473 618 511 etiam
632 466 778 506 seminis
791 472 899 500 causa
916 464 986 501 est,
999 456 1094 494 unde
1108 459 1144 491 et
1158 459 1383 490 commumo-

337 546 420 572 nem
436 543 518 570 cum
531 528 726 567 femoribus
742 523 886 565 habere,
902 519 963 565 qui
981 516 1049 564 ipsi
1064 513 1255 552 coitalibus
1271 510 1385 548 actio-

338 595 443 631 nibus
459 592 530 628 vim
547 587 730 635 praebent,
753 585 936 629 putantur.
958 576 1043 613 Vult
1061 584 1150 620 ergo
1177 578 1214 609 et
1240 570 1384 617 nuptia-

337 663 415 690 rum
433 647 647 687 desiderium
674 642 794 680 offerri
821 640 918 682 Deo,
949 642 989 673 ut
1015 635 1129 684 prolis
1160 642 1290 675 causa,
1312 639 1385 666 non

335 709 600 751 fornicationis,
629 704 837 752 proveniat,
869 706 904 737 et
935 695 1152 736 honorabile
1181 694 1228 731 sit
1257 691 1384 738 conju-

335 773 429 821 gium
455 776 492 807 et
521 769 644 804 thorus
671 761 934 802 immaculatus.
969 757 1040 795 Sed
1068 762 1104 793 et
1131 757 1203 792 hoc
1231 753 1327 800 quod
1348 752 1385 788 in

336 834 440 871 nobis
458 836 513 868 est
537 827 714 866 irascibile
735 826 809 861 Deo
829 822 934 859 debet
955 820 1099 863 offerri,
1123 818 1174 854 sic
1194 817 1292 853 enim
1313 824 1385 851 non

311 891 320 902 ²
337 896 382 932 ad
400 892 641 940 operationem
660 886 800 935 peccati
814 913 823 929 ‚
845 885 907 921 sed
927 883 972 918 ad
990 879 1277 918 destructionem
1296 886 1384 923 pec-

337 956 407 992 cati
427 953 532 990 irasci
550 950 747 998 poterimus
761 976 770 992 ‚
791 953 827 983 et
854 945 966 982 David
986 944 1021 979 in
1043 942 1148 978 nobis
1177 938 1386 985 implebitur

337 1015 522 1062 Scriptura
544 1026 552 1048 :
574 1010 774 1048 Irascimini
802 1014 831 1044 et
860 1007 965 1043 nolite
991 1015 1134 1052 peccare
1156 1001 1284 1051 (Psal.
1305 1011 1341 1036 ιν
1356 997 1383 1046 ).

338 1076 427 1120 Quia
446 1073 543 1112 enim
563 1077 618 1109 est
637 1071 690 1106 ira
710 1069 856 1116 placens
877 1067 971 1109 Deo,
994 1065 1137 1111 quando
1159 1073 1229 1099 non
1252 1062 1295 1097 ad
1323 1071 1387 1096 no-

339 1136 491 1173 cendum
503 1161 512 1177 ‚
529 1133 592 1170 sed
610 1132 654 1168 ad
673 1130 922 1177 corrigendum
941 1127 1103 1174 prolicit,
1118 1127 1247 1172 probat
1264 1129 1387 1171 aperte

339 1197 433 1243 quod
447 1196 601 1242 primum
617 1194 659 1230 de
675 1193 794 1239 Moyse
808 1192 843 1227 in
860 1190 983 1226 Exodo
999 1189 1184 1229 scribitur,
1202 1187 1250 1222 ait
1265 1186 1382 1221 enim:

758 267 798 302 B.
825 242 990 300 RABANi
1016 244 1165 292 naum
1190 247 1406 287 ARCHIEP.
1424 236 1642 296 ⁴iiocurrr.
1669 234 1862 282 omnim
1887 236 2057 279 PARS-1.

2445 224 2519 275 2⁰8

842 348 909 388 que
927 346 988 374 cor
1005 330 1222 380 postulavit,
1242 331 1283 363 ut
1298 328 1384 373 pote
1402 324 1440 366 Α
1454 328 1487 359 et
1501 321 1635 359 cunctis
1660 319 1873 357 habitaculis
1891 316 2011 356 vestris
2023 345 2032 362 ,
2055 325 2118 352 nec
2137 313 2276 361 adipem
2293 322 2355 350 nec
2371 312 2517 361 sanqui-

1454 396 1533 421 nem
1552 385 1695 421 omnino
1712 381 1911 421 comedetis.
1934 380 2006 429 (Ex
2025 375 2232 426 Hesychia.)
2252 375 2369 421 Quem
2386 376 2517 414 bovem

1454 445 1604 489 offerre,
1628 453 1664 482 et
1685 454 1794 491 quem
1817 453 1946 479 rursus
1964 451 2091 485 ovem,
2114 448 2222 486 quem
2240 446 2328 475 vero
2349 437 2515 483 capram,

1454 508 1644 556 legislator
1661 506 1856 554 praecepit,
1878 505 1965 542 olim
1984 503 2022 540 in
2042 502 2099 539 his
2118 512 2200 548 quae
2226 499 2270 537 de
2295 495 2520 536 holocaustis

1456 569 1554 605 dicta
1574 572 1659 603 sunt
1679 566 1913 615 exposuimus
1935 577 1944 600 :
1972 574 2059 611 ergo
2077 564 2208 600 bovem
2227 559 2398 607 legalium
2415 566 2520 596 man-

1454 627 1625 664 datorum
1646 631 1879 675 operatorem
1898 625 2140 676 ostendimus.
2162 614 2256 660 Oves
2280 626 2401 658 autem
2432 621 2520 658 sim-

1453 687 1566 735 plices
1585 697 1665 724 esse
1685 687 1842 723 diximus
1855 714 1863 729 ,
1887 696 2016 733 capras
2037 683 2149 720 etiam
2169 681 2353 730 simplices
2372 682 2519 729 quidem

1454 754 1619 785 versatos
1639 749 1673 784 in
1695 746 1878 794 peccatis,
1899 747 1964 783 sed
1992 751 2113 782 tamen
2141 748 2269 791 postea
2297 753 2516 788 conversos;

1456 809 1518 846 sed
1540 809 1588 845 ibi
1611 810 1738 845 ovibus
1760 809 1870 844 etiam
1891 816 2086 854 caprarum
2109 804 2329 842 sacrificium
2349 803 2518 848 miscuit,

1457 870 1508 906 ait
1528 869 1624 907 enim
1644 882 1651 904 :
1676 869 1778 912 Quod
1794 869 1824 904 si
1843 868 1885 903 de
1902 867 2084 914 pecoribus
2103 866 2232 903 oblatio
2249 871 2320 910 est,
2338 864 2381 901 de
2398 864 2518 901 ovibus

1455 935 1526 970 sive
1540 934 1582 970 de
1599 934 1713 980 capris
1729 932 1973 968 holocaustum
1985 959 1993 974 ,
2012 929 2219 967 anniculum
2234 929 2361 976 absque
2377 923 2520 965 macula

1456 994 1622 1041 offerret,·
1650 993 1746 1030 LXX
1773 999 1892 1029 antem
1921 991 1974 1028 sic
2001 991 2142 1028 edunt:
2168 990 2208 1027 Si
2236 990 2279 1026 ab
2302 989 2422 1026 ovibus
2444 1000 2520 1025 mu-

1457 1068 1522 1092 nus
1540 1057 1615 1103 cjus
1635 1056 1677 1092 ab
1696 1055 1796 1102 aquis
1813 1061 1845 1090 et
1862 1054 1972 1089 hoedis
1986 1054 2023 1089 in
2038 1052 2302 1096 holocaustum,
2322 1050 2519 1087 masculum

1456 1117 1724 1154 immaculatum
1740 1115 1863 1162 offeret
1877 1114 1991 1150 illum.
2009 1113 2100 1158 Quia
2115 1123 2200 1150 oves
2216 1123 2330 1160 genus
2346 1110 2521 1158 quodam-

1457 1179 1565 1216 modo
1593 1188 1674 1214 esse
1702 1187 1877 1224 agnorum
1908 1181 1944 1211 ct
1970 1175 2157 1211 haedorum
2188 1173 2388 1228 complexi,
2408 1170 2520 1208 Vetus

340 1257 493 1305 Cumque
513 1255 819 1303 appropinquasset
839 1252 884 1287 ad
905 1257 1044 1294 castra,
1064 1249 1147 1284 vidit
1178 1247 1323 1283 vitulum
1353 1252 1384 1281 et
1405 1231 1436 1270 Β
1457 1241 1730 1277 Testamentum
1757 1237 1971 1280 aestimavit,
1993 1236 2155 1272 invenies
2174 1245 2248 1271 non
2269 1234 2329 1270 hic
2357 1238 2519 1279 tantum,

341 1318 484 1360 choros,
505 1316 680 1361 iratusque
699 1312 797 1350 valde
815 1312 959 1359 prnjecit
979 1311 1020 1346 de
1040 1321 1145 1346 manu
1175 1307 1332 1351 tabulas,
1354 1312 1386 1342 et

340 1378 507 1424 consreqit
526 1388 583 1412 eas
604 1376 648 1411 ad
670 1375 822 1410 radicem
839 1373 988 1415 montis,
1011 1377 1080 1408 etc.
1102 1371 1231 1419 (Ecrocl.
1253 1368 1384 1415 xxxn).

339 1438 440 1481 Quod
466 1442 585 1474 autem
614 1436 650 1471 in
677 1436 805 1480 hepate
836 1431 1132 1478 concupiscentia¹
1159 1430 1387 1476 requiescere

338 1504 521 1544 putantur,
546 1502 736 1543 propterca
759 1495 931 1541 pinnam,
956 1495 991 1529 id
1017 1499 1091 1536 est,
1120 1492 1386 1536 summitatem,

340 1558 472 1595 auferri
491 1569 573 1595 cum
594 1558 738 1594 renibus
757 1556 950 1604 praecepit,
974 1561 1009 1592 ct
1029 1555 1153 1591 offerri
1173 1556 1219 1591 ad
1245 1554 1359 1590 altare
1377 1567 1386 1589 :

339 1623 378 1654 ut
402 1619 446 1654 ab
470 1618 565 1654 omni
590 1617 684 1652 mala
710 1616 950 1652 delectatione
975 1615 1206 1656 mundemur,
1234 1614 1390 1650 scientes

341 1679 424 1725 quia
442 1678 624 1724 primitiva
643 1677 903 1724 cogitationum
922 1681 1128 1711 nostrarum
1148 1675 1222 1711 Deo
1241 1683 1389 1711 necesse

342 1741 516 1778 habemus
550 1739 703 1782 offerre,
743 1737 1012 1774 sanctificantes
1041 1747 1106 1783 per
1134 1737 1390 1775 delibationem

341 1808 379 1838 et
402 1811 572 1838 massam.
602 1800 855 1836 Verumtamen
890 1799 938 1834 ita
958 1808 996 1834 se
1023 1799 1104 1844 quis
1135 1798 1240 1834 debet
1270 1798 1392 1844 dispo-

340 1871 440 1905 nere,
461 1865 499 1896 ut
517 1870 622 1896 omne
642 1859 857 1896 desiderium
886 1864 922 1895 et
945 1858 1170 1905 propositum
1199 1856 1392 1902 cujuslibet

341 1920 492 1956 actionis
526 1925 562 1956 et
598 1919 944 1956 consummationem
983 1918 1056 1953 Deo
1090 1917 1240 1961 offerat,
1274 1919 1337 1954 sed
1371 1928 1392 1953 a

340 1982 433 2018 mala
454 1982 507 2017 ira
524 1986 560 2017 et
580 1991 602 2017 a
622 1980 684 2015 tali
705 1980 943 2016 delectatione
964 1979 1133 2014 mundari
1154 1977 1276 2014 debet.
1298 1978 1389 2013 Pro-

340 2048 463 2090 pterea
483 2043 578 2078 enim
597 2046 735 2077 motum
754 2042 816 2078 irae
836 2047 873 2079 et
891 2040 1171 2077 delectationum
1190 2040 1370 2088 primitias
1382 2068 1391 2083 ‚

342 2107 530 2152 ipsumque
550 2109 664 2140 totum
684 2101 912 2150 conjugium,
934 2112 999 2150 per
1026 2102 1175 2148 pinnam
1196 2102 1337 2148 hepatis
1356 2107 1394 2138 et

343 2176 470 2204 renum
499 2164 646 2208 offeret,
675 2170 845 2210 recteque
870 2170 988 2210 potest
1018 2174 1119 2200 suam
1148 2164 1394 2201 conversatio-

345 2237 425 2263 nem
455 2226 499 2262 ad
518 2235 712 2272 supernum
732 2225 846 2261 altare
866 2224 1013 2268 offerre,
1036 2230 1073 2262 et
1093 2236 1201 2273 super
1224 2225 1393 2262 holocau-

346 2294 399 2324 sta
414 2314 423 2330 ,
450 2292 486 2323 et
507 2297 613 2335 super
634 2287 728 2333 ligna
754 2297 833 2333 quae
857 2291 940 2322 sunt
963 2296 1070 2332 snper
1091 2286 1223 2332 ignem.
1253 2285 1392 2321 Secun-

345 2350 429 2384 dum
447 2349 543 2384 enim
573 2349 742 2384 mandata
766 2347 912 2393 spiritus
936 2352 1184 2389 conversatur,
1218 2351 1255 2382 et
1276 2346 1395 2382 hostia

344 2410 416 2446 Deo
449 2408 652 2446 suavissimi
686 2408 808 2444 odoris
841 2407 1005 2444 efficitur.
1041 2407 1164 2442 Placet
1196 2407 1329 2453 quippe
1360 2406 1394 2442 ei

344 2470 516 2517 perlicere
535 2470 713 2513 fructum,
733 2480 803 2505 non
832 2469 948 2505 solum
974 2468 1233 2511 centesimum,
1265 2468 1328 2503 sed
1357 2473 1394 2503 et

345 2532 610 2579 sexagesimum
627 2536 663 2568 ct
679 2531 914 2567 tricesimum.
938 2530 977 2566 Si
996 2541 1073 2566 vero
1091 2530 1133 2565 de
1151 2530 1269 2566 ovibus
1289 2530 1394 2575 suerit

346 2593 419 2639 ejus
442 2591 570 2627 oblatio
594 2597 623 2628 et
656 2591 882 2638 pacificorum
915 2591 1030 2626 hostia
1046 2618 1055 2635 ,
1090 2591 1160 2626 sive
1194 2590 1393 2626 masculum

347 2654 414 2688 sive
435 2653 599 2698 seminam
618 2651 799 2696 obtulerit,
819 2651 1047 2687 immaculata
1067 2657 1182 2687 erunt.
1205 2650 1243 2687 Si
1264 2662 1394 2697 aqnum

348 2712 507 2747 obtulerit
529 2722 646 2746 coram
670 2711 839 2754 Daritim,
861 2719 961 2757 ponet
989 2723 1131 2747 manum
1159 2724 1262 2759 super
1290 2718 1394 2758 caput

348 2773 494 2809 victima»
512 2783 605 2815 suoe,
627 2782 703 2818 quoe
723 2771 960 2807 immolabitur
980 2773 1015 2808 in
1037 2773 1202 2808 vestibulo
1233 2774 1395 2809 taberna-

350 2832 419 2868 culi
449 2831 657 2884 testimonii,
691 2831 901 2877 fundentque
938 2831 1003 2877 filii
1036 2833 1155 2867 Aaron
1191 2835 1395 2879 sanquinem

351 2895 427 2940 ejus
445 2906 506 2940 per
524 2894 646 2930 altaris
667 2894 871 2936 circuitum,
892 2899 924 2928 et
944 2894 1087 2939 offerent
1106 2894 1148 2929 de
1169 2895 1396 2939 pacificorum

354 2955 464 2990 hostia
487 2953 699 2998 sacrificium
718 2953 881 2996 Domino,
901 2954 1038 2999 adipem
1058 2960 1090 2989 et
1109 2954 1258 2989 caudam
1287 2961 1395 2989 totam

354 3025 431 3050 cum
451 3013 588 3050 renibus
608 3019 639 3049 et
659 3014 902 3060 pinguedinem
920 3025 996 3060 quoe
1017 3015 1125 3060 operit
1145 3020 1296 3049 ventrem
1314 3024 1324 3047 .·
1346 3020 1397 3049 at·
1414 3039 1448 3078 D
1467 3021 1540 3053 tate
1572 3014 1678 3051 facile
1708 3020 1876 3062 poterant
1907 3017 1953 3051 ad
1989 3015 2212 3052 voluntatem
2245 3013 2356 3057 trabi,
2383 3019 2422 3049 ut
2450 3014 2508 3049 η’

352 3085 417 3121 que
450 3074 609 3110 universa
641 3072 761 3109 vitalia
788 3079 819 3120 et
846 3079 1030 3119 utrumque
1059 3073 1288 3108 renunculum
1318 3084 1396 3109 cum

308 3131 310 3134 ’
353 3136 455 3182 adipe
473 3135 532 3182 qui
550 3141 599 3170 est
612 3134 716 3180 juxta
735 3134 798 3170 ilia
810 3161 819 3178 ,
839 3134 1087 3180 reticulumque
1101 3135 1228 3180 jecoris
1247 3147 1326 3171 cum
1348 3147 1401 3172 re-

354 3195 517 3231 nunculis
529 3222 539 3240 ,
558 3201 591 3230 et
609 3194 759 3231 adolebit
780 3206 821 3231 ea
840 3195 1002 3230 sacerdos
1021 3206 1124 3240 super
1140 3195 1252 3231 altare
1270 3196 1307 3231 in
1334 3205 1400 3241 pa-

354 3258 472 3294 bulum
488 3258 578 3304 tynis
594 3263 626 3294 et
643 3256 827 3295 oblationis
843 3256 1000 3292 Domini.
1020 3255 1058 3292 Si
1076 3267 1182 3302 capra
1202 3255 1306 3301 fuerit
1325 3256 1401 3301 ejus

355 3317 498 3362 oblatio,
510 3324 543 3354 et
561 3317 722 3355 obtulerit
737 3327 815 3354 eam
830 3317 992 3361 Domino,
1009 3323 1115 3364 ponat
1135 3326 1278 3352 manum
1298 3326 1399 3354 suam

356 3390 459 3424 super
477 3385 579 3426 caput
597 3379 688 3426 ejus.
701 3378 965 3427 immolabitque·
978 3390 1054 3415 eam
1072 3380 1110 3415 in
1126 3379 1272 3415 introitu
1288 3379 1403 3415 taber-

359 3438 475 3478 naculi
498 3440 705 3484 testimonii,
732 3446 764 3476 et
785 3439 930 3486 fundent
955 3439 1023 3486 filii
1050 3439 1171 3478 Aaron
1194 3441 1401 3488 sanquinem

359 3497 434 3543 ejus
451 3508 514 3544 per
527 3498 649 3538 altaris
665 3500 848 3538 circuitum
859 3526 870 3546 ‚
885 3500 1072 3549 tollentque
1090 3511 1135 3538 ex
1149 3512 1194 3538 ea
1209 3501 1247 3538 in
1262 3506 1402 3547 pastum

359 3557 451 3604 ἰθύ*
465 3556 638 3597 manuni
648 3560 790 3608 ,adipem
805 3562 865 3609 qui
880 3562 991 3608 operit
1006 3567 1160 3599 uentrem
1170 3587 1182 3606 ,
1196 3565 1231 3597 et
1245 3561 1307 3609 qui
1320 3561 1404 3608 unic

361 3620 521 3659 niumm
532 3619 666 3665 utalia,
672 3621 760 3658 duos
774 3623 980 3662 renunculos
995 3627 1074 3661 cum
1087 3622 1232 3662 reticulo
1243 3623 1338 3672 quod
1349 3625 1403 3660 ut
1434 3655 1438 3660 f

362 3681 672 3728 maeonium
694 3682 759 3722 ilia
786 3683 875 3732 [Ab
893 3685 988 3722 circa
1003 3684 1161 3736 vasaq,
1180 3692 1217 3724 at
1240 3686 1404 3725 aeci-h

361 3738 583 3786 mmm
597 3743 814 3788 amatis.
831 3739 1051 3792 adolebitque
1064 3746 1406 3794 ’σακοαύόηήη

366 3795 868 3850 “mumioni-
889 3805 1137 3843 afflatis-t
1165 3807 1299 3845 ndo*
1316 3806 1404 3845 fin-

355 3865 423 3934 go·
437 3856 542 3904 adep·
558 3858 780 3914 Dominierit
786 3863 869 3908 jure
883 3869 1046 3912 perpetuo
1064 3865 1103 3917 in
1121 3866 1400 3924 venerationibus

1455 1301 1518 1338 scd
1554 1306 1590 1336 et
1627 1300 1721 1346 apud
1755 1298 1866 1335 Amos
1882 1326 1891 1343 ‚
1927 1308 2056 1344 capras
2089 1294 2287 1343 appellatas
2321 1305 2420 1331 oves.
2460 1293 2521 1330 Ait

1454 1362 1551 1398 enim
1573 1359 1684 1408 (Cap.
1704 1359 1781 1407 vu)
1804 1372 1811 1394 :
1834 1370 1905 1395 non
1929 1369 2007 1395 sum
2027 1358 2205 1406 propheta
2224 1366 2293 1392 nec
2312 1354 2407 1391 iilius
2432 1365 2520 1402 pro-

1454 1423 1593 1470 phetae,
1616 1421 1678 1457 scd
1701 1432 1720 1457 e
1740 1420 1882 1467 populis
1904 1418 2003 1467 [Ms.
2022 1446 2031 1462 ,
2054 1416 2204 1465 epolus}
2227 1427 2292 1464 ego
2322 1426 2400 1452 sum
2420 1414 2521 1452 velli-

1456 1494 1546 1520 cans
1570 1483 1744 1520 sicamina
1757 1510 1765 1526 ,
1790 1488 1826 1518 et
1846 1481 1994 1518 sustulit
2013 1490 2070 1516 me
2091 1480 2265 1516 Dominus
2287 1489 2331 1515 ex
2351 1478 2521 1524 gregibus

1458 1545 1580 1582 ovium
1600 1556 1609 1588 ;
1641 1555 1722 1580 cum
1744 1544 1890 1590 proprie
1911 1553 1930 1579 e
1950 1541 2091 1589 populis
2118 1540 2319 1589 [epolus]‚
2352 1551 2431 1586 qua}
2460 1550 2522 1576 ca-

1458 1616 1541 1651 pras
1555 1610 1752 1642 vescuntur
1768 1603 1844 1652 [qui
1859 1614 1989 1650 capras
2005 1602 2174 1651 pascunt]
2189 1601 2427 1649 appellentur,
2447 1611 2524 1637 ma-

1458 1668 1631 1704 nifestum
1653 1674 1708 1704 est
1729 1667 1813 1714 quia
1835 1673 1871 1703 et
1892 1676 2022 1713 capras
2042 1666 2137 1701 inter
2163 1675 2250 1702 oves
2273 1664 2407 1710 posuit.
2429 1663 2522 1708 Quia

1460 1741 1547 1777 ergo
1565 1731 1728 1776 quaedam
1749 1741 1793 1766 ex
1812 1729 1900 1775 ipsis
1921 1739 2046 1776 agnos,
2065 1728 2230 1774 quaedam
2248 1737 2378 1774 capras
2394 1726 2451 1762 lex
2470 1726 2523 1762 di-

1461 1792 1510 1827 cit
1526 1804 1533 1826 :
1551 1801 1705 1837 quorum
1721 1790 1867 1835 quidem
1882 1789 1965 1833 agni
1985 1788 2168 1834 simplices
2182 1793 2323 1823 tantum
2338 1786 2450 1834 etqui
2469 1786 2525 1822 ni-

1460 1851 1511 1887 hil
1527 1855 1769 1898 peccaverunt
1784 1848 2053 1895 significantur3
2071 1859 2190 1894 caprae
2204 1855 2323 1885 autem
2340 1848 2535 1896 simplices

1462 1912 1632 1958 quidem,
1655 1911 1716 1946 sed
1738 1910 1798 1956 qui
1818 1915 2064 1956 peccaverunt
2088 1914 2124 1945 et
2149 1910 2313 1945 conversi
2336 1914 2440 1952 sunt,
2462 1898 2535 1944 llo-f

1462 1981 1542 2007 rum
1559 1970 1778 2007 sacrificium
1796 1981 1905 2006 unum
1922 1970 2188 2016 quodammodo
2203 1981 2284 2006 esse
2299 1971 2335 2006 in
2352 1971 2524 2007 holocau-

1464 2033 1678 2069 stomatibus
1710 2037 1806 2068 recte
1826 2032 1999 2067 traditum
2034 2037 2100 2067 cst.
2124 2031 2215 2067 Eum
2236 2031 2332 2067 enim
2362 2030 2422 2078 qui
2442 2041 2530 2078 per--

1464 2093 1558 2130 secta
1579 2093 1654 2129 vult
1679 2103 1819 2139 sapere,
1849 2093 1916 2129 etsi
1945 2101 2116 2138 peccator
2135 2093 2216 2136 fuit,
2247 2103 2292 2128 ex
2320 2103 2391 2139 quo
2411 2093 2526 2131 vitam

1463 2155 1661 2201 perfectam
1683 2154 1845 2200 elegerit,
1875 2154 1927 2190 sic
1948 2160 2090 2200 oportet
2108 2155 2316 2190 conversari
2347 2154 2440 2191 sicut
2466 2153 2540 2192 ille:

1463 2217 1524 2263 qui
1545 2222 1629 2252 ante
1657 2226 1728 2251 non
1753 2216 1927 2262 peccavit.
1949 2216 1987 2252 In
2009 2215 2187 2252 sacrificio
2217 2221 2338 2252 autem
2356 2215 2540 2263 pacifico-„-

1463 2290 1543 2315 rum
1559 2289 1641 2314 cum
1659 2279 1784 2315 eadem
1805 2279 2037 2322 custodisset,
2055 2285 2127 2315 tam
2149 2280 2185 2315 in
2206 2277 2385 2316 sacrificio
2402 2279 2540 2329 oviumq

1463 2349 1571 2386 quam
1591 2350 1787 2386 caprarum
1806 2346 1843 2375 ct
1861 2340 1982 2383 boum,
2009 2350 2120 2376 unum
2139 2339 2208 2376 hoc
2226 2339 2306 2386 plus
2330 2339 2367 2375 in
2395 2330 2540 2384 ovibus!

1464 2401 1678 2444 custodix‘it;
1701 2401 1797 2446 quod
1828 2411 1899 2437 non
1937 2401 2053 2437 solum
2084 2401 2227 2447 adipem
2261 2401 2540 2452 reticulumque!

1458 2460 1606 2507 jecoris,
1626 2461 1678 2497 vel
1700 2463 1897 2498 secundum
1922 2460 2173 2507 Septuaginta,
2200 2461 2349 2506 pinnam
2367 2461 2509 2506 hepatis

1463 2523 1526 2558 sed
1550 2533 1656 2558 rencs
1688 2527 1723 2558 ct
1759 2523 1926 2566 caudam,
1949 2521 2005 2557 vel
2029 2522 2122 2558 idem
2151 2521 2348 2557 secundum
2371 2519 2507 2567 Septua
2527 2552 2530 2556 .

1463 2583 1561 2630 ginta
1580 2583 1741 2619 lumbum
1760 2584 2032 2619 immaculatum
2065 2594 2146 2619 cum
2174 2583 2321 2619 renibus
2343 2581 2453 2627 ,iussit
2470 2577 2532 2620 off

1462 2644 1563 2687 ferri,
1585 2645 1668 2690 quia
1693 2645 1789 2680 enim
1811 2652 1850 2680 ut
1872 2644 2024 2690 simplex
2047 2644 2159 2680 multa
2179 2654 2259 2689 quae
2291 2644 2436 2691 operari
2458 2643 2518 2681 des

1463 2705 1538 2740 buit
1571 2705 1693 2740 oizisit
1724 2717 1732 2739 ε
1767 2705 1874 2741 debet
1893 2715 1995 2741 suam
2027 2705 2196 2741 virtutem
2216 2704 2348 2742 offerre
2372 2705 2462 2748 Deo,
2484 2714 2506 2740 u

1464 2779 1534 2804 non
1570 2769 1702 2803 virtute
1735 2778 1799 2804 sua
1820 2769 1857 2803 in
1878 2769 2027 2811 malum,
2059 2775 2100 2804 ut
2126 2767 2293 2813 simplex,
2315 2766 2378 2803 sed
2405 2767 2522 2813 magi

1463 2835 1586 2867 utatur
1616 2830 1653 2866 in
1676 2831 1812 2865 bonum
1849 2835 1885 2865 et
1914 2829 2146 2866 manifestum
2173 2828 2296 2872 faeiat,
2324 2828 2409 2875 quia
2433 2827 2519 2867 nih‘

1464 2902 1508 2928 ex
1537 2893 1595 2928 his
1618 2903 1696 2938 quac
1725 2892 1818 2928 scire
1847 2898 1966 2938 potest
1993 2898 2030 2929 et
2061 2892 2210 2939 exsequi
2239 2891 2374 2928 omisit.
2410 2890 2486 2926 nec
2516 2876 2522 2883 ’

1465 2954 1561 2989 cauti
1584 2952 1782 2988 redduntur
1809 2952 2003 2999 simplices,
2035 2958 2076 2989 ut
2093 2958 2178 2999 pote
2200 2952 2263 2999 qui
2283 2962 2329 2988 ex
2349 2950 2525 2999 simplic'

1466 3076 1580 3112 solum
1602 3086 1708 3113 renes
1736 3082 1772 3112 et
1803 3077 1943 3122 adipem
1970 3076 2031 3123 qui
2061 3086 2169 3122 super
2186 3076 2284 3123 ipsos
2309 3080 2378 3118 est,
2397 3074 2462 3111 sed

1466 3136 1627 3173 lumbum
1649 3136 1709 3183 qui
1732 3142 1788 3172 est
1808 3137 1843 3172 in
1864 3137 2012 3173 renibus
2037 3137 2191 3173 offerant
2218 3137 2304 3173 Deo.
2324 3136 2428 3180 Quod
2457 3145 2508 3170 at,

1467 3204 1539 3235 tem
1556 3199 1681 3245 adjicit
1700 3199 1736 3234 in
1756 3198 1880 3234 eadem
1901 3199 2134 3235 translatione
2159 3200 2235 3235 sine
2251 3196 2407 3240 macuta.
2428 3196 2466 3235 in
2492 3222 2498 3226 -

1468 3269 1574 3305 grum
1593 3259 1661 3294 hoc
1675 3258 1853 3303 intellige;
1875 3258 1970 3303 quod
1986 3267 2184 3304 explanans
2202 3257 2443 3305 Symmachus
2466 3273 2495 3299 w⁴

1467 3317 1694 3354 immaculato
1707 3317 1880 3363 integrum
1892 3317 2026 3362 posuit.
2037 3317 2167 3363 Aquila
2177 3323 2299 3356 autem
2312 3317 2468 3366 perfectu

1468 3377 1560 3416 Nam
1569 3382 1607 3414 et
1616 3382 1808 3423 propterea
1820 3386 1902 3412 cum
1914 3375 2054 3412 renibus
2068 3377 2216 3420 addidit,
2235 3378 2418 3424 integrum
2432 3377 2473 3414 itt
2490 3423 2492 3426 y

1468 3436 1742 3486 perlectumque
1755 3435 1953 3472 secundum
1966 3437 2060 3482 quod
2076 3423 2234 3474 diximus
2246 3436 2369 3475 offerri
2381 3444 2454 3478 mi
2475 3456 2476 3459 =

1469 3508 1518 3536 ne
1533 3497 1730 3544 aliudeius
1748 3496 1834 3540 Deo.
1866 3496 1964 3533 atiud
1993 3501 2116 3535 autem
2137 3497 2416 3536 adversanoos·
2449 3514 2451 3516 v
2477 3509 2479 3512 ·

1469 3559 1660 3607 offeratur,
1689 3555 1826 3598 sufficit
1838 3556 1939 3594 enim
1959 3556 2044 3597 huic
2059 3558 2105 3598 acl
2119 3558 2265 3598 veniam
2277 3568 2323 3598 ea
2339 3565 2429 3605 qua

1471 3622 1560 3661 attia
1581 3623 1669 3660 flunt
1695 3627 1773 3659 nm
1789 3626 1910 3665 atem.
1931 3617 2022 3656 Nam
2041 3619 2236 3661 cummi·
2304 3619 2307 3625 '
2366 3633 2370 3638 ·
2393 3639 2397 3649 ·
2439 3639 2455 3666 ῃ

1469 3682 1841 3727 ιίιίιιὶωδὺὼὶυ
1858 3681 2410 3730 -dofflplioenmm
2452 3678 2468 3729 J

1469 3742 2067 3790 mo‘nuninnstqnitnoelumboe
2083 3744 2243 3783 ninnium
2363 3787 2382 3794 „
2402 3748 2433 3790 p

1470 3805 1742 3856 sufflatum
1764 3803 1922 3850 ἠως
1936 3809 2185 3844 vammum
2201 3804 2280 3844 ὑ)

1473 3880 1543 3908 non
1563 3868 1706 3907 desunt.
1727 3865 1796 3919 Qui
1815 3866 2010 3907 auten-'fl
2028 3861 2422 3915 mm?
2434 3858 2443 3904 's
