<?xml version="1.0" encoding="UTF-8"?>
<!DOCTYPE html PUBLIC "-//W3C//DTD XHTML 1.0 Transitional//EN"
    "http://www.w3.org/TR/xhtml1/DTD/xhtml1-transitional.dtd">
<html xmlns="http://www.w3.org/1999/xhtml" xml:lang="en" lang="en">
 <head>
  <title>
</title>
<meta http-equiv="Content-Type" content="text/html;charset=utf-8" />
  <meta name='ocr-system' content='tesseract 3.04.00' />
  <meta name='ocr-capabilities' content='ocr_page ocr_carea ocr_par ocr_line ocrx_word'/>
</head>
<body>
  <div class='ocr_page' id='page_1' title='image "./patrologiae00unknuoft_0021.png"; bbox 0 0 2540 4016; ppageno 0'>
   <div class='ocr_carea' id='block_1_1' title="bbox 47 163 2225 293">
    <p class='ocr_par' dir='ltr' id='par_1_1' title="bbox 47 163 2225 293">
     <span class='ocr_line' id='line_1_1' title="bbox 47 163 2225 213; baseline -0.01 0"><span class='ocrx_word' id='word_1_1' title='bbox 47 168 96 213; x_wconf 65' lang='lat'>20</span> <span class='ocrx_word' id='word_1_2' title='bbox 709 163 1044 204; x_wconf 69' lang='lat' dir='ltr'>COMMENTARIA</span> <span class='ocrx_word' id='word_1_3' title='bbox 1069 164 1116 203; x_wconf 80' lang='lat' dir='ltr'>IN</span> <span class='ocrx_word' id='word_1_4' title='bbox 1139 165 1347 204; x_wconf 71' lang='lat' dir='ltr'>Exonun.</span> <span class='ocrx_word' id='word_1_5' title='bbox 1374 187 1421 194; x_wconf 96' lang='lat'>—</span> <span class='ocrx_word' id='word_1_6' title='bbox 1445 166 1531 203; x_wconf 74' lang='grc' dir='ltr'>ΠΒ.</span> <span class='ocrx_word' id='word_1_7' title='bbox 1561 166 1589 203; x_wconf 87' lang='lat'>1.</span> <span class='ocrx_word' id='word_1_8' title='bbox 2178 167 2225 206; x_wconf 71' lang='lat'>50</span> 
     </span>
     <span class='ocr_line' id='line_1_2' title="bbox 49 244 2223 293; baseline -0.006 -2"><span class='ocrx_word' id='word_1_9' title='bbox 49 253 193 292; x_wconf 81' lang='lat' dir='ltr'>odorem</span> <span class='ocrx_word' id='word_1_10' title='bbox 221 255 378 289; x_wconf 75' lang='lat' dir='ltr'>nostram</span> <span class='ocrx_word' id='word_1_11' title='bbox 406 252 523 286; x_wconf 74' lang='lat' dir='ltr'>eoram</span> <span class='ocrx_word' id='word_1_12' title='bbox 539 245 725 282; x_wconf 72' lang='lat' dir='ltr'><strong><em>Pharaone</em></strong></span> <span class='ocrx_word' id='word_1_13' title='bbox 750 250 783 280; x_wconf 85' lang='lat' dir='ltr'>et</span> <span class='ocrx_word' id='word_1_14' title='bbox 802 244 909 280; x_wconf 80' lang='lat' dir='ltr'>servis</span> <span class='ocrx_word' id='word_1_15' title='bbox 940 244 1017 290; x_wconf 68' lang='lat' dir='ltr'>effus</span> <span class='ocrx_word' id='word_1_16' title='bbox 1035 255 1048 280; x_wconf 91' lang='lat'>.·</span> <span class='ocrx_word' id='word_1_17' title='bbox 1066 249 1099 279; x_wconf 89' lang='lat' dir='ltr'>et</span> <span class='ocrx_word' id='word_1_18' title='bbox 1119 245 1155 285; x_wconf 83' lang='grc' dir='ltr'><strong>Α</strong></span> <span class='ocrx_word' id='word_1_19' title='bbox 1171 246 1256 283; x_wconf 81' lang='lat' dir='ltr'>Sive</span> <span class='ocrx_word' id='word_1_20' title='bbox 1274 245 1453 292; x_wconf 75' lang='lat' dir='ltr'>quomodo</span> <span class='ocrx_word' id='word_1_21' title='bbox 1474 245 1578 281; x_wconf 83' lang='lat' dir='ltr'>latuit</span> <span class='ocrx_word' id='word_1_22' title='bbox 1598 254 1729 281; x_wconf 88' lang='lat' dir='ltr'>nomen</span> <span class='ocrx_word' id='word_1_23' title='bbox 1746 245 1890 281; x_wconf 81' lang='lat' dir='ltr'>Domini</span> <span class='ocrx_word' id='word_1_24' title='bbox 1907 245 2020 282; x_wconf 76' lang='lat' dir='ltr'>Jacob</span> <span class='ocrx_word' id='word_1_25' title='bbox 2031 247 2094 293; x_wconf 78' lang='lat' dir='ltr'>qui</span> <span class='ocrx_word' id='word_1_26' title='bbox 2112 246 2223 284; x_wconf 61' lang='lat' dir='ltr'>dixin</span> 
     </span>
    </p>
   </div>
   <div class='ocr_carea' id='block_1_2' title="bbox 47 307 1105 1151">
    <p class='ocr_par' dir='ltr' id='par_1_2' title="bbox 47 307 1105 1151">
     <span class='ocr_line' id='line_1_3' title="bbox 47 307 810 363; baseline -0.013 -12"><span class='ocrx_word' id='word_1_27' title='bbox 47 315 246 363; x_wconf 82' lang='lat' dir='ltr'>proebuistis</span> <span class='ocrx_word' id='word_1_28' title='bbox 259 314 290 349; x_wconf 84' lang='lat' dir='ltr'>ei</span> <span class='ocrx_word' id='word_1_29' title='bbox 306 311 473 359; x_wconf 58' lang='lat' dir='ltr'>mantum,</span> <span class='ocrx_word' id='word_1_30' title='bbox 490 313 529 344; x_wconf 78' lang='lat' dir='ltr'>ut</span> <span class='ocrx_word' id='word_1_31' title='bbox 546 307 717 343; x_wconf 80' lang='lat' dir='ltr'>occideret</span> <span class='ocrx_word' id='word_1_32' title='bbox 734 313 810 342; x_wconf 84' lang='lat' dir='ltr'>nos.</span> 
     </span>
     <span class='ocr_line' id='line_1_4' title="bbox 98 364 1101 424; baseline -0.01 -12"><span class='ocrx_word' id='word_1_33' title='bbox 98 371 400 424; x_wconf 65' lang='lat' dir='ltr'>(ExAugpusnnm)</span> <span class='ocrx_word' id='word_1_34' title='bbox 411 371 500 407; x_wconf 88' lang='lat' dir='ltr'>Cum</span> <span class='ocrx_word' id='word_1_35' title='bbox 517 370 575 406; x_wconf 82' lang='lat' dir='ltr'>tux</span> <span class='ocrx_word' id='word_1_36' title='bbox 585 370 755 406; x_wconf 63' lang='lat' dir='ltr'>divinitus</span> <span class='ocrx_word' id='word_1_37' title='bbox 770 370 893 411; x_wconf 68' lang='lat' dir='ltr'>missa,</span> <span class='ocrx_word' id='word_1_38' title='bbox 904 364 1101 404; x_wconf 76' lang='lat' dir='ltr'>itomanam</span> 
     </span>
     <span class='ocr_line' id='line_1_5' title="bbox 49 432 1103 482; baseline -0.01 -4"><span class='ocrx_word' id='word_1_39' title='bbox 49 451 113 478; x_wconf 88' lang='lat' dir='ltr'>cor</span> <span class='ocrx_word' id='word_1_40' title='bbox 132 441 240 477; x_wconf 76' lang='lat' dir='ltr'>suerit</span> <span class='ocrx_word' id='word_1_41' title='bbox 261 434 441 475; x_wconf 71' lang='lat' dir='ltr'>illustrare</span> <span class='ocrx_word' id='word_1_42' title='bbox 467 435 626 482; x_wconf 76' lang='lat' dir='ltr'>dignata,</span> <span class='ocrx_word' id='word_1_43' title='bbox 645 445 728 470; x_wconf 84' lang='lat' dir='ltr'>mox</span> <span class='ocrx_word' id='word_1_44' title='bbox 748 435 793 470; x_wconf 91' lang='lat' dir='ltr'>ab</span> <span class='ocrx_word' id='word_1_45' title='bbox 816 433 958 470; x_wconf 77' lang='lat' dir='ltr'>occulto</span> <span class='ocrx_word' id='word_1_46' title='bbox 975 432 1103 467; x_wconf 82' lang='lat' dir='ltr'>adver-</span> 
     </span>
     <span class='ocr_line' id='line_1_6' title="bbox 49 495 1102 543; baseline -0.01 -5"><span class='ocrx_word' id='word_1_47' title='bbox 49 501 148 538; x_wconf 84' lang='lat' dir='ltr'>sario</span> <span class='ocrx_word' id='word_1_48' title='bbox 165 498 287 537; x_wconf 78' lang='lat' dir='ltr'>conti-a</span> <span class='ocrx_word' id='word_1_49' title='bbox 306 495 502 543; x_wconf 72' lang='lat' dir='ltr'><strong>fulgentem</strong></span> <span class='ocrx_word' id='word_1_50' title='bbox 524 500 696 537; x_wconf 86' lang='lat' dir='ltr'>mentem,</span> <span class='ocrx_word' id='word_1_51' title='bbox 719 498 940 530; x_wconf 84' lang='lat' dir='ltr'>tentamenta</span> <span class='ocrx_word' id='word_1_52' title='bbox 957 501 1102 529; x_wconf 84' lang='lat' dir='ltr'>succre-</span> 
     </span>
     <span class='ocr_line' id='line_1_7' title="bbox 52 554 1102 600; baseline -0.008 -4"><span class='ocrx_word' id='word_1_53' title='bbox 52 563 168 596; x_wconf 88' lang='lat' dir='ltr'>scunt.</span> <span class='ocrx_word' id='word_1_54' title='bbox 190 557 278 594; x_wconf 76' lang='lat' dir='ltr'>Nam</span> <span class='ocrx_word' id='word_1_55' title='bbox 305 555 454 592; x_wconf 85' lang='lat' dir='ltr'>callidus</span> <span class='ocrx_word' id='word_1_56' title='bbox 478 555 723 596; x_wconf 78' lang='lat' dir='ltr'>adversarius,</span> <span class='ocrx_word' id='word_1_57' title='bbox 742 565 832 600; x_wconf 88' lang='lat' dir='ltr'>quos</span> <span class='ocrx_word' id='word_1_58' title='bbox 853 555 931 590; x_wconf 87' lang='lat' dir='ltr'>luce</span> <span class='ocrx_word' id='word_1_59' title='bbox 950 554 1102 600; x_wconf 60' lang='lat' dir='ltr'>justiti-,e</span> 
     </span>
     <span class='ocr_line' id='line_1_8' title="bbox 51 616 1104 665; baseline -0.007 -7"><span class='ocrx_word' id='word_1_60' title='bbox 51 622 247 658; x_wconf 80' lang='lat' dir='ltr'>enitescere</span> <span class='ocrx_word' id='word_1_61' title='bbox 263 618 451 665; x_wconf 70' lang='lat' dir='ltr'><strong>conspicit,</strong></span> <span class='ocrx_word' id='word_1_62' title='bbox 463 628 587 653; x_wconf 86' lang='lat' dir='ltr'>corum</span> <span class='ocrx_word' id='word_1_63' title='bbox 604 622 744 653; x_wconf 87' lang='lat' dir='ltr'>mentes</span> <span class='ocrx_word' id='word_1_64' title='bbox 762 617 897 653; x_wconf 87' lang='lat' dir='ltr'>illicitis</span> <span class='ocrx_word' id='word_1_65' title='bbox 913 616 1104 652; x_wconf 78' lang='lat' dir='ltr'>desideriis</span> 
     </span>
     <span class='ocr_line' id='line_1_9' title="bbox 50 675 1104 724; baseline -0.006 -7"><span class='ocrx_word' id='word_1_66' title='bbox 50 681 272 719; x_wconf 83' lang='lat' dir='ltr'>inflammare</span> <span class='ocrx_word' id='word_1_67' title='bbox 297 679 506 715; x_wconf 73' lang='lat' dir='ltr'>contendit:</span> <span class='ocrx_word' id='word_1_68' title='bbox 527 683 565 713; x_wconf 86' lang='lat' dir='ltr'>ut</span> <span class='ocrx_word' id='word_1_69' title='bbox 584 678 795 724; x_wconf 84' lang='lat' dir='ltr'>plerumque</span> <span class='ocrx_word' id='word_1_70' title='bbox 814 678 894 723; x_wconf 88' lang='lat' dir='ltr'>plus</span> <span class='ocrx_word' id='word_1_71' title='bbox 918 688 956 713; x_wconf 91' lang='lat' dir='ltr'>sc</span> <span class='ocrx_word' id='word_1_72' title='bbox 983 675 1104 723; x_wconf 88' lang='lat' dir='ltr'>urgeri</span> 
     </span>
     <span class='ocr_line' id='line_1_10' title="bbox 50 738 1104 783; baseline -0.007 -5"><span class='ocrx_word' id='word_1_73' title='bbox 50 740 306 779; x_wconf 87' lang='lat' dir='ltr'>tentationibus</span> <span class='ocrx_word' id='word_1_74' title='bbox 325 740 494 783; x_wconf 81' lang='lat' dir='ltr'>sentiant,</span> <span class='ocrx_word' id='word_1_75' title='bbox 514 749 621 781; x_wconf 66' lang='lat' dir='ltr'>anam</span> <span class='ocrx_word' id='word_1_76' title='bbox 641 744 726 774; x_wconf 83' lang='lat' dir='ltr'>tunc</span> <span class='ocrx_word' id='word_1_77' title='bbox 744 749 824 774; x_wconf 89' lang='lat' dir='ltr'>cum</span> <span class='ocrx_word' id='word_1_78' title='bbox 845 738 935 773; x_wconf 87' lang='lat' dir='ltr'>lueis</span> <span class='ocrx_word' id='word_1_79' title='bbox 954 738 1104 772; x_wconf 78' lang='lat' dir='ltr'>internae</span> 
     </span>
     <span class='ocr_line' id='line_1_11' title="bbox 49 795 1104 844; baseline -0.007 -4"><span class='ocrx_word' id='word_1_80' title='bbox 49 804 168 840; x_wconf 87' lang='lat' dir='ltr'>radios</span> <span class='ocrx_word' id='word_1_81' title='bbox 202 813 274 838; x_wconf 91' lang='lat' dir='ltr'>non</span> <span class='ocrx_word' id='word_1_82' title='bbox 289 802 473 836; x_wconf 76' lang='lat' dir='ltr'>videbant.</span> <span class='ocrx_word' id='word_1_83' title='bbox 510 799 611 837; x_wconf 88' lang='lat' dir='ltr'>Unde</span> <span class='ocrx_word' id='word_1_84' title='bbox 639 805 676 836; x_wconf 90' lang='lat' dir='ltr'>ct</span> <span class='ocrx_word' id='word_1_85' title='bbox 704 795 888 842; x_wconf 71' lang='lat' dir='ltr'>lsraeliit‘e,</span> <span class='ocrx_word' id='word_1_86' title='bbox 911 803 1104 844; x_wconf 80' lang='lat' dir='ltr'>postquam</span> 
     </span>
     <span class='ocr_line' id='line_1_12' title="bbox 48 860 1105 909; baseline -0.006 -9"><span class='ocrx_word' id='word_1_87' title='bbox 48 864 165 901; x_wconf 85' lang='lat' dir='ltr'>vocati</span> <span class='ocrx_word' id='word_1_88' title='bbox 197 868 301 905; x_wconf 92' lang='lat' dir='ltr'>sunt,</span> <span class='ocrx_word' id='word_1_89' title='bbox 329 868 454 898; x_wconf 87' lang='lat' dir='ltr'>contra</span> <span class='ocrx_word' id='word_1_90' title='bbox 482 862 625 909; x_wconf 86' lang='lat' dir='ltr'>Moysen</span> <span class='ocrx_word' id='word_1_91' title='bbox 651 861 694 896; x_wconf 87' lang='lat' dir='ltr'>de</span> <span class='ocrx_word' id='word_1_92' title='bbox 719 863 953 896; x_wconf 76' lang='lat' dir='ltr'>excrescente</span> <span class='ocrx_word' id='word_1_93' title='bbox 981 860 1105 895; x_wconf 92' lang='lat' dir='ltr'>labore</span> 
     </span>
     <span class='ocr_line' id='line_1_13' title="bbox 49 920 1101 972; baseline -0.007 -11"><span class='ocrx_word' id='word_1_94' title='bbox 49 931 323 972; x_wconf 82' lang='lat' dir='ltr'>conqueruntur</span> <span class='ocrx_word' id='word_1_95' title='bbox 343 924 503 959; x_wconf 75' lang='lat' dir='ltr'>dicentes</span> <span class='ocrx_word' id='word_1_96' title='bbox 531 934 538 957; x_wconf 89' lang='lat'>:</span> <span class='ocrx_word' id='word_1_97' title='bbox 561 921 685 957; x_wconf 80' lang='lat' dir='ltr'>Videat</span> <span class='ocrx_word' id='word_1_98' title='bbox 703 921 875 956; x_wconf 72' lang='lat' dir='ltr'>Dominus</span> <span class='ocrx_word' id='word_1_99' title='bbox 906 926 936 955; x_wconf 87' lang='lat' dir='ltr'>et</span> <span class='ocrx_word' id='word_1_100' title='bbox 951 920 1101 965; x_wconf 85' lang='lat' dir='ltr'>judicet,</span> 
     </span>
     <span class='ocr_line' id='line_1_14' title="bbox 49 979 1105 1034; baseline -0.009 -11"><span class='ocrx_word' id='word_1_101' title='bbox 49 989 220 1034; x_wconf 81' lang='lat' dir='ltr'>quomodo</span> <span class='ocrx_word' id='word_1_102' title='bbox 256 983 362 1032; x_wconf 71' lang='lat' dir='ltr'>fetere</span> <span class='ocrx_word' id='word_1_103' title='bbox 387 985 498 1030; x_wconf 75' lang='lat' dir='ltr'>fecisti</span> <span class='ocrx_word' id='word_1_104' title='bbox 521 984 660 1018; x_wconf 85' lang='lat' dir='ltr'>odorem</span> <span class='ocrx_word' id='word_1_105' title='bbox 688 989 843 1017; x_wconf 84' lang='lat' dir='ltr'>nostrum</span> <span class='ocrx_word' id='word_1_106' title='bbox 866 992 983 1016; x_wconf 88' lang='lat' dir='ltr'>coram</span> <span class='ocrx_word' id='word_1_107' title='bbox 1009 979 1105 1015; x_wconf 84' lang='lat' dir='ltr'>Pha-</span> 
     </span>
     <span class='ocr_line' id='line_1_15' title="bbox 50 1041 1105 1092; baseline -0.007 -9"><span class='ocrx_word' id='word_1_108' title='bbox 50 1060 155 1084; x_wconf 77' lang='lat' dir='ltr'>raone</span> <span class='ocrx_word' id='word_1_109' title='bbox 177 1054 207 1083; x_wconf 85' lang='lat' dir='ltr'>et</span> <span class='ocrx_word' id='word_1_110' title='bbox 231 1047 336 1082; x_wconf 77' lang='lat' dir='ltr'>servis</span> <span class='ocrx_word' id='word_1_111' title='bbox 362 1047 452 1092; x_wconf 87' lang='lat' dir='ltr'>ejus.</span> <span class='ocrx_word' id='word_1_112' title='bbox 486 1045 698 1081; x_wconf 70' lang='lat' dir='ltr'>Volcntibus</span> <span class='ocrx_word' id='word_1_113' title='bbox 727 1044 859 1090; x_wconf 87' lang='lat' dir='ltr'>qnippe</span> <span class='ocrx_word' id='word_1_114' title='bbox 881 1053 926 1078; x_wconf 83' lang='lat' dir='ltr'>ex</span> <span class='ocrx_word' id='word_1_115' title='bbox 949 1041 1105 1088; x_wconf 81' lang='lat' dir='ltr'>AEgypto</span> 
     </span>
     <span class='ocr_line' id='line_1_16' title="bbox 49 1098 1103 1151; baseline -0.006 -9"><span class='ocrx_word' id='word_1_116' title='bbox 49 1107 233 1142; x_wconf 75' lang='lat' dir='ltr'>discedere</span> <span class='ocrx_word' id='word_1_117' title='bbox 250 1134 259 1149; x_wconf 95' lang='lat'>,</span> <span class='ocrx_word' id='word_1_118' title='bbox 292 1104 432 1141; x_wconf 84' lang='lat' dir='ltr'>Pharao</span> <span class='ocrx_word' id='word_1_119' title='bbox 470 1105 594 1151; x_wconf 86' lang='lat' dir='ltr'>paleas</span> <span class='ocrx_word' id='word_1_120' title='bbox 635 1098 866 1139; x_wconf 72' lang='lat' dir='ltr'>subtraxerat</span> <span class='ocrx_word' id='word_1_121' title='bbox 884 1114 891 1137; x_wconf 73' lang='grc' dir='ltr'>ε</span> <span class='ocrx_word' id='word_1_122' title='bbox 910 1107 945 1138; x_wconf 88' lang='lat' dir='ltr'>et</span> <span class='ocrx_word' id='word_1_123' title='bbox 983 1108 1103 1137; x_wconf 85' lang='lat' dir='ltr'>tamen</span> 
     </span>
    </p>
   </div>
   <div class='ocr_carea' id='block_1_3' title="bbox 1171 305 2235 1151">
    <p class='ocr_par' dir='ltr' id='par_1_3' title="bbox 1171 305 2235 1151">
     <span class='ocr_line' id='line_1_17' title="bbox 1177 305 2228 352; baseline 0.001 -10"><span class='ocrx_word' id='word_1_124' title='bbox 1177 307 1256 342; x_wconf 81' lang='lat' dir='ltr'>Vidi</span> <span class='ocrx_word' id='word_1_125' title='bbox 1285 306 1474 342; x_wconf 79' lang='lat' dir='ltr'>Dominam</span> <span class='ocrx_word' id='word_1_126' title='bbox 1503 306 1594 352; x_wconf 65' lang='lat' dir='ltr'>facie</span> <span class='ocrx_word' id='word_1_127' title='bbox 1621 306 1667 342; x_wconf 85' lang='lat' dir='ltr'>ad</span> <span class='ocrx_word' id='word_1_128' title='bbox 1695 306 1835 352; x_wconf 71' lang='lat' dir='ltr'>faciem,</span> <span class='ocrx_word' id='word_1_129' title='bbox 1864 310 1896 341; x_wconf 89' lang='lat' dir='ltr'>et</span> <span class='ocrx_word' id='word_1_130' title='bbox 1922 305 2019 341; x_wconf 84' lang='lat' dir='ltr'>salva</span> <span class='ocrx_word' id='word_1_131' title='bbox 2052 307 2146 352; x_wconf 75' lang='lat' dir='ltr'>sacta</span> <span class='ocrx_word' id='word_1_132' title='bbox 2175 312 2228 346; x_wconf 67' lang='lat' dir='ltr'>est</span> 
     </span>
     <span class='ocr_line' id='line_1_18' title="bbox 1171 367 2228 417; baseline 0.002 -11"><span class='ocrx_word' id='word_1_133' title='bbox 1171 370 1289 406; x_wconf 79' lang='lat' dir='ltr'>anima</span> <span class='ocrx_word' id='word_1_134' title='bbox 1306 379 1383 406; x_wconf 88' lang='lat' dir='ltr'>mea</span> <span class='ocrx_word' id='word_1_135' title='bbox 1405 367 1507 417; x_wconf 84' lang='lat' dir='ltr'>(Gen.</span> <span class='ocrx_word' id='word_1_136' title='bbox 1525 368 1657 416; x_wconf 84' lang='lat' dir='ltr'>xxxn).</span> <span class='ocrx_word' id='word_1_137' title='bbox 1679 367 1750 404; x_wconf 86' lang='lat' dir='ltr'>Sed</span> <span class='ocrx_word' id='word_1_138' title='bbox 1768 368 1797 404; x_wconf 88' lang='lat' dir='ltr'>si</span> <span class='ocrx_word' id='word_1_139' title='bbox 1820 368 2019 404; x_wconf 81' lang='lat' dir='ltr'>secundum</span> <span class='ocrx_word' id='word_1_140' title='bbox 2037 369 2228 408; x_wconf 85' lang='lat' dir='ltr'>veritatem</span> 
     </span>
     <span class='ocr_line' id='line_1_19' title="bbox 1173 429 2230 479; baseline -0.001 -11"><span class='ocrx_word' id='word_1_141' title='bbox 1173 431 1397 479; x_wconf 88' lang='lat' dir='ltr'>Scripturam</span> <span class='ocrx_word' id='word_1_142' title='bbox 1412 432 1638 477; x_wconf 81' lang='lat' dir='ltr'>inspicimus,</span> <span class='ocrx_word' id='word_1_143' title='bbox 1648 439 1887 478; x_wconf 81' lang='lat' dir='ltr'>agnoscemus</span> <span class='ocrx_word' id='word_1_144' title='bbox 1897 429 2034 476; x_wconf 87' lang='lat' dir='ltr'>aliquid</span> <span class='ocrx_word' id='word_1_145' title='bbox 2044 429 2157 476; x_wconf 84' lang='lat' dir='ltr'>Moysi</span> <span class='ocrx_word' id='word_1_146' title='bbox 2171 441 2230 467; x_wconf 89' lang='lat' dir='ltr'>re-</span> 
     </span>
     <span class='ocr_line' id='line_1_20' title="bbox 1171 491 2231 539; baseline -0.002 -9"><span class='ocrx_word' id='word_1_147' title='bbox 1171 494 1327 530; x_wconf 78' lang='lat' dir='ltr'>velatum</span> <span class='ocrx_word' id='word_1_148' title='bbox 1342 503 1436 536; x_wconf 89' lang='lat' dir='ltr'>esse,</span> <span class='ocrx_word' id='word_1_149' title='bbox 1449 494 1544 539; x_wconf 85' lang='lat' dir='ltr'>quod</span> <span class='ocrx_word' id='word_1_150' title='bbox 1562 492 1809 528; x_wconf 80' lang='lat' dir='ltr'>anterioribus</span> <span class='ocrx_word' id='word_1_151' title='bbox 1819 491 1989 527; x_wconf 86' lang='lat' dir='ltr'>Patribus</span> <span class='ocrx_word' id='word_1_152' title='bbox 2008 496 2079 527; x_wconf 83' lang='lat' dir='ltr'>non</span> <span class='ocrx_word' id='word_1_153' title='bbox 2097 495 2154 527; x_wconf 90' lang='lat' dir='ltr'>est</span> <span class='ocrx_word' id='word_1_154' title='bbox 2173 491 2231 528; x_wconf 91' lang='lat' dir='ltr'>in-</span> 
     </span>
     <span class='ocr_line' id='line_1_21' title="bbox 1172 552 2230 600; baseline -0.002 -8"><span class='ocrx_word' id='word_1_155' title='bbox 1172 556 1349 592; x_wconf 77' lang='lat' dir='ltr'>timatum.</span> <span class='ocrx_word' id='word_1_156' title='bbox 1361 555 1504 599; x_wconf 86' lang='lat' dir='ltr'>Quanto</span> <span class='ocrx_word' id='word_1_157' title='bbox 1517 555 1614 590; x_wconf 90' lang='lat' dir='ltr'>enim</span> <span class='ocrx_word' id='word_1_158' title='bbox 1623 554 1739 600; x_wconf 84' lang='lat' dir='ltr'>ipsius</span> <span class='ocrx_word' id='word_1_159' title='bbox 1752 553 1918 589; x_wconf 83' lang='lat' dir='ltr'>veritatis</span> <span class='ocrx_word' id='word_1_160' title='bbox 1927 552 2230 599; x_wconf 80' lang='lat' dir='ltr'>appropinquavit</span> 
     </span>
     <span class='ocr_line' id='line_1_22' title="bbox 1173 613 2233 658; baseline -0.003 -6"><span class='ocrx_word' id='word_1_161' title='bbox 1173 617 1348 653; x_wconf 72' lang='lat' dir='ltr'>adventus</span> <span class='ocrx_word' id='word_1_162' title='bbox 1376 617 1410 652; x_wconf 91' lang='lat' dir='ltr'>in</span> <span class='ocrx_word' id='word_1_163' title='bbox 1437 625 1562 658; x_wconf 85' lang='lat' dir='ltr'>earne,</span> <span class='ocrx_word' id='word_1_164' title='bbox 1592 620 1692 652; x_wconf 90' lang='lat' dir='ltr'>tanto</span> <span class='ocrx_word' id='word_1_165' title='bbox 1715 614 1945 651; x_wconf 76' lang='lat' dir='ltr'>manifestius</span> <span class='ocrx_word' id='word_1_166' title='bbox 1965 613 2122 650; x_wconf 82' lang='lat' dir='ltr'>revelata</span> <span class='ocrx_word' id='word_1_167' title='bbox 2147 618 2233 650; x_wconf 84' lang='lat' dir='ltr'>sunt</span> 
     </span>
     <span class='ocr_line' id='line_1_23' title="bbox 1173 674 2232 722; baseline -0.002 -9"><span class='ocrx_word' id='word_1_168' title='bbox 1173 682 1400 714; x_wconf 83' lang='lat' dir='ltr'>sacramenta</span> <span class='ocrx_word' id='word_1_169' title='bbox 1418 676 1599 719; x_wconf 80' lang='lat' dir='ltr'>Patribus,</span> <span class='ocrx_word' id='word_1_170' title='bbox 1626 676 1710 722; x_wconf 87' lang='lat' dir='ltr'>quia</span> <span class='ocrx_word' id='word_1_171' title='bbox 1736 675 1813 722; x_wconf 85' lang='lat' dir='ltr'>ipsa</span> <span class='ocrx_word' id='word_1_172' title='bbox 1838 674 2033 710; x_wconf 70' lang='lat' dir='ltr'>Dominicte</span> <span class='ocrx_word' id='word_1_173' title='bbox 2063 675 2232 711; x_wconf 86' lang='lat' dir='ltr'>incarna-</span> 
     </span>
     <span class='ocr_line' id='line_1_24' title="bbox 1172 735 2229 784; baseline -0.003 -10"><span class='ocrx_word' id='word_1_174' title='bbox 1172 738 1279 774; x_wconf 81' lang='lat' dir='ltr'>tionis</span> <span class='ocrx_word' id='word_1_175' title='bbox 1301 743 1460 784; x_wconf 88' lang='lat' dir='ltr'>tempora</span> <span class='ocrx_word' id='word_1_176' title='bbox 1480 738 1662 773; x_wconf 88' lang='lat' dir='ltr'>nascendo</span> <span class='ocrx_word' id='word_1_177' title='bbox 1686 743 1722 773; x_wconf 88' lang='lat' dir='ltr'>et</span> <span class='ocrx_word' id='word_1_178' title='bbox 1739 737 1925 773; x_wconf 88' lang='lat' dir='ltr'>moriendo</span> <span class='ocrx_word' id='word_1_179' title='bbox 1945 735 2229 782; x_wconf 66' lang='lat' dir='ltr'>praeveniebant.</span> 
     </span>
     <span class='ocr_line' id='line_1_25' title="bbox 1172 798 2230 846; baseline -0.005 -10"><span class='ocrx_word' id='word_1_180' title='bbox 1172 801 1258 836; x_wconf 87' lang='lat' dir='ltr'>Inde</span> <span class='ocrx_word' id='word_1_181' title='bbox 1281 811 1377 836; x_wconf 89' lang='lat' dir='ltr'>nunc</span> <span class='ocrx_word' id='word_1_182' title='bbox 1397 801 1441 836; x_wconf 91' lang='lat' dir='ltr'>ad</span> <span class='ocrx_word' id='word_1_183' title='bbox 1460 800 1605 846; x_wconf 87' lang='lat' dir='ltr'>Moysen</span> <span class='ocrx_word' id='word_1_184' title='bbox 1623 799 1756 835; x_wconf 87' lang='lat' dir='ltr'>dicitur</span> <span class='ocrx_word' id='word_1_185' title='bbox 1773 809 1782 834; x_wconf 77' lang='lat' dir='ltr'>t</span> <span class='ocrx_word' id='word_1_186' title='bbox 1801 799 1876 845; x_wconf 82' lang='lat' dir='ltr'>Eyo</span> <span class='ocrx_word' id='word_1_187' title='bbox 1891 798 2064 833; x_wconf 76' lang='lat' dir='ltr'>Dominus</span> <span class='ocrx_word' id='word_1_188' title='bbox 2085 798 2144 844; x_wconf 84' lang='lat' dir='ltr'>qui</span> <span class='ocrx_word' id='word_1_189' title='bbox 2166 808 2230 843; x_wconf 88' lang='lat' dir='ltr'>ap-</span> 
     </span>
     <span class='ocr_line' id='line_1_26' title="bbox 1172 859 2229 908; baseline -0.003 -12"><span class='ocrx_word' id='word_1_190' title='bbox 1172 861 1275 908; x_wconf 83' lang='lat' dir='ltr'>parui</span> <span class='ocrx_word' id='word_1_191' title='bbox 1290 861 1468 896; x_wconf 83' lang='lat' dir='ltr'>Abraham</span> <span class='ocrx_word' id='word_1_192' title='bbox 1484 868 1515 896; x_wconf 90' lang='lat' dir='ltr'>et</span> <span class='ocrx_word' id='word_1_193' title='bbox 1533 861 1638 896; x_wconf 83' lang='lat' dir='ltr'>Isaac</span> <span class='ocrx_word' id='word_1_194' title='bbox 1658 867 1689 896; x_wconf 86' lang='lat' dir='ltr'>et</span> <span class='ocrx_word' id='word_1_195' title='bbox 1705 860 1818 896; x_wconf 84' lang='lat' dir='ltr'>Jacob</span> <span class='ocrx_word' id='word_1_196' title='bbox 1837 860 1873 895; x_wconf 87' lang='lat' dir='ltr'>in</span> <span class='ocrx_word' id='word_1_197' title='bbox 1887 860 1960 895; x_wconf 88' lang='lat' dir='ltr'>Deo</span> <span class='ocrx_word' id='word_1_198' title='bbox 1984 859 2229 905; x_wconf 78' lang='lat' dir='ltr'>omnipotente,</span> 
     </span>
     <span class='ocr_line' id='line_1_27' title="bbox 1172 919 2234 956; baseline -0.002 0"><span class='ocrx_word' id='word_1_199' title='bbox 1172 927 1203 956; x_wconf 88' lang='lat' dir='ltr'>et</span> <span class='ocrx_word' id='word_1_200' title='bbox 1223 930 1348 956; x_wconf 88' lang='lat' dir='ltr'>nomen</span> <span class='ocrx_word' id='word_1_201' title='bbox 1367 929 1479 956; x_wconf 84' lang='lat' dir='ltr'>meum</span> <span class='ocrx_word' id='word_1_202' title='bbox 1495 921 1634 956; x_wconf 84' lang='lat' dir='ltr'>Adonai</span> <span class='ocrx_word' id='word_1_203' title='bbox 1656 932 1723 956; x_wconf 84' lang='lat' dir='ltr'>non</span> <span class='ocrx_word' id='word_1_204' title='bbox 1739 921 1890 955; x_wconf 85' lang='lat' dir='ltr'>indicavi</span> <span class='ocrx_word' id='word_1_205' title='bbox 1905 920 1967 955; x_wconf 82' lang='lat' dir='ltr'>eis.</span> <span class='ocrx_word' id='word_1_206' title='bbox 1986 919 2090 956; x_wconf 84' lang='lat' dir='ltr'>Unde</span> <span class='ocrx_word' id='word_1_207' title='bbox 2109 924 2145 955; x_wconf 90' lang='lat' dir='ltr'>et</span> <span class='ocrx_word' id='word_1_208' title='bbox 2164 919 2234 954; x_wconf 88' lang='lat' dir='ltr'>Da-</span> 
     </span>
     <span class='ocr_line' id='line_1_28' title="bbox 1172 980 2235 1028; baseline -0.001 -12"><span class='ocrx_word' id='word_1_209' title='bbox 1172 983 1232 1018; x_wconf 89' lang='lat' dir='ltr'>vid</span> <span class='ocrx_word' id='word_1_210' title='bbox 1250 982 1335 1017; x_wconf 86' lang='lat' dir='ltr'>dicit</span> <span class='ocrx_word' id='word_1_211' title='bbox 1351 991 1360 1016; x_wconf 73' lang='lat' dir='ltr'>t</span> <span class='ocrx_word' id='word_1_212' title='bbox 1382 982 1496 1028; x_wconf 81' lang='lat' dir='ltr'>Super</span> <span class='ocrx_word' id='word_1_213' title='bbox 1515 992 1632 1016; x_wconf 86' lang='lat' dir='ltr'>omnes</span> <span class='ocrx_word' id='word_1_214' title='bbox 1648 982 1809 1016; x_wconf 80' lang='lat' dir='ltr'>docentes</span> <span class='ocrx_word' id='word_1_215' title='bbox 1827 992 1893 1022; x_wconf 88' lang='lat' dir='ltr'>me,</span> <span class='ocrx_word' id='word_1_216' title='bbox 1910 986 1942 1015; x_wconf 92' lang='lat' dir='ltr'>et</span> <span class='ocrx_word' id='word_1_217' title='bbox 1960 991 2065 1026; x_wconf 88' lang='lat' dir='ltr'>super</span> <span class='ocrx_word' id='word_1_218' title='bbox 2081 980 2235 1015; x_wconf 77' lang='lat' dir='ltr'>seniores</span> 
     </span>
     <span class='ocr_line' id='line_1_29' title="bbox 1173 1040 2234 1090; baseline -0.002 -11"><span class='ocrx_word' id='word_1_219' title='bbox 1173 1043 1328 1080; x_wconf 78' lang='lat' dir='ltr'>intellexi</span> <span class='ocrx_word' id='word_1_220' title='bbox 1351 1040 1466 1090; x_wconf 82' lang='lat' dir='ltr'>(Psal.</span> <span class='ocrx_word' id='word_1_221' title='bbox 1484 1042 1624 1083; x_wconf 69' lang='lat' dir='ltr'>cxviii).</span> <span class='ocrx_word' id='word_1_222' title='bbox 1648 1042 1692 1076; x_wconf 87' lang='lat' dir='ltr'>Et</span> <span class='ocrx_word' id='word_1_223' title='bbox 1713 1041 1887 1077; x_wconf 74' lang='lat' dir='ltr'>Dominus</span> <span class='ocrx_word' id='word_1_224' title='bbox 1914 1042 1950 1076; x_wconf 91' lang='lat' dir='ltr'>in</span> <span class='ocrx_word' id='word_1_225' title='bbox 1971 1041 2165 1086; x_wconf 86' lang='lat' dir='ltr'>Evangelio</span> <span class='ocrx_word' id='word_1_226' title='bbox 2189 1041 2234 1077; x_wconf 79' lang='lat' dir='ltr'>ad</span> 
     </span>
     <span class='ocr_line' id='line_1_30' title="bbox 1175 1100 2232 1151; baseline -0.005 -11"><span class='ocrx_word' id='word_1_227' title='bbox 1175 1105 1357 1151; x_wconf 85' lang='lat' dir='ltr'>apostolos</span> <span class='ocrx_word' id='word_1_228' title='bbox 1381 1103 1512 1139; x_wconf 87' lang='lat' dir='ltr'>:Beati</span> <span class='ocrx_word' id='word_1_229' title='bbox 1539 1102 1631 1138; x_wconf 79' lang='lat' dir='ltr'>oculi</span> <span class='ocrx_word' id='word_1_230' title='bbox 1662 1102 1722 1149; x_wconf 86' lang='lat' dir='ltr'>qui</span> <span class='ocrx_word' id='word_1_231' title='bbox 1751 1102 1865 1137; x_wconf 84' lang='lat' dir='ltr'>vident</span> <span class='ocrx_word' id='word_1_232' title='bbox 1899 1112 1976 1148; x_wconf 72' lang='lat' dir='ltr'>quse</span> <span class='ocrx_word' id='word_1_233' title='bbox 2011 1111 2070 1136; x_wconf 87' lang='lat' dir='ltr'>vos</span> <span class='ocrx_word' id='word_1_234' title='bbox 2098 1100 2232 1139; x_wconf 76' lang='lat' dir='ltr'>videtis.</span> 
     </span>
    </p>
   </div>
   <div class='ocr_carea' id='block_1_4' title="bbox 49 1149 2236 1215">
    <p class='ocr_par' dir='ltr' id='par_1_4' title="bbox 49 1149 2236 1215">
     <span class='ocr_line' id='line_1_31' title="bbox 49 1149 2236 1215; baseline -0.005 -10"><span class='ocrx_word' id='word_1_235' title='bbox 49 1169 207 1215; x_wconf 76' lang='lat' dir='ltr'>ejusdcm</span> <span class='ocrx_word' id='word_1_236' title='bbox 245 1176 421 1204; x_wconf 70' lang='lat' dir='ltr'>mensurae</span> <span class='ocrx_word' id='word_1_237' title='bbox 457 1175 564 1214; x_wconf 83' lang='lat' dir='ltr'>opera</span> <span class='ocrx_word' id='word_1_238' title='bbox 601 1166 820 1213; x_wconf 75' lang='lat' dir='ltr'>requirebat.</span> <span class='ocrx_word' id='word_1_239' title='bbox 870 1167 977 1212; x_wconf 83' lang='lat' dir='ltr'>Quasi</span> <span class='ocrx_word' id='word_1_240' title='bbox 1019 1177 1104 1213; x_wconf 82' lang='lat' dir='ltr'>ergo</span> <span class='ocrx_word' id='word_1_241' title='bbox 1123 1149 1155 1187; x_wconf 80' lang='lat' dir='ltr'>B</span> <span class='ocrx_word' id='word_1_242' title='bbox 1174 1165 1262 1200; x_wconf 81' lang='lat' dir='ltr'>Dico</span> <span class='ocrx_word' id='word_1_243' title='bbox 1278 1166 1371 1200; x_wconf 84' lang='lat' dir='ltr'>enim</span> <span class='ocrx_word' id='word_1_244' title='bbox 1387 1164 1479 1200; x_wconf 74' lang='lat' dir='ltr'>vobis</span> <span class='ocrx_word' id='word_1_245' title='bbox 1496 1164 1578 1210; x_wconf 70' lang='lat' dir='ltr'>qezia</span> <span class='ocrx_word' id='word_1_246' title='bbox 1598 1162 1696 1199; x_wconf 81' lang='lat' dir='ltr'>multi</span> <span class='ocrx_word' id='word_1_247' title='bbox 1710 1163 1886 1209; x_wconf 73' lang='lat' dir='ltr'>propheta²</span> <span class='ocrx_word' id='word_1_248' title='bbox 1900 1168 1930 1197; x_wconf 91' lang='lat' dir='ltr'>et</span> <span class='ocrx_word' id='word_1_249' title='bbox 1944 1162 2033 1207; x_wconf 83' lang='lat' dir='ltr'>justi</span> <span class='ocrx_word' id='word_1_250' title='bbox 2049 1160 2236 1197; x_wconf 81' lang='lat' dir='ltr'>voluerant</span> 
     </span>
    </p>
   </div>
   <div class='ocr_carea' id='block_1_5' title="bbox 38 1225 1113 2497">
    <p class='ocr_par' dir='ltr' id='par_1_5' title="bbox 48 1225 1107 1508">
     <span class='ocr_line' id='line_1_32' title="bbox 49 1225 1106 1274; baseline -0.004 -9"><span class='ocrx_word' id='word_1_251' title='bbox 49 1235 175 1265; x_wconf 86' lang='lat' dir='ltr'>contra</span> <span class='ocrx_word' id='word_1_252' title='bbox 205 1229 318 1274; x_wconf 85' lang='lat' dir='ltr'>legem</span> <span class='ocrx_word' id='word_1_253' title='bbox 348 1238 451 1264; x_wconf 84' lang='lat' dir='ltr'>mens</span> <span class='ocrx_word' id='word_1_254' title='bbox 489 1227 779 1270; x_wconf 88' lang='lat' dir='ltr'>submurmurat;</span> <span class='ocrx_word' id='word_1_255' title='bbox 808 1231 889 1273; x_wconf 89' lang='lat' dir='ltr'>post</span> <span class='ocrx_word' id='word_1_256' title='bbox 916 1225 1018 1272; x_wconf 84' lang='lat' dir='ltr'>cujus</span> <span class='ocrx_word' id='word_1_257' title='bbox 1046 1236 1106 1261; x_wconf 91' lang='lat' dir='ltr'>co-</span> 
     </span>
     <span class='ocr_line' id='line_1_33' title="bbox 49 1288 1103 1336; baseline -0.002 -12"><span class='ocrx_word' id='word_1_258' title='bbox 49 1290 244 1336; x_wconf 82' lang='lat' dir='ltr'>guitionem</span> <span class='ocrx_word' id='word_1_259' title='bbox 288 1289 524 1324; x_wconf 72' lang='lat' dir='ltr'>tertiationum</span> <span class='ocrx_word' id='word_1_260' title='bbox 562 1288 724 1324; x_wconf 87' lang='lat' dir='ltr'>stimulos</span> <span class='ocrx_word' id='word_1_261' title='bbox 761 1288 920 1325; x_wconf 83' lang='lat' dir='ltr'>acriores</span> <span class='ocrx_word' id='word_1_262' title='bbox 958 1291 1103 1333; x_wconf 87' lang='lat' dir='ltr'>portat,</span> 
     </span>
     <span class='ocr_line' id='line_1_34' title="bbox 49 1348 1106 1396; baseline -0.001 -12"><span class='ocrx_word' id='word_1_263' title='bbox 49 1355 82 1384; x_wconf 87' lang='lat' dir='ltr'>et</span> <span class='ocrx_word' id='word_1_264' title='bbox 110 1358 191 1385; x_wconf 88' lang='lat' dir='ltr'>cum</span> <span class='ocrx_word' id='word_1_265' title='bbox 216 1349 283 1385; x_wconf 83' lang='lat' dir='ltr'>sibi</span> <span class='ocrx_word' id='word_1_266' title='bbox 310 1348 451 1385; x_wconf 83' lang='lat' dir='ltr'>labores</span> <span class='ocrx_word' id='word_1_267' title='bbox 475 1359 641 1386; x_wconf 88' lang='lat' dir='ltr'>crescere</span> <span class='ocrx_word' id='word_1_268' title='bbox 666 1349 856 1396; x_wconf 84' lang='lat' dir='ltr'>conspicit,</span> <span class='ocrx_word' id='word_1_269' title='bbox 886 1349 919 1384; x_wconf 89' lang='lat' dir='ltr'>in</span> <span class='ocrx_word' id='word_1_270' title='bbox 949 1359 992 1384; x_wconf 91' lang='lat' dir='ltr'>eo</span> <span class='ocrx_word' id='word_1_271' title='bbox 1011 1348 1106 1394; x_wconf 81' lang='lat' dir='ltr'>quod</span> 
     </span>
     <span class='ocr_line' id='line_1_35' title="bbox 49 1409 1107 1456; baseline -0.001 -11"><span class='ocrx_word' id='word_1_272' title='bbox 49 1409 254 1446; x_wconf 84' lang='lat' dir='ltr'>adversario</span> <span class='ocrx_word' id='word_1_273' title='bbox 273 1409 458 1456; x_wconf 83' lang='lat' dir='ltr'>displicet,</span> <span class='ocrx_word' id='word_1_274' title='bbox 488 1411 590 1456; x_wconf 87' lang='lat' dir='ltr'>quasi</span> <span class='ocrx_word' id='word_1_275' title='bbox 617 1409 730 1446; x_wconf 82' lang='lat' dir='ltr'>fetere</span> <span class='ocrx_word' id='word_1_276' title='bbox 761 1420 800 1446; x_wconf 88' lang='lat' dir='ltr'>se</span> <span class='ocrx_word' id='word_1_277' title='bbox 824 1410 861 1446; x_wconf 95' lang='lat' dir='ltr'>in</span> <span class='ocrx_word' id='word_1_278' title='bbox 882 1409 995 1446; x_wconf 87' lang='lat' dir='ltr'>oculis</span> <span class='ocrx_word' id='word_1_279' title='bbox 1014 1410 1107 1445; x_wconf 87' lang='lat' dir='ltr'>Pha-</span> 
     </span>
     <span class='ocr_line' id='line_1_36' title="bbox 48 1471 293 1508; baseline -0.004 0"><span class='ocrx_word' id='word_1_280' title='bbox 48 1472 170 1508; x_wconf 84' lang='lat' dir='ltr'>raonis</span> <span class='ocrx_word' id='word_1_281' title='bbox 186 1471 293 1507; x_wconf 88' lang='lat' dir='ltr'>dolet.</span> 
     </span>
    </p>

    <p class='ocr_par' dir='ltr' id='par_1_6' title="bbox 38 1531 1113 2497">
     <span class='ocr_line' id='line_1_37' title="bbox 98 1531 1109 1579; baseline -0.001 -12"><span class='ocrx_word' id='word_1_282' title='bbox 98 1531 335 1579; x_wconf 80' lang='lat' dir='ltr'>Reversusque</span> <span class='ocrx_word' id='word_1_283' title='bbox 354 1532 490 1579; x_wconf 86' lang='lat' dir='ltr'>Moyses</span> <span class='ocrx_word' id='word_1_284' title='bbox 508 1532 553 1568; x_wconf 85' lang='lat' dir='ltr'>ad</span> <span class='ocrx_word' id='word_1_285' title='bbox 567 1531 756 1569; x_wconf 81' lang='lat' dir='ltr'>Dominam</span> <span class='ocrx_word' id='word_1_286' title='bbox 774 1533 822 1568; x_wconf 86' lang='lat' dir='ltr'>ait</span> <span class='ocrx_word' id='word_1_287' title='bbox 839 1543 850 1568; x_wconf 91' lang='lat'>.·</span> <span class='ocrx_word' id='word_1_288' title='bbox 868 1532 1028 1574; x_wconf 85' lang='lat' dir='ltr'>Domine,</span> <span class='ocrx_word' id='word_1_289' title='bbox 1046 1542 1109 1566; x_wconf 85' lang='lat' dir='ltr'>cur</span> 
     </span>
     <span class='ocr_line' id='line_1_38' title="bbox 50 1592 1108 1640; baseline 0 -12"><span class='ocrx_word' id='word_1_290' title='bbox 50 1592 201 1640; x_wconf 72' lang='lat' dir='ltr'>afflixisti</span> <span class='ocrx_word' id='word_1_291' title='bbox 225 1593 389 1639; x_wconf 82' lang='lat' dir='ltr'>populum</span> <span class='ocrx_word' id='word_1_292' title='bbox 423 1594 553 1628; x_wconf 83' lang='lat' dir='ltr'>istum?</span> <span class='ocrx_word' id='word_1_293' title='bbox 579 1594 696 1636; x_wconf 84' lang='lat' dir='ltr'>Quare</span> <span class='ocrx_word' id='word_1_294' title='bbox 726 1593 850 1628; x_wconf 79' lang='lat' dir='ltr'>misisti</span> <span class='ocrx_word' id='word_1_295' title='bbox 878 1593 958 1628; x_wconf 87' lang='lat' dir='ltr'>me?</span> <span class='ocrx_word' id='word_1_296' title='bbox 986 1592 1042 1628; x_wconf 81' lang='lat' dir='ltr'>Ex</span> <span class='ocrx_word' id='word_1_297' title='bbox 1069 1603 1108 1628; x_wconf 87' lang='lat' dir='ltr'>eo</span> 
     </span>
     <span class='ocr_line' id='line_1_39' title="bbox 50 1653 1110 1702; baseline 0.002 -13"><span class='ocrx_word' id='word_1_298' title='bbox 50 1655 139 1690; x_wconf 88' lang='lat' dir='ltr'>enim</span> <span class='ocrx_word' id='word_1_299' title='bbox 157 1665 199 1690; x_wconf 77' lang='lat' dir='ltr'>ea:</span> <span class='ocrx_word' id='word_1_300' title='bbox 213 1665 281 1701; x_wconf 84' lang='lat' dir='ltr'>quo</span> <span class='ocrx_word' id='word_1_301' title='bbox 302 1655 478 1701; x_wconf 81' lang='lat' dir='ltr'>inyressus</span> <span class='ocrx_word' id='word_1_302' title='bbox 495 1666 571 1690; x_wconf 85' lang='lat' dir='ltr'>sum</span> <span class='ocrx_word' id='word_1_303' title='bbox 588 1654 634 1690; x_wconf 85' lang='lat' dir='ltr'>ad</span> <span class='ocrx_word' id='word_1_304' title='bbox 652 1653 874 1691; x_wconf 84' lang='lat' dir='ltr'>Pharaonem</span> <span class='ocrx_word' id='word_1_305' title='bbox 896 1661 932 1691; x_wconf 85' lang='lat' dir='ltr'>ut</span> <span class='ocrx_word' id='word_1_306' title='bbox 950 1655 1110 1702; x_wconf 82' lang='lat' dir='ltr'>loquerer</span> 
     </span>
     <span class='ocr_line' id='line_1_40' title="bbox 50 1714 1110 1762; baseline 0.002 -12"><span class='ocrx_word' id='word_1_307' title='bbox 50 1716 87 1750; x_wconf 82' lang='lat' dir='ltr'>in</span> <span class='ocrx_word' id='word_1_308' title='bbox 108 1716 246 1751; x_wconf 85' lang='lat' dir='ltr'>nomine</span> <span class='ocrx_word' id='word_1_309' title='bbox 272 1722 345 1758; x_wconf 82' lang='lat' dir='ltr'>tuo,</span> <span class='ocrx_word' id='word_1_310' title='bbox 369 1715 520 1762; x_wconf 65' lang='lat' dir='ltr'>afflixisti</span> <span class='ocrx_word' id='word_1_311' title='bbox 541 1714 707 1761; x_wconf 84' lang='lat' dir='ltr'>populum</span> <span class='ocrx_word' id='word_1_312' title='bbox 733 1722 847 1758; x_wconf 82' lang='lat' dir='ltr'>tuum,</span> <span class='ocrx_word' id='word_1_313' title='bbox 873 1722 904 1751; x_wconf 90' lang='lat' dir='ltr'>et</span> <span class='ocrx_word' id='word_1_314' title='bbox 933 1727 1000 1752; x_wconf 85' lang='lat' dir='ltr'>non</span> <span class='ocrx_word' id='word_1_315' title='bbox 1025 1716 1110 1752; x_wconf 84' lang='lat' dir='ltr'>Iibe-</span> 
     </span>
     <span class='ocr_line' id='line_1_41' title="bbox 52 1775 1110 1822; baseline 0.004 -11"><span class='ocrx_word' id='word_1_316' title='bbox 52 1777 136 1811; x_wconf 83' lang='lat' dir='ltr'>rasti</span> <span class='ocrx_word' id='word_1_317' title='bbox 159 1787 229 1812; x_wconf 81' lang='lat' dir='ltr'>eos.</span> <span class='ocrx_word' id='word_1_318' title='bbox 256 1776 355 1811; x_wconf 79' lang='lat' dir='ltr'>Dixit</span> <span class='ocrx_word' id='word_1_319' title='bbox 380 1775 549 1811; x_wconf 85' lang='lat' dir='ltr'>Dominus</span> <span class='ocrx_word' id='word_1_320' title='bbox 575 1777 621 1811; x_wconf 89' lang='lat' dir='ltr'>ad</span> <span class='ocrx_word' id='word_1_321' title='bbox 646 1777 790 1822; x_wconf 78' lang='lat' dir='ltr'>Moysen</span> <span class='ocrx_word' id='word_1_322' title='bbox 815 1789 825 1812; x_wconf 94' lang='grc'>.·</span> <span class='ocrx_word' id='word_1_323' title='bbox 850 1777 954 1814; x_wconf 86' lang='lat' dir='ltr'>Nunc</span> <span class='ocrx_word' id='word_1_324' title='bbox 980 1780 1110 1816; x_wconf 76' lang='lat' dir='ltr'>ridebis</span> 
     </span>
     <span class='ocr_line' id='line_1_42' title="bbox 50 1833 1110 1886; baseline 0.002 -12"><span class='ocrx_word' id='word_1_325' title='bbox 50 1849 126 1886; x_wconf 82' lang='lat' dir='ltr'>qua‘</span> <span class='ocrx_word' id='word_1_326' title='bbox 145 1838 302 1884; x_wconf 73' lang='lat' dir='ltr'>facturas</span> <span class='ocrx_word' id='word_1_327' title='bbox 323 1848 400 1874; x_wconf 88' lang='lat' dir='ltr'>sum</span> <span class='ocrx_word' id='word_1_328' title='bbox 417 1833 611 1874; x_wconf 81' lang='lat' dir='ltr'>Pharaoni.</span> <span class='ocrx_word' id='word_1_329' title='bbox 633 1837 704 1874; x_wconf 88' lang='lat' dir='ltr'>Per</span> <span class='ocrx_word' id='word_1_330' title='bbox 723 1849 865 1874; x_wconf 87' lang='lat' dir='ltr'>manum</span> <span class='ocrx_word' id='word_1_331' title='bbox 881 1840 972 1875; x_wconf 82' lang='lat' dir='ltr'>enim</span> <span class='ocrx_word' id='word_1_332' title='bbox 985 1841 1110 1886; x_wconf 76' lang='lat' dir='ltr'>sortem</span> 
     </span>
     <span class='ocr_line' id='line_1_43' title="bbox 52 1901 1110 1947; baseline 0 -9"><span class='ocrx_word' id='word_1_333' title='bbox 52 1902 199 1938; x_wconf 82' lang='lat' dir='ltr'>dimittet</span> <span class='ocrx_word' id='word_1_334' title='bbox 217 1912 273 1937; x_wconf 83' lang='lat' dir='ltr'>eos</span> <span class='ocrx_word' id='word_1_335' title='bbox 289 1910 301 1935; x_wconf 85' lang='lat'>.·</span> <span class='ocrx_word' id='word_1_336' title='bbox 319 1905 351 1937; x_wconf 85' lang='lat' dir='ltr'>et</span> <span class='ocrx_word' id='word_1_337' title='bbox 376 1903 413 1937; x_wconf 87' lang='lat' dir='ltr'>in</span> <span class='ocrx_word' id='word_1_338' title='bbox 434 1912 540 1937; x_wconf 84' lang='lat' dir='ltr'>manu</span> <span class='ocrx_word' id='word_1_339' title='bbox 560 1902 702 1937; x_wconf 86' lang='lat' dir='ltr'>robusta</span> <span class='ocrx_word' id='word_1_340' title='bbox 723 1902 839 1947; x_wconf 85' lang='lat' dir='ltr'>ejiciet</span> <span class='ocrx_word' id='word_1_341' title='bbox 861 1901 941 1937; x_wconf 77' lang='lat' dir='ltr'>ittos</span> <span class='ocrx_word' id='word_1_342' title='bbox 956 1902 998 1938; x_wconf 89' lang='lat' dir='ltr'>de</span> <span class='ocrx_word' id='word_1_343' title='bbox 1016 1909 1110 1939; x_wconf 87' lang='lat' dir='ltr'>terra</span> 
     </span>
     <span class='ocr_line' id='line_1_44' title="bbox 51 1960 1111 2010; baseline 0.001 -13"><span class='ocrx_word' id='word_1_344' title='bbox 51 1968 115 1997; x_wconf 81' lang='lat' dir='ltr'>sna</span> <span class='ocrx_word' id='word_1_345' title='bbox 131 1960 337 2009; x_wconf 75' lang='lat' dir='ltr'>(Exod.v1).</span> <span class='ocrx_word' id='word_1_346' title='bbox 358 1961 430 2009; x_wconf 77' lang='lat' dir='ltr'>[Ex</span> <span class='ocrx_word' id='word_1_347' title='bbox 445 1961 670 2009; x_wconf 83' lang='lat' dir='ltr'>Anyustino.]</span> <span class='ocrx_word' id='word_1_348' title='bbox 685 1962 802 1997; x_wconf 80' lang='lat' dir='ltr'>Verba</span> <span class='ocrx_word' id='word_1_349' title='bbox 818 1972 897 2007; x_wconf 68' lang='lat' dir='ltr'>qum</span> <span class='ocrx_word' id='word_1_350' title='bbox 912 1962 998 1998; x_wconf 89' lang='lat' dir='ltr'>dicit</span> <span class='ocrx_word' id='word_1_351' title='bbox 1014 1962 1111 2010; x_wconf 86' lang='lat' dir='ltr'>Moy-</span> 
     </span>
     <span class='ocr_line' id='line_1_45' title="bbox 53 2019 1109 2069; baseline 0.001 -11"><span class='ocrx_word' id='word_1_352' title='bbox 53 2027 110 2058; x_wconf 84' lang='lat' dir='ltr'>ses</span> <span class='ocrx_word' id='word_1_353' title='bbox 128 2020 170 2057; x_wconf 87' lang='lat' dir='ltr'>ad</span> <span class='ocrx_word' id='word_1_354' title='bbox 186 2022 388 2065; x_wconf 85' lang='lat' dir='ltr'>Dominum,</span> <span class='ocrx_word' id='word_1_355' title='bbox 414 2019 532 2065; x_wconf 85' lang='lat' dir='ltr'>Quare</span> <span class='ocrx_word' id='word_1_356' title='bbox 546 2022 699 2069; x_wconf 64' lang='lat' dir='ltr'>afflixisti</span> <span class='ocrx_word' id='word_1_357' title='bbox 716 2022 879 2068; x_wconf 85' lang='lat' dir='ltr'>populum</span> <span class='ocrx_word' id='word_1_358' title='bbox 902 2021 1007 2063; x_wconf 83' lang='lat' dir='ltr'>hunc,</span> <span class='ocrx_word' id='word_1_359' title='bbox 1025 2029 1056 2058; x_wconf 86' lang='lat' dir='ltr'>et</span> <span class='ocrx_word' id='word_1_360' title='bbox 1073 2030 1109 2059; x_wconf 88' lang='lat' dir='ltr'>ut</span> 
     </span>
     <span class='ocr_line' id='line_1_46' title="bbox 52 2082 1110 2131; baseline 0.001 -12"><span class='ocrx_word' id='word_1_361' title='bbox 52 2084 135 2131; x_wconf 81' lang='lat' dir='ltr'>qaid</span> <span class='ocrx_word' id='word_1_362' title='bbox 151 2084 277 2120; x_wconf 86' lang='lat' dir='ltr'>misisti</span> <span class='ocrx_word' id='word_1_363' title='bbox 292 2084 370 2119; x_wconf 85' lang='lat' dir='ltr'>me?</span> <span class='ocrx_word' id='word_1_364' title='bbox 392 2084 443 2119; x_wconf 86' lang='lat' dir='ltr'>Ex</span> <span class='ocrx_word' id='word_1_365' title='bbox 464 2094 535 2130; x_wconf 89' lang='lat' dir='ltr'>quo</span> <span class='ocrx_word' id='word_1_366' title='bbox 554 2084 651 2119; x_wconf 86' lang='lat' dir='ltr'>enim</span> <span class='ocrx_word' id='word_1_367' title='bbox 671 2082 803 2119; x_wconf 76' lang='lat' dir='ltr'>intravi</span> <span class='ocrx_word' id='word_1_368' title='bbox 824 2084 866 2119; x_wconf 89' lang='lat' dir='ltr'>ad</span> <span class='ocrx_word' id='word_1_369' title='bbox 884 2083 1110 2120; x_wconf 80' lang='lat' dir='ltr'>Pharaonem</span> 
     </span>
     <span class='ocr_line' id='line_1_47' title="bbox 53 2145 1113 2192; baseline -0.001 -10"><span class='ocrx_word' id='word_1_370' title='bbox 53 2146 150 2192; x_wconf 84' lang='lat' dir='ltr'>loqui</span> <span class='ocrx_word' id='word_1_371' title='bbox 170 2147 205 2182; x_wconf 92' lang='lat' dir='ltr'>in</span> <span class='ocrx_word' id='word_1_372' title='bbox 236 2150 296 2182; x_wconf 84' lang='lat' dir='ltr'>tuo</span> <span class='ocrx_word' id='word_1_373' title='bbox 321 2145 464 2182; x_wconf 85' lang='lat' dir='ltr'>nomine</span> <span class='ocrx_word' id='word_1_374' title='bbox 495 2145 539 2181; x_wconf 91' lang='lat' dir='ltr'>de</span> <span class='ocrx_word' id='word_1_375' title='bbox 569 2145 701 2192; x_wconf 89' lang='lat' dir='ltr'>populo</span> <span class='ocrx_word' id='word_1_376' title='bbox 721 2145 802 2187; x_wconf 88' lang='lat' dir='ltr'>hoc,</span> <span class='ocrx_word' id='word_1_377' title='bbox 837 2145 952 2191; x_wconf 88' lang='lat' dir='ltr'>magis</span> <span class='ocrx_word' id='word_1_378' title='bbox 986 2145 1113 2181; x_wconf 82' lang='lat' dir='ltr'>afflixit</span> 
     </span>
     <span class='ocr_line' id='line_1_48' title="bbox 54 2206 1113 2252; baseline -0.001 -10"><span class='ocrx_word' id='word_1_379' title='bbox 54 2215 151 2250; x_wconf 88' lang='lat' dir='ltr'>eum,</span> <span class='ocrx_word' id='word_1_380' title='bbox 182 2210 219 2243; x_wconf 87' lang='lat' dir='ltr'>et</span> <span class='ocrx_word' id='word_1_381' title='bbox 242 2218 312 2243; x_wconf 91' lang='lat' dir='ltr'>non</span> <span class='ocrx_word' id='word_1_382' title='bbox 344 2206 506 2242; x_wconf 87' lang='lat' dir='ltr'>liberasti</span> <span class='ocrx_word' id='word_1_383' title='bbox 538 2206 709 2252; x_wconf 85' lang='lat' dir='ltr'>poputum</span> <span class='ocrx_word' id='word_1_384' title='bbox 742 2212 856 2249; x_wconf 86' lang='lat' dir='ltr'>tuum,</span> <span class='ocrx_word' id='word_1_385' title='bbox 884 2214 955 2241; x_wconf 87' lang='grc'>11011</span> <span class='ocrx_word' id='word_1_386' title='bbox 985 2211 1113 2242; x_wconf 88' lang='lat' dir='ltr'>contu-</span> 
     </span>
     <span class='ocr_line' id='line_1_49' title="bbox 54 2264 1112 2314; baseline 0 -11"><span class='ocrx_word' id='word_1_387' title='bbox 54 2264 179 2304; x_wconf 80' lang='lat' dir='ltr'>mactae</span> <span class='ocrx_word' id='word_1_388' title='bbox 196 2269 305 2303; x_wconf 80' lang='lat' dir='ltr'>verba</span> <span class='ocrx_word' id='word_1_389' title='bbox 328 2268 411 2303; x_wconf 81' lang='lat' dir='ltr'>sunt</span> <span class='ocrx_word' id='word_1_390' title='bbox 429 2268 483 2303; x_wconf 65' lang='lat' dir='ltr'>vel</span> <span class='ocrx_word' id='word_1_391' title='bbox 496 2268 765 2314; x_wconf 82' lang='lat' dir='ltr'>indignationis,</span> <span class='ocrx_word' id='word_1_392' title='bbox 784 2268 845 2304; x_wconf 88' lang='lat' dir='ltr'>sed</span> <span class='ocrx_word' id='word_1_393' title='bbox 868 2268 1112 2314; x_wconf 87' lang='lat' dir='ltr'>inquisitionis</span> 
     </span>
     <span class='ocr_line' id='line_1_50' title="bbox 38 2321 1113 2375; baseline 0 -10"><span class='ocrx_word' id='word_1_394' title='bbox 38 2321 90 2365; x_wconf 57' lang='lat' dir='ltr'>‘et</span> <span class='ocrx_word' id='word_1_395' title='bbox 111 2330 305 2371; x_wconf 83' lang='lat' dir='ltr'>orationis;</span> <span class='ocrx_word' id='word_1_396' title='bbox 338 2327 433 2375; x_wconf 83' lang='lat' dir='ltr'>quod</span> <span class='ocrx_word' id='word_1_397' title='bbox 458 2337 502 2364; x_wconf 86' lang='lat' dir='ltr'>ex</span> <span class='ocrx_word' id='word_1_398' title='bbox 519 2328 575 2365; x_wconf 89' lang='lat' dir='ltr'>his</span> <span class='ocrx_word' id='word_1_399' title='bbox 598 2334 747 2375; x_wconf 83' lang='lat' dir='ltr'>apparet</span> <span class='ocrx_word' id='word_1_400' title='bbox 768 2339 846 2375; x_wconf 78' lang='lat' dir='ltr'>quae</span> <span class='ocrx_word' id='word_1_401' title='bbox 873 2328 920 2364; x_wconf 89' lang='grc'>1111</span> <span class='ocrx_word' id='word_1_402' title='bbox 940 2329 1113 2365; x_wconf 79' lang='lat' dir='ltr'>Dominus</span> 
     </span>
     <span class='ocr_line' id='line_1_51' title="bbox 55 2383 1112 2438; baseline 0 -13"><span class='ocrx_word' id='word_1_403' title='bbox 55 2390 252 2436; x_wconf 86' lang='lat' dir='ltr'>respondit.</span> <span class='ocrx_word' id='word_1_404' title='bbox 281 2383 357 2426; x_wconf 77' lang='lat' dir='ltr'>Non</span> <span class='ocrx_word' id='word_1_405' title='bbox 379 2391 475 2426; x_wconf 88' lang='lat' dir='ltr'>enim</span> <span class='ocrx_word' id='word_1_406' title='bbox 506 2392 623 2438; x_wconf 83' lang='lat' dir='ltr'>arguit</span> <span class='ocrx_word' id='word_1_407' title='bbox 653 2391 901 2427; x_wconf 68' lang='lat' dir='ltr'>infidelitatem</span> <span class='ocrx_word' id='word_1_408' title='bbox 929 2391 1021 2438; x_wconf 69' lang='lat' dir='ltr'>ejus,</span> <span class='ocrx_word' id='word_1_409' title='bbox 1049 2390 1112 2427; x_wconf 85' lang='lat' dir='ltr'>sed</span> 
     </span>
     <span class='ocr_line' id='line_1_52' title="bbox 55 2449 567 2497; baseline 0.004 -12"><span class='ocrx_word' id='word_1_410' title='bbox 55 2449 151 2496; x_wconf 86' lang='lat' dir='ltr'>quod</span> <span class='ocrx_word' id='word_1_411' title='bbox 171 2450 218 2486; x_wconf 90' lang='lat' dir='ltr'>sit</span> <span class='ocrx_word' id='word_1_412' title='bbox 232 2449 392 2486; x_wconf 67' lang='lat' dir='ltr'>factitius</span> <span class='ocrx_word' id='word_1_413' title='bbox 413 2451 567 2497; x_wconf 85' lang='lat' dir='ltr'>aperuit.</span> 
     </span>
    </p>
   </div>
   <div class='ocr_carea' id='block_1_6' title="bbox 463 2522 705 2564">
    <p class='ocr_par' dir='ltr' id='par_1_7' title="bbox 463 2522 705 2564">
     <span class='ocr_line' id='line_1_53' title="bbox 463 2522 705 2564; baseline 0.004 -2"><span class='ocrx_word' id='word_1_414' title='bbox 463 2526 616 2563; x_wconf 82' lang='lat' dir='ltr'>CAPUT</span> <span class='ocrx_word' id='word_1_415' title='bbox 645 2522 705 2564; x_wconf 79' lang='lat' dir='ltr'>xi.</span> 
     </span>
    </p>
   </div>
   <div class='ocr_carea' id='block_1_7' title="bbox 57 2576 1115 2680">
    <p class='ocr_par' dir='ltr' id='par_1_8' title="bbox 57 2576 1115 2680">
     <span class='ocr_line' id='line_1_54' title="bbox 57 2576 1115 2632; baseline 0.002 -12"><span class='ocrx_word' id='word_1_416' title='bbox 57 2576 109 2621; x_wconf 82' lang='lat' dir='ltr'>De</span> <span class='ocrx_word' id='word_1_417' title='bbox 129 2596 168 2621; x_wconf 89' lang='lat' dir='ltr'>eo</span> <span class='ocrx_word' id='word_1_418' title='bbox 187 2586 279 2631; x_wconf 81' lang='lat' dir='ltr'>quod</span> <span class='ocrx_word' id='word_1_419' title='bbox 302 2579 414 2632; x_wconf 78' lang='lat' dir='ltr'>Moysi</span> <span class='ocrx_word' id='word_1_420' title='bbox 443 2599 565 2623; x_wconf 79' lang='lat' dir='ltr'>nomen</span> <span class='ocrx_word' id='word_1_421' title='bbox 591 2600 690 2623; x_wconf 86' lang='lat' dir='ltr'>suum</span> <span class='ocrx_word' id='word_1_422' title='bbox 711 2586 849 2623; x_wconf 76' lang='lat' dir='ltr'>Adonai</span> <span class='ocrx_word' id='word_1_423' title='bbox 868 2586 1036 2623; x_wconf 83' lang='lat' dir='ltr'>Dominus</span> <span class='ocrx_word' id='word_1_424' title='bbox 1061 2588 1115 2623; x_wconf 87' lang='lat' dir='ltr'>in-</span> 
     </span>
     <span class='ocr_line' id='line_1_55' title="bbox 215 2632 955 2680; baseline 0.004 -14"><span class='ocrx_word' id='word_1_425' title='bbox 215 2632 356 2674; x_wconf 77' lang='lat' dir='ltr'>dicarit,</span> <span class='ocrx_word' id='word_1_426' title='bbox 378 2639 408 2667; x_wconf 92' lang='lat' dir='ltr'>et</span> <span class='ocrx_word' id='word_1_427' title='bbox 425 2634 466 2668; x_wconf 80' lang='lat' dir='ltr'>de</span> <span class='ocrx_word' id='word_1_428' title='bbox 481 2641 651 2680; x_wconf 75' lang='lat' dir='ltr'>pra’cepto</span> <span class='ocrx_word' id='word_1_429' title='bbox 671 2635 715 2669; x_wconf 84' lang='lat' dir='ltr'>ad</span> <span class='ocrx_word' id='word_1_430' title='bbox 733 2635 844 2669; x_wconf 82' lang='lat' dir='ltr'>Israel</span> <span class='ocrx_word' id='word_1_431' title='bbox 858 2634 955 2669; x_wconf 83' lang='lat' dir='ltr'>clato.</span> 
     </span>
    </p>
   </div>
   <div class='ocr_carea' id='block_1_8' title="bbox 59 2691 1116 2924">
    <p class='ocr_par' dir='ltr' id='par_1_9' title="bbox 59 2691 1116 2924">
     <span class='ocr_line' id='line_1_56' title="bbox 106 2691 1113 2741; baseline 0.004 -15"><span class='ocrx_word' id='word_1_432' title='bbox 106 2691 258 2728; x_wconf 77' lang='lat' dir='ltr'>Locutus</span> <span class='ocrx_word' id='word_1_433' title='bbox 278 2698 328 2728; x_wconf 85' lang='lat' dir='ltr'>est</span> <span class='ocrx_word' id='word_1_434' title='bbox 344 2693 515 2728; x_wconf 81' lang='lat' dir='ltr'>Dominus</span> <span class='ocrx_word' id='word_1_435' title='bbox 541 2694 587 2728; x_wconf 85' lang='lat' dir='ltr'>ad</span> <span class='ocrx_word' id='word_1_436' title='bbox 602 2693 747 2740; x_wconf 80' lang='lat' dir='ltr'>Moysen</span> <span class='ocrx_word' id='word_1_437' title='bbox 779 2694 924 2730; x_wconf 84' lang='lat' dir='ltr'>dicens:</span> <span class='ocrx_word' id='word_1_438' title='bbox 946 2694 1020 2741; x_wconf 79' lang='lat' dir='ltr'>Eyo</span> <span class='ocrx_word' id='word_1_439' title='bbox 1040 2693 1113 2729; x_wconf 91' lang='lat' dir='ltr'>Do-</span> 
     </span>
     <span class='ocr_line' id='line_1_57' title="bbox 59 2752 1115 2800; baseline 0.003 -12"><span class='ocrx_word' id='word_1_440' title='bbox 59 2753 172 2788; x_wconf 82' lang='lat' dir='ltr'>minus</span> <span class='ocrx_word' id='word_1_441' title='bbox 194 2753 276 2799; x_wconf 84' lang='lat' dir='ltr'>quia</span> <span class='ocrx_word' id='word_1_442' title='bbox 299 2754 447 2800; x_wconf 84' lang='lat' dir='ltr'>apparui</span> <span class='ocrx_word' id='word_1_443' title='bbox 470 2752 663 2799; x_wconf 82' lang='lat' dir='ltr'>Abraham,</span> <span class='ocrx_word' id='word_1_444' title='bbox 695 2762 725 2790; x_wconf 88' lang='lat' dir='ltr'>et</span> <span class='ocrx_word' id='word_1_445' title='bbox 752 2755 872 2798; x_wconf 81' lang='lat' dir='ltr'>Isaac,</span> <span class='ocrx_word' id='word_1_446' title='bbox 891 2762 922 2791; x_wconf 89' lang='lat' dir='ltr'>et</span> <span class='ocrx_word' id='word_1_447' title='bbox 940 2756 1050 2791; x_wconf 83' lang='lat' dir='ltr'>Jacob</span> <span class='ocrx_word' id='word_1_448' title='bbox 1078 2756 1115 2791; x_wconf 85' lang='lat' dir='ltr'>in</span> 
     </span>
     <span class='ocr_line' id='line_1_58' title="bbox 59 2813 1116 2862; baseline 0.002 -12"><span class='ocrx_word' id='word_1_449' title='bbox 59 2813 132 2850; x_wconf 87' lang='lat' dir='ltr'>Deo</span> <span class='ocrx_word' id='word_1_450' title='bbox 152 2815 382 2862; x_wconf 85' lang='lat' dir='ltr'>omnipotente</span> <span class='ocrx_word' id='word_1_451' title='bbox 397 2827 409 2851; x_wconf 93' lang='lat'>.·</span> <span class='ocrx_word' id='word_1_452' title='bbox 429 2818 459 2852; x_wconf 79' lang='lat' dir='ltr'>ei</span> <span class='ocrx_word' id='word_1_453' title='bbox 487 2823 610 2852; x_wconf 84' lang='lat' dir='ltr'>nomen</span> <span class='ocrx_word' id='word_1_454' title='bbox 632 2828 746 2852; x_wconf 85' lang='lat' dir='ltr'>meum</span> <span class='ocrx_word' id='word_1_455' title='bbox 765 2817 903 2853; x_wconf 78' lang='lat' dir='ltr'>Adonai</span> <span class='ocrx_word' id='word_1_456' title='bbox 927 2829 996 2852; x_wconf 87' lang='lat' dir='ltr'>non</span> <span class='ocrx_word' id='word_1_457' title='bbox 1023 2816 1116 2852; x_wconf 85' lang='lat' dir='ltr'>indi-</span> 
     </span>
     <span class='ocr_line' id='line_1_59' title="bbox 59 2872 1115 2924; baseline 0.003 -15"><span class='ocrx_word' id='word_1_458' title='bbox 59 2874 132 2910; x_wconf 78' lang='lat' dir='ltr'>cavi</span> <span class='ocrx_word' id='word_1_459' title='bbox 157 2874 219 2918; x_wconf 81' lang='lat' dir='ltr'>eis,</span> <span class='ocrx_word' id='word_1_460' title='bbox 244 2873 436 2921; x_wconf 83' lang='lat' dir='ltr'>etreliqua</span> <span class='ocrx_word' id='word_1_461' title='bbox 458 2872 589 2924; x_wconf 68' lang='lat' dir='ltr'>(Ea-od.</span> <span class='ocrx_word' id='word_1_462' title='bbox 620 2877 685 2924; x_wconf 75' lang='lat' dir='ltr'>vi).</span> <span class='ocrx_word' id='word_1_463' title='bbox 713 2876 912 2924; x_wconf 81' lang='lat' dir='ltr'>Septimum</span> <span class='ocrx_word' id='word_1_464' title='bbox 933 2877 968 2912; x_wconf 87' lang='lat' dir='ltr'>in</span> <span class='ocrx_word' id='word_1_465' title='bbox 990 2875 1115 2913; x_wconf 83' lang='lat' dir='ltr'>ordine</span> 
     </span>
    </p>
   </div>
   <div class='ocr_carea' id='block_1_9' title="bbox 59 2934 1167 2995">
    <p class='ocr_par' dir='ltr' id='par_1_10' title="bbox 59 2934 1167 2995">
     <span class='ocr_line' id='line_1_60' title="bbox 59 2934 1167 2995; baseline 0.003 -24"><span class='ocrx_word' id='word_1_466' title='bbox 59 2934 243 2971; x_wconf 81' lang='lat' dir='ltr'>nominum</span> <span class='ocrx_word' id='word_1_467' title='bbox 263 2934 344 2980; x_wconf 82' lang='lat' dir='ltr'>Dei,</span> <span class='ocrx_word' id='word_1_468' title='bbox 371 2939 426 2973; x_wconf 72' lang='lat' dir='ltr'>eSt</span> <span class='ocrx_word' id='word_1_469' title='bbox 447 2937 609 2981; x_wconf 83' lang='lat' dir='ltr'>Adonai;</span> <span class='ocrx_word' id='word_1_470' title='bbox 637 2939 733 2984; x_wconf 89' lang='lat' dir='ltr'>quod</span> <span class='ocrx_word' id='word_1_471' title='bbox 759 2938 974 2984; x_wconf 82' lang='lat' dir='ltr'>generaliter</span> <span class='ocrx_word' id='word_1_472' title='bbox 1003 2937 1115 2974; x_wconf 85' lang='lat' dir='ltr'>inter·</span> <span class='ocrx_word' id='word_1_473' title='bbox 1131 2955 1167 2995; x_wconf 77' lang='lat' dir='ltr'>D</span> 
     </span>
    </p>
   </div>
   <div class='ocr_carea' id='block_1_10' title="bbox 36 2996 1118 3842">
    <p class='ocr_par' dir='ltr' id='par_1_11' title="bbox 61 2996 1114 3044">
     <span class='ocr_line' id='line_1_61' title="bbox 61 2996 1114 3044; baseline 0.006 -13"><span class='ocrx_word' id='word_1_474' title='bbox 61 2998 222 3042; x_wconf 79' lang='lat' dir='ltr'>pretatur</span> <span class='ocrx_word' id='word_1_475' title='bbox 246 2996 419 3034; x_wconf 85' lang='lat' dir='ltr'>Dominus</span> <span class='ocrx_word' id='word_1_476' title='bbox 447 3010 455 3033; x_wconf 72' lang='grc' dir='ltr'><strong><em>τ</em></strong></span> <span class='ocrx_word' id='word_1_477' title='bbox 491 3000 586 3044; x_wconf 78' lang='lat' dir='ltr'>quod</span> <span class='ocrx_word' id='word_1_478' title='bbox 619 2998 824 3036; x_wconf 76' lang='lat' dir='ltr'>dominetur</span> <span class='ocrx_word' id='word_1_479' title='bbox 846 3006 986 3037; x_wconf 77' lang='lat' dir='ltr'>cuncta:</span> <span class='ocrx_word' id='word_1_480' title='bbox 1012 3009 1114 3037; x_wconf 82' lang='lat' dir='ltr'>crea-</span> 
     </span>
    </p>

    <p class='ocr_par' dir='ltr' id='par_1_12' title="bbox 61 3054 1114 3115">
     <span class='ocr_line' id='line_1_62' title="bbox 61 3054 1114 3115; baseline 0.006 -23"><span class='ocrx_word' id='word_1_481' title='bbox 61 3054 173 3115; x_wconf 54' lang='lat' dir='ltr'>tur-m</span> <span class='ocrx_word' id='word_1_482' title='bbox 198 3058 254 3094; x_wconf 84' lang='lat' dir='ltr'>vel</span> <span class='ocrx_word' id='word_1_483' title='bbox 277 3060 372 3105; x_wconf 80' lang='lat' dir='ltr'>quod</span> <span class='ocrx_word' id='word_1_484' title='bbox 400 3067 565 3097; x_wconf 79' lang='lat' dir='ltr'>creatura</span> <span class='ocrx_word' id='word_1_485' title='bbox 590 3062 708 3098; x_wconf 88' lang='lat' dir='ltr'>omnis</span> <span class='ocrx_word' id='word_1_486' title='bbox 725 3061 925 3098; x_wconf 87' lang='lat' dir='ltr'>dominatui</span> <span class='ocrx_word' id='word_1_487' title='bbox 953 3061 1030 3108; x_wconf 84' lang='lat' dir='ltr'>ejus</span> <span class='ocrx_word' id='word_1_488' title='bbox 1054 3061 1114 3099; x_wconf 90' lang='lat' dir='ltr'>de-</span> 
     </span>
    </p>

    <p class='ocr_par' dir='ltr' id='par_1_13' title="bbox 61 3114 1114 3169">
     <span class='ocr_line' id='line_1_63' title="bbox 61 3114 1114 3169; baseline 0.005 -16"><span class='ocrx_word' id='word_1_489' title='bbox 61 3114 208 3155; x_wconf 61' lang='lat' dir='ltr'>kefviat.</span> <span class='ocrx_word' id='word_1_490' title='bbox 246 3115 420 3157; x_wconf 83' lang='lat' dir='ltr'>Dominus</span> <span class='ocrx_word' id='word_1_491' title='bbox 453 3130 540 3169; x_wconf 81' lang='lat' dir='ltr'>ergo</span> <span class='ocrx_word' id='word_1_492' title='bbox 568 3127 604 3158; x_wconf 86' lang='lat' dir='ltr'>et</span> <span class='ocrx_word' id='word_1_493' title='bbox 637 3120 731 3159; x_wconf 87' lang='lat' dir='ltr'>Deus</span> <span class='ocrx_word' id='word_1_494' title='bbox 763 3123 910 3166; x_wconf 86' lang='lat' dir='ltr'>dicitur,</span> <span class='ocrx_word' id='word_1_495' title='bbox 942 3133 985 3159; x_wconf 90' lang='lat' dir='ltr'>eo</span> <span class='ocrx_word' id='word_1_496' title='bbox 1018 3123 1114 3168; x_wconf 85' lang='lat' dir='ltr'>quod</span> 
     </span>
    </p>

    <p class='ocr_par' dir='ltr' id='par_1_14' title="bbox 62 3176 1110 3229">
     <span class='ocr_line' id='line_1_64' title="bbox 62 3176 1110 3229; baseline 0.001 -12"><span class='ocrx_word' id='word_1_497' title='bbox 62 3176 266 3217; x_wconf 70' lang='lat' dir='ltr'>dominetur</span> <span class='ocrx_word' id='word_1_498' title='bbox 297 3181 466 3218; x_wconf 78' lang='lat' dir='ltr'>omnibus</span> <span class='ocrx_word' id='word_1_499' title='bbox 495 3183 552 3218; x_wconf 87' lang='lat' dir='ltr'>vei</span> <span class='ocrx_word' id='word_1_500' title='bbox 583 3180 679 3229; x_wconf 75' lang='lat' dir='ltr'>quod</span> <span class='ocrx_word' id='word_1_501' title='bbox 711 3180 883 3219; x_wconf 84' lang='lat' dir='ltr'>timeatur</span> <span class='ocrx_word' id='word_1_502' title='bbox 913 3194 934 3219; x_wconf 87' lang='lat' dir='ltr'>a</span> <span class='ocrx_word' id='word_1_503' title='bbox 956 3183 1110 3220; x_wconf 83' lang='lat' dir='ltr'>cunctis.</span> 
     </span>
    </p>

    <p class='ocr_par' dir='ltr' id='par_1_15' title="bbox 36 3234 1116 3412">
     <span class='ocr_line' id='line_1_65' title="bbox 47 3234 1116 3288; baseline 0.006 -15"><span class='ocrx_word' id='word_1_504' title='bbox 47 3234 249 3281; x_wconf 60' lang='lat' dir='ltr'>*Quomodo</span> <span class='ocrx_word' id='word_1_505' title='bbox 271 3241 358 3286; x_wconf 75' lang='lat' dir='ltr'>ergo</span> <span class='ocrx_word' id='word_1_506' title='bbox 379 3241 476 3277; x_wconf 79' lang='lat' dir='ltr'>nunc</span> <span class='ocrx_word' id='word_1_507' title='bbox 493 3241 649 3286; x_wconf 15' lang='lat' dir='ltr'>dieitur-‚t</span> <span class='ocrx_word' id='word_1_508' title='bbox 666 3241 761 3288; x_wconf 68' lang='lat' dir='ltr'>qood</span> <span class='ocrx_word' id='word_1_509' title='bbox 782 3241 954 3278; x_wconf 66' lang='lat' dir='ltr'>nonninus</span> <span class='ocrx_word' id='word_1_510' title='bbox 983 3243 1116 3279; x_wconf 80' lang='lat' dir='ltr'>nomen</span> 
     </span>
     <span class='ocr_line' id='line_1_66' title="bbox 36 3295 1112 3351; baseline 0.007 -17"><span class='ocrx_word' id='word_1_511' title='bbox 36 3295 168 3346; x_wconf 55' lang='lat' dir='ltr'>Quin</span> <span class='ocrx_word' id='word_1_512' title='bbox 183 3297 339 3336; x_wconf 56' lang='lat' dir='ltr'>Abrahffl</span> <span class='ocrx_word' id='word_1_513' title='bbox 357 3303 428 3337; x_wconf 75' lang='lat' dir='ltr'>non</span> <span class='ocrx_word' id='word_1_514' title='bbox 449 3300 675 3347; x_wconf 76' lang='lat' dir='ltr'>indicaverit,</span> <span class='ocrx_word' id='word_1_515' title='bbox 697 3302 740 3340; x_wconf 78' lang='lat' dir='ltr'>dc</span> <span class='ocrx_word' id='word_1_516' title='bbox 758 3309 830 3351; x_wconf 80' lang='lat' dir='ltr'>quo</span> <span class='ocrx_word' id='word_1_517' title='bbox 847 3305 1019 3351; x_wconf 83' lang='lat' dir='ltr'>scriptum</span> <span class='ocrx_word' id='word_1_518' title='bbox 1038 3308 1112 3341; x_wconf 87' lang='lat' dir='ltr'>est:</span> 
     </span>
     <span class='ocr_line' id='line_1_67' title="bbox 55 3356 1115 3412; baseline 0.007 -18"><span class='ocrx_word' id='word_1_519' title='bbox 55 3369 166 3400; x_wconf 37' lang='grc' dir='ltr'>Νη»</span> <span class='ocrx_word' id='word_1_520' title='bbox 192 3358 223 3389; x_wconf 64' lang='grc' dir='ltr'>π’</span> <span class='ocrx_word' id='word_1_521' title='bbox 247 3356 420 3398; x_wconf 69' lang='lat' dir='ltr'>minnan</span> <span class='ocrx_word' id='word_1_522' title='bbox 446 3359 611 3408; x_wconf 70' lang='lat' dir='ltr'>Abrahae,</span> <span class='ocrx_word' id='word_1_523' title='bbox 640 3363 797 3412; x_wconf 68' lang='lat' dir='ltr'>dixitque</span> <span class='ocrx_word' id='word_1_524' title='bbox 824 3362 870 3400; x_wconf 80' lang='lat' dir='ltr'>ad</span> <span class='ocrx_word' id='word_1_525' title='bbox 898 3369 977 3401; x_wconf 71' lang='lat' dir='ltr'>enm</span> <span class='ocrx_word' id='word_1_526' title='bbox 997 3376 1010 3401; x_wconf 91' lang='lat'>.·</span> <span class='ocrx_word' id='word_1_527' title='bbox 1040 3361 1115 3411; x_wconf 79' lang='lat' dir='ltr'>Eyo</span> 
     </span>
    </p>

    <p class='ocr_par' dir='ltr' id='par_1_16' title="bbox 56 3420 1117 3593">
     <span class='ocr_line' id='line_1_68' title="bbox 69 3420 1114 3471; baseline 0.003 -15"><span class='ocrx_word' id='word_1_528' title='bbox 69 3458 82 3461; x_wconf 16' lang='lat' dir='ltr'>ff,</span> <span class='ocrx_word' id='word_1_529' title='bbox 108 3457 113 3459; x_wconf 70' lang='grc'><strong>,</strong></span> <span class='ocrx_word' id='word_1_530' title='bbox 220 3420 486 3468; x_wconf 61' lang='lat' dir='ltr'>immutent,</span> <span class='ocrx_word' id='word_1_531' title='bbox 503 3420 645 3460; x_wconf 72' lang='lat' dir='ltr'>ambula</span> <span class='ocrx_word' id='word_1_532' title='bbox 667 3426 785 3460; x_wconf 72' lang='lat' dir='ltr'>cet-am</span> <span class='ocrx_word' id='word_1_533' title='bbox 805 3429 873 3468; x_wconf 76' lang='lat' dir='ltr'>nie,</span> <span class='ocrx_word' id='word_1_534' title='bbox 895 3428 927 3460; x_wconf 77' lang='lat' dir='ltr'>et</span> <span class='ocrx_word' id='word_1_535' title='bbox 944 3428 1018 3460; x_wconf 74' lang='lat' dir='ltr'>esto</span> <span class='ocrx_word' id='word_1_536' title='bbox 1034 3427 1114 3471; x_wconf 57' lang='lat' dir='ltr'>pera</span> 
     </span>
     <span class='ocr_line' id='line_1_69' title="bbox 56 3476 1117 3535; baseline 0.004 -17"><span class='ocrx_word' id='word_1_537' title='bbox 56 3476 90 3517; x_wconf 79' lang='grc'>“-’,</span> <span class='ocrx_word' id='word_1_538' title='bbox 196 3481 218 3519; x_wconf 60' lang='lat' dir='ltr'>t</span> <span class='ocrx_word' id='word_1_539' title='bbox 242 3479 438 3532; x_wconf 61' lang='lat' dir='ltr'>mamque</span> <span class='ocrx_word' id='word_1_540' title='bbox 465 3482 576 3531; x_wconf 61' lang='lat' dir='ltr'>mas</span> <span class='ocrx_word' id='word_1_541' title='bbox 606 3483 722 3522; x_wconf 67' lang='lat' dir='ltr'>ineam</span> <span class='ocrx_word' id='word_1_542' title='bbox 747 3484 840 3522; x_wconf 64' lang='lat' dir='ltr'>inter</span> <span class='ocrx_word' id='word_1_543' title='bbox 866 3492 922 3535; x_wconf 69' lang='lat' dir='ltr'>me</span> <span class='ocrx_word' id='word_1_544' title='bbox 948 3487 982 3522; x_wconf 76' lang='lat' dir='ltr'>ee</span> <span class='ocrx_word' id='word_1_545' title='bbox 1003 3486 1036 3521; x_wconf 74' lang='lat' dir='ltr'>te</span> <span class='ocrx_word' id='word_1_546' title='bbox 1054 3493 1066 3520; x_wconf 88' lang='grc'>.·</span> <span class='ocrx_word' id='word_1_547' title='bbox 1081 3487 1117 3522; x_wconf 73' lang='lat' dir='ltr'>et</span> 
     </span>
     <span class='ocr_line' id='line_1_70' title="bbox 171 3539 1117 3593; baseline 0.005 -15"><span class='ocrx_word' id='word_1_548' title='bbox 171 3586 174 3587; x_wconf 19' lang='lat'><em>⁷</em></span> <span class='ocrx_word' id='word_1_549' title='bbox 270 3566 271 3569; x_wconf 55' lang='lat'><em>=</em></span> <span class='ocrx_word' id='word_1_550' title='bbox 291 3565 294 3572; x_wconf 59' lang='grc' dir='ltr'><em>ι</em></span> <span class='ocrx_word' id='word_1_551' title='bbox 330 3540 366 3579; x_wconf 61' lang='lat' dir='ltr'>ii</span> <span class='ocrx_word' id='word_1_552' title='bbox 389 3541 607 3581; x_wconf 62' lang='lat' dir='ltr'>venementer</span> <span class='ocrx_word' id='word_1_553' title='bbox 623 3543 753 3582; x_wconf 65' lang='lat' dir='ltr'>nanis!</span> <span class='ocrx_word' id='word_1_554' title='bbox 781 3542 882 3593; x_wconf 72' lang='lat' dir='ltr'>(Gen.</span> <span class='ocrx_word' id='word_1_555' title='bbox 903 3543 1010 3592; x_wconf 62' lang='lat' dir='ltr'>x‘vna)</span> <span class='ocrx_word' id='word_1_556' title='bbox 1043 3539 1117 3583; x_wconf 69' lang='lat' dir='ltr'>Ast</span> 
     </span>
    </p>

    <p class='ocr_par' dir='ltr' id='par_1_17' title="bbox 190 3587 1118 3658">
     <span class='ocr_line' id='line_1_71' title="bbox 190 3587 1118 3658; baseline -0.001 -16"><span class='ocrx_word' id='word_1_557' title='bbox 190 3635 205 3642; x_wconf 32' lang='lat' dir='ltr'>e</span> <span class='ocrx_word' id='word_1_558' title='bbox 219 3623 236 3658; x_wconf 80' lang='lat'>..·</span> <span class='ocrx_word' id='word_1_559' title='bbox 251 3587 372 3640; x_wconf 62' lang='lat' dir='ltr'>rime</span> <span class='ocrx_word' id='word_1_560' title='bbox 393 3602 526 3641; x_wconf 71' lang='lat' dir='ltr'>nomen</span> <span class='ocrx_word' id='word_1_561' title='bbox 552 3603 632 3653; x_wconf 67' lang='grc'>111111</span> <span class='ocrx_word' id='word_1_562' title='bbox 653 3604 726 3642; x_wconf 65' lang='lat' dir='ltr'>hou</span> <span class='ocrx_word' id='word_1_563' title='bbox 751 3606 807 3643; x_wconf 71' lang='lat' dir='ltr'>ea</span> <span class='ocrx_word' id='word_1_564' title='bbox 834 3602 1047 3649; x_wconf 65' lang='lat' dir='ltr'>indicatum,</span> <span class='ocrx_word' id='word_1_565' title='bbox 1072 3605 1118 3642; x_wconf 73' lang='lat' dir='ltr'>au</span> 
     </span>
    </p>

    <p class='ocr_par' dir='ltr' id='par_1_18' title="bbox 83 3653 1117 3773">
     <span class='ocr_line' id='line_1_72' title="bbox 83 3653 1116 3721; baseline 0.003 -22"><span class='ocrx_word' id='word_1_566' title='bbox 83 3678 87 3685; x_wconf 89' lang='lat'><strong>·</strong></span> <span class='ocrx_word' id='word_1_567' title='bbox 151 3713 158 3721; x_wconf 64' lang='lat'><em>„</em></span> <span class='ocrx_word' id='word_1_568' title='bbox 203 3698 205 3700; x_wconf 79' lang='grc'>.</span> <span class='ocrx_word' id='word_1_569' title='bbox 244 3703 249 3718; x_wconf 22' lang='grc' dir='ltr'>Ι,</span> <span class='ocrx_word' id='word_1_570' title='bbox 285 3653 464 3711; x_wconf 53' lang='lat' dir='ltr'>§mitum</span> <span class='ocrx_word' id='word_1_571' title='bbox 479 3665 531 3702; x_wconf 75' lang='grc'>1111</span> <span class='ocrx_word' id='word_1_572' title='bbox 545 3672 556 3703; x_wconf 74' lang='lat'>2·</span> <span class='ocrx_word' id='word_1_573' title='bbox 572 3655 649 3713; x_wconf 65' lang='lat' dir='ltr'>squ</span> <span class='ocrx_word' id='word_1_574' title='bbox 665 3667 727 3703; x_wconf 72' lang='lat' dir='ltr'>m</span> <span class='ocrx_word' id='word_1_575' title='bbox 742 3666 856 3702; x_wconf 66' lang='lat' dir='ltr'>tecam</span> <span class='ocrx_word' id='word_1_576' title='bbox 869 3667 902 3702; x_wconf 68' lang='lat' dir='ltr'>a</span> <span class='ocrx_word' id='word_1_577' title='bbox 917 3663 1116 3703; x_wconf 65' lang='lat' dir='ltr'>temam</span> 
     </span>
     <span class='ocr_line' id='line_1_73' title="bbox 311 3715 1117 3773; baseline 0.005 -15"><span class='ocrx_word' id='word_1_578' title='bbox 311 3756 313 3758; x_wconf 84' lang='lat'>.</span> <span class='ocrx_word' id='word_1_579' title='bbox 355 3731 361 3744; x_wconf 72' lang='lat'>²</span> <span class='ocrx_word' id='word_1_580' title='bbox 415 3715 730 3766; x_wconf 63' lang='lat' dir='ltr'>mmo-titios</span> <span class='ocrx_word' id='word_1_581' title='bbox 749 3725 936 3763; x_wconf 67' lang='lat' dir='ltr'>amnas</span> <span class='ocrx_word' id='word_1_582' title='bbox 960 3725 1117 3773; x_wconf 56' lang='lat' dir='ltr'>worm</span> 
     </span>
    </p>

    <p class='ocr_par' dir='ltr' id='par_1_19' title="bbox 439 3779 1118 3842">
     <span class='ocr_line' id='line_1_74' title="bbox 475 3779 1118 3842; baseline -0.006 -15.212"><span class='ocrx_word' id='word_1_583' title='bbox 475 3819 480 3825; x_wconf 87' lang='lat'><strong>.</strong></span> <span class='ocrx_word' id='word_1_584' title='bbox 496 3779 635 3833; x_wconf 57' lang='grc' dir='ltr'><strong><em>Μ</em></strong></span> <span class='ocrx_word' id='word_1_585' title='bbox 651 3779 1118 3842; x_wconf 50' lang='lat' dir='ltr'>numo-aihum!</span> 
     </span>
    </p>
   </div>
   <div class='ocr_carea' id='block_1_11' title="bbox 0 3392 496 4016">
    <p class='ocr_par' dir='ltr' id='par_1_20' title="bbox 0 3392 496 4016">
     <span class='ocr_line' id='line_1_75' title="bbox 39 3392 234 3447; baseline 0 -52"><span class='ocrx_word' id='word_1_586' title='bbox 39 3392 234 3447; x_wconf 95' lang='lat' dir='ltr'>   </span> 
     </span>
     <span class='ocr_line' id='line_1_76' title="bbox 39 3447 251 3620; baseline 0 0"><span class='ocrx_word' id='word_1_587' title='bbox 39 3447 251 3620; x_wconf 95' lang='lat' dir='ltr'>  </span> 
     </span>
     <span class='ocr_line' id='line_1_77' title="bbox 0 3620 415 3802; baseline 0 0"><span class='ocrx_word' id='word_1_588' title='bbox 0 3620 415 3802; x_wconf 95' lang='lat' dir='ltr'>   </span> 
     </span>
     <span class='ocr_line' id='line_1_78' title="bbox 0 3802 496 4016; baseline 0 -129"><span class='ocrx_word' id='word_1_589' title='bbox 0 3802 496 4016; x_wconf 95' lang='lat' dir='ltr'>  </span> 
     </span>
    </p>
   </div>
   <div class='ocr_carea' id='block_1_12' title="bbox 1174 1222 2246 3837">
    <p class='ocr_par' dir='ltr' id='par_1_21' title="bbox 1174 1222 2236 1272">
     <span class='ocr_line' id='line_1_79' title="bbox 1174 1222 2236 1272; baseline -0.005 -10"><span class='ocrx_word' id='word_1_590' title='bbox 1174 1227 1288 1262; x_wconf 85' lang='lat' dir='ltr'>videre</span> <span class='ocrx_word' id='word_1_591' title='bbox 1303 1237 1380 1272; x_wconf 69' lang='lat' dir='ltr'>aare</span> <span class='ocrx_word' id='word_1_592' title='bbox 1397 1237 1454 1261; x_wconf 77' lang='lat' dir='ltr'>ros</span> <span class='ocrx_word' id='word_1_593' title='bbox 1470 1225 1609 1267; x_wconf 78' lang='lat' dir='ltr'>videtis,</span> <span class='ocrx_word' id='word_1_594' title='bbox 1629 1232 1660 1260; x_wconf 89' lang='lat' dir='ltr'>et</span> <span class='ocrx_word' id='word_1_595' title='bbox 1682 1235 1751 1259; x_wconf 85' lang='lat' dir='ltr'>non</span> <span class='ocrx_word' id='word_1_596' title='bbox 1768 1224 1952 1266; x_wconf 77' lang='lat' dir='ltr'>viderum,·</span> <span class='ocrx_word' id='word_1_597' title='bbox 1969 1229 2000 1258; x_wconf 89' lang='lat' dir='ltr'>et</span> <span class='ocrx_word' id='word_1_598' title='bbox 2017 1222 2141 1258; x_wconf 75' lang='lat' dir='ltr'>audire</span> <span class='ocrx_word' id='word_1_599' title='bbox 2158 1233 2236 1269; x_wconf 63' lang='lat' dir='ltr'>quie</span> 
     </span>
    </p>

    <p class='ocr_par' dir='ltr' id='par_1_22' title="bbox 1175 1283 1943 1332">
     <span class='ocr_line' id='line_1_80' title="bbox 1175 1283 1943 1332; baseline -0.005 -10"><span class='ocrx_word' id='word_1_600' title='bbox 1175 1287 1322 1329; x_wconf 81' lang='lat' dir='ltr'>auditis,</span> <span class='ocrx_word' id='word_1_601' title='bbox 1338 1293 1369 1322; x_wconf 91' lang='lat' dir='ltr'>et</span> <span class='ocrx_word' id='word_1_602' title='bbox 1390 1297 1459 1321; x_wconf 88' lang='lat' dir='ltr'>non</span> <span class='ocrx_word' id='word_1_603' title='bbox 1476 1287 1663 1321; x_wconf 80' lang='lat' dir='ltr'>audierant</span> <span class='ocrx_word' id='word_1_604' title='bbox 1683 1284 1827 1332; x_wconf 83' lang='lat' dir='ltr'>(Mattlz.</span> <span class='ocrx_word' id='word_1_605' title='bbox 1846 1283 1943 1331; x_wconf 80' lang='lat' dir='ltr'>xm).</span> 
     </span>
    </p>

    <p class='ocr_par' dir='ltr' id='par_1_23' title="bbox 1175 1345 2246 3528">
     <span class='ocr_line' id='line_1_81' title="bbox 1224 1345 2238 1393; baseline -0.004 -10"><span class='ocrx_word' id='word_1_606' title='bbox 1224 1349 1310 1383; x_wconf 81' lang='lat' dir='ltr'>Ideo</span> <span class='ocrx_word' id='word_1_607' title='bbox 1341 1349 1397 1383; x_wconf 84' lang='lat' dir='ltr'>die</span> <span class='ocrx_word' id='word_1_608' title='bbox 1414 1347 1498 1393; x_wconf 86' lang='lat' dir='ltr'>filiis</span> <span class='ocrx_word' id='word_1_609' title='bbox 1527 1346 1664 1382; x_wconf 87' lang='lat' dir='ltr'>Israel:</span> <span class='ocrx_word' id='word_1_610' title='bbox 1688 1347 1762 1393; x_wconf 84' lang='lat' dir='ltr'>Eyo</span> <span class='ocrx_word' id='word_1_611' title='bbox 1796 1346 1966 1381; x_wconf 82' lang='lat' dir='ltr'>Dominus</span> <span class='ocrx_word' id='word_1_612' title='bbox 2002 1345 2061 1392; x_wconf 85' lang='lat' dir='ltr'>qui</span> <span class='ocrx_word' id='word_1_613' title='bbox 2091 1345 2238 1380; x_wconf 82' lang='lat' dir='ltr'>educam</span> 
     </span>
     <span class='ocr_line' id='line_1_82' title="bbox 1175 1406 2234 1455; baseline -0.003 -11"><span class='ocrx_word' id='word_1_614' title='bbox 1175 1418 1235 1445; x_wconf 83' lang='lat' dir='ltr'>vos</span> <span class='ocrx_word' id='word_1_615' title='bbox 1254 1409 1296 1443; x_wconf 89' lang='lat' dir='ltr'>de</span> <span class='ocrx_word' id='word_1_616' title='bbox 1316 1407 1493 1455; x_wconf 83' lang='lat' dir='ltr'>eryastulo</span> <span class='ocrx_word' id='word_1_617' title='bbox 1514 1407 1780 1453; x_wconf 83' lang='lat' dir='ltr'>AEyyptioram,</span> <span class='ocrx_word' id='word_1_618' title='bbox 1802 1413 1832 1442; x_wconf 87' lang='lat' dir='ltr'>et</span> <span class='ocrx_word' id='word_1_619' title='bbox 1853 1417 1974 1442; x_wconf 83' lang='lat' dir='ltr'>eruam</span> <span class='ocrx_word' id='word_1_620' title='bbox 1994 1406 2036 1441; x_wconf 87' lang='lat' dir='ltr'>de</span> <span class='ocrx_word' id='word_1_621' title='bbox 2055 1406 2234 1449; x_wconf 84' lang='lat' dir='ltr'>servitute,</span> 
     </span>
     <span class='ocr_line' id='line_1_83' title="bbox 1178 1466 2237 1513; baseline -0.003 -10"><span class='ocrx_word' id='word_1_622' title='bbox 1178 1480 1217 1503; x_wconf 88' lang='lat' dir='ltr'>ac</span> <span class='ocrx_word' id='word_1_623' title='bbox 1239 1468 1408 1503; x_wconf 80' lang='lat' dir='ltr'>redimam</span> <span class='ocrx_word' id='word_1_624' title='bbox 1429 1469 1465 1502; x_wconf 87' lang='lat' dir='ltr'>in</span> <span class='ocrx_word' id='word_1_625' title='bbox 1486 1467 1627 1502; x_wconf 81' lang='lat' dir='ltr'>brachio</span> <span class='ocrx_word' id='word_1_626' title='bbox 1646 1466 1796 1509; x_wconf 71' lang='lat' dir='ltr'>excelso,</span> <span class='ocrx_word' id='word_1_627' title='bbox 1828 1473 1859 1502; x_wconf 87' lang='lat' dir='ltr'>et</span> <span class='ocrx_word' id='word_1_628' title='bbox 1890 1467 2038 1513; x_wconf 80' lang='lat' dir='ltr'>judiciis</span> <span class='ocrx_word' id='word_1_629' title='bbox 2072 1467 2237 1512; x_wconf 83' lang='lat' dir='ltr'>maynis:</span> 
     </span>
     <span class='ocr_line' id='line_1_84' title="bbox 1177 1528 2238 1576; baseline -0.002 -11"><span class='ocrx_word' id='word_1_630' title='bbox 1177 1538 1208 1566; x_wconf 90' lang='lat' dir='ltr'>et</span> <span class='ocrx_word' id='word_1_631' title='bbox 1226 1540 1403 1565; x_wconf 81' lang='lat' dir='ltr'>assumam</span> <span class='ocrx_word' id='word_1_632' title='bbox 1419 1541 1478 1565; x_wconf 89' lang='lat' dir='ltr'>vos</span> <span class='ocrx_word' id='word_1_633' title='bbox 1502 1530 1587 1564; x_wconf 80' lang='lat' dir='ltr'>milti</span> <span class='ocrx_word' id='word_1_634' title='bbox 1610 1530 1646 1564; x_wconf 85' lang='lat' dir='ltr'>in</span> <span class='ocrx_word' id='word_1_635' title='bbox 1662 1529 1841 1576; x_wconf 86' lang='lat' dir='ltr'>populum,</span> <span class='ocrx_word' id='word_1_636' title='bbox 1860 1536 1891 1564; x_wconf 90' lang='lat' dir='ltr'>et</span> <span class='ocrx_word' id='word_1_637' title='bbox 1915 1541 1971 1564; x_wconf 89' lang='lat' dir='ltr'>ero</span> <span class='ocrx_word' id='word_1_638' title='bbox 1988 1535 2098 1564; x_wconf 83' lang='lat' dir='ltr'>vester</span> <span class='ocrx_word' id='word_1_639' title='bbox 2116 1528 2206 1563; x_wconf 84' lang='lat' dir='ltr'>Deus</span> <span class='ocrx_word' id='word_1_640' title='bbox 2226 1536 2238 1562; x_wconf 89' lang='lat'>.·</span> 
     </span>
     <span class='ocr_line' id='line_1_85' title="bbox 1177 1589 2236 1638; baseline -0.004 -11"><span class='ocrx_word' id='word_1_641' title='bbox 1177 1592 1359 1638; x_wconf 75' lang='lat' dir='ltr'>scietisque</span> <span class='ocrx_word' id='word_1_642' title='bbox 1391 1590 1484 1637; x_wconf 85' lang='lat' dir='ltr'>quod</span> <span class='ocrx_word' id='word_1_643' title='bbox 1501 1601 1561 1634; x_wconf 81' lang='lat' dir='ltr'>eyo</span> <span class='ocrx_word' id='word_1_644' title='bbox 1594 1600 1671 1625; x_wconf 82' lang='lat' dir='ltr'>sum</span> <span class='ocrx_word' id='word_1_645' title='bbox 1705 1589 1874 1624; x_wconf 84' lang='lat' dir='ltr'>Dominus</span> <span class='ocrx_word' id='word_1_646' title='bbox 1908 1589 2001 1624; x_wconf 85' lang='lat' dir='ltr'>Deus</span> <span class='ocrx_word' id='word_1_647' title='bbox 2023 1595 2143 1631; x_wconf 86' lang='lat' dir='ltr'>vester,</span> <span class='ocrx_word' id='word_1_648' title='bbox 2176 1589 2236 1635; x_wconf 82' lang='lat' dir='ltr'>qui</span> 
     </span>
     <span class='ocr_line' id='line_1_86' title="bbox 1177 1649 2236 1697; baseline -0.004 -9"><span class='ocrx_word' id='word_1_649' title='bbox 1177 1653 1355 1688; x_wconf 69' lang='lat' dir='ltr'>eduxerim</span> <span class='ocrx_word' id='word_1_650' title='bbox 1375 1662 1432 1687; x_wconf 85' lang='lat' dir='ltr'>vos</span> <span class='ocrx_word' id='word_1_651' title='bbox 1447 1651 1489 1686; x_wconf 84' lang='lat' dir='ltr'>de</span> <span class='ocrx_word' id='word_1_652' title='bbox 1503 1650 1680 1697; x_wconf 85' lang='lat' dir='ltr'>eryastulo</span> <span class='ocrx_word' id='word_1_653' title='bbox 1698 1650 1963 1696; x_wconf 83' lang='lat' dir='ltr'>AEyyptiorum,</span> <span class='ocrx_word' id='word_1_654' title='bbox 1986 1655 2017 1684; x_wconf 87' lang='lat' dir='ltr'>et</span> <span class='ocrx_word' id='word_1_655' title='bbox 2035 1649 2236 1685; x_wconf 75' lang='lat' dir='ltr'>induxerim</span> 
     </span>
     <span class='ocr_line' id='line_1_87' title="bbox 1178 1710 2238 1759; baseline -0.003 -10"><span class='ocrx_word' id='word_1_656' title='bbox 1178 1715 1214 1750; x_wconf 84' lang='lat' dir='ltr'>in</span> <span class='ocrx_word' id='word_1_657' title='bbox 1233 1710 1360 1749; x_wconf 81' lang='lat' dir='ltr'>terram</span> <span class='ocrx_word' id='word_1_658' title='bbox 1379 1724 1484 1759; x_wconf 87' lang='lat' dir='ltr'>super</span> <span class='ocrx_word' id='word_1_659' title='bbox 1497 1722 1602 1759; x_wconf 85' lang='lat' dir='ltr'>quam</span> <span class='ocrx_word' id='word_1_660' title='bbox 1624 1712 1733 1748; x_wconf 76' lang='lat' dir='ltr'>levavi</span> <span class='ocrx_word' id='word_1_661' title='bbox 1750 1723 1895 1748; x_wconf 81' lang='lat' dir='ltr'>manum</span> <span class='ocrx_word' id='word_1_662' title='bbox 1920 1722 2045 1754; x_wconf 88' lang='lat' dir='ltr'>meam,</span> <span class='ocrx_word' id='word_1_663' title='bbox 2066 1718 2102 1747; x_wconf 87' lang='lat' dir='ltr'>ut</span> <span class='ocrx_word' id='word_1_664' title='bbox 2117 1711 2238 1747; x_wconf 82' lang='lat' dir='ltr'>darem</span> 
     </span>
     <span class='ocr_line' id='line_1_88' title="bbox 1179 1771 2239 1819; baseline -0.004 -8"><span class='ocrx_word' id='word_1_665' title='bbox 1179 1786 1255 1812; x_wconf 86' lang='lat' dir='ltr'>eam</span> <span class='ocrx_word' id='word_1_666' title='bbox 1274 1775 1466 1818; x_wconf 85' lang='lat' dir='ltr'>Abrabam,</span> <span class='ocrx_word' id='word_1_667' title='bbox 1488 1772 1592 1810; x_wconf 86' lang='lat' dir='ltr'>Isaac</span> <span class='ocrx_word' id='word_1_668' title='bbox 1617 1780 1648 1808; x_wconf 91' lang='lat' dir='ltr'>et</span> <span class='ocrx_word' id='word_1_669' title='bbox 1672 1773 1782 1809; x_wconf 84' lang='lat' dir='ltr'>Jacob</span> <span class='ocrx_word' id='word_1_670' title='bbox 1800 1781 1813 1807; x_wconf 94' lang='grc'>.·</span> <span class='ocrx_word' id='word_1_671' title='bbox 1832 1773 1990 1819; x_wconf 78' lang='lat' dir='ltr'>daboque</span> <span class='ocrx_word' id='word_1_672' title='bbox 2019 1772 2118 1808; x_wconf 84' lang='lat' dir='ltr'>illam</span> <span class='ocrx_word' id='word_1_673' title='bbox 2146 1771 2239 1808; x_wconf 81' lang='lat' dir='ltr'>vobis</span> 
     </span>
     <span class='ocr_line' id='line_1_89' title="bbox 1178 1832 2239 1882; baseline -0.002 -12"><span class='ocrx_word' id='word_1_674' title='bbox 1178 1832 1423 1882; x_wconf 75' lang='lat' dir='ltr'>possidendam</span> <span class='ocrx_word' id='word_1_675' title='bbox 1440 1845 1451 1870; x_wconf 92' lang='grc'>.·</span> <span class='ocrx_word' id='word_1_676' title='bbox 1483 1845 1543 1880; x_wconf 78' lang='lat' dir='ltr'>eqo</span> <span class='ocrx_word' id='word_1_677' title='bbox 1570 1833 1755 1869; x_wconf 80' lang='lat' dir='ltr'>Dominus.</span> <span class='ocrx_word' id='word_1_678' title='bbox 1786 1833 1955 1869; x_wconf 81' lang='lat' dir='ltr'>Narravit</span> <span class='ocrx_word' id='word_1_679' title='bbox 1987 1844 2067 1879; x_wconf 86' lang='lat' dir='ltr'>eryo</span> <span class='ocrx_word' id='word_1_680' title='bbox 2101 1832 2239 1879; x_wconf 79' lang='lat' dir='ltr'>Moyses</span> 
     </span>
     <span class='ocr_line' id='line_1_90' title="bbox 1180 1894 2242 1941; baseline -0.001 -11"><span class='ocrx_word' id='word_1_681' title='bbox 1180 1896 1299 1931; x_wconf 85' lang='lat' dir='ltr'>omnia</span> <span class='ocrx_word' id='word_1_682' title='bbox 1318 1894 1400 1940; x_wconf 83' lang='lat' dir='ltr'>filiis</span> <span class='ocrx_word' id='word_1_683' title='bbox 1419 1894 1533 1930; x_wconf 83' lang='lat' dir='ltr'>Israel</span> <span class='ocrx_word' id='word_1_684' title='bbox 1550 1895 1611 1941; x_wconf 84' lang='lat' dir='ltr'>qui</span> <span class='ocrx_word' id='word_1_685' title='bbox 1627 1905 1695 1929; x_wconf 87' lang='lat' dir='ltr'>non</span> <span class='ocrx_word' id='word_1_686' title='bbox 1713 1895 1955 1940; x_wconf 78' lang='lat' dir='ltr'>acquieverunt</span> <span class='ocrx_word' id='word_1_687' title='bbox 1975 1894 2005 1928; x_wconf 88' lang='lat' dir='ltr'>ei</span> <span class='ocrx_word' id='word_1_688' title='bbox 2023 1899 2163 1940; x_wconf 87' lang='lat' dir='ltr'>propter</span> <span class='ocrx_word' id='word_1_689' title='bbox 2176 1901 2242 1929; x_wconf 84' lang='lat' dir='ltr'>an-</span> 
     </span>
     <span class='ocr_line' id='line_1_91' title="bbox 1180 1954 2241 2004; baseline -0.002 -11"><span class='ocrx_word' id='word_1_690' title='bbox 1180 1956 1331 2004; x_wconf 84' lang='lat' dir='ltr'>yustiam</span> <span class='ocrx_word' id='word_1_691' title='bbox 1351 1957 1495 2003; x_wconf 83' lang='lat' dir='ltr'>spiritns</span> <span class='ocrx_word' id='word_1_692' title='bbox 1514 1962 1546 1991; x_wconf 82' lang='lat' dir='ltr'>et</span> <span class='ocrx_word' id='word_1_693' title='bbox 1575 1967 1661 2002; x_wconf 85' lang='lat' dir='ltr'>opus</span> <span class='ocrx_word' id='word_1_694' title='bbox 1682 1955 1923 1990; x_wconf 83' lang='lat' dir='ltr'>durissimum.</span> <span class='ocrx_word' id='word_1_695' title='bbox 1951 1954 2112 2002; x_wconf 70' lang='lat' dir='ltr'>Mystico,</span> <span class='ocrx_word' id='word_1_696' title='bbox 2134 1965 2241 2002; x_wconf 82' lang='lat' dir='ltr'>erga·</span> 
     </span>
     <span class='ocr_line' id='line_1_92' title="bbox 1182 2017 2242 2067; baseline -0.003 -11"><span class='ocrx_word' id='word_1_697' title='bbox 1182 2021 1314 2057; x_wconf 85' lang='lat' dir='ltr'>stolum</span> <span class='ocrx_word' id='word_1_698' title='bbox 1331 2019 1585 2067; x_wconf 81' lang='lat' dir='ltr'>AEgyptiorum</span> <span class='ocrx_word' id='word_1_699' title='bbox 1607 2019 1825 2054; x_wconf 86' lang='lat' dir='ltr'>tentationes</span> <span class='ocrx_word' id='word_1_700' title='bbox 1845 2017 1951 2063; x_wconf 81' lang='lat' dir='ltr'>hujus</span> <span class='ocrx_word' id='word_1_701' title='bbox 1972 2018 2094 2053; x_wconf 90' lang='lat' dir='ltr'>mundi</span> <span class='ocrx_word' id='word_1_702' title='bbox 2112 2017 2242 2062; x_wconf 83' lang='lat' dir='ltr'>quibus</span> 
     </span>
     <span class='ocr_line' id='line_1_93' title="bbox 1182 2077 2244 2126; baseline -0.004 -7"><span class='ocrx_word' id='word_1_703' title='bbox 1182 2082 1400 2119; x_wconf 86' lang='lat' dir='ltr'>tribulantur</span> <span class='ocrx_word' id='word_1_704' title='bbox 1418 2081 1546 2124; x_wconf 86' lang='lat' dir='ltr'>sancti,</span> <span class='ocrx_word' id='word_1_705' title='bbox 1574 2079 1767 2126; x_wconf 77' lang='lat' dir='ltr'>significat.</span> <span class='ocrx_word' id='word_1_706' title='bbox 1784 2078 1933 2115; x_wconf 84' lang='lat' dir='ltr'>Liberat</span> <span class='ocrx_word' id='word_1_707' title='bbox 1952 2077 2049 2114; x_wconf 83' lang='lat' dir='ltr'>enim</span> <span class='ocrx_word' id='word_1_708' title='bbox 2069 2079 2244 2115; x_wconf 89' lang='lat' dir='ltr'>Dominus</span> 
     </span>
     <span class='ocr_line' id='line_1_94' title="bbox 1181 2139 2244 2185; baseline -0.005 -6"><span class='ocrx_word' id='word_1_709' title='bbox 1181 2143 1275 2180; x_wconf 81' lang='lat' dir='ltr'>filios</span> <span class='ocrx_word' id='word_1_710' title='bbox 1298 2142 1407 2179; x_wconf 88' lang='lat' dir='ltr'>lsrael</span> <span class='ocrx_word' id='word_1_711' title='bbox 1427 2143 1463 2178; x_wconf 91' lang='grc'>111</span> <span class='ocrx_word' id='word_1_712' title='bbox 1483 2141 1633 2178; x_wconf 87' lang='lat' dir='ltr'>brachio</span> <span class='ocrx_word' id='word_1_713' title='bbox 1657 2140 1814 2183; x_wconf 84' lang='lat' dir='ltr'>excelso,</span> <span class='ocrx_word' id='word_1_714' title='bbox 1832 2140 1900 2175; x_wconf 86' lang='lat' dir='ltr'>hoc</span> <span class='ocrx_word' id='word_1_715' title='bbox 1916 2144 1982 2179; x_wconf 74' lang='lat' dir='ltr'>est,</span> <span class='ocrx_word' id='word_1_716' title='bbox 2005 2139 2041 2174; x_wconf 91' lang='lat' dir='ltr'>in</span> <span class='ocrx_word' id='word_1_717' title='bbox 2066 2144 2244 2185; x_wconf 86' lang='lat' dir='ltr'>potestate</span> 
     </span>
     <span class='ocr_line' id='line_1_95' title="bbox 1180 2199 2244 2250; baseline -0.006 -9"><span class='ocrx_word' id='word_1_718' title='bbox 1180 2214 1308 2250; x_wconf 84' lang='lat' dir='ltr'>magna</span> <span class='ocrx_word' id='word_1_719' title='bbox 1326 2209 1362 2240; x_wconf 88' lang='lat' dir='ltr'>et</span> <span class='ocrx_word' id='word_1_720' title='bbox 1383 2204 1530 2245; x_wconf 83' lang='lat' dir='ltr'>virtute,</span> <span class='ocrx_word' id='word_1_721' title='bbox 1547 2202 1622 2238; x_wconf 74' lang='lat' dir='ltr'>sive</span> <span class='ocrx_word' id='word_1_722' title='bbox 1646 2202 1681 2237; x_wconf 89' lang='lat' dir='ltr'>in</span> <span class='ocrx_word' id='word_1_723' title='bbox 1707 2200 1779 2237; x_wconf 82' lang='lat' dir='ltr'>lilio</span> <span class='ocrx_word' id='word_1_724' title='bbox 1793 2210 1857 2247; x_wconf 85' lang='lat' dir='ltr'>per</span> <span class='ocrx_word' id='word_1_725' title='bbox 1873 2204 1981 2247; x_wconf 74' lang='lat' dir='ltr'>(ptem</span> <span class='ocrx_word' id='word_1_726' title='bbox 2004 2199 2090 2236; x_wconf 81' lang='lat' dir='ltr'>fecit</span> <span class='ocrx_word' id='word_1_727' title='bbox 2105 2199 2244 2236; x_wconf 86' lang='lat' dir='ltr'>omnia.</span> 
     </span>
     <span class='ocr_line' id='line_1_96' title="bbox 1181 2261 2242 2313; baseline -0.006 -11"><span class='ocrx_word' id='word_1_728' title='bbox 1181 2267 1249 2311; x_wconf 82' lang='lat' dir='ltr'>Qui</span> <span class='ocrx_word' id='word_1_729' title='bbox 1269 2271 1417 2313; x_wconf 81' lang='lat' dir='ltr'>propter</span> <span class='ocrx_word' id='word_1_730' title='bbox 1433 2266 1600 2301; x_wconf 86' lang='lat' dir='ltr'>eii&#39;ectum</span> <span class='ocrx_word' id='word_1_731' title='bbox 1617 2264 1793 2299; x_wconf 75' lang='lat' dir='ltr'>virtutum</span> <span class='ocrx_word' id='word_1_732' title='bbox 1810 2262 2001 2298; x_wconf 84' lang='lat' dir='ltr'>brachium</span> <span class='ocrx_word' id='word_1_733' title='bbox 2017 2261 2081 2298; x_wconf 87' lang='lat' dir='ltr'>Dei</span> <span class='ocrx_word' id='word_1_734' title='bbox 2095 2261 2242 2305; x_wconf 88' lang='lat' dir='ltr'>dicitur,</span> 
     </span>
     <span class='ocr_line' id='line_1_97' title="bbox 1181 2323 2244 2371; baseline -0.004 -8"><span class='ocrx_word' id='word_1_735' title='bbox 1181 2338 1261 2364; x_wconf 80' lang='lat' dir='ltr'>cuin</span> <span class='ocrx_word' id='word_1_736' title='bbox 1282 2331 1426 2363; x_wconf 85' lang='lat' dir='ltr'>sanctos</span> <span class='ocrx_word' id='word_1_737' title='bbox 1458 2336 1542 2362; x_wconf 88' lang='lat' dir='ltr'>suos</span> <span class='ocrx_word' id='word_1_738' title='bbox 1561 2326 1604 2361; x_wconf 85' lang='lat' dir='ltr'>de</span> <span class='ocrx_word' id='word_1_739' title='bbox 1633 2330 1812 2371; x_wconf 85' lang='lat' dir='ltr'>potestate</span> <span class='ocrx_word' id='word_1_740' title='bbox 1841 2323 1972 2360; x_wconf 86' lang='lat' dir='ltr'>diaboli</span> <span class='ocrx_word' id='word_1_741' title='bbox 2003 2328 2040 2360; x_wconf 87' lang='lat' dir='ltr'>et</span> <span class='ocrx_word' id='word_1_742' title='bbox 2070 2324 2244 2359; x_wconf 83' lang='lat' dir='ltr'>servitute</span> 
     </span>
     <span class='ocr_line' id='line_1_98' title="bbox 1179 2384 2244 2436; baseline -0.007 -11"><span class='ocrx_word' id='word_1_743' title='bbox 1179 2391 1411 2436; x_wconf 83' lang='lat' dir='ltr'>peecatorum</span> <span class='ocrx_word' id='word_1_744' title='bbox 1441 2394 1557 2429; x_wconf 85' lang='lat' dir='ltr'>eruat,</span> <span class='ocrx_word' id='word_1_745' title='bbox 1580 2393 1616 2423; x_wconf 89' lang='lat' dir='ltr'>et</span> <span class='ocrx_word' id='word_1_746' title='bbox 1639 2387 1844 2422; x_wconf 84' lang='lat' dir='ltr'>introducat</span> <span class='ocrx_word' id='word_1_747' title='bbox 1861 2386 1897 2421; x_wconf 88' lang='lat' dir='ltr'>in</span> <span class='ocrx_word' id='word_1_748' title='bbox 1917 2390 2051 2421; x_wconf 84' lang='lat' dir='ltr'>terram</span> <span class='ocrx_word' id='word_1_749' title='bbox 2073 2384 2244 2430; x_wconf 83' lang='lat' dir='ltr'>spiritua-</span> 
     </span>
     <span class='ocr_line' id='line_1_99' title="bbox 1180 2443 2246 2494; baseline -0.007 -9"><span class='ocrx_word' id='word_1_750' title='bbox 1180 2450 1250 2485; x_wconf 88' lang='lat' dir='ltr'>lem</span> <span class='ocrx_word' id='word_1_751' title='bbox 1277 2450 1435 2485; x_wconf 84' lang='lat' dir='ltr'>coelestis</span> <span class='ocrx_word' id='word_1_752' title='bbox 1450 2449 1577 2494; x_wconf 83' lang='lat' dir='ltr'>patriae</span> <span class='ocrx_word' id='word_1_753' title='bbox 1597 2458 1664 2494; x_wconf 90' lang='lat' dir='ltr'>pro</span> <span class='ocrx_word' id='word_1_754' title='bbox 1693 2457 1763 2493; x_wconf 87' lang='lat' dir='ltr'>qua</span> <span class='ocrx_word' id='word_1_755' title='bbox 1780 2446 1930 2491; x_wconf 75' lang='lat' dir='ltr'>iuravit,</span> <span class='ocrx_word' id='word_1_756' title='bbox 1949 2446 1985 2481; x_wconf 90' lang='lat' dir='ltr'>id</span> <span class='ocrx_word' id='word_1_757' title='bbox 2003 2450 2072 2487; x_wconf 91' lang='lat' dir='ltr'>est,</span> <span class='ocrx_word' id='word_1_758' title='bbox 2093 2443 2246 2479; x_wconf 82' lang='lat' dir='ltr'>tirmiter</span> 
     </span>
     <span class='ocr_line' id='line_1_100' title="bbox 1180 2503 2246 2558; baseline -0.007 -12"><span class='ocrx_word' id='word_1_759' title='bbox 1180 2506 1527 2558; x_wconf 83' lang='lat' dir='ltr'>promisitpatribus</span> <span class='ocrx_word' id='word_1_760' title='bbox 1555 2508 1703 2548; x_wconf 85' lang='lat' dir='ltr'>nostris,</span> <span class='ocrx_word' id='word_1_761' title='bbox 1737 2505 1972 2552; x_wconf 85' lang='lat' dir='ltr'>patriarchis,</span> <span class='ocrx_word' id='word_1_762' title='bbox 2003 2503 2190 2550; x_wconf 84' lang='lat' dir='ltr'>prophetis</span> <span class='ocrx_word' id='word_1_763' title='bbox 2209 2509 2246 2540; x_wconf 87' lang='lat' dir='ltr'>et</span> 
     </span>
     <span class='ocr_line' id='line_1_101' title="bbox 1183 2566 2245 2618; baseline -0.007 -11"><span class='ocrx_word' id='word_1_764' title='bbox 1183 2572 1376 2618; x_wconf 82' lang='lat' dir='ltr'>apostolis,</span> <span class='ocrx_word' id='word_1_765' title='bbox 1398 2575 1439 2605; x_wconf 88' lang='grc'>111</span> <span class='ocrx_word' id='word_1_766' title='bbox 1460 2570 1565 2605; x_wconf 89' lang='lat' dir='ltr'>daret</span> <span class='ocrx_word' id='word_1_767' title='bbox 1583 2578 1662 2604; x_wconf 86' lang='lat' dir='ltr'>eam</span> <span class='ocrx_word' id='word_1_768' title='bbox 1685 2568 1757 2603; x_wconf 89' lang='lat' dir='ltr'>illis</span> <span class='ocrx_word' id='word_1_769' title='bbox 1782 2568 1818 2602; x_wconf 91' lang='lat' dir='ltr'>in</span> <span class='ocrx_word' id='word_1_770' title='bbox 1840 2566 2109 2612; x_wconf 85' lang='lat' dir='ltr'>possessionem</span> <span class='ocrx_word' id='word_1_771' title='bbox 2131 2570 2168 2600; x_wconf 89' lang='lat' dir='ltr'>et</span> <span class='ocrx_word' id='word_1_772' title='bbox 2189 2574 2245 2601; x_wconf 86' lang='lat' dir='ltr'>se—</span> 
     </span>
     <span class='ocr_line' id='line_1_102' title="bbox 1182 2626 2244 2673; baseline -0.007 -5"><span class='ocrx_word' id='word_1_773' title='bbox 1182 2633 1272 2668; x_wconf 91' lang='lat' dir='ltr'>mini</span> <span class='ocrx_word' id='word_1_774' title='bbox 1303 2638 1445 2673; x_wconf 85' lang='lat' dir='ltr'>eorum,</span> <span class='ocrx_word' id='word_1_775' title='bbox 1466 2630 1536 2665; x_wconf 87' lang='lat' dir='ltr'>hoc</span> <span class='ocrx_word' id='word_1_776' title='bbox 1558 2634 1626 2671; x_wconf 71' lang='lat' dir='ltr'>est,</span> <span class='ocrx_word' id='word_1_777' title='bbox 1656 2627 1824 2663; x_wconf 81' lang='lat' dir='ltr'>omnibus</span> <span class='ocrx_word' id='word_1_778' title='bbox 1844 2627 1903 2672; x_wconf 88' lang='lat' dir='ltr'>qui</span> <span class='ocrx_word' id='word_1_779' title='bbox 1929 2626 2037 2662; x_wconf 83' lang='lat' dir='ltr'>iidem</span> <span class='ocrx_word' id='word_1_780' title='bbox 2070 2631 2107 2662; x_wconf 87' lang='lat' dir='ltr'>et</span> <span class='ocrx_word' id='word_1_781' title='bbox 2134 2636 2244 2671; x_wconf 88' lang='lat' dir='ltr'>opera</span> 
     </span>
     <span class='ocr_line' id='line_1_103' title="bbox 1183 2687 2245 2735; baseline -0.008 -5"><span class='ocrx_word' id='word_1_782' title='bbox 1183 2703 1307 2730; x_wconf 87' lang='lat' dir='ltr'>eorum</span> <span class='ocrx_word' id='word_1_783' title='bbox 1340 2691 1494 2729; x_wconf 80' lang='lat' dir='ltr'>fideliter</span> <span class='ocrx_word' id='word_1_784' title='bbox 1525 2690 1639 2726; x_wconf 88' lang='lat' dir='ltr'>secuti</span> <span class='ocrx_word' id='word_1_785' title='bbox 1670 2694 1767 2731; x_wconf 86' lang='lat' dir='ltr'>sunt,</span> <span class='ocrx_word' id='word_1_786' title='bbox 1790 2692 1830 2724; x_wconf 88' lang='grc'>111</span> <span class='ocrx_word' id='word_1_787' title='bbox 1860 2689 2071 2735; x_wconf 87' lang='lat' dir='ltr'>possideant</span> <span class='ocrx_word' id='word_1_788' title='bbox 2092 2687 2186 2723; x_wconf 88' lang='lat' dir='ltr'>iilam</span> <span class='ocrx_word' id='word_1_789' title='bbox 2208 2687 2245 2722; x_wconf 93' lang='lat' dir='ltr'>in</span> 
     </span>
     <span class='ocr_line' id='line_1_104' title="bbox 1184 2747 2244 2800; baseline -0.008 -10"><span class='ocrx_word' id='word_1_790' title='bbox 1184 2754 1458 2800; x_wconf 87' lang='lat' dir='ltr'>sempiternum.</span> <span class='ocrx_word' id='word_1_791' title='bbox 1498 2750 1721 2797; x_wconf 78' lang='lat' dir='ltr'>Locutusyae</span> <span class='ocrx_word' id='word_1_792' title='bbox 1749 2754 1799 2784; x_wconf 82' lang='lat' dir='ltr'>est</span> <span class='ocrx_word' id='word_1_793' title='bbox 1829 2749 2002 2784; x_wconf 86' lang='lat' dir='ltr'>Dominus</span> <span class='ocrx_word' id='word_1_794' title='bbox 2032 2747 2078 2782; x_wconf 83' lang='lat' dir='ltr'>ad</span> <span class='ocrx_word' id='word_1_795' title='bbox 2100 2747 2244 2793; x_wconf 81' lang='lat' dir='ltr'>Moysen</span> 
     </span>
     <span class='ocr_line' id='line_1_105' title="bbox 1184 2809 2243 2859; baseline -0.008 -9"><span class='ocrx_word' id='word_1_796' title='bbox 1184 2815 1300 2850; x_wconf 83' lang='lat' dir='ltr'>dicens</span> <span class='ocrx_word' id='word_1_797' title='bbox 1317 2824 1329 2850; x_wconf 83' lang='grc'>.·</span> <span class='ocrx_word' id='word_1_798' title='bbox 1348 2811 1537 2859; x_wconf 81' lang='lat' dir='ltr'>Inyredere</span> <span class='ocrx_word' id='word_1_799' title='bbox 1569 2817 1600 2846; x_wconf 88' lang='lat' dir='ltr'>et</span> <span class='ocrx_word' id='word_1_800' title='bbox 1631 2810 1772 2857; x_wconf 83' lang='lat' dir='ltr'>toquere</span> <span class='ocrx_word' id='word_1_801' title='bbox 1802 2810 1848 2845; x_wconf 87' lang='lat' dir='ltr'>ad</span> <span class='ocrx_word' id='word_1_802' title='bbox 1871 2809 2096 2843; x_wconf 75' lang='lat' dir='ltr'>Pharaonem</span> <span class='ocrx_word' id='word_1_803' title='bbox 2131 2817 2243 2854; x_wconf 85' lang='lat' dir='ltr'>reyem</span> 
     </span>
     <span class='ocr_line' id='line_1_106' title="bbox 1183 2867 2245 2922; baseline -0.008 -12"><span class='ocrx_word' id='word_1_804' title='bbox 1183 2875 1344 2922; x_wconf 74' lang='lat' dir='ltr'>AE&#39;yypti,</span> <span class='ocrx_word' id='word_1_805' title='bbox 1361 2879 1398 2908; x_wconf 84' lang='lat' dir='ltr'>ut</span> <span class='ocrx_word' id='word_1_806' title='bbox 1413 2873 1567 2907; x_wconf 79' lang='lat' dir='ltr'>dimittat</span> <span class='ocrx_word' id='word_1_807' title='bbox 1582 2870 1675 2917; x_wconf 75' lang='lat' dir='ltr'>lilios</span> <span class='ocrx_word' id='word_1_808' title='bbox 1691 2869 1806 2906; x_wconf 80' lang='lat' dir='ltr'>Israel</span> <span class='ocrx_word' id='word_1_809' title='bbox 1820 2870 1862 2905; x_wconf 87' lang='lat' dir='ltr'>de</span> <span class='ocrx_word' id='word_1_810' title='bbox 1879 2876 1972 2904; x_wconf 87' lang='lat' dir='ltr'>terra</span> <span class='ocrx_word' id='word_1_811' title='bbox 1991 2879 2069 2904; x_wconf 83' lang='lat' dir='ltr'>sua.</span> <span class='ocrx_word' id='word_1_812' title='bbox 2090 2867 2245 2914; x_wconf 88' lang='lat' dir='ltr'>Respon-</span> 
     </span>
     <span class='ocr_line' id='line_1_107' title="bbox 1184 2929 2244 2983; baseline -0.008 -10"><span class='ocrx_word' id='word_1_813' title='bbox 1184 2937 1302 2983; x_wconf 80' lang='lat' dir='ltr'>ditque</span> <span class='ocrx_word' id='word_1_814' title='bbox 1332 2935 1470 2982; x_wconf 76' lang='lat' dir='ltr'>Moyses</span> <span class='ocrx_word' id='word_1_815' title='bbox 1489 2942 1609 2969; x_wconf 85' lang='lat' dir='ltr'>coram</span> <span class='ocrx_word' id='word_1_816' title='bbox 1627 2933 1776 2969; x_wconf 85' lang='lat' dir='ltr'>Domino</span> <span class='ocrx_word' id='word_1_817' title='bbox 1794 2941 1806 2967; x_wconf 91' lang='lat'>.·</span> <span class='ocrx_word' id='word_1_818' title='bbox 1830 2931 1920 2967; x_wconf 81' lang='lat' dir='ltr'>Ecce</span> <span class='ocrx_word' id='word_1_819' title='bbox 1946 2930 2012 2976; x_wconf 77' lang='lat' dir='ltr'>filii</span> <span class='ocrx_word' id='word_1_820' title='bbox 2044 2929 2157 2966; x_wconf 84' lang='lat' dir='ltr'>Israel</span> <span class='ocrx_word' id='word_1_821' title='bbox 2176 2940 2244 2965; x_wconf 86' lang='lat' dir='ltr'>non</span> 
     </span>
     <span class='ocr_line' id='line_1_108' title="bbox 1183 2989 2243 3041; baseline -0.008 -8"><span class='ocrx_word' id='word_1_822' title='bbox 1183 3009 1238 3033; x_wconf 89' lang='lat' dir='ltr'>me</span> <span class='ocrx_word' id='word_1_823' title='bbox 1258 2997 1420 3039; x_wconf 78' lang='lat' dir='ltr'>audiunt,</span> <span class='ocrx_word' id='word_1_824' title='bbox 1439 3002 1471 3031; x_wconf 85' lang='lat' dir='ltr'>et</span> <span class='ocrx_word' id='word_1_825' title='bbox 1491 2993 1665 3041; x_wconf 76' lang='lat' dir='ltr'>quomodo</span> <span class='ocrx_word' id='word_1_826' title='bbox 1683 2991 1802 3028; x_wconf 76' lang='lat' dir='ltr'>audiet</span> <span class='ocrx_word' id='word_1_827' title='bbox 1824 2989 1981 3034; x_wconf 69' lang='lat' dir='ltr'>Pharao,</span> <span class='ocrx_word' id='word_1_828' title='bbox 2012 2997 2091 3026; x_wconf 81' lang='lat' dir='ltr'>&#39;eum</span> <span class='ocrx_word' id='word_1_829' title='bbox 2106 2990 2172 3026; x_wconf 87' lang='lat' dir='ltr'>sim</span> <span class='ocrx_word' id='word_1_830' title='bbox 2190 2991 2243 3025; x_wconf 83' lang='lat' dir='ltr'>in-</span> 
     </span>
     <span class='ocr_line' id='line_1_109' title="bbox 1183 3051 2245 3101; baseline -0.006 -8"><span class='ocrx_word' id='word_1_831' title='bbox 1183 3057 1408 3094; x_wconf 74' lang='lat' dir='ltr'>circuttt&#39;cisus</span> <span class='ocrx_word' id='word_1_832' title='bbox 1442 3055 1572 3091; x_wconf 81' lang='lat' dir='ltr'>labiis?</span> <span class='ocrx_word' id='word_1_833' title='bbox 1594 3053 1667 3101; x_wconf 67' lang='lat' dir='ltr'>(Ex</span> <span class='ocrx_word' id='word_1_834' title='bbox 1706 3052 1932 3101; x_wconf 79' lang='lat' dir='ltr'>Auyustino.)</span> <span class='ocrx_word' id='word_1_835' title='bbox 1966 3051 2070 3097; x_wconf 82' lang='lat' dir='ltr'>Quod</span> <span class='ocrx_word' id='word_1_836' title='bbox 2103 3051 2245 3098; x_wconf 82' lang='lat' dir='ltr'>Moyses</span> 
     </span>
     <span class='ocr_line' id='line_1_110' title="bbox 1184 3114 2244 3162; baseline -0.007 -8"><span class='ocrx_word' id='word_1_837' title='bbox 1184 3119 1292 3155; x_wconf 86' lang='lat' dir='ltr'>dicit:</span> <span class='ocrx_word' id='word_1_838' title='bbox 1314 3118 1406 3153; x_wconf 88' lang='lat' dir='ltr'>Ecce</span> <span class='ocrx_word' id='word_1_839' title='bbox 1420 3126 1487 3161; x_wconf 89' lang='lat' dir='ltr'>ego</span> <span class='ocrx_word' id='word_1_840' title='bbox 1507 3115 1633 3162; x_wconf 83' lang='lat' dir='ltr'>gracili</span> <span class='ocrx_word' id='word_1_841' title='bbox 1653 3124 1743 3151; x_wconf 84' lang='lat' dir='ltr'>voce</span> <span class='ocrx_word' id='word_1_842' title='bbox 1761 3123 1854 3158; x_wconf 84' lang='lat' dir='ltr'>sum,</span> <span class='ocrx_word' id='word_1_843' title='bbox 1876 3114 1914 3150; x_wconf 86' lang='lat' dir='ltr'>et</span> <span class='ocrx_word' id='word_1_844' title='bbox 1932 3114 2114 3159; x_wconf 84' lang='lat' dir='ltr'>quomodo</span> <span class='ocrx_word' id='word_1_845' title='bbox 2132 3123 2244 3148; x_wconf 83' lang='lat' dir='ltr'>exau-</span> 
     </span>
     <span class='ocr_line' id='line_1_111' title="bbox 1184 3171 2244 3220; baseline -0.008 -5"><span class='ocrx_word' id='word_1_846' title='bbox 1184 3179 1278 3215; x_wconf 81' lang='lat' dir='ltr'>diret</span> <span class='ocrx_word' id='word_1_847' title='bbox 1297 3187 1355 3214; x_wconf 79' lang='lat' dir='ltr'>me</span> <span class='ocrx_word' id='word_1_848' title='bbox 1372 3177 1528 3220; x_wconf 74' lang='lat' dir='ltr'>Pharao,</span> <span class='ocrx_word' id='word_1_849' title='bbox 1548 3185 1619 3212; x_wconf 88' lang='lat' dir='ltr'>non</span> <span class='ocrx_word' id='word_1_850' title='bbox 1634 3175 1778 3211; x_wconf 87' lang='lat' dir='ltr'>videtur</span> <span class='ocrx_word' id='word_1_851' title='bbox 1797 3179 1918 3210; x_wconf 84' lang='lat' dir='ltr'>tamen</span> <span class='ocrx_word' id='word_1_852' title='bbox 1939 3179 2087 3220; x_wconf 84' lang='lat' dir='ltr'>propter</span> <span class='ocrx_word' id='word_1_853' title='bbox 2105 3171 2244 3217; x_wconf 83' lang='lat' dir='ltr'>magni-</span> 
     </span>
     <span class='ocr_line' id='line_1_112' title="bbox 1185 3234 2242 3285; baseline -0.009 -9"><span class='ocrx_word' id='word_1_854' title='bbox 1185 3240 1346 3277; x_wconf 80' lang='lat' dir='ltr'>tudinem</span> <span class='ocrx_word' id='word_1_855' title='bbox 1369 3238 1490 3285; x_wconf 75' lang='lat' dir='ltr'>populi</span> <span class='ocrx_word' id='word_1_856' title='bbox 1505 3243 1681 3275; x_wconf 80' lang='lat' dir='ltr'>excusare</span> <span class='ocrx_word' id='word_1_857' title='bbox 1695 3237 1738 3274; x_wconf 81' lang='lat' dir='ltr'>de</span> <span class='ocrx_word' id='word_1_858' title='bbox 1755 3235 1855 3272; x_wconf 77' lang='lat' dir='ltr'>vocis</span> <span class='ocrx_word' id='word_1_859' title='bbox 1871 3234 2089 3282; x_wconf 73' lang='lat' dir='ltr'>granditate,</span> <span class='ocrx_word' id='word_1_860' title='bbox 2116 3240 2242 3268; x_wconf 87' lang='lat' dir='ltr'>verum</span> 
     </span>
     <span class='ocr_line' id='line_1_113' title="bbox 1184 3294 2243 3346; baseline -0.008 -10"><span class='ocrx_word' id='word_1_861' title='bbox 1184 3300 1294 3336; x_wconf 79' lang='lat' dir='ltr'>etiam</span> <span class='ocrx_word' id='word_1_862' title='bbox 1309 3305 1458 3346; x_wconf 83' lang='lat' dir='ltr'>propter</span> <span class='ocrx_word' id='word_1_863' title='bbox 1475 3307 1587 3335; x_wconf 89' lang='lat' dir='ltr'>unum</span> <span class='ocrx_word' id='word_1_864' title='bbox 1605 3298 1802 3334; x_wconf 87' lang='lat' dir='ltr'>hominem.</span> <span class='ocrx_word' id='word_1_865' title='bbox 1834 3296 1962 3331; x_wconf 86' lang='lat' dir='ltr'>Mirum</span> <span class='ocrx_word' id='word_1_866' title='bbox 1991 3294 2023 3330; x_wconf 88' lang='lat' dir='ltr'>si</span> <span class='ocrx_word' id='word_1_867' title='bbox 2054 3298 2127 3328; x_wconf 85' lang='lat' dir='ltr'>tam</span> <span class='ocrx_word' id='word_1_868' title='bbox 2159 3299 2243 3338; x_wconf 77' lang='lat' dir='ltr'>gra·-</span> 
     </span>
     <span class='ocr_line' id='line_1_114' title="bbox 1185 3351 2241 3403; baseline -0.01 -6"><span class='ocrx_word' id='word_1_869' title='bbox 1185 3361 1267 3398; x_wconf 82' lang='lat' dir='ltr'>eilis</span> <span class='ocrx_word' id='word_1_870' title='bbox 1281 3361 1382 3397; x_wconf 79' lang='lat' dir='ltr'>vocis</span> <span class='ocrx_word' id='word_1_871' title='bbox 1402 3359 1484 3403; x_wconf 75' lang='lat' dir='ltr'>fuit,</span> <span class='ocrx_word' id='word_1_872' title='bbox 1504 3364 1544 3394; x_wconf 88' lang='lat' dir='ltr'>ut</span> <span class='ocrx_word' id='word_1_873' title='bbox 1567 3368 1634 3394; x_wconf 85' lang='lat' dir='ltr'>nee</span> <span class='ocrx_word' id='word_1_874' title='bbox 1648 3358 1694 3393; x_wconf 87' lang='lat' dir='ltr'>ab</span> <span class='ocrx_word' id='word_1_875' title='bbox 1713 3366 1784 3392; x_wconf 90' lang='lat' dir='ltr'>uno</span> <span class='ocrx_word' id='word_1_876' title='bbox 1803 3355 1949 3391; x_wconf 82' lang='lat' dir='ltr'>homino</span> <span class='ocrx_word' id='word_1_877' title='bbox 1965 3357 2087 3398; x_wconf 85' lang='lat' dir='ltr'>posset</span> <span class='ocrx_word' id='word_1_878' title='bbox 2107 3351 2241 3388; x_wconf 84' lang='lat' dir='ltr'>audiri.</span> 
     </span>
     <span class='ocr_line' id='line_1_115' title="bbox 1186 3411 2245 3467; baseline -0.008 -10"><span class='ocrx_word' id='word_1_879' title='bbox 1186 3419 1241 3457; x_wconf 75' lang='lat' dir='ltr'>An</span> <span class='ocrx_word' id='word_1_880' title='bbox 1259 3420 1353 3457; x_wconf 76' lang='lat' dir='ltr'>forte</span> <span class='ocrx_word' id='word_1_881' title='bbox 1372 3416 1496 3467; x_wconf 77' lang='lat' dir='ltr'>regius</span> <span class='ocrx_word' id='word_1_882' title='bbox 1509 3417 1628 3455; x_wconf 66' lang='lat' dir='ltr'>faetus</span> <span class='ocrx_word' id='word_1_883' title='bbox 1648 3420 1723 3453; x_wconf 79' lang='lat' dir='ltr'>uon</span> <span class='ocrx_word' id='word_1_884' title='bbox 1737 3424 1801 3452; x_wconf 80' lang='lat' dir='ltr'>eos</span> <span class='ocrx_word' id='word_1_885' title='bbox 1813 3411 2048 3460; x_wconf 78' lang='lat' dir='ltr'>permittebat</span> <span class='ocrx_word' id='word_1_886' title='bbox 2064 3412 2109 3449; x_wconf 79' lang='lat' dir='ltr'>de</span> <span class='ocrx_word' id='word_1_887' title='bbox 2121 3413 2245 3459; x_wconf 84' lang='lat' dir='ltr'>proxi-</span> 
     </span>
     <span class='ocr_line' id='line_1_116' title="bbox 1187 3477 1388 3528; baseline -0.005 -11"><span class='ocrx_word' id='word_1_888' title='bbox 1187 3484 1249 3517; x_wconf 79' lang='lat' dir='ltr'>mo</span> <span class='ocrx_word' id='word_1_889' title='bbox 1265 3477 1388 3528; x_wconf 74' lang='lat' dir='ltr'>toqui?</span> 
     </span>
    </p>

    <p class='ocr_par' dir='ltr' id='par_1_24' title="bbox 1585 3534 1841 3574">
     <span class='ocr_line' id='line_1_117' title="bbox 1585 3534 1841 3574; baseline -0.012 0"><span class='ocrx_word' id='word_1_890' title='bbox 1585 3535 1740 3574; x_wconf 73' lang='lat' dir='ltr'>CAPUT</span> <span class='ocrx_word' id='word_1_891' title='bbox 1764 3534 1841 3572; x_wconf 72' lang='grc' dir='ltr'>ΧΠ.</span> 
     </span>
    </p>

    <p class='ocr_par' dir='ltr' id='par_1_25' title="bbox 1187 3593 2246 3766">
     <span class='ocr_line' id='line_1_118' title="bbox 1187 3593 2243 3644; baseline -0.005 -8"><span class='ocrx_word' id='word_1_892' title='bbox 1187 3600 1241 3636; x_wconf 81' lang='lat' dir='ltr'>De</span> <span class='ocrx_word' id='word_1_893' title='bbox 1255 3606 1295 3635; x_wconf 80' lang='lat' dir='ltr'>eo</span> <span class='ocrx_word' id='word_1_894' title='bbox 1312 3597 1407 3644; x_wconf 63' lang='grc' dir='ltr'>19.οά</span> <span class='ocrx_word' id='word_1_895' title='bbox 1420 3596 1504 3632; x_wconf 65' lang='grc' dir='ltr'><strong>Μ</strong></span> <span class='ocrx_word' id='word_1_896' title='bbox 1518 3595 1719 3642; x_wconf 78' lang='lat' dir='ltr'>proyeniem</span> <span class='ocrx_word' id='word_1_897' title='bbox 1734 3600 1909 3639; x_wconf 62' lang='lat' dir='ltr'>numerat,</span> <span class='ocrx_word' id='word_1_898' title='bbox 1940 3595 1975 3631; x_wconf 71' lang='lat' dir='ltr'>et</span> <span class='ocrx_word' id='word_1_899' title='bbox 2005 3593 2049 3631; x_wconf 79' lang='lat' dir='ltr'>tie</span> <span class='ocrx_word' id='word_1_900' title='bbox 2072 3593 2243 3634; x_wconf 73' lang='lat' dir='ltr'>mandato</span> 
     </span>
     <span class='ocr_line' id='line_1_119' title="bbox 1233 3641 2194 3690; baseline -0.003 -8"><span class='ocrx_word' id='word_1_901' title='bbox 1233 3645 1279 3682; x_wconf 81' lang='lat' dir='ltr'>ad</span> <span class='ocrx_word' id='word_1_902' title='bbox 1291 3643 1513 3681; x_wconf 70' lang='lat' dir='ltr'>Pharaonem</span> <span class='ocrx_word' id='word_1_903' title='bbox 1528 3642 1628 3686; x_wconf 77' lang='lat' dir='ltr'>dato,</span> <span class='ocrx_word' id='word_1_904' title='bbox 1642 3648 1674 3679; x_wconf 81' lang='lat' dir='ltr'>et</span> <span class='ocrx_word' id='word_1_905' title='bbox 1690 3642 1869 3690; x_wconf 71' lang='lat' dir='ltr'>sionorum</span> <span class='ocrx_word' id='word_1_906' title='bbox 1883 3641 2194 3679; x_wconf 75' lang='lat' dir='ltr'>demonstratione.</span> 
     </span>
     <span class='ocr_line' id='line_1_120' title="bbox 1233 3714 2246 3766; baseline -0.001 -10"><span class='ocrx_word' id='word_1_907' title='bbox 1233 3718 1300 3756; x_wconf 76' lang='lat' dir='ltr'>Isti</span> <span class='ocrx_word' id='word_1_908' title='bbox 1314 3718 1397 3756; x_wconf 64' lang='lat' dir='ltr'>ma</span> <span class='ocrx_word' id='word_1_909' title='bbox 1411 3715 1583 3766; x_wconf 66' lang='lat' dir='ltr'>praecipu</span> <span class='ocrx_word' id='word_1_910' title='bbox 1595 3716 1781 3755; x_wconf 69' lang='lat' dir='ltr'>demmin</span> <span class='ocrx_word' id='word_1_911' title='bbox 1793 3718 1855 3765; x_wconf 65' lang='lat' dir='ltr'>pes</span> <span class='ocrx_word' id='word_1_912' title='bbox 1872 3716 2031 3764; x_wconf 60' lang='lat' dir='ltr'>&#39;amitino</span> <span class='ocrx_word' id='word_1_913' title='bbox 2045 3726 2132 3765; x_wconf 68' lang='lat' dir='ltr'>snos</span> <span class='ocrx_word' id='word_1_914' title='bbox 2144 3726 2160 3754; x_wconf 75' lang='grc'>.-</span> <span class='ocrx_word' id='word_1_915' title='bbox 2176 3714 2246 3755; x_wconf 71' lang='lat' dir='ltr'>Ft-</span> 
     </span>
    </p>

    <p class='ocr_par' dir='ltr' id='par_1_26' title="bbox 1198 3777 2244 3837">
     <span class='ocr_line' id='line_1_121' title="bbox 1198 3777 2244 3837; baseline -0.005 -12"><span class='ocrx_word' id='word_1_916' title='bbox 1198 3782 1227 3825; x_wconf 73' lang='lat' dir='ltr'>tt</span> <span class='ocrx_word' id='word_1_917' title='bbox 1241 3779 1598 3833; x_wconf 58' lang='lat' dir='ltr'>wrm-ta</span> <span class='ocrx_word' id='word_1_918' title='bbox 1613 3778 1774 3827; x_wconf 66' lang='lat' dir='ltr'>undio»</span> <span class='ocrx_word' id='word_1_919' title='bbox 1792 3778 1916 3822; x_wconf 61' lang='lat' dir='ltr'>rnen</span> <span class='ocrx_word' id='word_1_920' title='bbox 1940 3785 1981 3828; x_wconf 72' lang='grc' dir='ltr'>σι</span> <span class='ocrx_word' id='word_1_921' title='bbox 2004 3777 2154 3837; x_wconf 60' lang='lat' dir='ltr'>ems,</span> <span class='ocrx_word' id='word_1_922' title='bbox 2168 3777 2244 3825; x_wconf 64' lang='grc' dir='ltr'>ει-</span> 
     </span>
    </p>
   </div>
  </div>
 </body>
</html>
