2540 4016
275 214 343 254 ¹⁸7

269 282 459 327 locutionis
486 287 568 315 cum
593 279 691 311 reete
724 263 948 312 intelligitur,
978 258 1180 295 claritatem
1207 250 1312 288 nobis
1329 255 1365 295 A

422 352 453 379 ae
468 337 627 377 coelestis
640 333 792 370 insonat.
805 324 871 362 Cui
886 320 1053 359 videlicet
1069 316 1166 354 labio
1179 321 1312 350 corona

269 349 428 447 3133:
442 401 526 450 quia
548 398 666 444 lingua
691 383 962 438 praedicantium
985 380 1062 416 suis
1090 374 1312 413 auditoribus

270 463 542 507 retributionem
567 456 648 492 vitoe
668 447 848 498 promittit
876 449 1033 481 aeternae.
1054 438 1101 475 Et
1125 437 1216 473 bene
1234 434 1312 480 ipsa

270 534 404 564 corona
418 524 569 569 quatuor
578 512 698 558 digitis
714 509 785 544 alta
806 505 882 542 {ieri
900 500 1106 551 praecipitur
1117 525 1126 542 ,
1144 496 1229 543 quia
1246 493 1315 531 cel-

270 585 391 623 situdo
422 580 525 618 nobis
552 581 693 612 coronae
723 566 904 616 perennis,
926 573 992 610 per
1014 565 1172 608 quatuor
1199 555 1315 593 sancti

270 642 451 690 Evangelii
467 639 578 675 libros
596 630 814 671 ostenditur,
831 625 888 663 vel
909 624 992 671 quia
1024 631 1090 668 per
1118 617 1316 656 custodiam

269 701 480 750 evangelicae
495 697 574 734 fidei
594 701 630 732 et
659 689 881 739 operationis
901 686 944 723 ad
968 693 1139 722 eoronam
1157 690 1223 716 nos
1236 679 1318 714 vitae

269 762 457 812 pervenire
473 762 627 805 oportet.
644 753 870 796 Pulclireque
892 758 958 794 per
979 745 1109 792 digitos
1123 741 1205 778 libri
1224 738 1318 776 desi-

271 827 439 870 gnantur,
461 817 545 865 quia
580 813 751 850 nimirum
779 815 817 845 et
849 805 977 843 tabutae
1009 802 1099 849 legis
1127 799 1238 846 digito
1257 795 1319 832 Dei

274 895 354 924 esse
368 883 508 929 scriptae
523 878 741 916 referuntur,
757 877 791 908 et
807 872 843 907 in
854 866 1047 914 Evangelio
1062 863 1235 900 Dominus
1249 859 1322 896 dis-

273 947 482 985 tinctionem
515 941 604 987 legis
634 939 920 982 temperaturus,
947 928 1054 974 diyito
1085 922 1256 960 scribebat
1284 921 1322 955 in

274 998 612 1051 terra(Joan.v1n).
634 997 730 1032 Bene
761 997 879 1028 autem
911 988 1034 1025 eadem
1061 992 1192 1020 corona
1213 980 1324 1016 inter-

275 1065 394 1104 rasilis
409 1062 485 1099 lieri
500 1057 719 1106 prrecipitur‚
738 1052 821 1098 quia
839 1048 1009 1085 nimirum
1027 1042 1152 1080 :eterni
1172 1039 1326 1076 retribu-

278 1128 327 1164 tio
349 1123 448 1171 regni
472 1131 545 1158 non
581 1115 823 1154 indifferenter
856 1107 1022 1146 omnibus
1045 1105 1161 1145 datur,
1181 1101 1242 1136 sed
1261 1107 1326 1145 pro

279 1186 451 1233 qualitate
488 1176 737 1225 accipientium
766 1171 935 1207 distincto

280 1242 431 1290 singulis
454 1240 653 1286 quibusque
674 1230 913 1269 distribuitur.
933 1227 1072 1262 Corona
1108 1220 1240 1256 etenim
1265 1227 1328 1252 au-

284 1314 344 1340 rea
362 1311 493 1338 mensae
510 1296 650 1334 Domini
667 1304 755 1341 pura
781 1297 818 1327 et
839 1299 908 1325 non
941 1283 1156 1323 interrasilis
1174 1285 1281 1322 esset,
1299 1279 1328 1314 si

286 1363 432 1400 claritas
450 1360 577 1396 suturzt·
593 1356 771 1402 justorum
791 1345 1037 1386 retributionis
1052 1341 1198 1389 :equalis
1219 1338 1331 1375 omni-

286 1424 354 1460 bus
378 1419 592 1468 panderetur
614 1428 620 1450 :
646 1415 760 1449 instar
785 1408 952 1445 videlicet
984 1405 1090 1450 hujus
1120 1400 1207 1437 solis
1233 1408 1333 1434 mun-

286 1485 388 1533 dum,
405 1481 506 1526 cujus
526 1476 748 1524 splendorem
768 1472 862 1508 Deus
886 1466 1129 1504 indifferenter
1145 1471 1254 1507 super
1273 1460 1334 1495 bo-

288 1555 354 1582 nos
372 1550 407 1579 et
430 1541 542 1578 malos
560 1538 647 1574 facit
671 1534 771 1572 oriri.
791 1533 836 1567 At
868 1530 951 1576 quia
975 1528 1067 1564 sicut
1099 1523 1200 1560 stella
1222 1520 1335 1557 stellae

289 1605 407 1643 differt
423 1605 457 1639 in
473 1601 648 1642 claritate,
667 1599 716 1634 ita
730 1596 799 1632 erit
815 1600 851 1630 et
861 1589 1078 1628 resurrectio
1092 1591 1334 1623 mortuorum,

293 1674 424 1702 corona
442 1671 576 1698 mensae
603 1656 759 1698 Domini,
791 1653 901 1688 variis
930 1650 1099 1686 distincta
1127 1642 1336 1688 sculpturis,

292 1726 355 1763 sed
372 1725 614 1769 competenter
629 1715 815 1756 ordinatis,
838 1711 997 1758 apposita
1017 1713 1084 1744 est.
1103 1706 1181 1742 Una
1206 1701 1339 1738 etenim

292 1787 366 1821 vita
389 1783 522 1824 sutura,
542 1779 706 1816 omnibus
720 1781 775 1812 est
794 1773 969 1820 promissa
996 1767 1116 1814 justis,
1132 1765 1194 1801 sed
1216 1760 1340 1798 multi·

295 1846 422 1883 formis
443 1845 478 1880 in
497 1843 554 1878 illa
581 1850 646 1887 pro
666 1837 872 1874 diversitate
902 1832 1114 1868 meritorum
1144 1825 1258 1873 gloria
1288 1826 1342 1858 est

294 1905 528 1952 singulorum.
547 1901 648 1946 Quod
678 1907 763 1934 vero
786 1894 966 1939 descripta
986 1891 1087 1936 prius
1118 1897 1188 1923 una
1209 1892 1343 1921 corona

296 1964 536 2010 subjungitur,
551 1967 587 1996 et
605 1968 712 2004 super
739 1955 836 1991 illam
872 1952 984 1986 altera
1015 1956 1147 1984 corona
1185 1941 1342 1981 aureola,

297 2025 341 2060 de
360 2023 502 2059 illorum
516 2023 632 2066 potest
645 2014 793 2062 praemio
812 2016 908 2047 reete
935 2006 1100 2051 intelligi,
1118 2003 1177 2049 qui
1194 2009 1345 2046 genera-

298 2085 345 2120 lia
361 2082 555 2127 scriptume
572 2081 703 2113 saneta:
718 2073 886 2109 mandata
907 2073 1104 2115 spontanea
1119 2064 1200 2098 vitzr,
1228 2058 1344 2106 persc-

301 2142 433 2181 ctionis
461 2139 635 2176 electione
664 2131 934 2171 transcendunt,
970 2127 1120 2170 ideoque
1154 2120 1346 2168 specialem

302 2213 375 2251 pra:
394 2199 532 2237 caeteris
551 2194 713 2232 fidelibus
732 2189 1003 2228 retributionem
1022 2182 1232 2219 voluntariae
1247 2178 1347 2215 obla-

304 2262 414 2300 tionis
444 2262 665 2306 exspectant.
700 2253 763 2290 Vel
803 2256 901 2287 certe
947 2256 1078 2283 corona
1115 2253 1224 2279 aurea
1255 2240 1350 2276 labio

304 2331 439 2359 mensae
459 2318 599 2356 Domini
614 2315 814 2362 apponitur,
829 2321 910 2348 cum
931 2310 965 2345 in
987 2306 1106 2343 verbis
1124 2313 1238 2340 sacrae
1256 2301 1353 2337 Scri-

305 2387 420 2429 pturae
459 2379 629 2416 discimus
674 2373 897 2422 egredientes
932 2380 952 2405 e
988 2375 1097 2404 carne
1139 2364 1278 2400 animas
1309 2360 1354 2395 ad

307 2447 442 2478 zeter-na
463 2440 499 2475 in
525 2437 626 2474 eoelis
650 2433 795 2482 pmcmia
816 2441 896 2467 esse
925 2426 1160 2473 recipiendas.
1180 2423 1223 2458 Et
1249 2430 1355 2467 super

308 2502 405 2539 illam
438 2500 550 2535 altera
578 2495 723 2533 aureola
760 2490 1014 2538 superadditur
1047 2492 1288 2525 corona,cum
1320 2481 1355 2515 in

310 2563 435 2600 eadem
465 2560 654 2606 Scriptura
686 2555 876 2602 reperitur,
895 2550 989 2597 quod
1029 2548 1080 2583 eis
1116 2543 1301 2581 sublimior
1321 2541 1357 2576 iu

312 2620 518 2660 nne-soeeuli
538 2619 650 2666 gloria
669 2618 705 2653 in
737 2622 926 2660 corporum
946 2618 1087 2657 quoqne
1102 2603 1356 2642 immortalium

314 2682 520 2727 receptione
538 2682 713 2715 serretur.

366 2740 525 2784 Quatuor
543 2747 675 2784 qttoque
693 2734 842 2770 circulos
857 2742 979 2767 aureos
998 2726 1227 2775 perpetrabis,
1246 2729 1277 2758 et
1299 2733 1362 2768 po·

318 2813 378 2839 rtet
395 2811 451 2837 eoa
469 2800 505 2835 in
524 2804 672 2845 quatuor
692 2793 828 2840 anqnlis
846 2791 998 2837 ejusdem
1019 2798 1144 2823 memte
1164 2795 1223 2831 per
1238 2784 1359 2827 sinqu-

320 2863 372 2898 tos
391 2859 505 2908 pedes.
522 2857 607 2894 llaec
634 2860 675 2891 ut
702 2863 808 2899 supra
827 2851 870 2886 de
888 2859 971 2885 area
990 2845 1233 2892 exposuimus,
1252 2842 1361 2878 etiam

321 2920 383 2957 hie
401 2914 603 2964 accipienda
624 2919 719 2950 sunt.
735 2911 896 2955 Quatuor
913 2899 1067 2951 na'mquc
1094 2902 1216 2939 circuli
1245 2900 1359 2942 aurei,

324 2982 481 3025 quatuor
497 2980 579 3011 sunt
597 2971 868 3017 Evangeliorum
885 2967 982 3008 libri,
1004 2974 1068 3011 per
1085 2971 1238 3009 quorum
1259 2960 1366 2995 fidem

326 3037 477 3083 contigit
492 3040 533 3072 ut
549 3033 665 3071 omnis
679 3031 864 3077 Scriptura
896 3031 1018 3064 sancta
1049 3034 1114 3070 per
1131 3020 1302 3058 mundum
1318 3019 1371 3053 le-

327 3103 486 3147 geretur,
516 3100 553 3132 et
585 3092 841 3139 intelligeretur
871 3089 1093 3125 universnm.
1118 3083 1280 3127 Quatuor
1305 3090 1372 3115 au-

327 3164 403 3196 tem
419 3156 530 3204 pedes
545 3155 652 3192 habet
669 3162 792 3190 mensa
807 3178 817 3194 ,
836 3150 919 3197 quia
950 3145 1186 3194 quadriformi
1219 3142 1372 3182 ratione,

330 3218 450 3257 omnis
464 3216 667 3254 divinorum
684 3212 906 3260 eloquiorum
934 3208 1046 3245 series
1074 3203 1316 3251 distinguitur.
1336 3201 1374 3237 ln

331 3278 437 3316 libris
461 3285 619 3322 namque
634 3273 803 3311 omnibus
827 3269 961 3307 sanctis
980 3266 1111 3303 intueri
1133 3268 1376 3311 oportet,quae

334 3341 384 3379 ibi
401 3347 535 3378 aeterna
553 3339 776 3379 intimentur,
795 3344 875 3382 quae
891 3333 988 3370 l'acta
1005 3333 1210 3370 narrentur,
1222 3335 1303 3373 quae
1325 3324 1377 3360 ta-

337 3408 439 3439 etura
471 3398 760 3449 proamitientur,
783 3405 864 3443 quae
892 3392 1028 3441 agenda
1050 3388 1307 3438 praecipiantur
1323 3386 1379 3422 vel

337 3466 560 3498 moneamur.
586 3460 675 3497 item
709 3466 836 3495 mensa
854 3451 1077 3493 tabernaculi
1097 3455 1252 3498 quatuor
1271 3447 1382 3485 habet

338 3519 461 3568 pedet,
478 3520 563 3568 qula
584 3519 694 3557 verba
709 3516 868 3556 coelestis
885 3513 1039 3558 oraculi,
1058 3511 1115 3549 vel
1130 3509 1303 3548 historico
1322 3507 1381 3544 in-

340 3580 499 3625 tellectu,
517 3580 575 3618 vel
592 3579 800 3627 allegoricm
816 3577 875 3615 vel
889 3574 1122 3624 tropologico,
1140 3571 1176 3609 id
1193 3575 1248 3607 est
1264 3577 1384 3606 mora·

342 3639 384 3686 tt,
397 3641 454 3679 vel
475 3645 575 3679 arte
591 3639 788 3688 anagogico
816 3637 935 3676 soleat
964 3634 1093 3683 accipi.
1109 3631 1271 3671 ntswrta
1284 3638 1384 3669 aaut·

344 3703 496 3746 μοι,
512 3708 595 3738 eun
607 3706 669 3736 rea
683 3697 804 3745 aliqua
820 3694 1003 3744 quomodo
1017 3691 1216 3732 madum
1227 3689 1386 3727 lim

347 3754 445 3795 Μ
463 3758 540 3797 dvo
564 3756 659 3798 dieta
677 3757 740 3804 ait,
758 3756 868 3804 plano
896 3763 1063 3795 mone
1087 3750 1246 3792 retertur
1264 3755 1387 3796 aquo,

700 197 739 233 B.
767 188 935 230 RABANt
962 184 1109 223 mum
1135 175 1349 218 Ancmssp.
1377 170 1588 210 MOGUNT.
1614 166 1804 207 orfitum
1829 164 1951 203 PARS
1975 163 2004 199 1.

964 1164 1135 1201 divinitus
1163 1159 1328 1196 examine
1348 1157 1379 1196 B
1398 1157 1458 1194 sed
1489 1166 1589 1203 opere
1607 1159 1638 1189 et
1660 1151 1802 1187 veritate
1817 1147 1848 1194 (1
1869 1146 1978 1182 Joan.

1363 2048 1392 2087 C

2370 152 2440 190 148

1382 246 1489 284 modo
1506 243 1658 292 populns
1674 240 1785 278 lsrael
1804 249 1850 276 ex
1869 237 2026 284 AEgypto
2043 232 2203 271 salvatus
2223 228 2442 266 tabernacu-

1381 308 1455 344 lum
1474 305 1628 343 Domino
1660 301 1790 339 fecisse
1812 300 1850 336 in
1882 299 2026 335 deserto
2055 296 2239 330 narratur.
2257 287 2442 336 Allegoria

1380 375 1450 412 est,
1466 377 1550 405 cum
1566 364 1689 401 verbis
1709 363 1785 399 sive
1803 360 1912 397 rebus
1929 355 2106 405 mysticis,
2123 350 2316 400 praesentia
2332 348 2443 386 Chri-

1381 429 1429 466 sti
1440 433 1479 465 et
1511 424 1685 463 Ecclesiae
1719 424 1947 459 sacramenta
1979 418 2181 463 signantur.
2198 409 2328 447 Verbis
2344 407 2442 445 vide-

1381 491 1468 528 licet
1484 494 1525 525 ut
1542 486 1655 523 lsaias
1686 484 1738 520 ait
1758 494 1767 518 ε
1789 480 1997 528 egredietur
2025 477 2123 522 virya
2137 474 2180 510 de
2199 471 2317 508 radice
2329 467 2442 511 Iesse,

1383 558 1416 588 et
1450 552 1516 598 flos
1547 549 1589 584 de
1620 546 1739 582 radice
1773 544 1849 590 ejus
1881 539 2043 576 ascendet
2061 537 2153 585 (Isa.
2175 533 2243 582 xi).
2261 530 2364 577 Quod
2387 533 2445 566 est

1386 617 1510 659 aperte
1522 609 1643 646 dicere
1662 618 1671 642 ε
1692 606 1868 642 Nascetur
1882 602 1982 648 virgo
1995 598 2108 635 Maria
2124 597 2168 634 de
2177 595 2289 640 stirpe
2302 589 2415 628 David
2432 601 2441 625 ε

1386 679 1422 710 et
1443 670 1611 708 Christus
1632 667 1677 703 de
1701 666 1813 711 stirpe
1845 662 1922 708 ejus
1942 661 2090 697 orietur.
2113 657 2234 694 Rebus
2256 658 2393 694 autem,
2407 655 2449 687 nt

1387 733 1541 782 populus
1560 730 1605 766 de
1623 727 1793 774 AEgyptia
1821 724 1997 761 servitute
2026 730 2094 768 per
2125 717 2338 764 sanguinem
2364 711 2448 760 agni

1389 794 1561 835 salvatus,
1584 787 1783 825 Ecclesiam
1803 783 1995 832 significat,
2015 780 2185 827 passione
2199 774 2333 813 Christi
2347 773 2450 810 adae-

1391 853 1554 890 moniaca
1571 847 1814 887 dominatione
1849 843 2052 879 liberatam.
2070 836 2306 884 Tropologica
2335 833 2372 870 id
2393 836 2450 869 est

1391 914 1540 953 moralis
1562 911 1696 948 locutio
1730 908 1774 944 ad
1813 904 2075 942 institutionem
2115 904 2152 935 et
2187 895 2451 934 correctionem

1393 985 1548 1018 morum,
1567 973 1643 1010 sire
1666 969 1800 1017 apertis
1814 977 1876 1003 seu
1897 963 2059 1011 figuratis
2078 959 2217 1008 prolata
2225 953 2453 994 sermonibus

1395 1035 1556 1082 respicit.
1578 1031 1724 1079 Apertis
1741 1027 1924 1067 videlicet,
1946 1029 1986 1059 ut
2012 1021 2169 1058 loannes
2199 1017 2368 1053 admonet
2398 1013 2454 1049 di-

1396 1106 1482 1134 cens
1505 1107 1512 1131 :
1535 1092 1658 1129 FiliaIi
1684 1090 1765 1133 mei,
1784 1099 1852 1123 aon
1881 1085 2068 1131 diligamus
2097 1079 2199 1116 verbo
2229 1088 2291 1114 nec
2318 1075 2451 1121 linqua,

1997 1143 2068 1189 ιιι).
2086 1138 2268 1186 Figuratis
2289 1145 2390 1178 vero,
2414 1138 2455 1169 ut

1397 1217 1566 1254 Salomon
1582 1215 1633 1250 ait
1655 1226 1662 1248 t
1687 1210 1791 1247 Omni
1808 1215 1958 1253 tempore
1983 1204 2052 1239 sint
2073 1187 2358 1237 vestimenta'tua
2373 1204 2457 1229 can-

1397 1279 1479 1314 dicta
1496 1286 1507 1311 .·
1523 1282 1553 1312 et
1575 1274 1687 1311 oleum
1715 1272 1757 1306 de
1773 1269 1884 1316 capite
1913 1273 1972 1301 tuo
1989 1275 2057 1299 non
2077 1260 2212 1307 deficiet
2231 1256 2363 1305 (Eccle.
2388 1254 2455 1300 tx).

1399 1338 1500 1383 Quod
1518 1341 1574 1373 est
1611 1338 1735 1381 aperte
1755 1331 1875 1366 dicere
1897 1339 1906 1363 t
1928 1324 2033 1363 Omni
2053 1328 2214 1367 tempore
2245 1318 2316 1354 sint
2348 1324 2458 1361 opera

1400 1406 1461 1436 tua
1479 1396 1628 1437 munda,
1647 1399 1683 1429 et
1704 1390 1864 1428 ebaritas
1891 1387 1935 1422 de
1963 1384 2072 1421 corde
2108 1387 2170 1417 tuo
2190 1389 2262 1415 non
2298 1374 2457 1412 deliciet.
2522 1393 2533 1402 ›-

1401 1461 1584 1505 Anagoge‚
1604 1455 1638 1490 id
1656 1458 1711 1489 est
1726 1451 1770 1486 ad
1788 1448 1973 1494 superiora
1984 1445 2118 1481 ducens
2132 1441 2266 1476 locutio
2280 1442 2348 1480 est,
2381 1444 2461 1482 qum

1403 1523 1446 1559 de
1458 1517 1617 1566 praemiis
1633 1512 1778 1554 suturis,
1791 1516 1827 1546 et
1842 1519 1883 1544 ea
1899 1505 2025 1552 quaein
2046 1502 2147 1539 coelis
2164 1505 2220 1536 est
2234 1499 2306 1534 vita
2324 1496 2461 1537 sutura,

1404 1582 1480 1618 sive
1494 1576 1657 1625 mysticis
1678 1583 1740 1609 seu
1760 1569 1895 1617 apertis
1913 1564 2140 1603 sermonibus
2155 1560 2326 1605 disputat.
2349 1555 2464 1601 Aper-

1406 1643 1451 1678 tis
1480 1639 1631 1679 scilieet,
1670 1640 1722 1676 ut,
1763 1631 1863 1667 Beati
1894 1626 2023 1664 neuntio
2059 1623 2176 1664 corde,
2196 1619 2362 1667 quoniam
2397 1615 2464 1662 ipsi

1407 1704 1516 1739 Deum
1536 1700 1694 1736 videbunt
1714 1694 1857 1743 (Mattle.
1892 1691 1943 1738 v).
1964 1687 2124 1736 Mysticis
2149 1695 2249 1726 vero,
2267 1688 2308 1719 ut
2331 1693 2340 1718 :
2363 1680 2464 1717 Beati

1407 1765 1465 1811 qui
1480 1763 1597 1797 lavant
1619 1758 1727 1794 stolas
1745 1766 1827 1791 suas
1842 1781 1851 1795 ,
1873 1758 1910 1787 ut
1933 1751 1976 1786 sit
2008 1753 2158 1795 potestas
2194 1744 2264 1780 iltis
2300 1743 2338 1778 in
2370 1740 2466 1787 liqna

1409 1826 1500 1866 vitoe,
1516 1828 1546 1856 et
1562 1830 1622 1867 per
1645 1823 1762 1863 portas
1782 1815 1909 1849 intrent
1942 1812 1979 1845 in
2002 1809 2185 1844 civitatem.
2207 1803 2310 1849 Quod
2328 1806 2382 1838 est
2401 1809 2467 1846 pa·
2513 1814 2516 1818 ·

1410 1888 1528 1918 tenter
1547 1879 1667 1914 dicere
1691 1887 1698 1909 ε
1720 1873 1821 1908 Beati
1839 1871 1900 1916 qui
1926 1869 2101 1905 mundant
2130 1875 2214 1900 suas
2231 1862 2469 1910 cogitationes

1411 1950 1447 1980 et
1463 1949 1578 1982 actus,
1610 1943 1649 1973 ut
1669 1938 1885 1982 potestatem
1907 1930 2064 1966 babeant
2095 1925 2239 1962 videndi
2277 1923 2468 1959 Dominum
2515 1932 2524 1933 ff

1412 2003 1608 2041 Christum,
1634 1997 1694 2044 qui
1728 1997 1778 2031 ait
1808 2006 1816 2029 :
1844 1993 1917 2038 qu
1949 2001 2026 2026 sum
2054 1989 2126 2029 via,
2162 1985 2304 2026 veritas,
2337 1988 2369 2017 et
2400 1981 2470 2016 vita

1418 2065 1537 2112 (Joan.
1561 2060 1649 2106 xiv).
1668 2059 1711 2094 Et
1724 2067 1789 2104 per
1808 2054 2007 2092 doctrinam
2032 2056 2139 2096 atque
2161 2045 2323 2092 exempla
2338 2051 2471 2090 praeee-

1418 2123 1579 2160 dentium
1600 2120 1762 2159 paurum,
1782 2117 1917 2151 intrent
1935 2114 1972 2148 in
1994 2119 2143 2156 regnum
2163 2106 2350 2143 coelorum.
2375 2102 2448 2140 Sab
2465 2119 2470 2128 -

1420 2192 1471 2221 ter
1494 2184 1770 2219 coronamerunt
1793 2175 1914 2212 circuli
1947 2173 2060 2214 aurei,
2085 2175 2121 2206 ut
2143 2169 2330 2204 mittantur
2361 2169 2471 2200 vectes

1416 2257 1479 2291 per
1495 2255 1566 2285 eos,
1584 2248 1619 2277 ut
1640 2241 1748 2287 possit
1774 2248 1892 2273 mensa
1922 2233 2068 2282 portari.
2090 2232 2188 2278 Ipsos
2208 2238 2343 2276 quoque
2362 2231 2474 2261 vectes

1422 2305 1529 2351 [acies
1544 2303 1586 2337 de
1600 2301 1702 2347 liquis
1712 2298 1842 2334 ,sethim
1860 2306 1871 2330 .·
1892 2301 1923 2330 et
1941 2292 2175 2329 circumdabis
2190 2300 2277 2325 auro
2290 2286 2335 2323 ad
2348 2284 2473 2322 subve-
2503 2283 2512 2302 .-

1422 2364 1570 2400 hena'am
1585 2371 1752 2397 mensam.
1774 2358 1865 2403 Apte
1876 2356 2000 2392 subter
2019 2362 2189 2389 coronam
2208 2354 2316 2386 erunt
2333 2344 2477 2387 circuti,
2500 2351 2516 2395 ξ

1423 2425 1505 2470 quia
1527 2422 1628 2458 libris
1646 2420 1759 2457 sancti
1779 2416 1962 2463 Evangelii
1979 2416 2013 2450 in
2031 2415 2100 2450 bac
2115 2413 2187 2448 vita
2203 2411 2352 2452 utimur,
2373 2415 2490 2443 coro-o>
2515 2399 2517 2402 ’

1425 2495 1507 2520 nam
1527 2493 1612 2518 vero
1629 2482 1712 2516 vitre
1730 2487 1894 2524 supernze
1916 2476 2073 2511 suturam
2093 2473 2128 2508 in
2147 2470 2249 2508 coelis
2274 2467 2486 2515 speramus&

1425 2545 1494 2581 Per
1527 2554 1617 2590 quos
1650 2540 1816 2577 videlieet
1844 2537 1997 2574 circulos
2015 2535 2258 2570 immittuntur
2286 2534 2409 2566 vectes
2433 2517 2485 2572 at}

1426 2603 1691 2642 subvehendam
1712 2609 1886 2642 mensam,
1907 2597 1990 2643 quia
2006 2596 2173 2631 doctores
2192 2591 2323 2632 sancti,
2340 2594 2381 2625 ut
2398 2586 2486 2623 vet-4

1426 2668 1482 2704 bis
1499 2664 1591 2702 sacri
1609 2662 1742 2709 eloquii
1757 2661 1865 2697 corda
1887 2657 2108 2695 audientium
2134 2653 2312 2695 reficiant,
2330 2649 2396 2697 ipsi
2414 2656 2486 2695 pet

1428 2728 1547 2765 omnia
1566 2731 1724 2762 mentem
1738 2732 1840 2759 suam
1856 2729 2002 2756 neeesse
2017 2718 2122 2754 estin
2139 2713 2347 2760 evangelica
2359 2710 2444 2748 lecti
2468 2710 2479 2722 ’”

1429 2799 1474 2826 nc
1490 2790 1596 2824 lixam
1623 2788 1782 2826 teneant,
1803 2786 1981 2827 quatenus
1999 2777 2042 2813 ad
2063 2777 2170 2812 tidem
2195 2780 2414 2817 sensumque
2440 2769 2452 2805 i

1436 2966 1550 3003 ribula
1570 2971 1602 3000 et
1622 2963 1776 3010 cyathos,
1794 2961 1967 3008 inquibus
1985 2958 2162 3006 offerenda
2193 2962 2273 2993 sum
2301 2953 2422 2991 libami

1436 3037 1479 3062 ex
1497 3036 1584 3062 antro
1602 3024 1801 3070 purissimo.
1820 3021 1928 3058 Varia
1944 3030 2030 3056 vasa
2043 3029 2123 3065 qum
2141 3018 2186 3054 ad
2205 3014 2389 3054 offerenda
2403 3022 2446 3049 su

1437 3085 1607 3122 libamina
1631 3083 1738 3126 tacta,
1758 3081 1867 3117 variae
1899 3085 1983 3117 sunt
2012 3078 2260 3115 distinctiones
2283 3071 2416 3120 eloquii
2455 3064 2458 3065 ⁷

1439 3146 1525 3187 vini,
1542 3154 1608 3191 pro
1623 3142 1757 3190 dispari
1785 3141 1986 3188 capacitate
2023 3137 2261 3175 audientium.
2286 3133 2364 3171 Non
2391 3141 2436 3169 en

1442 3215 1513 3241 una
1537 3204 1733 3249 eademque
1766 3201 1934 3238 omnibus
1958 3203 2079 3246 potest
2100 3195 2295 3234 convenire
2309 3189 2424 3231 doctri

1442 3266 1555 3302 Aliter
1587 3273 1744 3310 namque
1770 3263 1963 3309 sapientes,
2003 3259 2108 3296 aliter
2138 3250 2420 3303 insipientes.al

1446 3327 1589 3370 divites,
1615 3325 1720 3361 aliter
1737 3333 1927 3370 pauperes,
1956 3322 2062 3358 aliter
2093 3318 2184 3359 sani,
2206 3316 2310 3353 aliter
2341 3313 2351 3323 “

1446 3387 1551 3425 aliter
1566 3395 1683 3428 senen,
1700 3385 1804 3421 aliter
1816 3383 1978 3430 iuvenes,
1996 3378 2192 3421 aliter-viri,
2208 3376 2315 3413 aliter
2331 3373 2405 3411 fem

1447 3449 1551 3486 aliter
1567 3447 1727 3489 coelibes,
1748 3445 1852 3482 aliter
1865 3443 2060 3492 conjugati,
2083 3441 2190 3479 aliter
2209 3434 2364 3487 praelati·

1448 3509 1583 3547 subditi
1619 3506 1770 3545 docendi
1803 3510 1899 3542 sunt.
1936 3505 2023 3550 Quae
2040 3508 2163 3541 tamen
2195 3506 2285 3538 vasa
2308 3500 2393 3535 om

1450 3577 1614 3607 mensam
1628 3564 1864 3609 tabernaculi,
1879 3565 2001 3602 omnia
2033 3563 2079 3600 ad
2114 3558 2299 3600 offerenda
2411 3543 2414 3547 ¹

1450 3629 1634 3678 pertinent
1651 3638 1662 3663 ι
1679 3625 1765 3674 quia
1778 3634 1998 3672 quacunque
2015 3622 2176 3672 prudens
2202 3619 2338 3665 deuon·

1452 3699 1521 3737 pro
1552 3686 1765 3726 munitate
1796 3683 2019 3722 audientium
2057 3681 2250 3730 loquitar,-

1457 3747 1579 3798 ressula
1606 3754 1719 3785 sarra!
1737 3745 1935 3794 scripturae
1960 3742 2212 3791 repentinum.
2231 3743 2235 3746 “

2526 884 2540 962 ava—u
2529 822 2540 869 -.ι
2528 682 2540 807 κιρ-ι..-
