2540 4016
97 212 168 249 529

690 199 1024 242 exrosmolvss
1050 201 1097 239 lN
1122 200 1390 242 Lssvrricun.
1415 172 1578 241 -'-'1.1²n.
1605 174 1704 243 vu.

2205 190 2278 254 53⁰

95 267 157 334 eqo
178 286 269 322 dabo
291 285 401 328 vobis,
416 271 449 320 et
462 281 665 330 requieverit
684 285 778 315 terra
795 290 900 327 quam
914 289 977 325 eqo
993 278 1085 313 dabo
1093 289 1153 314 vo·
1170 280 1207 320 A
1222 290 1308 325 aqro
1325 280 1519 324 nascentia,
1533 284 1567 315 et
1582 279 1757 325 primitias
1775 279 1957 316 vindemiae
1969 292 2040 320 non
2051 286 2218 334 colliqes&
2234 290 2278 327 ob

97 350 148 386 bis
162 349 308 386 sabbata
318 347 460 384 Domini
474 358 487 383 .·
508 355 569 381 sea:
576 344 679 380 annis
693 343 880 379 seminabis
894 352 1019 389 aqrum
1037 347 1150 386 tuum,

96 416 128 446 et
146 420 208 445 sex
225 409 327 445 annis
339 406 479 455 putabis
493 405 628 441 vineam
652 410 764 447 tuam,
781 409 814 439 et
828 402 1051 449 conqreqabis
1073 402 1152 447 fru-

95 476 190 507 ctum
208 471 299 518 ejus.
338 468 440 504 Anno
470 472 587 503 autem
613 466 757 512 septimo
771 465 906 501 sabbati
931 464 1066 510 requies
1087 464 1154 499 erit

95 537 198 568 terroe
211 531 358 567 sabbata
366 529 531 565 Domino.
553 525 859 576 (ExAuqustino.)
878 524 1058 569 Quaeritur
1070 535 1155 571 quo-

94 593 204 629 modo
234 591 507 638 intelllgendum
537 589 599 633 sit,
633 600 710 624 cum
742 588 946 624 introieritis
962 588 1000 623 in
1025 592 1155 622 terram

93 663 199 699 quam
222 651 313 686 dabo
332 651 441 692 vobis,
460 657 492 685 et
507 649 709 696 requieverit
727 654 835 691 terra,
850 658 911 683 sex
924 657 1035 682 annos
1049 645 1155 681 semi-

94 710 195 746 nabis
217 720 341 755 aqrum
360 716 473 753 tuum,
494 715 531 745 et
554 715 701 751 caetera,
718 709 822 754 quasi
843 713 929 743 tunc
957 706 1038 742 fieri
1059 716 1156 751 prae-

93 777 236 818 ceptum
249 772 296 807 sit
316 772 460 818 quando
491 778 587 808 terra
612 772 846 818 requieverit,
866 780 947 806 cum
965 774 1156 815 propterea

93 839 192 870 terra
223 833 444 879 requiescat,
478 834 650 879 quoniam
677 833 746 868 hoc
767 832 820 867 fit.
859 830 1032 876 Requiem
1059 830 1156 865 enim

94 896 204 928 terrae
231 893 387 939 septimo
403 893 528 938 utique
543 904 639 928 anno
665 892 742 927 vult
758 891 924 936 intelligi,
957 900 1030 935 quo
1047 889 1157 934 jussit

93 955 183 990 nihil
205 955 243 990 in
258 965 300 990 ea
315 965 533 1001 quemquam
549 954 692 999 operari
709 963 774 998 per
789 952 1063 997 agriculturam.
1085 952 1156 989 Sed

94 1016 267 1051 nimirum
284 1016 429 1060 longum
449 1015 673 1060 hyperbaton
692 1013 783 1050 facit
795 1015 1055 1050 obscuritatem
1070 1016 1155 1051 huic

94 1075 214 1112 sensui
238 1086 246 1108 :
271 1074 415 1110 videtur
429 1084 514 1121 ergo
537 1075 597 1110 hic
616 1084 696 1110 esse
713 1075 802 1110 ordo
817 1075 1009 1110 verborum
1035 1088 1042 1110 :
1066 1075 1156 1111 Cum

91 1135 304 1171 introieritis
318 1135 355 1170 in
372 1140 507 1170 terram
529 1146 634 1180 quam
654 1146 721 1181 ego
737 1135 830 1171 dabo
839 1137 954 1178 vobis,
967 1141 1003 1172 et
1014 1137 1157 1181 requie-

92 1197 186 1233 verit
212 1202 310 1232 terra
341 1207 448 1242 quam
469 1208 535 1243 ego
556 1198 649 1233 dabo
675 1197 790 1240 vobis,
823 1198 973 1234 sabbata
995 1198 1153 1243 Domini,

91 1269 171 1304 quae
190 1259 235 1294 ab
250 1269 287 1294 se
308 1264 472 1305 surgunt,
493 1270 620 1306 agrum
642 1265 741 1295 tuum
760 1270 831 1295 non
847 1266 974 1303 metes,
995 1266 1031 1296 et
1049 1271 1155 1296 uvam

91 1320 393 1356 sanctificationis
412 1326 481 1356 tuae
494 1331 565 1356 non
580 1322 821 1358 vindemiabis
842 1333 850 1356 :
869 1332 985 1358 annus
1011 1323 1155 1368 requie-

91 1380 214 1415 scendi
238 1380 308 1415 erit
327 1385 444 1415 terrae.
482 1381 527 1416 Et
541 1386 648 1416 erunt
671 1381 822 1417 sabbata
846 1387 954 1418 terrae
970 1393 1052 1418 esca
1074 1383 1155 1426 tibi,

91 1446 127 1476 et
141 1450 255 1486 puero
266 1446 340 1483 tuo,
356 1447 392 1475 et
410 1441 537 1486 puellae
555 1446 637 1484 tuae,
657 1447 694 1477 et
708 1443 937 1478 mercenario
952 1448 1028 1485 tuo,
1047 1447 1083 1477 et
1099 1443 1155 1477 in-

91 1500 229 1546 quilino
243 1501 306 1545 qui
329 1500 520 1545 applicitus
542 1506 596 1536 est
620 1501 664 1536 ad
700 1507 747 1544 te,
771 1507 806 1537 et
824 1502 1015 1547 pecoribus
1034 1502 1105 1538 tuis
1121 1507 1158 1538 et

91 1559 218 1595 bestiis
231 1569 311 1605 quae
327 1567 410 1595 sunt
426 1561 462 1596 in
484 1566 582 1597 terra
604 1566 681 1604 tua,
698 1572 805 1597 omne
820 1563 916 1608 quod
931 1569 1100 1599 nascetur
1112 1574 1157 1599 ex

92 1628 134 1654 eo
150 1620 186 1654 in
204 1630 337 1655 escam.
377 1619 595 1666 interposuit
611 1627 731 1656 autem
748 1623 960 1668 exponendo
977 1623 1157 1669 quomodo

94 1686 190 1716 terra
220 1681 435 1726 requiescat,
459 1687 495 1716 et
515 1682 565 1716 ait
584 1691 592 1715 τ
616 1681 686 1717 Sex
701 1682 803 1718 annis
820 1683 1010 1718 seminabis
1032 1695 1157 1730 aarum

94 1748 206 1784 tuum,
226 1748 256 1776 et
275 1752 335 1776 sea:
349 1742 451 1777 annis
469 1743 605 1787 putabis
624 1743 725 1778 vitem
755 1749 867 1786 tuam,
885 1750 916 1778 et
932 1744 1156 1790 conqreqabis

94 1801 245 1845 fructum
264 1802 354 1846 ejus.
392 1801 493 1835 Anno
514 1808 631 1836 autem
651 1803 797 1848 septimo
826 1795 988 1846 sabbata,
1022 1804 1156 1850 requies

92 1863 157 1896 erit
180 1867 294 1903 terroe,
319 1861 465 1896 sabbata
481 1861 637 1896 Domini.
674 1862 807 1908 Ayram
827 1869 926 1898 taum
956 1875 1025 1899 non
1053 1865 1157 1900 semi-

92 1922 206 1964 nabis,
223 1928 254 1957 et
279 1923 382 1957 vitem
405 1928 502 1957 tuam
522 1933 592 1957 non
618 1923 770 1968 putabis.
809 1923 854 1959 Et
882 1934 947 1970 per
973 1925 1041 1960 hoc
1061 1924 1157 1970 quod

91 1983 155 2027 ait,
187 1994 256 2018 non
273 1983 427 2029 putabis,
456 1993 602 2019 omnem
633 1983 811 2020 culturam
834 1995 876 2020 eo
908 1995 1003 2021 anno
1031 1986 1155 2031 prohi-

91 2043 203 2078 bitam
233 2043 405 2079 debemus
432 2043 610 2090 accipere.
652 2043 776 2089 Neque
810 2044 907 2080 enim
935 2044 965 2080 si
996 2045 1154 2091 putanda

91 2111 244 2147 nonest,
286 2106 421 2141 aranda
440 2111 510 2148 est,
547 2112 608 2141 aut
641 2106 871 2142 adminiculis
886 2107 1152 2153 suspendenda,

91 2164 148 2200 vel
167 2165 351 2209 quodlibet
370 2165 480 2208 aliud,
498 2166 593 2211 quod
607 2166 651 2201 ad
667 2165 846 2202 culturam
866 2165 944 2212 ejus
958 2168 1153 2213 pertineat,

91 2224 364 2268 adhibendu1n;
404 2226 468 2261 sed
493 2227 673 2271 quomodo
692 2228 783 2264 solet
801 2238 821 2263 a
848 2234 951 2274 parte
967 2234 1082 2265 totum
1097 2230 1154 2265 in-

92 2284 220 2331 telligi,
247 2285 298 2320 ita
327 2295 394 2331 per
414 2287 637 2331 putationem
651 2288 770 2323 omnis
789 2287 930 2324 cultura
952 2289 1154 2336 significata

91 2352 168 2390 est;
185 2352 221 2381 et
244 2357 311 2392 per
330 2357 455 2392 agrum
478 2354 586 2394 atque
603 2349 760 2392 vineam,
778 2360 859 2386 cum
874 2356 910 2386 et
927 2351 1027 2386 illum
1047 2351 1155 2387 semi-

90 2407 185 2450 nari,
200 2412 235 2442 et
254 2408 348 2443 hanc
374 2410 493 2454 putari
520 2411 717 2456 prohibuit,
736 2412 854 2448 omnis
874 2412 950 2458 agri
969 2423 1082 2459 genus
1100 2413 1154 2448 in-

90 2469 324 2516 telligendum
344 2477 412 2508 est.
449 2471 573 2518 Neque
590 2474 688 2510 enim
707 2475 743 2510 in
768 2475 900 2512 oliveto
918 2476 974 2511 vel
994 2476 1154 2521 quolibet

91 2530 238 2566 alterius
252 2532 394 2576 generis
414 2543 501 2579 agro
520 2533 655 2579 aliquid
676 2537 897 2581 operandum
925 2542 989 2577 est,
1014 2537 1058 2571 de
1074 2537 1154 2581 qui-

91 2590 158 2625 bus
188 2591 314 2625 tacuit.
357 2591 459 2634 Quod
483 2603 570 2628 vero
597 2594 662 2636 ait,
688 2600 719 2628 et
749 2601 850 2629 erunt
880 2595 1026 2630 sabbata
1050 2601 1152 2630 terroe

91 2661 169 2685 esca
187 2650 262 2693 tibi,
282 2657 311 2686 et
330 2662 437 2697 puero
457 2658 530 2695 tuo,
550 2659 581 2688 et
607 2653 732 2699 puellae
750 2661 832 2698 tuae,
850 2661 886 2690 et
897 2661 1041 2699 caetera,
1062 2657 1152 2693 satis

91 2711 244 2756 aperuit,
256 2723 322 2747 nec
334 2712 524 2749 Dominum
542 2715 617 2761 agri
629 2715 852 2761 prohibitum
864 2717 962 2753 vesci
983 2718 1049 2760 eis,
1072 2729 1152 2764 quae

91 2783 162 2808 non
183 2774 344 2809 adhibita
361 2775 501 2811 cultura
519 2776 580 2812 illo
602 2787 694 2812 anno
711 2784 839 2822 sponte
856 2784 1064 2822 nascantur,
1087 2778 1151 2814 sed

90 2832 228 2870 fructus
244 2835 406 2881 redigere
422 2836 658 2882 prohibitum.
695 2836 756 2874 Sic
774 2847 861 2883 ergo
880 2838 1079 2884 permissus
1093 2843 1151 2875 est

91 2894 224 2940 aliquid
239 2896 321 2931 inde
344 2896 379 2931 in
396 2907 516 2933 escam
531 2908 689 2942 sumere,
711 2898 890 2944 quomodo
907 2899 1150 2943 transiens‚ut

1174 1177 1206 1215 B

1186 2079 1202 2094 Ἴ

1221 341 1537 385 sanctificationem
1551 339 1707 387 jubiloei,
1727 340 1788 376 sed
1807 341 1928 376 statim
1943 341 2062 378 oblata
2077 347 2277 386 comedens,

1222 401 1323 437 Anno
1335 400 1477 447 jubiloei
1494 400 1627 436 redient
1644 409 1762 435 omnes
1786 398 1832 434 ad
1850 400 2083 446 possessiones
2102 412 2198 440 suas.
2211 404 2283 444 liic

1222 461 1470 508 interrogandi
1498 465 1583 498 sunt
1603 459 1718 496 Judaei
1746 471 1755 495 ε
1786 458 1825 496 Si
1853 460 2065 506 septimam,
2094 461 2190 498 sicut
2213 463 2284 511 ipsi

1223 525 1368 567 dicunt,
1389 524 1486 560 diem
1504 523 1691 570 legislator
1710 522 1912 566 honorans,
1933 533 2067 560 vacare
2084 523 2122 559 in
2144 523 2223 572 ipsa
2239 527 2285 564 ab

1223 585 1300 632 agri
1320 584 1492 631 operibus
1510 584 1664 630 aliisque
1687 583 1821 620 talibus
1838 584 2026 630 praecepit,
2047 584 2150 630 cujus
2171 588 2287 633 gratia

1223 651 1260 683 et
1277 645 1577 693 quinquagesimo
1602 655 1699 681 anno
1723 654 1869 681 cessare
1893 645 1938 681 ab
1964 645 2135 691 operibus
2154 656 2289 693 praece-

1223 706 1300 752 pit?
1326 705 1364 742 Si
1385 706 1482 742 enim
1502 705 1738 742 hebdomadae
1762 705 2070 742 hebdomadarum
2090 707 2136 743 ad
2157 717 2289 745 novem

1224 773 1260 804 et
1274 769 1514 814 quadraginta
1527 767 1711 804 numerari
1726 778 1842 804 annos
1855 768 2087 815 colliguntur,
2100 778 2171 805 non
2182 779 2291 816 opor-

1225 832 1324 867 tebat
1353 831 1692 878 quinquagesimum
1723 841 1867 874 vacare,
1898 830 1969 866 nisi
1999 830 2122 867 forsan
2153 831 2291 878 aliquid

1225 890 1461 936 significaret,
1481 896 1515 926 et
1533 890 1706 937 mysteria
1725 890 1783 926 lex
1804 896 2016 936 exponeret,
2037 901 2118 936 quae
2135 891 2291 928 necdum

1225 959 1366 996 tempus
1388 956 1466 987 erat
1490 957 1614 997 aperte
1638 958 1786 997 propter
1805 952 2010 987 auditorum
2039 951 2292 988 infirmitatem

1225 1011 1371 1056 aperiri.
1392 1011 1479 1054 Quae
1498 1011 1569 1046 sint
1587 1016 1708 1046 autem
1726 1012 1816 1053 haec,
1834 1012 1917 1047 audi
1935 1022 1944 1046 ε
1963 1012 2102 1057 Duplex
2122 1013 2290 1058 quaedam

1225 1069 1378 1105 insertur
1398 1080 1418 1104 a
1439 1071 1512 1105 Deo
1527 1071 1689 1105 omnium
1707 1070 1906 1106 visibilium
1924 1074 2197 1115 consummatio,
2219 1083 2292 1108 una

1225 1131 1370 1177 quidem
1390 1131 1675 1177 uniuscujusque
1695 1137 1859 1167 nostrum
1874 1159 1883 1175 ,
1903 1132 1973 1167 alia
1993 1137 2112 1169 autem
2131 1143 2293 1168 eommu-

1226 1192 1282 1227 nis
1308 1191 1456 1227 humani
1482 1191 1640 1237 generis,
1673 1191 1905 1237 ipsorumque
1933 1193 2062 1228 horum
2097 1203 2177 1238 quac
2197 1193 2293 1229 hanc

1226 1265 1304 1300 quae
1327 1265 1423 1290 nunc
1446 1259 1502 1290 est
1526 1254 1841 1290 conversationem
1862 1254 2101 1289 constituunt.
2135 1253 2205 1290 Sed
2226 1263 2293 1291 nec

1225 1315 1370 1361 quando
1402 1325 1541 1355 omneS,
1568 1320 1603 1350 et
1636 1314 1706 1350 hoc
1734 1314 1842 1349 nimis
1871 1315 2027 1350 scienter
2055 1315 2170 1361 legem
2201 1315 2293 1352 dans

1226 1376 1320 1411 Deus
1344 1375 1449 1410 nobis
1470 1375 1588 1409 innuit
1609 1374 1666 1410 bis
1683 1380 1719 1410 et
1737 1374 1987 1419 superioribus
2005 1375 2126 1410 verbis
2146 1387 2153 1410 :
2176 1375 2211 1410 in
2232 1385 2293 1411 su-

1226 1436 1430 1482 perioribus
1456 1434 1623 1480 quidem,
1650 1434 1933 1479 uniuscujusque
1959 1434 2067 1470 finem
2088 1435 2291 1479 insinuans,

1226 1499 1283 1534 his
1303 1503 1423 1534 autem
1447 1498 1797 1533 consummationem
1829 1497 1939 1532 totius
1968 1497 2112 1543 generis
2142 1496 2292 1532 humani

1227 1559 1423 1604 mundique
1440 1558 1605 1594 visibilis.
1630 1557 1842 1593 Numerabis
1867 1568 1947 1603 erqo
1974 1557 2036 1592 tibi
2060 1564 2188 1603 septem
2212 1556 2294 1593 heb-

1226 1622 1396 1658 domadas
1414 1632 1603 1663 annorum,
1626 1621 1716 1662 sive,
1738 1626 1778 1654 ut
1796 1618 2046 1665 Septuaginta,
2067 1625 2196 1664 septem
2211 1629 2294 1664 erqo

1227 1682 1426 1718 numerabis
1454 1681 1514 1717 tibi
1540 1679 1673 1727 requies
1695 1689 1891 1721 annorum,·
1919 1678 2064 1712 sabbata
2090 1682 2208 1712 autem
2227 1686 2294 1722 pro

1226 1744 1420 1791 requiebus
1439 1743 1568 1789 reliqui
1586 1743 1825 1788 interpretum
1840 1740 2043 1777 ediderunt.
2062 1740 2108 1775 Et
2122 1740 2208 1785 quid
2223 1740 2292 1775 hoc

1226 1806 1304 1842 cst?
1327 1805 1474 1851 Septem
1491 1806 1588 1841 enim
1608 1810 1660 1840 ait
1678 1803 1924 1839 hebdomadas
1944 1812 2122 1837 annorum
2143 1801 2293 1847 septies,

1227 1874 1263 1904 et
1296 1873 1380 1904 sunt
1406 1872 1544 1913 septem
1573 1866 1817 1902 hebdomades
1844 1874 2022 1900 annorum
2053 1863 2293 1909 quadraginta

1225 1937 1355 1964 novem
1375 1928 1477 1971 anni;
1500 1927 1584 1972 quia
1602 1927 1699 1962 enim
1718 1926 1755 1960 in
1774 1925 2000 1962 hebdomade
2018 1925 2158 1960 dierum
2178 1929 2294 1960 totum

1227 1988 1399 2024 saeculum
1420 1975 1619 2022 humanum
1635 1985 1821 2028 dividitur,
1844 1984 1987 2030 quando
2006 1984 2066 2019 hic
2086 1984 2163 2029 ipse
2183 1983 2219 2018 in
2237 1991 2296 2018 se-

1226 2048 1381 2094 metipso
1401 2047 1659 2093 multiplicatus
1682 2045 1804 2087 suerit,
1824 2050 1861 2080 et
1884 2049 1959 2079 tota
1979 2044 2100 2080 saeculi
2115 2043 2294 2090 completa

1224 2108 1334 2144 suerit
1354 2108 1574 2151 volubilitas,
1591 2107 1694 2153 cujus
1714 2112 1857 2152 tempus
1868 2105 2020 2141 Creator
2038 2104 2214 2147 definivit,
2232 2103 2293 2139 diu

1225 2170 1458 2215 semetipsum
1476 2169 1624 2205 volvens
1646 2168 1690 2203 ad
1710 2168 1817 2203 finem
1838 2166 2016 2213 pervenit.
2037 2166 2082 2202 Et
2099 2170 2293 2213 propterea

1224 2231 1285 2268 ille
1306 2231 1388 2267 finis
1417 2231 1592 2276 temporis
1613 2230 1923 2266 hebdomadarum
1950 2235 2048 2265 recte
2075 2229 2291 2275 appellatur,

1224 2292 1286 2338 qui
1316 2291 1615 2337 quadragesimus
1644 2300 1761 2326 nonus
1795 2300 1912 2326 annus
1943 2295 2011 2325 est.
2048 2289 2119 2325 Sed
2150 2295 2293 2335 oportet

1224 2352 1334 2387 etiam
1356 2356 1566 2396 sequentem
1587 2349 1927 2396 quinquagesimum
1940 2376 1950 2392 ‚
1969 2350 2063 2384 sicut
2082 2349 2133 2383 ait
2156 2348 2216 2383 hic
2238 2348 2292 2384 le-

1223 2412 1384 2459 gislator,
1419 2412 1627 2454 succedere,
1662 2411 1700 2446 in
1735 2421 1807 2456 quo
1836 2415 2062 2445 mortuorum
2092 2409 2132 2444 fit
2165 2418 2290 2445 resur-

1222 2473 1357 2515 recti0;
1390 2477 1470 2518 post
1498 2472 1595 2507 enim
1622 2471 1730 2506 finem
1758 2470 1976 2507 resurrectio
2002 2470 2179 2515 sequitur,
2210 2479 2291 2515 quae

1224 2533 1405 2580 quomodo
1427 2538 1463 2568 et
1490 2531 1791 2577 quemadmodum
1819 2530 2008 2576 proveniat
2033 2529 2121 2565 dicit
2142 2530 2287 2575 quidem

1223 2592 1377 2635 Paulus,
1411 2591 1578 2627 similiter
1610 2595 1730 2626 autem
1761 2595 1797 2626 et
1831 2589 2014 2635 legislator
2046 2589 2288 2635 praesentibus

1223 2652 1381 2689 subdidit
1395 2651 1531 2694 verbis,
1549 2651 1599 2687 ait
1614 2651 1710 2687 enim
1732 2663 1739 2686 ε
1756 2650 1804 2686 Et
1822 2649 1989 2696 clanqetis
2009 2650 2154 2686 buccina
2169 2660 2287 2688 mense

1221 2713 1364 2759 septimo
1390 2713 1427 2747 in
1449 2712 1612 2747 universa
1638 2718 1732 2746 terra
1750 2716 1878 2753 vestra,
1904 2710 2002 2745 illam
2029 2709 2152 2745 tubam
2177 2709 2289 2756 signi-

1222 2773 1335 2809 ficans
1364 2773 1409 2808 de
1440 2783 1510 2818 qua
1542 2772 1674 2808 Paulus
1709 2771 1838 2808 scribit
1871 2770 2285 2807 Thessalonicensibus:

1222 2834 1314 2877 Quia
1342 2834 1414 2879 ipse
1440 2833 1612 2868 Dominus
1639 2834 1676 2868 in
1700 2833 1818 2879 jussu,
1836 2833 1873 2867 in
1901 2843 1981 2867 voce
2009 2831 2222 2879 archangeli,
2248 2832 2287 2868 in

1219 2897 1302 2932 tuba
1322 2897 1387 2932 Dei
1407 2896 1589 2932 descendet
1612 2897 1654 2932 de
1672 2896 1770 2941 coelo,
1795 2902 1827 2932 et
1851 2896 1980 2932 mortui
2002 2897 2062 2943 qui
2084 2898 2121 2931 in
2144 2896 2284 2932 Christo

90 2954 158 2991 hoc
170 2956 284 2992 solum
299 2963 448 3003 caperet
466 2959 561 3004 quod
573 2959 696 2994 statim
707 2959 886 2996 vescendo
902 2965 1145 3004 consumeret,
1163 2975 1200 3015 D
1218 2965 1299 2996 sunt
1316 2965 1495 3006 resurqent
1510 2959 1704 3005 incorrupti
1725 2959 1761 3008 (I
1783 2959 1904 2996 Thess.
1929 2959 2002 3007 1v);
2022 2964 2166 3006 oportet
2186 2959 2286 2996 enim

90 3026 163 3052 non
185 3017 282 3063 quod
312 3018 348 3053 in
369 3029 454 3054 usus
484 3025 690 3065 reponeret.

500 3105 652 3142 CAPUT
679 3105 736 3142 Vl.

216 3178 267 3214 De
287 3178 521 3215 observatione
539 3179 682 3216 Jubilaei
702 3186 732 3216 et
750 3179 912 3228 leyitimis
931 3181 1022 3228 ejus.

135 3254 255 3302 (lom.)
282 3254 495 3292 Numerabis
518 3268 653 3303 quoque
677 3258 738 3293 tibi
764 3263 892 3304 septem
911 3258 1146 3295 hebdomadas

89 3326 276 3360 annorum,
304 3317 341 3353 id
367 3324 432 3361 est,
458 3325 586 3365 septem
612 3321 748 3366 septies,
778 3332 856 3368 quae
879 3320 985 3357 simul
1011 3321 1145 3366 faciunt

90 3388 199 3414 annos
215 3379 451 3426 quadraqinta
471 3391 592 3416 novem
611 3390 624 3415 :
650 3387 682 3417 et
701 3381 839 3429 clanqes
859 3382 1006 3418 buccina
1027 3393 1144 3418 mense

91 3438 233 3483 zeptitno
257 3438 393 3476 decima
416 3440 473 3476 die
498 3442 626 3477 mensis
646 3443 906 3489 propitiationis
930 3448 1081 3489 tempore
1105 3443 1143 3478 in

93 3497 250 3536 universa
274 3507 368 3538 terra
393 3507 519 3539 vestra.
547 3501 859 3551 Sanctificabisque
883 3515 1014 3540 annum
1037 3504 1142 3550 quin-

92 3558 340 3605 quaqesimum,
357 3568 392 3599 et
411 3563 548 3600 vocabis
563 3565 800 3602 remissionem
817 3566 951 3601 cunctis
967 3565 1143 3601 habitato-

94 3615 308 3655 iibutmoe
325 3625 396 3668 tuoe
418 3630 432 3656 :
451 3623 524 3670 ipse
546 3630 597 3660 est
619 3625 712 3660 enim
731 3624 914 3672 jubilaeus.
943 3623 1145 3660 Revertetur

93 3676 201 3713 Ιιοπω
212 3678 259 3715 ad
271 3683 520 3727 poemsionem
536 3695 653 3730 suam,
671 3692 704 3722 et
717 3688 956 3735 unusquisque
973 3687 1081 3723 rediet
1098 3686 1144 3722 ad

94 3736 268 3784 familiam
290 3742 474 3788 pristinam
489 3772 500 3789 ‚
526 3747 610 3793 quia
630 3747 798 3794 ,iubiloeus
822 3754 888 3794 est,
915 3755 949 3785 et
972 3749 1146 3797 quinqua-

93 3807 244 3845 aumas
265 3809 393 3840 annno.
417 3802 502 3842 Non
521 3806 645 3844 seretis
670 3817 782 3854 neque
806 3808 942 3846 metetis
963 3813 1085 3855 sponte
1106 3808 1146 3844 in
1175 3827 1183 3841 2

1222 3026 1450 3057 mortuorum
1483 3021 1788 3058 resurrectionem
1809 3022 2047 3058 suscitantem
2064 3032 2128 3058 eos
2144 3032 2283 3068 praece-
2305 3059 2308 3062 ,

1222 3083 1308 3119 dere
1327 3082 1465 3118 tubam.
1492 3081 1595 3118 Unde
1616 3082 1653 3118 in
1684 3083 1961 3130 quadragesimo
1993 3089 2030 3119 et
2056 3093 2151 3119 nono
2172 3055 2312 3135 annof(

1220 3144 1259 3180 in
1283 3153 1356 3189 quo
1380 3153 1609 3180 communem
1636 3144 1791 3180 diximus
1817 3143 2163 3179 consummationem
2186 3141 2281 3186 fieri,

1220 3206 1306 3243 tuba
1328 3206 1409 3243 cani
1432 3205 1607 3252 praecipit.
1634 3205 1680 3240 In
1698 3215 1812 3240 mense
1831 3210 1947 3239 autem
1964 3204 2123 3248 septimo,
2145 3201 2281 3238 decima
2301 3195 2306 3208 ²

1220 3267 1347 3303 mensis
1387 3266 1645 3314 propitiationis
1684 3271 1834 3310 tempore
1877 3263 2014 3307 clanqes
2059 3260 2203 3296 buccina
2241 3261 2279 3296 in

1218 3327 1380 3362 universa
1399 3333 1494 3361 terra
1513 3330 1638 3366 vestra,
1658 3328 1758 3359 recte
1777 3320 1950 3367 praecipit,
1970 3329 2036 3364 per
2055 3319 2279 3365 propitiatio-

1217 3397 1301 3423 nem
1327 3384 1578 3426 manifestans,
1601 3382 1685 3429 quia
1708 3385 1856 3427 propter
1869 3379 2068 3415 bonitatem
2087 3388 2173 3426 erga
2193 3389 2275 3425 nos,

1216 3451 1253 3482 et
1270 3444 1500 3482 clementiam
1520 3452 1606 3488 erga
1620 3449 1726 3476 omne
1746 3449 1860 3486 genus
1881 3438 2092 3483 humanum,
2114 3449 2277 3478 commu-

1215 3505 1273 3540 nis
1292 3501 1570 3539 resurrectionis
1593 3500 1780 3544 dispensat
1802 3498 2017 3545 mysterium
2031 3525 2041 3542 ,
2065 3499 2274 3537 misericor-

1216 3563 1312 3599 diam
1336 3559 1546 3606 impendens
1570 3557 1706 3599 Adam,
1741 3557 1803 3604 qui
1829 3567 1895 3604 per
1924 3558 2205 3596 inobedientiam
2234 3560 2274 3597 in

1215 3628 1348 3658 terram
1366 3619 1499 3656 reverti
1514 3618 1637 3663 jussus
1655 3622 1724 3655 est.
1743 3617 1782 3654 Si
1797 3618 1895 3655 enim
1909 3628 1981 3655 non
1999 3619 2171 3657 misertus
2188 3630 2274 3668 pro-

1214 3683 1408 3730 pitiatusve
1434 3679 1584 3724 fuisset,
1610 3689 1683 3716 non
1710 3689 1794 3716 eum
1820 3690 1842 3716 a
1868 3681 2102 3727 corruptione
2126 3687 2273 3720 terrena

1214 3744 1417 3780 liberasset.
1443 3741 1542 3778 Dixit
1565 3745 1685 3778 autem
1695 3768 1712 3790 ,ι
1727 3751 1871 3777 omnem.
1885 3747 2036 3787 terram,
2058 3742 2142 3789 quia
2163 3743 2272 3781 totius

1215 3806 1286 3843 erit
1303 3805 1453 3843 humani
1469 3804 1613 3854 generis
1643 3804 1880 3851 resurr-entim
1901 3813 1966 3852 per
1990 3805 2183 3853 septimum
2204 3815 2271 3844 au-
