2540 4016
312 212 354 248 5¹
762 203 802 239 B.
830 198 1001 238 RABANI
1023 198 1173 236 naum
1197 193 1415 237 ancum.
1442 197 1649 237 MOGUNT.
1671 197 1866 238 OPERUM
1890 197 2010 236 PARS
2037 197 2063 234 1.
2438 193 2486 230 52

306 295 351 322 ea:
363 294 408 322 os
421 284 571 321 crudum
584 281 695 330 quid?
709 279 770 316 ubi
787 282 824 315 et
843 276 1003 320 additae,
1030 285 1142 322 neque
1164 279 1300 311 coctum
1325 274 1364 312 in
1379 275 1416 316 A
1431 275 1524 311 riam
1541 274 1745 322 praevaluit,
1766 274 1811 312 de
1830 273 1891 311 illo
1903 282 1992 311 voce
2010 270 2195 308 Dominica
2215 267 2367 305 dicitur:
2381 265 2488 304 Pote-

306 357 414 394 aqua.
428 346 504 384 sed
518 344 605 392 quid
620 351 714 389 aqua
730 339 801 378 nisi
826 339 1023 376 humanam
1052 337 1239 374 seientiam
1266 337 1362 375 desl-
1431 342 1504 373 stas
1523 337 1599 384 ejtaes
1619 337 1657 372 in
1672 335 1801 372 tumbis
1819 335 1895 382 ejus
1913 333 2018 383 (1017.
2040 329 2215 378 xxxviii).
2234 328 2302 373 Qui
2321 337 2407 376 ergo
2421 337 2488 375 pa·
2521 330 2540 364 ⁰.'

303 407 419 457 grui?
437 407 546 445 Juxta
564 406 634 442 boe
650 402 746 451 quod
758 411 823 449 per
839 399 1070 438 Salomonem
1087 398 1154 436 sub
1171 399 1370 454 ἱκετεύσω,
1430 400 1518 436 scba
1537 399 1708 443 comedit,
1727 398 1863 436 habere
1879 405 1985 434 renes
2010 394 2195 432 accinctos
2212 392 2334 435 debet,
2358 394 2400 427 ut
2424 388 2490 438 qui

303 480 387 507 rum
401 477 491 506 voce
506 467 659 505 dicitur:
678 465 788 512 Aquae
801 463 940 510 [urtivoe
954 460 1127 498 dulciores
1138 466 1221 498 sunt
1234 459 1357 508 (Prov-

304 529 372 578 ιιι).
394 528 489 574 Quid
505 526 626 565 crudae
646 524 730 572 agni
748 533 891 568 carnee,
909 522 981 559 uisi
997 521 1303 558 inconsideratam
1316 528 1360 555 ac

304 592 382 630 sine
396 589 598 627 reverentia
612 586 840 636 cogitationis
860 585 1030 632 rejectam
1049 583 1145 620 illius
1157 581 1360 620 humanita-

305 658 378 690 tem
397 650 624 700 significant?
641 648 757 686 Omne
786 647 883 683 enim
908 645 1004 694 quod
1021 644 1200 682 subtiliter
1224 642 1360 688 cogita-

302 725 397 758 mus,
420 714 489 750 boc
505 717 625 749 mente
643 710 845 757 coquimus.
872 708 944 745 Sed
962 707 1044 754 agni
1064 717 1149 743 earo
1166 715 1234 741 nec
1249 702 1367 757 cruda&

304 776 443 814 edenda
465 778 532 816 est,
556 782 622 809 nec
639 781 731 818 aqua
748 775 867 812 cocta,
884 768 968 815 quia
989 767 1208 811 Redemptor
1221 769 1357 806 noster,

304 848 371 874 nec
387 845 499 884 purus
512 835 619 871 bomo
631 831 864 870 aestimandus
878 834 948 873 est,
958 837 1074 874 neque
1087 837 1152 872 per
1165 827 1359 862 humanam

304 898 517 946 sapientiam
535 895 689 941 qualiter
707 891 887 930 incarnari
912 892 1007 927 Deus
1036 887 1172 935 potuit,
1198 886 1360 933 cogitan-

303 960 382 996 dus.
402 959 526 996 Omnis
543 958 639 994 enim
659 956 721 1002 qui
746 954 1024 999 Redemptorem
1044 953 1209 984 nostrum
1230 954 1358 993 purum

303 1020 486 1057 hominem
505 1018 632 1061 credit,
661 1017 747 1062 quid
775 1015 843 1050 iste
871 1012 968 1048 aliud
994 1021 1102 1056 quam
1127 1007 1210 1055 agui
1233 1015 1361 1043 carnes

301 1080 433 1117 crudas
449 1077 619 1119 comedit,
629 1086 718 1122 quas
730 1074 896 1110 videlicet
913 1080 1068 1116 coquere
1082 1079 1147 1115 per
1161 1066 1360 1104 divinitatis

302 1139 380 1186 ejus
398 1137 670 1184 intelligentiam
689 1134 831 1171 noluit?
853 1132 978 1169 Omnis
996 1140 1084 1167 vero
1101 1126 1359 1164 incarnationis

1430 459 1697 496 solemnitatem
1736 456 2015 495 resurrectionis
2056 459 2164 500 atque
2206 447 2488 498 incorruptionis
2522 439 2531 451 ‘¹

1430 521 1517 567 agit,
1539 519 1764 567 corruptioni
1776 518 1851 564 jam
1869 527 1935 566 per
1953 516 2041 553 vitia
2058 515 2146 553 nulli
2166 512 2372 559 subjaceat,
2390 509 2490 548 volu-

1427 585 1546 626 ptates
1566 580 1722 623 edomet,
1744 588 1890 615 carnem
1913 587 1935 613 a
1960 574 2104 612 luxuria
2133 574 2343 620 restringat.
2363 570 2489 618 Neque

1429 641 1527 678 enim
1542 639 1708 686 cognovit
1724 648 1804 684 quae
1821 637 1870 673 sit
1889 635 2098 673 solemnitas
2115 631 2410 679 incorruptionis,
2426 629 2488 676 qui

1430 706 1548 742 adhuc
1563 714 1629 750 per
1644 700 1942 738 incontinentiam
1955 698 2197 745 corruptionis
2213 696 2386 743 subjacet.
2404 693 2489 730 Haec

1430 764 1645 813 quibusdam
1665 763 1754 798 dura
1773 766 1871 804 sunt,
1886 758 1949 796 sed
1962 763 2110 804 anqusta
2123 764 2223 804 porta
2238 762 2288 792 est
2301 766 2379 803 quoe
2393 753 2490 789 ducit

1430 826 1476 862 ad
1497 826 1617 868 vitam,
1633 829 1670 860 et
1686 823 1862 858 babemus
1874 821 1948 867 jam
1974 829 2046 854 non
2062 817 2175 853 multa
2193 816 2357 862 exempla
2375 813 2491 851 conti-

1429 886 1591 923 nentium
1613 897 1621 921 :
1650 883 1896 920 Calceamcnta
1933 880 2101 916 habebitis
2145 879 2182 914 in
2210 878 2368 924 pedibus.
2395 875 2491 921 Quid

1430 952 1514 985 sunt
1528 946 1662 983 etenim
1681 945 1790 991 pedes
1811 942 1925 979 nostri
1950 941 2019 977 nisi
2043 940 2176 986 opera?
2196 939 2288 982 Quid
2313 947 2400 974 vero
2419 936 2492 973 cal-

1430 1011 1618 1043 ceamenta
1640 1004 1709 1040 nisi
1727 1003 1839 1049 pelles
1858 1007 2083 1038 mortuorum
2100 998 2335 1035 animalium?
2349 997 2493 1034 Calcea-

1430 1073 1553 1104 menta
1574 1070 1696 1102 autem
1712 1064 1821 1111 pedes
1838 1062 2017 1099 muniunt.
2035 1060 2122 1105 Quae
2139 1069 2225 1096 vero
2245 1064 2330 1094 sunt
2347 1063 2492 1094 mortua

1431 1127 1603 1179 animalia
1617 1136 1662 1162 ex
1678 1134 1831 1171 quorum
1848 1123 2000 1169 pellibus
2014 1120 2128 1157 nostri
2146 1119 2354 1156 muniantur
2367 1118 2490 1164 pedes,

304 1203 384 1250 ejus
407 1202 578 1251 mysteria
598 1202 702 1248 juxta
730 1199 924 1234 humanam
943 1194 1158 1242 sapientiam
1185 1192 1363 1229 discutere
1382 1185 1414 1226 B
1433 1189 1503 1226 nisi
1524 1188 1663 1234 antiqui
1680 1187 1807 1222 Patres
1823 1185 1886 1231 qui
1900 1194 1965 1220 nos
1985 1183 2029 1219 ad
2044 1187 2214 1219 aeternam
2229 1179 2383 1226 patriam
2399 1189 2493 1225 prae-

303 1269 469 1307 conatur,
490 1270 617 1300 carnes
641 1260 723 1307 agni
751 1269 843 1304 aqua
860 1257 935 1293 vult
958 1264 1136 1302 coquere,
1164 1254 1198 1289 id
1216 1257 1272 1288 est
1287 1251 1361 1288 dis-

303 1327 525 1375 pensationis
540 1325 765 1373 mysterium,
776 1332 841 1369 per
853 1320 1065 1358 dissolutam
1081 1317 1158 1366 vult
1171 1315 1359 1352 scientiam

305 1394 509 1436 penetrare.
531 1387 599 1432 Qui
624 1388 731 1433 igitur
756 1383 937 1431 paschalis
956 1381 1076 1428 gaudii
1095 1378 1359 1417 solemnitatem

303 1450 489 1486 celebrare
503 1449 696 1491 desiderat,
709 1457 840 1493 agnum
856 1455 972 1490 neque
982 1453 1075 1489 aqua
1090 1444 1235 1486 coquat,
1244 1447 1361 1485 neque

300 1510 456 1547 crudum
470 1509 655 1552 comedat;
673 1513 713 1544 ut
730 1515 846 1553 neque
859 1516 924 1552 per
936 1505 1130 1540 humanam
1148 1499 1361 1546 sapientiam

306 1569 587 1617 profunditatem
602 1567 864 1604 incarnationis
878 1565 975 1601 illius
992 1567 1185 1610 penetrare
1204 1564 1359 1606 appetat,

307 1639 424 1675 neque
443 1628 480 1664 in
495 1638 576 1664 eum
592 1633 763 1673 tanquam
783 1627 820 1662 in
846 1625 1028 1662 hominem
1057 1631 1186 1669 purum
1212 1619 1361 1661 credat;

308 1690 371 1727 sed
387 1694 524 1726 assatas
543 1688 616 1735 igni
633 1697 762 1724 carnes
780 1685 959 1728 comedat,
975 1690 1015 1720 ut
1028 1681 1227 1728 dispensari
1241 1678 1363 1715 omnia

304 1761 372 1798 per
395 1751 510 1788 sancti
532 1749 686 1796 Spiritus
706 1748 902 1796 potentiam
932 1747 1037 1783 sciat.
1066 1746 1118 1782 De
1147 1752 1218 1789 quo
1245 1740 1364 1776 adhuc

306 1816 407 1848 recte
435 1810 686 1857 subjungitur:
715 1809 930 1855 capuceum
955 1805 1098 1853 pedibus
1126 1808 1159 1838 et
1190 1799 1363 1836 intestinis

306 1872 484 1909 vorabitis.
496 1871 616 1916 Quare
631 1870 850 1915 Redemptor
865 1872 987 1903 noster
1001 1869 1056 1899 est
1066 1878 1088 1899 α
1098 1867 1134 1897 ει
1150 1877 1175 1896 ω
1187 1860 1308 1906 (Apoc.
1321 1857 1362 1903 ι).

309 1933 407 1970 Deus
421 1932 591 1970 videlicet
613 1936 698 1967 ante
717 1928 847 1966 saecula
859 1953 869 1970 ‚
887 1931 925 1962 et
942 1925 1050 1960 homo
1068 1922 1106 1958 in
1125 1921 1197 1956 fine
1216 1917 1365 1956 saeculo·

309 2004 406 2030 rum.
427 1993 543 2038 Caput
566 1999 652 2038 ergo
669 1989 751 2036 agni
770 1996 919 2029 vorare,
940 1989 996 2021 est
1022 1982 1248 2019 divinitatem
1270 1979 1365 2014 illius

306 2054 380 2091 lide
399 2052 599 2100 percipere.
617 2050 731 2087 Pedes
753 2057 840 2084 vero
865 2045 947 2094 agni
972 2053 1120 2087 vorare,
1140 2047 1194 2078 est
1212 2040 1363 2086 vestigia

309 2111 546 2150 humanitatis
579 2108 658 2155 ejus
690 2107 844 2146 amando
871 2111 908 2143 et
940 2104 1114 2141 imitando
1142 2101 1363 2149 perquirere.
1385 2082 1416 2126 C

312 2173 406 2219 Quid
421 2183 508 2211 vero
521 2177 606 2210 sunt
622 2171 809 2214 intestina,
820 2170 891 2206 nisi
905 2168 1099 2206 verborum
1114 2165 1209 2202 illius
1224 2163 1367 2201 occulta

312 2241 349 2272 et
366 2234 520 2283 mystica
539 2232 733 2270 mandata?
755 2231 842 2276 Quae
861 2236 946 2266 tunc
961 2236 1145 2270 voramus,
1161 2234 1243 2261 cum
1257 2223 1367 2260 verba

310 2297 395 2334 vitae
419 2307 502 2334 cum
530 2295 700 2332 aviditate
730 2294 921 2331 sumimus.
951 2290 990 2327 ln
1023 2298 1094 2335 quo
1123 2284 1368 2324 devorationis

313 2359 440 2403 verbo,
454 2357 540 2405 quid
557 2357 654 2394 aliud
666 2366 775 2404 quam
790 2360 924 2392 nostrae
938 2352 1092 2400 pigritiae
1106 2356 1232 2396 torpor
1249 2357 1369 2394 repre-

313 2418 497 2463 henditur,
517 2418 580 2464 qui
595 2417 673 2463 ejus
690 2417 802 2454 verba
820 2421 929 2462 atque
951 2412 1138 2461 mysteria,
1154 2417 1191 2448 et
1204 2420 1270 2456 per
1286 2419 1370 2445 nos·

312 2479 485 2527 metipsos
499 2489 575 2516 non
590 2479 809 2525 requirimus
821 2505 832 2522 ,
859 2483 897 2514 et
915 2477 1012 2513 dicta
1039 2475 1084 2511 ab
1103 2473 1183 2509 aliis
1202 2471 1370 2508 audimus

311 2539 445 2577 inviti?
469 2537 552 2575 Non
571 2538 760 2575 remanebit
779 2548 822 2574 ex
838 2547 880 2573 eo
904 2535 1096 2584 quidquam
1114 2543 1223 2580 usque
1242 2541 1344 2567 mane
1356 2556 1367 2575 ,

314 2600 399 2647 quia
416 2599 493 2645 ejus
511 2599 610 2636 dicta
622 2609 754 2646 magna
772 2602 857 2635 sunt
870 2595 1110 2634 sollicitudine
1127 2591 1367 2636 discutienda,

313 2666 494 2707 quatenus
515 2658 728 2707 priusquam
746 2658 824 2694 dies
842 2655 1116 2694 resurrectionis
1133 2657 1314 2700 appareat,
1331 2652 1370 2687 in

315 2722 388 2762 hac
407 2720 596 2768 praesentis
617 2720 700 2756 vitae
715 2717 907 2756 vocatione
935 2717 1057 2754 omnia
1082 2716 1251 2751 mandata
1274 2713 1371 2750 iuius

315 2779 549 2828 intelligendo
562 2785 600 2817 et
615 2778 797 2825 operando
811 2781 1060 2824 penetrentur.
1077 2773 1150 2810 Sed
1166 2774 1250 2819 quia
1266 2773 1372 2809 valde

315 2845 375 2885 est
391 2841 534 2880 difficile
552 2846 593 2878 ut
609 2850 718 2879 omne
745 2840 830 2886 agni
859 2837 1042 2884 eloquium
1065 2835 1181 2881 possit
1205 2834 1371 2879 intelligi,

316 2911 356 2946 et
366 2913 473 2940 omne
485 2902 565 2950 ejus
576 2901 789 2949 mysterium
802 2898 998 2946 penetrari,
1012 2901 1110 2933 recte
1124 2893 1370 2940 subjungitur:

317 2961 358 3005 si
373 2962 457 3010 quid
471 2967 589 3000 autem
602 2965 826 3001 remanserit.
850 2958 923 3005 igni
947 2956 1170 2993 comburetis.
1200 2954 1302 2999 Quod
1326 2963 1371 2989 ex
1387 2986 1425 3027 D

318 3031 412 3070 agno
427 3026 592 3060 remanet
606 3021 682 3069 igni
700 3019 960 3061 comburimus,
975 3016 1118 3064 qnando
1134 3016 1204 3052 hoc
1219 3014 1314 3060 quod
1326 3013 1372 3050 de

318 3082 494 3131 mysterio
516 3081 778 3121 incarnationis
805 3079 885 3126 ejus
910 3077 1111 3124 intelligere
1130 3081 1166 3112 et
1183 3080 1373 3123 penetrare

318 3153 393 3181 non
415 3152 629 3197 possumus,
657 3139 829 3189 potestati
857 3138 1016 3186 Spiritus
1046 3135 1161 3174 sancti
1190 3133 1376 3172 humiliter

320 3213 562 3249 reservamus,
578 3207 705 3243 utnon
720 3201 875 3248 superbe
890 3199 974 3245 quis
994 3197 1127 3236 audeat
1142 3194 1200 3233 vel
1218 3199 1377 3232 oontem-

320 3274 408 3307 uere
420 3291 432 3310 ,
462 3264 522 3308 vel
549 3263 762 3306 denuntiare
786 3261 883 3309 quod
903 3269 977 3298 nou
1000 3256 1191 3304 intelligit;
1222 3251 1287 3293 sed
1307 3253 1377 3291 boc

322 3327 396 3375 igni
412 3326 538 3372 tradit.
551 3335 635 3370 ωιιι
647 3323 800 3373 Spiritui
815 3326 942 3362 sancto
957 3323 1134 3359 reservat.

370 3386 463 3434 Quia
488 3386 600 3437 icitur
624 3385 780 3435 qualiter
794 3383 973 3425 edendum
991 3381 1040 3419 sit
1055 3379 1193 3428 paseha
1205 3376 1378 3426 cognovi·

324 3457 428 3502 mus,
446 3457 551 3499 aune
572 3446 732 3498 amum
745 3444 807 3485 adi
821 3443 964 3488 mm.
979 3448 1232 3491 tanmem·-
1248 3435 1378 3483 sequi-

324 3514 408 3554 tui
433 3507 624 3561 &tim
636 3507 826 3554 medati·
841 3506 967 3548 illesum·
979 3514 1085 3544 mes
1100 3507 1232 3541 vestros
1254 3498 1375 3537 ιιοαὶιι·

324 3570 744 3631 mfflissfflbus
754 3570 827 3611 nisi
838 3565 1168 3610 memorastis
1180 3558 1379 3610 nocivi-rt

326 3632 489 3688 Q*
504 3631 882 3680 Pmoun&
897 3630 1046 3674 dmi
1063 3625 1381 3667 nimum-m

310 3691 565 3756 ,lla-hm)
592 3691 984 3740 sent-vomam
999 3686 1161 3728 uuani-
1177 3681 1385 3726 inmun

329 3754 596 3803 utem-rot-
604 3764 673 3808 eas
683 3750 1081 3800 usi-'ut-smu.
1095 3745 1385 3795 manee*

1430 1254 1634 1292 cesserunt,
1655 1257 1807 1293 quorum
1827 1246 1912 1281 dum
1927 1243 2089 1290 exempla
2104 1241 2359 1287 conspicimus,
2375 1237 2493 1275 nostri

1430 1314 1551 1361 operis
1571 1313 1680 1359 pedes
1698 1308 1903 1347 munimus?
1918 1307 2169 1344 Calceamenta
2188 1313 2273 1350 ergo
2291 1303 2326 1339 in
2341 1301 2494 1349 pedibus

1428 1375 1564 1412 habere
1592 1377 1647 1409 est
1672 1375 1897 1407 mortuorum
1918 1367 2030 1403 vitam
2051 1364 2280 1410 conspicere,
2308 1368 2344 1398 et
2370 1366 2493 1397 nostra

1430 1435 1584 1481 vestigia
1605 1444 1623 1469 a
1638 1431 1777 1479 peccati
1795 1429 1944 1465 vulnere
1957 1425 2153 1463 custodire.
2171 1424 2337 1458 Tenentes
2354 1420 2494 1456 baculos

1431 1496 1470 1532 in
1489 1495 1664 1531 manibus.
1694 1492 1787 1536 Quid
1813 1491 1871 1527 lex
1899 1499 1965 1536 per
1988 1486 2167 1528 baculum,
2188 1484 2258 1520 nisi
2277 1481 2495 1529 pastoralem

1433 1556 1637 1595 custodiam
1657 1552 1848 1600 designat?
1873 1550 1918 1586 Et
1937 1549 2135 1586 notandum
2154 1546 2249 1592 quod
2275 1545 2377 1591 prius
2400 1551 2495 1588 prae·

1432 1618 1588 1663 cipimur
1602 1624 1709 1651 renes
1728 1613 1930 1658 accingere,
1942 1608 2171 1656 postmodum
2186 1605 2334 1642 baculos
2349 1610 2494 1641 tenere:

1433 1678 1517 1724 quia
1540 1676 1591 1712 illi
1611 1675 1744 1712 dehent
1762 1682 1887 1709 curam
1903 1669 2122 1716 pastoralem
2143 1666 2327 1713 suscipere
2344 1665 2406 1711 qui
2420 1662 2497 1709 jam

1434 1740 1470 1775 in
1487 1748 1553 1774 suo
1574 1744 1725 1780 corpore
1743 1732 1862 1768 sciunt
1878 1729 1972 1764 fluxa
1992 1727 2143 1762 luxuriae
2163 1726 2310 1762 domare
2323 1751 2333 1767 ,
2354 1728 2394 1759 ut
2412 1731 2496 1759 cum

1435 1799 1515 1834 aliis
1535 1796 1643 1833 fortia
1662 1792 1873 1840 praedicant,
1897 1788 1966 1835 ipsi
1990 1786 2179 1823 desideriis
2198 1785 2367 1820 mollibus
2393 1792 2498 1819 ener-

1434 1858 1530 1893 viter
1546 1866 1617 1890 non
1633 1852 1884 1889 succumbant.
1899 1847 1995 1884 Bene
2008 1851 2130 1883 autem
2144 1844 2310 1881 subditur
2325 1855 2334 1878 ε
2348 1842 2379 1878 E
2382 1847 2393 1877 t
2404 1852 2498 1878 com-

1434 1917 1542 1953 edetis
1574 1916 1790 1962 festinantes.
1816 1908 2022 1946 Notandum
2052 1917 2140 1944 vero
2166 1905 2261 1951 quod
2291 1903 2425 1940 dicitur
2447 1900 2498 1947 s&

1434 1980 1618 2021 stinames,
1634 1985 1700 2013 nos
1721 1975 1915 2010 admonere
1932 1980 2003 2016 quo
2026 1968 2197 2005 mandata
2216 1965 2297 2010 Dei,
2325 1963 2498 2012 mysteria

1438 2036 1703 2084 Redemptoris,
1721 2034 1877 2073 coelestis
1892 2030 2012 2067 Patris
2028 2027 2158 2075 gaudia
2173 2036 2255 2063 cum
2268 2023 2498 2062 festinatione

1437 2108 1713 2148 cognoscamus,
1732 2101 1768 2132 et
1779 2097 1962 2141 praecepta
1980 2090 2065 2126 vitae
2083 2099 2166 2125 cum
2182 2085 2413 2123 festinatione
2431 2083 2499 2122 im-

1435 2163 1535 2211 plcrc
1560 2169 1741 2198 curemus.
1769 2155 1862 2200 Quia
1889 2153 1986 2190 enim
2016 2151 2133 2186 adhuc
2162 2147 2269 2184 hodie
2299 2146 2382 2182 lieet
2406 2145 2499 2181 bene

1437 2233 1545 2271 agere
1566 2221 1715 2263 scimus,
1739 2222 1863 2253 utrum
1891 2222 1973 2251 cras
1996 2211 2116 2253 liceat,
2142 2209 2363 2255 ignoramus.
2381 2203 2501 2243 Festi-

1436 2290 1564 2321 nantes
1579 2290 1664 2328 ergo
1680 2278 1815 2326 pascha
1835 2274 2079 2315 comedamus,
2103 2270 2140 2307 id
2158 2275 2215 2306 est
2234 2266 2499 2304 solemnitatem

1435 2344 1563 2391 patriae
1589 2339 1750 2378 coelcstis
1770 2335 1994 2373 anhelemus.
2015 2331 2129 2367 Nemo
2157 2329 2194 2364 in
2215 2327 2322 2372 hujus
2339 2326 2422 2362 vitae
2439 2324 2497 2360 iti-

1437 2416 1524 2443 nere
1543 2407 1700 2450 torpeat,
1714 2410 1760 2436 ne
1774 2400 1809 2435 in
1826 2398 1943 2444 patria
1958 2395 2077 2431 locum
2091 2391 2234 2438 perdat.
2251 2388 2390 2424 Pascha
2402 2386 2500 2423 enim

1437 2472 1601 2504 nostrum
1620 2463 1787 2500 Christus
1813 2465 1881 2502 est,
1900 2456 2013 2493 Paulo
2032 2457 2226 2490 attestante
2244 2450 2305 2496 qui
2324 2449 2375 2484 ait
2403 2460 2412 2483 ι
2434 2446 2501 2483 Et-

1436 2530 1530 2566 enim
1544 2526 1674 2574 pascha
1688 2528 1846 2560 nostrum
1855 2517 2056 2556 immolatus
2067 2521 2117 2551 est
2133 2512 2292 2549 Christus
2302 2509 2337 2557 (Ι
2351 2508 2433 2544 Gor.
2445 2506 2498 2554 v).

1436 2588 1552 2625 Porro
1573 2584 1668 2632 quod
1688 2582 1851 2628 sequitur
1865 2606 1875 2623 ,
1905 2578 1943 2613 in
1972 2575 2040 2611 diis
2073 2582 2194 2609 eorum
2213 2570 2293 2616 fecit
2307 2566 2499 2614 judicium,

1437 2649 1524 2687 illud
1539 2645 1681 2684 Hebraei
1702 2645 1891 2680 autumant
1909 2637 2006 2685 quod
2031 2639 2137 2672 nocte
2157 2641 2229 2679 qua
2251 2637 2418 2676 egressus
2440 2629 2499 2664 est

1437 2710 1612 2760 populus,
1639 2705 1760 2742 omnia
1787 2704 1824 2738 in
1853 2700 2011 2745 AEgypto
2030 2694 2162 2739 templa
2179 2693 2362 2728 destructa
2391 2691 2499 2732 sunt,

1439 2772 1516 2808 sive
1546 2771 1647 2804 motu
1670 2769 1791 2803 terrae,
1815 2760 1892 2795 sive
1910 2762 2009 2792 tactu
2029 2751 2235 2790 himinum.
2255 2746 2502 2794 Spiritualiter

1440 2835 1562 2866 autem
1579 2825 1734 2862 dicimus
1750 2819 1846 2867 quod
1870 2813 2139 2865 egredientibus
2160 2821 2205 2847 ex
2223 2809 2383 2857 AEgypto
2400 2817 2502 2844 erro-

1439 2900 1521 2926 rum
1550 2885 1644 2923 idola
1669 2886 1853 2924 corruant,
1874 2883 1911 2914 et
1935 2876 2054 2913 omnis
2082 2881 2336 2921 perversorum
2352 2870 2502 2917 dogma-

1439 2954 1517 2986 tum
1537 2947 1678 2984 cultura
1694 2942 1890 2990 quatiatur.
1919 2938 1997 2974 En't
2027 2940 2143 2972 autem
2171 2931 2315 2978 sanquis
2339 2928 2439 2968 uobis
2459 2927 2502 2966 in

1440 3011 1580 3058 sianum
1603 3008 1641 3043 in
1668 3004 1800 3041 oedibus
1819 3003 1856 3037 in
1873 2998 1996 3047 quibus
2016 2996 2126 3033 eritis.
2155 2993 2202 3030 Ee
2219 2990 2339 3028 videbo
2353 2987 2497 3035 sanqui-

1441 3083 1519 3110 nem
1538 3081 1580 3106 ac
1601 3066 1756 3105 transibo
1784 3074 1859 3106 vos,
1879 3071 1940 3097 nec
1967 3059 2032 3095 erit
2060 3058 2100 3093 in
2128 3054 2225 3092 vobis
2242 3051 2350 3100 playa
2367 3050 2499 3096 disper·

1441 3134 1527 3170 dens
1545 3158 1555 3176 ,
1588 3127 1729 3178 quando
1753 3116 1957 3173 percussero
1987 3126 2119 3156 terram
2150 3113 2312 3162 AEqypti.
2335 3107 2502 3156 Sanguis

1443 3193 1579 3233 Christi
1609 3192 1646 3227 in
1673 3189 1815 3234 signum
1834 3189 1890 3221 est
1908 3179 2140 3219 credentibus
2155 3185 2201 3213 ne
2219 3176 2349 3212 noceat
2362 3170 2419 3208 eis
2433 3179 2500 3207 ex-

1444 3254 1672 3294 terminator,
1700 3249 1784 3296 quia
1810 3244 1969 3283 maxima
1993 3239 2106 3278 tutela
2136 3241 2263 3274 eontra
2293 3234 2417 3271 hostes
2444 3234 2516 3267 est.

1445 3313 1663 3355 Christianis
1685 3307 1858 3347 memoria
1885 3301 2068 3352 passionis
2083 3295 2234 3337 Christi.
2257 3292 2361 3338 Quod
2379 3293 2502 3329 autam

1445 3377 1543 3415 idem
1571 3372 1739 3420 sanguis,
1758 3369 1874 3406 tincto
1892 3361 2066 3403 fasciculo
2085 3354 2261 3406 hyssopi,
2290 3349 2435 3398 aspergi
2461 3347 2501 3386 in

1445 3433 1732 3484 superliminare,
1741 3434 1780 3466 et
1794 3429 1833 3465 in
1849 3430 2047 3471 utrumque
2060 3423 2201 3468 postem
2215 3414 2376 3464 iubetur.
2389 3407 2525 3457 sicubi

1446 3498 1552 3541 fleat,
1582 3495 1679 3542 quod
1707 3489 1904 3529 secundum
1934 3483 2044 3523 fldem
2072 3476 2291 3519 eamn
2414 3527 2446 3534 „⁷
2503 3513 2508 3520 ,

1446 3557 1583 3597 Christi
1605 3556 1872 3592 ammentum
1888 3543 2077 3586 celebr-ub
2296 3436 2540 3647 ᾖ

1444 3619 1542 3656 enim
1559 3615 1674 3654 herba
1690 3618 1748 3650 est
1762 3608 1911 3648 huuiilis
1931 3592 2136 3644 mcii-oz
2469 3631 2474 3634 .

1444 3679 1485 3717 et
1497 3673 1696 3725 ”modio
1710 3668 1942 3719 put-onibus
1959 3667 2073 3714 qm<
2091 3658 2213 3701 fid
2237 3650 2330 3697 ω
2346 3644 2528 3713 m„

1445 3747 1556 3790 quam
1569 3737 1608 3774 lu
1622 3731 1821 3780 &agelio
1837 3728 1984 3789 (lgent.
1999 3714 2373 3772 *rufium
2497 3716 2501 3718 ’

1447 3797 1582 3860 ὠμὴ
1596 3796 1798 3842 numu
1810 3782 2154 3831 mm

2458 3837 2467 3843 ¹
2499 3818 2525 3835 Q

2501 3871 2540 4016 fl
