2540 4016
300 211 369 248 687

294 348 452 386 videbat.
472 346 518 383 Et
533 346 614 382 illos
632 346 778 392 quidem
797 351 884 382 tunc
902 347 1019 392 imago
1037 344 1265 391 praefigurata
1283 344 1354 381 sal-

293 411 411 455 vavit;
444 409 488 445 ad
515 417 582 444 nos
607 412 729 443 autem
756 407 884 443 salutis
907 407 1043 443 veritas
1073 407 1150 452 ipsa
1175 407 1351 452 pervenit.

293 471 420 518 Neque
450 470 547 506 enim
573 467 784 503 indumenta
809 466 992 514 pontificis
1018 477 1178 513 purpura
1204 477 1245 503 ac
1273 467 1355 502 lana

293 536 472 581 byssoque
503 535 674 568 contexta
698 530 901 566 erubuisset
921 529 1067 576 angelus
1096 529 1155 566 ille
1173 534 1352 572 vastator;

294 595 357 632 sed
385 595 454 630 iste
473 602 552 639 quae
571 591 693 628 futura
721 596 825 627 erant
850 590 1062 626 indumenta
1088 590 1208 636 magni
1236 589 1355 636 ponti-

293 657 372 692 ficis
393 654 593 697 intellexit,
613 659 649 689 et
667 653 726 689 his
752 652 863 689 cessit
880 652 1012 697 quibus
1037 651 1161 697 utique
1186 651 1355 686 universa

294 725 461 757 creatura
484 718 634 754 inferior
650 723 741 753 erat.
763 715 855 752 Puto
872 720 1006 758 autem,
1026 714 1122 760 quod
1145 723 1217 749 non
1239 712 1356 748 solum

293 783 411 829 primo
442 781 599 816 adventu
627 777 771 815 Domini
802 783 839 813 et
868 776 1066 812 Salvatoris
1096 775 1212 811 nostri
1241 773 1356 810 forma

294 845 363 879 ista
381 841 556 888 completa
576 840 644 883 sit,
673 840 737 876 sed
760 838 887 874 eadem
906 837 1072 874 fortassis
1096 836 1298 872 servabitur
1322 839 1359 870 et

294 905 332 940 in
353 903 525 940 secundo.
549 901 678 938 Veniet
703 900 800 936 enim
820 899 917 934 filius
937 898 1117 940 hominis;
1140 902 1176 932 et
1196 907 1276 932 cum
1297 905 1358 931 ve-

293 966 390 1001 nerit
419 965 549 1000 iterum
563 990 573 1007 ,
602 963 682 998 sine
700 962 809 998 dubio
830 960 989 996 inveniet
1018 959 1192 1005 quosdam
1211 958 1358 1004 quidem

294 1031 469 1067 mortuos,
493 1024 667 1070 quosdam
697 1028 818 1057 autem
837 1021 1013 1056 viventes.
1046 1018 1148 1062 Quod
1167 1027 1358 1063 possumus

294 1087 441 1132 quidem
467 1090 503 1120 et
533 1084 586 1120 sic
615 1082 843 1126 intelligere:
873 1080 957 1125 quia
987 1078 1147 1114 nonnulli
1175 1077 1291 1112 adhuc
1322 1076 1358 1110 in

293 1149 364 1184 hoc
381 1147 466 1182 vitae
498 1151 594 1182 statu
622 1154 693 1190 quo
721 1153 818 1179 nunc
848 1151 973 1177 sumus
1002 1140 1245 1182 inveniantur,
1274 1148 1357 1173 cum

295 1210 400 1246 multi
414 1208 492 1254 jam
510 1210 776 1253 praecesserunt
793 1198 939 1240 mortni.
962 1202 1084 1238 Potest
1101 1206 1220 1236 autem
1241 1205 1277 1235 et
1293 1199 1359 1234 ali-
1376 1190 1408 1229 B
1428 1193 1637 1229 convallium
1665 1191 1782 1238 (Cant.
1806 1190 1862 1237 ιι).
1894 1190 1964 1225 Alii
1994 1190 2133 1235 virgam
2160 1189 2277 1230 hanc,
2303 1195 2381 1232 quae
2410 1185 2489 1221 sine

294 1277 351 1307 ter
367 1268 497 1314 accipi,
513 1273 553 1302 ut
572 1272 734 1302 mortuos
753 1274 906 1310 corpora
923 1262 1179 1308 intelligamus,
1195 1261 1358 1295 viventes

295 1337 417 1368 autem
446 1329 598 1365 animas.
627 1325 781 1370 Quidam
805 1330 924 1360 autem
944 1334 990 1359 ex
1010 1323 1082 1365 his,
1102 1323 1165 1367 qui
1186 1322 1282 1357 hunc
1302 1321 1358 1356 lo-

294 1403 378 1428 cum
400 1395 485 1427 ante
515 1387 747 1434 interpretati
769 1390 866 1428 sunt,
898 1384 1045 1420 memini
1074 1384 1169 1427 quod
1197 1388 1359 1416 mortuos

293 1451 454 1488 dixerint
473 1459 535 1485 eos
554 1448 616 1492 qui
636 1446 822 1482 nimietate
849 1444 1027 1479 scelerum
1047 1442 1084 1476 in
1108 1441 1267 1486 peccatis
1286 1441 1361 1476 suis

293 1516 426 1553 mortui
467 1513 733 1559 intelliguntur,
770 1510 933 1545 viventes
970 1512 1091 1542 autem
1128 1515 1190 1540 eos
1225 1504 1286 1549 qui
1324 1504 1362 1539 in

294 1577 463 1624 operibus
490 1575 574 1610 vitae
601 1570 880 1619 permanserint.
905 1568 1164 1604 Verumtamen
1192 1563 1363 1599 utrolibet

296 1640 417 1680 modo,
439 1637 550 1673 stabit
569 1636 678 1670 etiam
698 1634 734 1668 in
752 1631 876 1668 futuro
893 1640 1044 1676 magnus
1067 1628 1127 1664 hic
1144 1626 1307 1673 pontifex
1327 1631 1363 1659 et

298 1700 466 1736 Salvator
485 1703 610 1733 noster
638 1695 778 1731 medius
804 1694 982 1728 vivorum.
1007 1690 1076 1726 Sed
1104 1695 1140 1725 et
1166 1694 1251 1724 tunc
1271 1687 1364 1723 forte

296 1760 439 1797 medius
464 1758 630 1794 vivorum
657 1762 692 1791 et
721 1760 947 1790 mortuorum
976 1758 1073 1788 stare
1099 1750 1274 1787 dicendus
1295 1754 1361 1790 est,

296 1833 380 1859 cum
399 1826 535 1858 statuet
558 1830 643 1856 oves
662 1818 808 1864 quidem
830 1827 851 1852 a
875 1816 1013 1852 dextris
1040 1815 1136 1856 suis,
1160 1813 1282 1849 haedos
1302 1823 1365 1847 au-

299 1888 371 1918 tem
392 1883 437 1917 ad
467 1880 646 1923 sinistros,
677 1884 714 1914 et
733 1879 827 1914 dicet
859 1877 916 1912 his
936 1876 997 1922 qui
1030 1886 1051 1910 a
1079 1874 1217 1910 dextris
1248 1878 1331 1909 sunt
1355 1884 1363 1907 t

304 1943 439 1985 Venite,
457 1941 626 1977 benedicti
646 1939 767 1975 Patris
787 1939 870 1981 mei,
888 1938 1052 1984 percipite
1068 1946 1211 1982 reqnum
1226 1934 1364 1976 mundi,

298 2011 369 2041 etc.
399 2001 544 2051 (Matth.
568 2000 666 2047 xxv).
699 2001 762 2035 His
789 2005 910 2034 autem
936 1997 998 2043 qui
1026 2007 1045 2032 a
1076 1996 1234 2032 sinistris
1260 2000 1365 2038 sunt,

300 2063 396 2098 dicet
423 2075 431 2096 z
460 2061 515 2096 Ite
542 2062 580 2095 in
606 2061 720 2106 iqnem
751 2064 940 2100 aeternum,
973 2056 1126 2102 operarii
1155 2055 1364 2101 iniquitatis,

723 200 962 243 BJRABANI
987 196 1373 244 MAumAncfflEP.
1398 202 1607 243 uocum.
1633 201 1827 242 orntum
1847 201 1969 242 PARS
1992 203 2021 239 1.

295 288 358 335 qui
374 284 516 322 medius
532 289 760 321 mortuorum
774 285 1012 330 vivorumque
1025 268 1252 326 constiterat,
1266 293 1356 329 prae-
1371 283 1409 325 A
1422 287 1506 330 ptor
1520 289 1658 327 noster,
1676 283 1739 330 qui
1755 283 1801 319 de
1822 281 1919 318 tribu
1936 279 2027 316 Juda
2042 287 2086 314 ac
2106 275 2194 313 Levi
2209 279 2311 313 ortus
2326 279 2401 322 est,
2419 277 2477 313 in-

2402 200 2471 239 688

1421 351 1603 381 tercessor
1618 354 1685 390 pro
1711 343 1815 379 nohis
1833 351 1914 378 esse
1932 343 2167 378 monstratur.
2189 337 2283 374 Ecce
2299 347 2334 373 et
2341 346 2387 384 go
2401 335 2478 382 jam

1421 405 1523 451 virga
1543 405 1664 441 Aaron
1690 408 1772 450 post
1788 402 1995 439 ariditatem
2019 400 2137 443 floret,
2164 398 2228 435 sed
2252 398 2363 445 virgae
2389 397 2480 434 duo-

1423 465 1539 502 decim
1556 465 1717 501 tribuum
1736 464 1772 499 in
1789 464 1958 500 ariditate
1975 466 2177 505 remanent,
2199 459 2378 507 quiajam
2399 458 2482 506 qui-

1424 525 1507 560 dem
1527 534 1656 570 corpus
1684 523 1828 559 Domini
1854 528 1938 568 post
1963 527 2120 559 mortem
2141 520 2252 564 vivit,
2271 519 2336 556 sed
2354 515 2487 555 nostra‘

1425 586 1541 621 adhuc
1559 594 1713 630 corpora
1730 576 1855 629 usque'
1867 583 1903 618 in
1922 582 2031 618 finem
2047 580 2173 617 mundi
2195 590 2218 615 a
2241 579 2480 616 resurrectio-

1423 645 1482 681 nis
1511 645 1625 691 gloria
1644 642 1875 680 differuntur.
1905 643 2030 688 Igitur,
2059 642 2152 678 sicut
2178 641 2348 684 diximus,
2379 639 2480 686 virga

1423 706 1546 741 Aaron
1558 733 1567 749 ‚
1590 715 1670 751 quae
1689 710 1772 750 post
1791 704 1991 740 siccitatem
2018 702 2154 747 floruit,
2173 713 2258 739 caro
2278 702 2482 738 insinuatur

1424 765 1572 808 Christi,
1599 775 1678 810 quae
1700 770 1892 811 postquam
1916 763 1964 799 de
1990 762 2091 800 Jesse
2110 763 2231 799 radice
2250 763 2390 799 succisa
2410 766 2479 805 est,

1423 827 1587 863 vivacius
1607 827 1823 862 mortificata
1842 824 2039 861 reviviscit.
2057 824 2180 869 Itaque
2195 825 2297 869 virga
2314 827 2395 869 post
2411 822 2483 857 ari-

1426 888 1577 924 ditatem
1594 887 1790 929 virescens,
1812 886 1978 922 Christus
1995 890 2050 921 est
2071 889 2153 930 post
2181 889 2335 919 mortem
2364 892 2484 918 resur*

1425 961 1525 997 gens.
1558 949 1675 995 Ipsam
1702 949 1797 985 enim
1822 948 1983 994 virgam,
2017 946 2135 992 ipsum
2161 942 2286 980 florem
2315 942 2485 988 intelligi-

1425 1022 1525 1055 mus,
1558 1017 1600 1047 ut
1627 1012 1665 1046 in
1693 1010 1795 1055 virga
1829 1009 2013 1055 regnantis
2046 1006 2228 1054 potentia,
2258 1011 2295 1042 et
2326 1005 2364 1041 in
2396 1003 2508 1040 ssore2

1426 1072 1655 1120 pulchritudo
1687 1069 1763 1115 ejus
1794 1075 2027 1106 monstretur.
2057 1068 2159 1104 Unde
2191 1071 2227 1101 et
2257 1067 2294 1102 in
2328 1064 2487 1102 Canticis

1428 1133 1651 1170 canticorum
1669 1132 1755 1168 dicit
1773 1131 1868 1167 idem
1887 1143 1894 1165 :
1915 1130 1990 1176 qu
2008 1140 2085 1165 sum
2104 1129 2169 1174 [los
2187 1127 2301 1173 campi
2324 1132 2355 1161 et
2373 1125 2487 1160 lilium
2511 1150 2513 1155 ⁴

1428 1256 1581 1291 humore
1609 1253 1734 1289 florem
1760 1252 1930 1298 protulit,
1965 1250 2114 1286 Mariam
2141 1248 2317 1294 virginem
2345 1251 2487 1293 putant,
2524 1246 2540 1303 ξ

1429 1325 1510 1361 quae
1526 1315 1603 1349 sine
1621 1314 1718 1349 coitu
1740 1313 1852 1348 edidit
1872 1312 2031 1348 Verbum
2049 1309 2135 1354 Dei,
2161 1310 2205 1346 de
2223 1319 2294 1354 qua
2314 1308 2490 1352 scriptum
2528 1307 2540 1323 ²

1430 1382 1485 1412 est
1501 1388 1509 1411 :
1531 1376 1635 1410 Exiet
1656 1377 1752 1420 vir-qa
1767 1374 1811 1409 de
1829 1374 1948 1408 radice
1963 1372 2076 1415 Iesse,
2097 1377 2128 1406 et
2142 1372 2207 1416 flos
2223 1370 2264 1405 de
2283 1370 2401 1404 radice
2414 1368 2490 1413 ejus
2522 1325 2540 1420 ἒ

1432 1437 1591 1472 ascendet
1612 1435 1701 1482 (Isa.
1721 1434 1795 1480 ιιι),
1823 1434 1960 1469 scilicet
1983 1432 2171 1475 Christus,
2193 1431 2254 1477 qui
2279 1431 2409 1466 futurae
2435 1434 2492 1475 ty·
2525 1422 2540 1466 ἓ

1431 1507 1517 1542 pum
1539 1495 1722 1541 passionis
1751 1493 1962 1538 praeferens,
1993 1490 2147 1527 candido
2176 1489 2260 1524 fidei
2286 1489 2435 1531 lumine,
2456 1492 2493 1522 et
2526 1471 2540 1494 ¹

1432 1558 1611 1605 passionis
1627 1555 1802 1602 sanguine
1820 1553 2042 1600 purpurabat
2058 1551 2124 1588 ssos
2145 1550 2336 1597 virginum,
2360 1559 2493 1586 corona
2522 1497 2540 1627 1

1433 1626 1658 1666 martyrum,
1690 1617 1806 1664 gratia
1834 1615 2108 1652 continentium.
2136 1614 2226 1648 Item
2256 1611 2492 1658 tropologice,
2531 1629 2540 1659 1

1434 1690 1562 1717 omncs
1578 1689 1722 1725 quoque
1737 1677 1920 1723 principes
1936 1676 2054 1711 tribus
2072 1681 2109 1710 et
2127 1673 2248 1720 populi
2267 1673 2402 1709 habent
2421 1672 2496 1707 vir·
2527 1664 2540 1704 1

1435 1754 1528 1790 gam.
1548 1742 1627 1778 Non
1645 1741 1742 1777 enim
1760 1745 1878 1786 potest
1898 1739 1980 1784 quis
1999 1747 2127 1782 regere
2149 1735 2322 1782 populum
2341 1735 2411 1770 nisi
2432 1734 2495 1770 ha-
2528 1708 2540 1776 Ξ

1435 1806 1519 1841 beat
1541 1805 1694 1852 virgam.
1720 1803 1822 1839 Unde
1841 1806 1878 1837 et
1898 1800 2030 1836 Paulus
2052 1798 2256 1845 apostolus,
2287 1796 2370 1842 quia
2396 1795 2496 1841 prin-
2528 1777 2540 1830 ἶ

1436 1878 1520 1914 ceps
1544 1872 1624 1902 erat
1653 1864 1774 1912 populi
1806 1863 1941 1900 idcirco
1971 1861 2140 1898 dicebat:
2174 1859 2267 1902 Quid
2295 1857 2423 1894 vultis?
2451 1856 2497 1891 In

1436 1933 1533 1979 virga
1553 1931 1688 1966 veniam
1708 1928 1754 1963 ad
1770 1939 1841 1971 vos,
1865 1931 1926 1961 aut
1945 1925 1982 1959 in
2002 1924 2171 1959 charitate
2189 1922 2381 1968 spirituque
2399 1929 2498 1954 man-

1438 1992 1632 2029 suetudinis
1650 1990 1683 2038 (Ι
1694 1988 1775 2025 Cor.
1788 1987 1862 2035 x1)?
1876 1987 2008 2023 Omnes
2022 1995 2107 2031 ergo
2124 1983 2306 2030 principes
2321 1981 2495 2022 tribuum,
2523 1970 2540 2023 ’ζ

1439 2056 1596 2091 habeant
1616 2062 1765 2089 necesse
1784 2056 1839 2087 est
1855 2051 1977 2095 virgas
2007 2058 2103 2091 suas,
2132 2046 2195 2082 sed
2215 2054 2307 2080 unus
2327 2044 2424 2080 solus
2443 2046 2500 2077 est
2525 2039 2540 2091 j

301 2134 403 2169 quem
421 2121 631 2168 proeparavit
660 2120 767 2155 Pater
786 2130 881 2153 meus
901 2118 1043 2153 diabolo
1067 2124 1098 2152 et
1125 2116 1257 2162 anqetis
1277 2117 1366 2162 ejus,
1389 2104 1418 2145 C
1441 2118 1535 2153 sieut
1562 2117 1752 2162 Scriptura
1771 2113 1898 2155 refert,
1929 2110 2092 2158 pontifex
2111 2109 2248 2151 Aaron,
2267 2105 2367 2151 cujus
2395 2105 2498 2151 virga

303 2185 471 2232 quoniam
496 2193 565 2217 non
590 2181 669 2215 novi
694 2191 765 2215 vos.
785 2180 830 2214 Et
846 2184 930 2214 sunt
952 2178 1077 2224 utique
1094 2177 1227 2213 mortui
1251 2176 1311 2222 qui
1333 2176 1370 2211 in

302 2247 425 2294 ignem
443 2245 636 2280 mittuntur
653 2247 849 2284 aeternum,
876 2245 960 2277 sunt
993 2244 1115 2276 autem
1139 2238 1213 2274 vivi
1234 2237 1283 2274 illi
1311 2237 1371 2283 qui

304 2307 499 2342 mittuntur
517 2305 562 2340 ad
580 2313 743 2350 regnum.

709 2376 860 2413 CAPUT
886 2375 966 2411 XX.

302 2442 356 2479 De
371 2442 477 2489 virgis
495 2440 680 2476 duodecim
696 2438 851 2474 tribuum
864 2438 969 2483 jussu
984 2435 1128 2470 Domini
1147 2434 1193 2470 ad
1211 2434 1373 2470 taberna-

351 2490 471 2526 culum
498 2487 639 2531 allatis,
673 2486 764 2520 inter
789 2496 876 2531 quas
903 2483 979 2519 sola
1005 2483 1125 2518 Aaron
1152 2482 1248 2527 virqa
1276 2481 1373 2527 fron-

352 2537 492 2573 duerat.

353 2612 452 2659 (Car.
484 2609 590 2655 xvn.)
619 2608 773 2645 Locutus
800 2614 849 2643 est
875 2608 1046 2643 Dominus
1074 2606 1120 2642 ad
1149 2605 1293 2652 Moysen
1320 2605 1374 2640 di-

306 2685 386 2709 cens
404 2682 414 2705 :
440 2672 596 2716 Loquere
620 2672 665 2705 ad
687 2670 780 2715 filios
800 2668 929 2712 Israel,
951 2675 982 2703 et
1001 2668 1118 2714 accipe
1135 2667 1176 2702 ab
1195 2667 1244 2702 eis
1259 2667 1374 2711 virqas

307 2734 466 2780 sinyulas
491 2744 551 2779 per
576 2733 797 2777 coqnationes
825 2743 928 2774 suas,
954 2742 975 2765 a
1005 2731 1137 2764 cunctis
1161 2727 1374 2775 principibus

308 2797 463 2833 tribuum
483 2796 599 2841 virgas
623 2793 794 2839 sinqutas,
819 2799 850 2828 et
871 2792 1145 2838 uniuscujusque
1174 2802 1298 2826 nomen
1316 2801 1377 2825 su-

308 2857 499 2905 perscribes
531 2857 636 2902 virycc
664 2866 751 2890 suoe.
770 2854 926 2899 *Nomen
956 2859 1073 2889 autem
1105 2854 1224 2888 Aaron
1248 2855 1311 2888 erit
1339 2853 1378 2887 in

309 2920 403 2955 tribu
423 2918 518 2961 Levi,
539 2923 570 2953 et
590 2927 662 2952 una
680 2917 778 2961 virqa
794 2921 936 2950 cunctas
956 2925 1075 2949 eorum
1092 2914 1247 2959 familias
1267 2914 1379 2949 conti-

311 2979 418 3015 nebit.
452 2977 635 3023 Ponesque
665 2987 723 3011 eas
757 2977 794 3010 in
826 2974 1049 3010 tabernaculo
1086 2974 1224 3019 foeder'is
1259 2984 1375 3008 coram

311 3040 523 3082 testimonio,
554 3038 613 3073 ubi
641 3037 766 3084 loquar
789 3037 834 3071 ad
865 3043 909 3071 te.
941 3036 1052 3078 Quem
1079 3046 1120 3071 ea:
1148 3036 1201 3070 his
1229 3034 1374 3081 elegero,

313 3100 523 3148 germinabit
542 3099 640 3145 virga
660 3098 736 3144 ejus
756 3106 767 3130 .·
787 3103 818 3132 et
839 3096 1000 3131 cohibebo
1027 3107 1048 3130 α
1067 3107 1121 3130 me
1142 3096 1376 3142 querimonias

314 3164 470 3211 filiorum
498 3162 614 3199 Israel
642 3162 766 3209 quibus
796 3167 916 3196 contra
945 3170 1004 3194 vos
1034 3165 1271 3201 murmurant,
1305 3163 1375 3194 etc.

314 3225 515 3262 Duodecim
528 3224 642 3271 virgae
653 3222 758 3268 Juxta
777 3221 965 3258 duodecim
984 3220 1021 3254 in
1042 3219 1275 3255 tabernaculo
1293 3219 1379 3263 poni

316 3293 508 3336 praeceptae
537 3291 641 3330 sunt,
669 3291 707 3322 et
733 3294 818 3321 ecce
839 3284 942 3330 virga
966 3282 1054 3319 Levi
1073 3282 1205 3324 viruit,
1234 3286 1270 3316 et
1292 3281 1380 3327 quid

318 3349 481 3392 virtutis,
502 3347 541 3385 iel
558 3353 636 3392 est,
656 3356 822 3390 numero,
851 3345 972 3381 Aaron
998 3343 1189 3386 habuerit,
1210 3343 1380 3379 ostendit.

321 3410 401 3454 Quo
417 3409 586 3445 videlicet
605 3409 708 3456 signo
734 3407 821 3454 quid
849 3407 1026 3450 innuitur,
1046 3405 1117 3442 nisi
1143 3405 1240 3452 quod
1258 3414 1384 3441 omnes

323 3470 384 3516 qui
401 3479 515 3514 usque
535 3470 580 3506 ad
600 3469 709 3505 finem
729 3468 856 3505 mundi
876 3467 1040 3512 jacemus
1065 3467 1102 3503 in
1121 3470 1260 3509 morte,
1281 3465 1385 3511 quasi

322 3530 435 3577 virgae
452 3530 600 3576 reliquae
627 3531 664 3565 in
691 3529 863 3566 ariditate
879 3528 1132 3565 remanemus?
1153 3526 1225 3563 Sed
1244 3526 1384 3563 cunctis

322 3591 438 3640 virgis
452 3591 489 3627 in
503 3591 673 3628 ariditate
691 3590 965 3628 remanentibus
978 3590 1080 3638 virga
1096 3589 1184 3626 Levi
1199 3589 1245 3626 ad
1257 3587 1383 3626 florem

325 3653 456 3697 rediit,
476 3653 561 3700 quia
579 3663 712 3700 corpus
732 3653 877 3690 Domini
896 3652 996 3695 veri,
1023 3651 1162 3689 scilicet
1186 3649 1385 3688 sacerdotis

326 3715 458 3759 nostri,
477 3715 516 3751 in
532 3715 662 3752 mortis
679 3715 850 3752 ariditate
867 3714 1044 3761 positum,
1066 3713 1105 3750 in
1122 3712 1248 3762 florem
1268 3721 1389 3754 resur-

326 3773 504 3810 rectionis
518 3774 650 3820 erupit.
670 3773 751 3818 Quo
763 3773 855 3811 flore
867 3773 989 3811 Aaron
1005 3779 1107 3810 recte
1123 3772 1295 3821 sacerdos
1303 3780 1391 3814 esse
1434 3765 1685 3812 „abstinentiae
1711 3763 1805 3800 ratio
1823 3761 1981 3806 videtur,
2005 3766 2043 3797 et
2065 3759 2294 3807 postmodum
2306 3764 2395 3797 'non
2424 3772 2428 3788 ι

325 3833 577 3887 cognoscitur,
596 3835 682 3892 quia
701 3834 1064 3892 hae-resurrectionis
1083 3834 1211 3882 gloria,
1232 3832 1389 3875 Redem-

1440 2179 1670 2226 germinavit.
1687 2176 1822 2212 Verum
1838 2174 2021 2221 quoniam,
2041 2177 2078 2207 ut
2093 2179 2186 2216 saepe
2202 2168 2374 2211 vidimus,
2390 2175 2498 2201 verns
2534 2206 2540 2228 ¹

1439 2239 1601 2288 pontifex
1619 2239 1785 2275 Christus
1806 2244 1881 2281 est,
1901 2237 1977 2282 ipse
1997 2234 2094 2271 solus
2111 2234 2213 2279 cujus
2230 2231 2332 2277 virga
2352 2239 2424 2265 non
2443 2238 2502 2263 so-
2536 2247 2540 2249 -

1439 2303 1514 2339 lum
1532 2301 1767 2349 germinavit,
1787 2300 1851 2336 sed
1868 2304 1904 2334 et
1926 2297 2065 2338 floruit,
2088 2301 2124 2331 et
2140 2291 2259 2330 omnis
2277 2288 2501 2328 credulitatis
2537 2318 2540 2321 Α

1440 2365 1507 2400 hos
1528 2362 1753 2398 credentium
1780 2359 1994 2406 populorum
2013 2356 2133 2392 attulit
2149 2355 2304 2390 fructus.
2325 2351 2413 2396 Quis
2439 2360 2502 2385 au·

1443 2430 1515 2460 tem
1535 2428 1591 2459 est
1611 2423 1680 2458 iste
1696 2421 1837 2456 fructus
1852 2429 1960 2464 quem
1982 2417 2123 2452 attulit?
2139 2415 2261 2458 Nucis,
2282 2412 2411 2459 inquit.
2433 2410 2502 2454 Qui
2532 2401 2540 2456 ξ

1440 2486 1580 2521 fructus
1608 2482 1754 2528 quidem
1784 2480 1902 2527 primo
1931 2477 2141 2513 indumento
2167 2483 2313 2509 amarus
2343 2476 2420 2513 est,
2446 2480 2503 2505 se·
2531 2466 2540 2547 ἶ

1443 2547 1567 2593 quenti
1586 2544 1748 2582 munitur
1768 2553 1810 2578 ac
1838 2541 1987 2587 tegitur,
2018 2538 2125 2576 tertio
2156 2539 2361 2572 sumentem
2387 2532 2504 2580 pascit
2531 2550 2540 2591 1

1444 2619 1487 2646 ac
1517 2607 1643 2643 nutrit.
1669 2605 1766 2641 Talis
1783 2612 1875 2648 ‘ergo
1902 2606 1958 2636 est
1986 2601 2022 2635 in
2051 2597 2230 2634 auditorio
2257 2594 2412 2637 Christi,
2441 2593 2531 2629 do·-

1444 2670 1560 2707 ctrina
1592 2668 1681 2714 legis
1707 2671 1743 2702 et
1773 2664 2047 2711 prophetarum.
2080 2659 2204 2695 Primo
2235 2657 2366 2693 litteras
2394 2655 2516 2691 facies·

1445 2733 1534 2770 satis
1553 2741 1675 2767 amara
1694 2735 1771 2772 est,
1798 2737 1878 2773 quae
1902 2723 2215 2761 circumcisionem
2233 2720 2354 2756 carnis
2377 2716 2506 2764 praeci-

1444 2796 1512 2842 pit,
1542 2803 1622 2838 quae
1647 2792 1690 2827 de
1714 2787 1903 2826 sacrificiis
1925 2785 2088 2826 mandat,
2107 2787 2144 2819 et
2171 2786 2315 2823 caetera,
2338 2789 2418 2825 quae
2440 2788 2524 2824 per(

1445 2855 1669 2893 occidentem
1698 2852 1856 2887 litteram
1884 2847 2117 2892 designantur
2145 2854 2154 2878 ε
2180 2843 2258 2879 haec
2278 2840 2399 2877 omnia
2423 2844 2504 2875 tan-

1446 2925 1554 2962 quam
1576 2923 1741 2949 amarum
1762 2911 1866 2948 nucis
1893 2909 2086 2949 corticem,
2108 2903 2258 2952 projice.
2280 2903 2448 2940 Secundo
2470 2902 2507 2938 in

1447 2978 1526 3013 loco
1546 2974 1590 3011 ad
1609 2974 1834 3009 munimenta
1850 2975 1953 3007 testae
1964 2966 2157 3015 pervenies
2176 2976 2185 3001 ε
2204 2965 2243 3001 in
2264 2974 2336 3011 quo
2353 2963 2411 3000 vel
2431 2963 2502 2998 mo'
2531 3004 2533 3006 ¹

1449 3038 1535 3075 ralis
1559 3036 1723 3073 doctrina
1739 3034 1796 3070 vel
1818 3033 1914 3069 ratio
1933 3029 2166 3068 continentiae
2187 3027 2406 3074 designatur,
2427 3035 2500 3071 qu·
2526 3050 2530 3052 v

1449 3098 1657 3136 necessaria
1676 3101 1760 3133 sunt
1777 3095 1822 3131 ad
1840 3093 2041 3130 custodiam
2065 3099 2191 3127 eorum
2215 3098 2295 3134 quae
2315 3092 2485 3123 servantu
2516 3109 2527 3113 -

1450 3161 1682 3201 intrinsecus,
1719 3156 1918 3203 frangenda
1950 3160 2072 3190 tamen
2102 3151 2331 3199 quandoque,
2365 3154 2401 3186 et
2431 3148 2486 3184 sin
2496 3161 2525 3181 ·.-.

1451 3222 1560 3258 dubio
1579 3218 1807 3255 dissolvenda
1826 3222 1922 3252 sunt.
1952 3215 2001 3252 Ut
2021 3215 2051 3251 si
2074 3214 2176 3250 verbi
2193 3222 2303 3250 causa
2327 3209 2524 3252 dicamus,

1451 3278 1669 3316 abstinentia
1699 3277 1876 3318 ciborum,
1905 3279 1942 3310 et
1971 3273 2163 3319 castigatio
2190 3269 2366 3317 corporis,
2394 3268 2507 3305 don

1451 3347 1576 3375 sumus
1597 3337 1635 3373 in
1653 3345 1809 3381 corpore
1835 3334 1906 3370 isto
1923 3331 2152 3378 corruptibili
2167 3335 2204 3366 et
2219 3328 2404 3375 passibili,
2430 3327 2506 3364 sin

1452 3471 1495 3497 ac
1511 3459 1724 3501 resolutum,
1745 3461 1782 3492 et
1811 3452 2088 3491 resurrectionis
2106 3457 2268 3498 tempore
2291 3447 2495 3501 incorrupti

1451 3521 1526 3558 bile
1545 3530 1592 3557 ex
1610 3514 2033 3564 corruptibiliredditnm
2044 3540 2054 3557 ,
2079 3517 2188 3559 atque
2206 3522 2252 3548 ex
2270 3509 2420 3547 animali

1452 3583 1579 3627 ritale,
1609 3591 1683 3618 non
1705 3578 1781 3626 jam
1806 3577 1934 3614 labore
1951 3575 2170 3619 afflictionis,
2194 3583 2263 3610 nec
2280 3571 2448 3608 abstinen
2481 3592 2491 3608 2

1455 3642 1714 3691 castigatione,
1745 3638 1810 3676 sed
1835 3637 2010 3685 qualitate
2031 3635 2110 3679 sui,
2140 3633 2240 3671 nulla
2264 3631 2342 3679 J'am
2366 3642 2411 3669 co
2493 3632 2495 3635 “

1456 3704 1663 3752 corruptela
1677 3701 1934 3741 dominabitur.
1955 3699 2017 3736 Sic
2030 3709 2118 3747 ergo
2132 3703 2169 3736 et
2191 3707 2288 3735 nunc
2305 3707 2407 3734 nar-c
2420 3710 2458 3728 :21-
2481 3703 2485 3705 ·

1437 3831 1586 3878 menda.
1621 3828 1746 3866 Tertio
1777 3831 1901 3864 autem
1930 3825 2012 3864 loco
2040 3823 2267 3863 reconditum
2297 3821 2338 3861 in
2354 3820 2426 3868 ,his
2459 3818 2468 3830 ”
