2540 4016
330 185 397 220 559

747 178 785 212 Β.
813 177 982 213 RABANI
1008 177 1162 226 Manui
1180 175 1393 214 ARCHIEP.
1420 172 1627 212 MOGUNT.
1655 171 1846 210 OPERUM
1870 170 1990 208 PARS
2015 170 2041 206 Ι.

2417 171 2488 208 540

328 259 411 304 quia
430 257 543 292 sancti
575 255 726 300 Spiritus
757 253 792 287 in
817 253 1054 291 Pentecosten
1077 252 1287 299 provenisse
1306 251 1369 287 de·
1386 252 1422 294 A
1438 255 1494 286 εει
1513 237 1687 297 quidquid
1706 249 1792 286 illud
1822 254 1903 285 erat
1926 248 2020 294 quod
2037 246 2082 282 ad
2099 246 2227 282 horam
2249 245 2490 288 ministratio-

326 314 548 354 scenslonem
566 323 644 350 cum
655 313 808 349 inunum
827 313 1036 359 congregati
1056 317 1180 348 essent
1199 310 1368 357 apostoli,

325 378 516 424 omniaque
532 374 724 412 secundum
743 373 858 418 legem
877 371 1050 410 Ecclestae
1073 379 1238 421 agerent,
1256 373 1369 420 signi-

324 436 425 474 ficari
440 434 674 473 consideravit
687 432 882 478 legislator,
899 437 997 468 recte
1016 433 1221 478 praecedere
1251 442 1371 469 sacer-

325 497 419 533 dotis
436 494 620 536 sacrificia,
653 503 695 528 ac
723 493 851 529 deinde
879 493 1074 529 subinferri
1092 493 1214 541 populi
1231 504 1370 540 praece-

322 557 388 602 pit.
425 555 571 601 Oportet
602 553 697 589 enim
713 553 884 589 Ecclesiae
919 554 1122 590 doctrinam
1141 565 1161 590 a
1186 555 1369 591 sacrificio

323 614 501 661 Unigeniti
518 613 701 656 inchoare,
721 617 760 648 ut
785 613 1061 651 introducantur
1078 615 1251 651 docentes
1282 613 1370 660 quid

319 676 422 712 nobis
437 675 557 722 passio
575 675 760 712 Dominica
774 675 985 722 profecerit,
1005 684 1067 713 aut
1087 678 1296 722 contulerit,
1315 682 1370 712 at-

321 748 389 784 que
407 738 457 774 ita
476 737 718 774 subinferatur
741 747 860 774 sermo
887 739 1125 783 poenitentiae,
1159 749 1264 785 quem
1293 748 1371 774 om-

320 809 383 834 nes
417 799 538 844 utique
559 798 720 834 homines
738 799 982 834 necessarium
1001 800 1191 842 habemus,
1215 799 1310 834 unde
1334 804 1370 834 et

320 860 491 896 Dominus
514 869 620 894 unam
645 859 843 894 doctrinam
863 859 1048 904 prsedicat,
1090 859 1125 895 id
1147 864 1216 902 est,
1252 858 1370 904 poeni-

320 921 480 963 tentiam,
516 925 699 965 totumque
731 918 926 965 perfectius
959 919 1155 955 subinferri
1180 929 1372 954 conversa-

319 981 434 1016 tiones
454 984 559 1025 atque
579 980 798 1026 theologiam
825 980 896 1016 illis
929 980 1214 1026 permiscendas.
1240 978 1369 1015 Subdit

318 1047 437 1077 autem
458 1047 492 1076 et
508 1051 587 1086 quae
609 1040 694 1088 [At.‚
712 1040 820 1088 quod]
839 1041 1061 1087 corrigentes
1086 1041 1160 1077 sive
1181 1040 1281 1076 uncti
1302 1040 1370 1076 sal-

316 1103 394 1138 vari
407 1103 585 1148 possimus
599 1103 762 1149 quamvis
786 1113 856 1138 non
878 1103 1078 1139 sublimiter
1095 1112 1367 1138 conversemur.

317 1166 355 1203 ln
381 1167 438 1203 his
467 1165 561 1201 enim
592 1169 733 1210 oportet
750 1163 945 1199 Ecclesiam
984 1172 1207 1209 congregare
1233 1166 1269 1197 et
1295 1171 1367 1196 ma-
1386 1155 1418 1194 B
1437 1170 1578 1202 eorum,
1599 1165 1634 1195 et
1653 1165 1843 1205 propterea
1864 1159 1967 1202 dixit,
1987 1159 2164 1195 descendit
2184 1168 2276 1205 :per
2290 1157 2497 1195 descensio-

318 1227 587 1265 nitestationem
608 1226 670 1261 Dei
697 1225 817 1271 gloriae
837 1225 1031 1271 suscipere.
1054 1224 1138 1259 llfec
1159 1225 1239 1260 sine
1259 1223 1368 1259 dubio

320 1289 445 1325 diebus
460 1289 688 1324 Pentecostcs
703 1286 858 1322 maxime
869 1288 1021 1333 agebant
1033 1285 1198 1331 discipuli
1209 1284 1367 1340 Domini,

316 1356 461 1397 propter
494 1349 586 1394 qnod
624 1349 657 1383 in
694 1359 803 1383 unum
838 1354 921 1383 tnnc
956 1347 1094 1383 collecti
1129 1351 1246 1389 crant,
1272 1345 1367 1391 quod

318 1409 521 1445 manifestat
542 1408 655 1444 Lucas
675 1408 796 1444 dicens
815 1420 822 1442 z
847 1407 890 1442 Et
914 1407 995 1442 dnm
1018 1406 1272 1453 complerentur
1294 1405 1367 1440 dies

319 1467 548 1511 Pentecostes,
569 1475 666 1503 erant
682 1480 798 1503 omnes
820 1468 923 1503 simu!
944 1467 1158 1503 unanimiter
1186 1466 1278 1514 (Act.
1308 1465 1364 1513 11).

312 1528 405 1571 Quid
426 1534 544 1563 autem
569 1534 671 1564 crant
686 1529 827 1565 collecti
847 1539 967 1575 agere,
986 1529 1055 1563 nisi
1077 1538 1120 1564 ea
1152 1528 1269 1563 modis
1290 1538 1367 1563 om-

315 1588 419 1624 nibus
439 1599 517 1634 quae
534 1589 627 1624 dicta
643 1590 749 1625 sunt?
766 1589 855 1624 Nam
875 1594 909 1624 et
926 1589 954 1624 si
970 1589 1087 1634 palam
1106 1599 1177 1624 non
1194 1589 1367 1634 praedica-

314 1649 401 1684 lant
418 1655 454 1684 ct
473 1655 661 1694 propterea
679 1650 775 1685 intus
795 1655 897 1685 crant
915 1650 950 1684 in
970 1650 1217 1695 superioribus
1238 1650 1366 1685 seden-

314 1714 385 1751 tes,
399 1710 550 1744 necdum
572 1709 721 1744 verbum
742 1710 1031 1752 disseminantes,
1066 1710 1140 1745 sive
1164 1710 1283 1755 palam
1314 1710 1366 1745 lo-

315 1775 480 1816 quentes,
521 1770 604 1815 quia
629 1769 672 1806 de
692 1770 787 1807 ostio
814 1771 1035 1807 tabernaculi
1065 1772 1261 1807 testimonii
1292 1783 1365 1808 non

315 1835 418 1865 erant
433 1830 524 1876 jussi
559 1831 693 1877 egredi,
726 1832 925 1877 usquedum
947 1833 988 1868 de
1005 1833 1148 1868 excelso
1170 1834 1363 1869 indueren-

315 1894 374 1925 tur
400 1890 555 1936 Spiritus
582 1892 772 1936 virtutem,
802 1898 1054 1929 verumtamen
1082 1893 1119 1927 in
1149 1894 1364 1940 semetipsos

312 1949 396 1995 quia
413 1951 488 1987 haec
507 1952 662 1998 agebant
679 1951 911 1988 manifestum
930 1957 999 1995 est,
1017 1958 1054 1988 et
1071 1963 1292 1998 quaecunque
1309 1954 1366 1989 de-

314 2017 397 2047 cent
424 2012 621 2048 Ecclesiam
650 2012 816 2047 meditari
850 2023 921 2048 non
941 2013 1146 2057 cessabant,
1178 2019 1218 2049 ut
1245 2014 1363 2060 ipsum

313 2071 479 2108 videlicet
498 2072 533 2107 in
565 2072 768 2117 semetipsis
794 2073 968 2109 habentes
996 2073 1194 2118 Christum,
1227 2076 1287 2122 qui
1309 2082 1365 2112 est

311 2128 485 2166 Ecclesiae
518 2137 625 2177 caput
645 2143 654 2167 ε
673 2132 767 2168 unde
793 2138 829 2169 et
853 2133 1021 2169 Mathiam
1039 2133 1097 2170 'ad
1124 2135 1363 2181 apostolatum

315 2201 397 2226 cum
423 2191 654 2228 concionatus
674 2191 800 2229 suisset
818 2192 959 2233 Petrus,
996 2196 1362 2241 etproposuissetdi-

315 2252 409 2287 vinae
425 2250 620 2297 Scripturae
635 2253 895 2299 expositionem
907 2259 1015 2300 atque
1032 2255 1251 2298 testimonia,
1267 2262 1364 2293 sorte

315 2318 588 2359 separaverunt.
615 2313 698 2350 Sive
719 2318 840 2350 autem
861 2314 1085 2356 concionari,
1107 2315 1142 2350 id
1161 2320 1228 2358 est,
1246 2325 1362 2361 popu-

311 2372 386 2409 lum
401 2373 600 2417 exhortari,
617 2369 694 2421 sive
707 2375 901 2421 prophetas
923 2375 1168 2421 interpretari,
1196 2381 1232 2411 et
1249 2376 1365 2413 cleros

310 2436 462 2480 sociare,
478 2435 731 2473 ecclesiasticae
758 2437 1035 2483 dispensationis
1050 2443 1087 2473 et
1112 2438 1248 2474 ordinis
1269 2439 1361 2483 fuit;

309 2508 394 2545 ergo
412 2497 641 2534 manifestum
657 2504 727 2542 est,
743 2499 824 2544 quia
835 2500 1134 2545 quemadmodum
1148 2500 1183 2536 in
1200 2500 1364 2537 Ecclesia

309 2558 450 2595 collecti
466 2558 587 2595 inillis
604 2559 730 2596 diebus
749 2566 866 2603 erant,
882 2556 979 2606 ‘quod
994 2566 1030 2596 et
1042 2560 1228 2607 legislator
1245 2562 1363 2598 modis

312 2619 480 2656 omnibus
512 2619 710 2667 significari
753 2621 1002 2664 considerans,
1040 2630 1305 2668 consequenter
1329 2628 1365 2658 et

310 2689 354 2715 ea
398 2690 480 2725 quae
510 2681 780 2727 subsequuntur
824 2681 961 2718 addidit
983 2694 991 2717 ι
1026 2681 1073 2717 Et
1110 2683 1254 2719 tendens
1290 2694 1365 2719 ma-

309 2749 394 2774 num
425 2744 546 2774 contra
569 2739 734 2785 populum
759 2739 928 2776 benedixit
946 2740 977 2775 ei
1004 2751 1015 2776 :
1039 2741 1156 2789 sicque-
1185 2742 1364 2791 completis

310 2796 431 2833 hostiis
449 2808 511 2844 pro
534 2804 674 2844 peccato
695 2804 727 2834 et
749 2798 962 2836 holocaustis
987 2808 1019 2837 et
1033 2803 1202 2849 pacificis,
1226 2804 1362 2840 desc-en-

310 2855 361 2893 att
379 2856 501 2906 (Levit-
518 2857 584 2904 ιιι).

358 2917 430 2965 (Ex
450 2917 676 2966 Augustino).
696 2917 767 2956 Ubi
787 2924 907 2958 autem
931 2921 1001 2957 ista
1033 2921 1131 2965 fecit,
1157 2923 1226 2959 nisi
1255 2934 1362 2971 super

309 2978 439 3022 altare,
468 2978 507 3015 id
534 2984 602 3022 est,
634 2979 678 3015 ad
706 2979 818 3016 altare
848 2986 965 3025 stans,
996 2982 1102 3029 eique
1130 2983 1362 3021 deserviens?

308 3036 396 3076 inde
415 3047 502 3086 ergo
511 3038 695 3075 descendit
707 3039 768 3075 ubi
788 3040 905 3076 stabat
922 3051 931 3076 :
954 3040 1126 3076 nimirum
1145 3041 1243 3078 illius
1263 3044 1358 3079 solu-

310 3097 364 3134 tio
382 3097 592 3146 quaestionis
619 3097 780 3144 adjuvari
795 3099 865 3135 hoc
884 3099 1092 3136 testimonio
1120 3101 1278 3146 videtur,
1295 3104 1358 3139 ubi

308 3155 566 3205 quaesieramus
581 3158 620 3195 in
638 3158 776 3203 Exodo,
791 3160 972 3207 quomodo
993 3161 1120 3198 serviri
1135 3163 1296 3208 potuerit
1315 3165 1360 3200 ad

307 3214 437 3262 altare,
478 3219 574 3264 quod
609 3224 689 3256 erat
719 3219 832 3256 altum
865 3221 998 3258 cubitis
1027 3223 1168 3267 tribus;
1208 3225 1360 3270 gradum

307 3279 440 3326 quippe
458 3274 534 3316 illic
553 3279 754 3327 intelligere
779 3281 1080 3327 prohibebamur,
1110 3284 1195 3332 quia
1212 3284 1250 3320 id
1263 3284 1360 3322 Deus

303 3345 481 3383 vetuerat,
505 3350 552 3377 ne
570 3350 680 3388 super
697 3341 811 3379 altare
828 3343 998 3390 pudenda
1012 3342 1134 3382 virilia
1147 3345 1362 3382 ministran-

302 3399 353 3437 tis
380 3401 639 3448 revelarentur,
668 3404 764 3450 quod
792 3403 915 3452 utique
944 3405 1050 3442 fleret
1063 3405 1096 3443 si
1115 3415 1202 3452 pars
1230 3406 1357 3444 altaris

307 3460 440 3509 gradus
457 3467 564 3508 esset,
590 3462 628 3500 id
646 3468 714 3507 est,
734 3464 766 3501 si
789 3470 1000 3512 compactus
1019 3465 1234 3512 adhaereret,
1258 3467 1360 3504 deni-

309 3528 382 3569 que
397 3519 448 3558 ibi
464 3522 535 3560 hoc
550 3524 665 3561 vetuit
677 3525 740 3562 ubi
763 3526 807 3564 de
825 3525 932 3563 altari
950 3526 1108 3565 structili
1124 3526 1356 3577 loquebatur.

304 3577 429 3619 Unum
443 3581 539 3619 enim
557 3590 653 3621 esset
667 3585 782 3623 altare
799 3596 882 3624 cum
894 3586 1024 3636 gradu,
1043 3587 1147 3636 cujus
1162 3599 1248 3636 pars
1262 3578 1360 3628 esset

306 3640 454 3688 gradus,
487 3646 524 3679 et
547 3642 629 3680 ideo
650 3645 802 3683 vetitum
832 3652 902 3685 est.
933 3645 1003 3687 Hic
1027 3659 1116 3687 vero
1143 3650 1205 3688 ubi
1229 3650 1358 3699 altaris

303 3701 410 3763 'tanta
428 3702 537 3741 tuerit
551 3704 717 3752 altitudo,
735 3713 776 3745 ut
803 3709 875 3747 nisi
892 3711 1064 3749 sacerdos
1089 3721 1198 3761 super
1221 3707 1358 3762 aliquid

306 3761 423 3802 &¹0⁸
452 3769 540 3819 me,
556 3763 767 3818 minuati-are
801 3773 874 3823 non
907 3776 1049 3827 posset.
1081 3767 1356 3832 intelligendum

1414 3700 1487 3763 sit,
1507 3719 1559 3759 an·
1577 3708 1624 3746 ab

1438 310 1496 347 nis
1525 310 1741 357 ponebatur,
1771 315 1809 345 et
1843 307 2088 350 auferebatur,
2119 315 2191 342 non
2219 305 2333 344 fuisse
2363 307 2490 347 altaris

1436 377 1594 420 partem,
1622 378 1659 409 et
1684 372 1767 408 ideo
1789 379 1861 406 non
1879 368 1990 404 fuisse
2016 371 2141 403 contra
2174 371 2395 415 praeceptum
2419 381 2492 418 quo

1437 434 1587 480 gradum
1621 432 1756 478 habere
1772 429 1995 478 prohibitum
2022 434 2099 473 est;
2126 429 2196 466 hoc
2228 434 2350 466 autem
2366 429 2492 477 quale-

1438 504 1579 540 cunque
1606 493 1726 536 fuerit‚
1767 491 1880 528 tacuit
1913 489 2116 537 Scriptura,
2161 494 2198 527 et
2223 490 2306 527 ideo
2337 493 2492 538 quaestio

1436 554 1532 590 facta
1549 559 1616 590 est.
1635 553 1706 590 Sed
1720 562 1817 588 nunc
1836 561 1919 588 cum
1938 550 2027 587 dicit
2041 549 2229 598 Scriptura
2247 552 2488 598 sacerdotem,

1438 624 1521 650 cum
1552 613 1698 649 fecisset
1733 611 1926 656 sacrificia,
1958 611 2201 655 descendisse,
2222 611 2293 649 hoc
2320 618 2389 658 est,
2409 623 2492 651 cum

1436 674 1621 711 immolata
1640 675 1872 721 imposuisset
1894 673 2014 718 altari,
2040 674 2166 720 utique
2191 674 2401 712 manifestat
2424 675 2490 714 ali-
2536 677 2540 726 j

1438 733 1525 770 cubi'
1539 744 1621 770 eum
1642 734 1785 770 stetisse
1804 734 1900 770 unde
1913 732 2165 778 descenderet,
2182 739 2219 770 et
2247 735 2331 782 quia
2349 735 2399 772 ibi
2414 742 2491 773 ste·
2527 729 2540 779 ,“

1437 801 1545 838 terat,
1566 795 1646 832 idco
1670 795 1778 830 trium
1802 795 2005 832 cubitorum
2026 794 2131 831 altari
2163 795 2403 833 ministrando
2427 796 2492 833 de·
2529 814 2534 844 2

1438 856 1574 893 servire
1591 857 1764 902 potuisse.
1786 856 1857 902 (Ex
1874 855 2076 904 Hesyclzt’o).
2091 856 2239 893 Intende
2250 857 2335 903 quia
2347 867 2491 893 omnem
2513 848 2535 889 s]

1438 917 1542 953 nobis
1583 917 1770 954 evidenter
1797 917 1950 963 liguram
1990 916 2160 952 Ecclesiae
2190 917 2267 952 vult
2297 926 2489 962 exponere.

1436 976 1528 1012 Nam
1562 983 1754 1024 postquam
1779 978 1878 1019 dixit,
1903 977 2096 1013 Descendit
2112 983 2305 1024 postquam
2323 977 2408 1013 fecit
2425 987 2492 1023 pro

1437 1043 1599 1084 peccato,
1626 1043 1662 1074 et
1692 1037 1913 1074 holocaustis
1940 1044 1976 1073 et
2002 1037 2183 1084 pacificis,
2221 1036 2379 1076 ostendit
2409 1036 2494 1083 quia
2531 1027 2534 1030 ’

1439 1098 1715 1144 completionem
1736 1098 2010 1141 sacrificiorum,
2036 1097 2215 1133 intellexit
2231 1096 2495 1144 expositionem
2524 1092 2530 1127 2

1435 1231 1519 1256 nem
1553 1220 1775 1256 doctoralem
1806 1220 1930 1255 sedem
1956 1220 2164 1266 designans,
2186 1220 2230 1255 dc
2245 1230 2316 1266 qua
2332 1224 2416 1265 post
2433 1228 2498 1256 ex-

1434 1283 1652 1328 positionem
1697 1281 1905 1318 sacerdotes
1941 1281 2074 1326 quibus
2106 1281 2221 1328 ligura
2259 1280 2496 1328 intelligibilis
2518 1295 2523 1316 ι

1435 1345 1557 1382 Aaron
1576 1344 1713 1379 credita
1748 1348 1817 1386 cst,
1850 1342 2087 1386 descendunt,
2125 1347 2161 1378 et
2188 1351 2253 1387 per
2288 1343 2494 1378 orationem

1434 1416 1563 1441 manus
1578 1404 1623 1439 ad
1639 1403 1771 1439 coelum
1782 1403 1914 1439 levant.
1929 1403 2176 1438 Elevationem
2190 1403 2286 1438 enim
2303 1412 2492 1445 manuum,

1435 1467 1639 1502 orationem
1665 1465 1774 1500 ctiam
1800 1464 1932 1500 Paulus
1953 1464 2141 1500 intellexit.
2159 1464 2254 1500 Dicit
2276 1470 2397 1499 autem
2418 1464 2492 1500 sic:
2506 1462 2507 1467 ’

1441 1526 1527 1563 Volo
1546 1528 1635 1563 riros
1655 1538 1756 1563 orare
1773 1527 1809 1562 in
1824 1527 1918 1562 omni
1959 1526 2048 1569 loco,
2077 1525 2227 1561 levantes
2245 1536 2352 1572 puras
2369 1535 2495 1560 manus
2516 1559 2517 1564 ,

1436 1591 1471 1639 (Ι
1493 1590 1583 1626 Tim.
1627 1590 1682 1638 ιι).
1704 1590 1871 1626 Tendens
1890 1590 1966 1626 sive
1982 1589 2106 1626 levans
2122 1599 2210 1636 ergo
2230 1600 2372 1634 manus,
2387 1590 2508 1638 benc-t

1435 1651 1525 1687 dixit
1552 1651 1632 1686 illos
1655 1663 1663 1686 ι
1682 1650 1766 1696 quia
1777 1660 1842 1696 per
1860 1650 2100 1686 elevationem
2119 1660 2306 1694 manuum,
2327 1660 2394 1696 per
2409 1659 2494 1686 ora·
2515 1645 2526 1700 J

1433 1713 1570 1749 tionem
1616 1711 1797 1755 videlicet,
1842 1711 2050 1748 sacerdotes
2086 1711 2218 1758 populo
2259 1711 2516 1750 benedicunt.-

1435 1772 1507 1809 Sed
1538 1773 1633 1809 unde
1663 1772 1954 1809 benedictionem
1987 1778 2176 1818 praestant,
2215 1773 2412 1809 ostendunt
2435 1782 2507 1810 se-

1435 1835 1595 1882 quentia.
1617 1834 1772 1881 Inqressi
1793 1841 1909 1870 autem
1926 1833 2063 1881 Moyses
2084 1841 2114 1869 et
2141 1834 2260 1869 Aaron
2275 1834 2484 1870 tabernacu-

1434 1895 1506 1932 lum
1527 1896 1728 1939 testimonii,
1764 1901 1796 1931 et
1823 1895 1983 1942 deinceps
2007 1896 2149 1942 eyresst',
2169 1895 2419 1931 benedixerunt
2430 1905 2474 1941 po
2508 1895 2509 1898 ’

1433 1955 1527 2001 pulo.
1559 1954 1801 1998 Quamobrem
1835 1955 1936 2001 prius
1964 1955 2000 1990 in
2039 1955 2270 1991 tabernaculo
2295 1954 2497 2002 testimoni‘3

1433 2015 1698 2060 ingrediuntur,
1721 2023 1757 2053 et
1771 2022 1895 2064 postea
1913 2017 2200 2053 benedictionem
2216 2022 2404 2064 praestant,
2420 2014 2497 2053 nisi

1434 2081 1474 2111 ut
1494 2087 1564 2111 non
1589 2077 1795 2123 ignoremus
1814 2079 1899 2125 quia
1923 2079 1965 2115 de
1994 2078 2209 2124 intelligibili
2243 2075 2509 2120 tabernaculo,

1432 2135 1602 2172 videlicet
1622 2137 1665 2173 de
1687 2138 1779 2174 coelo
1795 2139 2085 2176 benedictionem
2104 2136 2296 2184 proferunt
2323 2135 2475 2173 sacerdo

1433 2203 1502 2241 tes,
1542 2199 1702 2235 dicentes
1736 2200 1828 2235 sicut
1856 2206 1892 2235 et
1926 2200 2060 2236 Paulus
2083 2212 2090 2235 :
2112 2199 2324 2235 Benedictus
2344 2197 2439 2233 Deus
2458 2203 2498 2232 c

1435 2257 1543 2294 Pater
1559 2257 1702 2293 Domini
1730 2261 1838 2294 nostri
1871 2259 1957 2296 Jcsu
1993 2259 2136 2303 Christi,
2159 2259 2219 2306 qm·
2237 2258 2409 2294 benedixit
2423 2267 2492 2293 nos*

1433 2319 1471 2354 in
1497 2320 1591 2354 omni
1619 2320 1854 2356 benedictione
1882 2322 2033 2368 spiritali
2053 2323 2091 2358 in
2122 2320 2314 2357 caelestibus
2327 2321 2366 2356 in
2393 2318 2479 2356 Chri
2494 2323 2498 2326 ”

1432 2386 1486 2415 sto
1520 2379 1663 2427 (Ephes.
1693 2381 1735 2427 ι).
1755 2381 1832 2417 Hoc
1853 2383 1949 2418 enim
1975 2383 2079 2418 nobis
2098 2387 2134 2418 ει
2157 2385 2234 2429 ipse
2256 2382 2405 2418 tradens
2423 2381 2476 2418 Do
2494 2401 2496 2403 >

1433 2441 1566 2484 minus,
1584 2442 1743 2488 quinque
1759 2453 1886 2488 panes,
1903 2450 1939 2478 et
1952 2453 2082 2479 rursus
2098 2448 2236 2489 septem
2257 2443 2475 2479 benedicens

1433 2502 1480 2538 ad
1502 2501 1635 2538 coelum
1657 2502 1887 2547 respiciebat.
1920 2502 1993 2539 Cur
2007 2507 2127 2538 autem
2144 2511 2216 2537 non
2237 2501 2336 2538 solus
2354 2501 2475 2538 Aaron

1433 2561 1497 2598 sed
1515 2569 1551 2598 et
1572 2561 1712 2608 Moyses
1733 2571 1952 2609 synagogam
1970 2573 2032 2598 seu
2051 2559 2224 2608 populum
2242 2560 2462 2596 benedicunt
2480 2564 2492 2596 1,.

1431 2621 1502 2658 nisi
1520 2627 1561 2656 ut
1582 2621 1764 2658 discamus
1785 2622 1869 2667 quia
1891 2631 1963 2657 non
1993 2621 2140 2668 propria
2172 2620 2304 2657 virtute
2324 2619 2466 2656 sacerd
2490 2612 2491 2615 '

1432 2687 1488 2719 tes
1508 2682 1812 2726 benedictionem,
1831 2681 1895 2718 sed
1922 2682 2006 2728 quia
2031 2681 2186 2730 figuram
2201 2680 2322 2719 ferunt
2337 2681 2439 2719 Chri
2456 2687 2470 2713 ι’

1430 2749 1583 2790 possunt
1612 2749 1759 2790 propter
1785 2754 1868 2781 eum
1895 2745 1956 2791 qui
1982 2745 2018 2781 in
2042 2744 2130 2792 ipsis
2150 2749 2207 2781 est
2229 2748 2404 2791 praestare
2423 2743 2491 2779 be-¹

1431 2804 1648 2840 nedictionis
1678 2804 1961 2851 plenitudinem
1999 2805 2095 2842 unde
2125 2810 2162 2841 et
2187 2803 2329 2851 Moyses
2364 2807 2491 2848 utpot

1433 2864 1491 2900 cui
1524 2865 1643 2910 imago
1669 2870 1725 2900 est
1756 2864 1900 2900 Domini
1929 2866 2082 2909 credita,
2119 2864 2164 2902 ad
2202 2861 2476 2900 benedicendu

1434 2927 1533 2958 recte
1549 2924 1879 2970 comprehenditur,
1901 2925 1964 2961 sed
1983 2931 2019 2962 ct
2038 2923 2125 2962 illud
2141 2935 2208 2972 per
2227 2934 2271 2961 ea
2294 2933 2374 2970 quae
2392 2922 2450 2959 dic
2491 2960 2493 2963 .

1431 2991 1530 3030 sunt,
1551 2986 1611 3023 lex
1626 2987 1819 3034 significat,
1848 2989 1932 3034 quia
1949 2999 2023 3026 non
2044 2989 2166 3026 sotum
2179 2989 2212 3025 is
2239 2987 2302 3035 qui
2319 2985 2472 3024 sacerd·

1431 3045 1521 3081 tium
1540 3046 1689 3083 sortitus
1712 3053 1782 3091 est,
1801 3049 1865 3084 sed
1886 3052 1923 3084 et
1946 3049 2063 3085 omnis
2079 3047 2200 3094 justus
2222 3047 2407 3087 Christum
2434 3061 2439 3077 ι

1428 3105 1518 3142 bens
1548 3106 1584 3141 in
1620 3107 1812 3154 semetipso
1832 3112 1872 3144 ct
1900 3107 2053 3155 liguram
2073 3108 2216 3145 Domini
2237 3107 2308 3152 sui,
2336 3115 2406 3155 per
2430 3118 2466 3138 ιι·

1430 3175 1514 3202 nam
1551 3167 1879 3211 conversationem,
1910 3168 2215 3213 quemadmodum
2244 3167 2385 3216 Moyses
2409 3175 2456 3204 ε

1433 3231 1544 3271 stens‚
1566 3226 1717 3264 idoneus
1731 3233 1788 3264 est
1805 3228 1850 3264 ad
1873 3228 2079 3266 donandum
2099 3229 2404 3268 benedictionem.

1833 3301 1986 3341 CAPUT
2006 3302 2098 3342 XIII·

1429 3358 1581 3408 Apparet
1603 3358 1718 3407 ylors‘a
1737 3359 1879 3397 Domini
1895 3359 2128 3404 multitudini.
2158 3368 2192 3399 et
2207 3363 2298 3413 ienis
2325 3373 2409 3414 ομ·
2437 3373 2465 3396 ,¹

1639 3417 1660 3441 a
1679 3404 1829 3441 Domino
1848 3405 1998 3443 absumit
2012 3406 2269 3444 holocaustum.

1477 3465 1597 3516 (lain.)
1625 3467 1798 3514 Apparuit
1820 3465 1934 3513 qtoria
1957 3467 2099 3504 Domine·
2127 3469 2224 3506 omni
2249 3468 2405 3507 multitu
2434 3477 2439 3481 ·

1428 3531 1462 3564 et
1475 3537 1551 3563 ecce
1565 3526 1669 3574 ionis,
1689 3531 1846 3574 eqresstts
1865 3538 1887 3563 a
1907 3527 2081 3573 Domino,
2114 3527 2291 3567 devoravit
2314 3523 2441 3579 tatto

1426 3593 1519 3625 stum
1538 3593 1572 3624 et
1587 3587 1725 3636 adipem
1737 3587 1800 3636 qui
1816 3593 1893 3624 erat
1906 3599 2011 3635 super
2024 3583 2150 3626 altare.
2167 3588 2240 3639 (Ex
2250 3588 2287 3638 Af
2307 3582 2435 3650 mg&

1426 3649 1547 3696 Quaeri
1562 3652 1682 3697 potest
1692 3650 1816 3687 utrum
1830 3653 1921 3686 nutu
1933 3654 1970 3686 et
1983 3649 2168 3688 voluntate
2180 3650 2235 3688 Do
2296 3668 2299 3681 τ
2317 3653 2337 3661 ”
2352 3642 2429 3708 2321}

1496 3694 1502 3706 ’
1700 3695 1782 3754 lo&
1811 3708 1904 3758 ignis
1932 3709 2063 3747 exierit
2079 3709 2142 3748 ubi
2176 3720 2211 3759 e,
2228 3714 2244 3743 Υί
2269 3739 2271 3741 .
2340 3714 2410 3767 ,1⁵4

1422 3767 1549 3809 tironii.
1572 3766 1632 3809 No
1684 3768 1788 3807 enim
1811 3769 1849 3808 ln
1875 3768 1958 3812 loco
1985 3769 2107 3821 aliquo
2134 3770 2187 3817 ita
2207 3769 2402 3819 *Z
