2540 4016
89 185 160 227 8¹⁷

553 176 913 219 nasammonas
937 179 984 217 m
1008 163 1185 220 Lunum
1208 167 1520 219 animnoauu.
1549 200 1596 211 -
1616 185 1706 222 un.
1733 186 1795 223 rv.

2195 199 2268 238 818

89 260 237 298 Amalec
268 268 289 295 a
305 268 377 306 quo
413 261 615 304 superatur,
658 255 703 292 de
727 239 873 292 Dathan
897 261 935 292 et
955 255 1094 292 Abiron
1110 262 1147 294 et
1163 260 1202 302 A
1216 257 1329 295 frenis
1346 256 1393 293 ad
1409 256 1610 294 Ecclesiam
1628 261 1876 306 retrahuntur,
1897 270 1936 300 et
1951 269 2046 308 rores
2065 283 2155 320 quas
2175 281 2262 314 ante

89 322 173 358 filiis
189 320 296 363 Cure,
313 325 351 356 et
363 318 523 356 vindicta
539 318 578 353 in
597 326 660 353 eos
677 317 832 363 prolata,
851 316 895 352 de
908 316 1011 363 virga
1024 315 1147 354 Aaron

87 383 330 431 germinante,
352 387 388 418 et
403 380 516 418 vitula
539 379 618 416 rufa
644 379 682 415 in
713 378 964 415 holocaustum
997 386 1148 414 concre-

88 450 188 482 mata
222 450 260 482 et
295 444 420 481 cinere
443 441 662 490 aspersionis
682 451 791 488 :quae
826 440 949 476 omnia
979 449 1090 486 supra
1107 439 1147 475 in

86 504 181 541 libro
203 504 369 549 exposita
395 508 491 539 sunt.
514 502 670 538 Rethma
688 499 910 537 transfertur
930 500 1066 535 sonitus
1085 498 1144 535 vel

87 564 290 612 juniperus,
316 573 524 609 quanquam
552 562 716 609 plerique
747 559 910 610 ἅρκευθον
928 560 1023 605 apud
1049 559 1149 596 Grae-

89 635 151 661 eos
165 624 263 659 aliud
288 632 401 669 genus
417 623 557 659 arboris
575 621 783 670 significare
797 621 1029 658 contendant.
1046 620 1148 657 Juni-

87 696 215 734 perum
236 690 358 721 autem
378 690 415 720 et
426 684 566 730 primus
585 684 762 731 graduum
780 682 1056 729 psalmusjuxta
1078 682 1149 718 He-

87 747 250 784 braicam
288 746 479 781 veritatem
506 751 625 788 sonat,
651 745 712 781 ubi
739 745 915 790 scriptum
943 748 1026 779 est:
1054 742 1148 785 Quid

88 810 190 845 detur
207 809 269 844 tibi
285 814 345 843 aut
364 808 448 854 quid
481 814 679 854 apponatur
697 808 758 842 tibi
773 807 818 842 ad
855 806 1014 851 linquam
1049 803 1149 839 dolo-

87 881 162 907 sam
195 867 311 916 (Psal.
329 869 429 915 cxix)
445 869 459 903 ?
478 869 523 904 Et
552 869 734 914 Propheta
750 866 947 912 respondet
968 876 975 898 :
998 863 1148 909 Saqittae

85 932 234 979 potentis
256 937 382 974 acutae,
405 942 483 966 cum
502 930 712 965 carbonibus
734 928 982 973 juniperorum
1004 923 1146 972 (Ibid.).

86 991 157 1027 Pro
183 1002 254 1036 quo
278 991 372 1037 apud
396 1001 461 1026 nos
494 990 638 1035 legitur,
672 986 907 1022 desolatoriis.
934 984 1066 1021 Fertur
1086 995 1149 1020 au-

88 1053 158 1086 te'm
179 1051 316 1096 lignum
347 1050 417 1084 hoc
441 1049 561 1093 ignem
580 1047 692 1083 multo
713 1052 877 1091 tempore
912 1056 1146 1091 conservare,

88 1115 126 1145 ut
144 1118 260 1155 pruna
278 1107 308 1143 si
327 1117 371 1142 ex
409 1106 487 1151 eJus
518 1107 640 1142 cinere
665 1112 791 1151 operta
810 1106 932 1149 fucrit,
967 1116 1082 1152 usque
1102 1106 1149 1142 ad

1216 318 1452 364 reliquerant,
1470 327 1619 354 rursum
1636 317 1776 355 intrare
1785 319 1973 359 festinant.
1994 327 2092 366 Unde
2103 334 2268 380 protecti,

1217 377 1456 413 castrametati
1477 382 1560 414 sunt
1575 378 1614 413 in
1633 382 1750 413 monte
1767 378 1916 426 sapher.
1933 382 2112 423 vicesima
2129 394 2270 431 mansio

1217 435 1479 481 interpretatur
1497 435 1740 483 pulchritudo,
1759 442 1795 473 et
1829 438 1868 474 in
1902 446 2026 477 monte
2061 443 2200 483 decoris
2213 457 2271 488 est

1218 497 1427 533 constituta.
1448 498 1500 534 De
1520 509 1590 544 qua
1609 502 1647 535 et
1679 499 1801 544 quarti
1839 500 1970 537 decimi
1989 503 2119 548 psalmi
2138 506 2273 551 princi-

1216 557 1317 605 pium
1335 563 1440 593 sonat
1460 569 1469 592 :
1501 558 1662 602 Domine,
1697 561 1775 606 quis
1797 560 1968 597 habitabit
1990 563 2028 598 in
2049 564 2275 611 tabernaculo

1218 625 1292 662 tuo,
1314 624 1375 655 aut
1391 620 1469 666 quis
1488 621 1676 666 requiescet
1710 622 1747 656 in
1767 627 1883 658 monte
1918 629 2040 659 sancto
2076 631 2135 661 tuo
2160 626 2276 674 (Psal.

1219 681 1295 727 xiv)
1316 681 1331 715 ?
1358 680 1448 717 Vide
1480 681 1567 726 quid
1585 682 1726 727 prosint
1749 682 1851 720 frena
1873 695 1881 718 :
1903 694 1925 719 a
1949 685 2050 721 vitiis
2070 695 2138 722 nos
2159 693 2279 724 retra-

1219 741 1324 784 hunt,
1348 741 1583 777 introducunt
1619 742 1662 777 ad
1680 743 1856 779 virtutum
1889 745 2034 787 choros,
2057 751 2092 781 et
2117 746 2152 782 in
2173 746 2279 783 Chri-

1219 806 1278 837 sto
1299 806 1421 837 monte
1438 802 1695 848 pulcherrimo,
1716 804 1882 841 habitare
1900 805 2051 842 faciunt.
2069 807 2155 851 Iste,
2174 807 2280 853 juxta

1218 860 1359 904 Daniel,
1378 861 1467 908 lapis
1485 862 1620 898 excisus
1637 863 1680 898 de
1699 870 1815 900 monte
1831 866 1907 901 sine
1926 866 2103 911 manibus,
2121 868 2228 903 crevit
2243 869 2281 903 in

1218 929 1370 958 montem
1393 934 1574 969 magnum,
1612 930 1645 959 et
1676 924 1826 971 implevit
1852 937 1988 962 omnem
2021 933 2151 964 terram
2169 928 2280 975 (Dan.

1218 982 1259 1027 11)
1281 994 1288 1017 z
1313 982 1400 1025 Iste,
1419 984 1524 1029 juxta
1558 983 1741 1028 Ezechiel,
1762 985 1955 1023 vulneravit
1972 989 2163 1035 principem
2183 988 2280 1035 Tyri.

1218 1039 1272 1075 Ad
1289 1041 1398 1076 istum
1419 1043 1454 1076 in
1488 1043 1579 1078 lsaia
1599 1049 1634 1078 et
1673 1044 1821 1080 Micliaea
1853 1048 1974 1092 populi
2007 1048 2194 1085 confluunt
2227 1049 2280 1085 di-

1219 1107 1344 1138 centes
1366 1114 1375 1136 :
1406 1102 1539 1146 Venite,
1567 1105 1798 1140 ascendamus
1831 1107 1869 1141 in
1893 1114 2043 1153 montem
2062 1109 2222 1152 Domini,
2249 1116 2283 1144 et

85 1180 220 1205 annum
240 1167 442 1214 perveniat.
483 1167 536 1202 Ex
573 1176 644 1212 quo
667 1166 841 1202 discimus
861 1172 944 1212 post
978 1167 1146 1212 sepulcra
1165 1163 1198 1203 B
1217 1163 1262 1199 ad
1280 1164 1423 1198 domum
1443 1164 1505 1199 Dei
1524 1163 1634 1200 Jacob
1653 1175 1664 1198 .·
1684 1172 1715 1201 et
1734 1169 1957 1204 annuntiabit
1974 1170 2071 1205 nobis
2089 1171 2163 1206 vias
2181 1182 2281 1214 suas,

84 1229 385 1276 concupiscentiae
416 1233 452 1263 et
470 1227 647 1263 vestibula
664 1228 822 1263 transire
846 1237 913 1263 nos
938 1227 983 1262 ad
1010 1227 1149 1273 lignum

87 1291 181 1337 quod
219 1290 333 1326 multo
353 1295 516 1335 tempore
544 1288 700 1324 calorem
734 1293 848 1331 tenet,
881 1294 921 1323 ut
941 1288 1055 1324 simus
1076 1288 1149 1324 ser-

83 1356 209 1388 ventes
234 1351 377 1398 spiritu,
407 1356 443 1386 et
464 1350 562 1385 claro
582 1349 701 1384 sonitu
718 1348 954 1394 Evangelium
971 1348 1006 1383 in
1035 1348 1148 1383 altum

84 1411 245 1449 exaltata
279 1419 367 1446 voce
397 1409 540 1445 Domini
576 1409 829 1454 praedicemus.
871 1407 1096 1453 Profectique
1106 1407 1148 1442 de

88 1472 249 1514 Remum,
267 1471 503 1506 castrametati
519 1475 599 1504 sunt
613 1470 651 1503 in
670 1468 852 1503 Remmom
868 1466 1017 1502 Pltares.
1037 1467 1148 1502 Sexta

85 1533 226 1568 decima
244 1532 400 1574 mansio,
439 1540 519 1576 quae
551 1530 812 1574 interpretatur
831 1527 958 1564 Graeco
979 1538 1147 1564 sermone

83 1596 189 1645 ’ροιᾶς
206 1595 378 1633 ἀποκοπή,
407 1590 535 1626 Latine
556 1589 641 1624 mali
666 1589 785 1635 punici
814 1589 952 1631 divisio,
973 1589 1068 1634 quod
1087 1589 1147 1624 alii

84 1654 221 1690 malum
242 1658 432 1698 granatum
466 1656 610 1686 vocant.
635 1649 746 1695 Cujus
783 1649 923 1685 arboris
950 1648 1090 1684 fructus
1110 1649 1148 1685 in

85 1714 287 1760 Scripturis
323 1712 516 1758 dupliciter
559 1711 735 1757 accipitur
756 1723 763 1745 :
794 1715 855 1745 aut
904 1710 940 1744 in
974 1708 1148 1745 Ecclesiae

85 1775 236 1822 gremio,
254 1784 334 1820 quae
356 1783 501 1809 omnem
519 1773 663 1808 turbam
680 1772 905 1807 credentium
926 1781 991 1807 suo
1012 1770 1148 1806 cortice

86 1837 185 1882 tegit,
232 1841 294 1870 aut
330 1835 366 1869 in
400 1834 575 1870 varietate
612 1833 920 1877 consonantiaque
957 1831 1145 1874 virtutum,

80 1897 184 1943 Juxta
199 1895 286 1930 illud
305 1895 400 1940 quod
429 1894 605 1940 scriptum
629 1898 686 1929 est
707 1904 714 1927 :
751 1891 993 1927 Multitudinis
1030 1897 1147 1927 autem

58 2001 63 2004 ι
84 1958 299 1993 credentium
333 1962 407 1991 erat
441 1967 501 1990 cor
519 1966 628 1990 unum
648 1960 680 1990 et
713 1955 833 1989 anima
851 1965 924 1989 una
962 1952 1053 2000 (Act.
1072 1952 1138 1999 iv).

85 2019 217 2064 Sicque
235 2018 369 2053 diversi
388 2023 471 2053 sunt
491 2017 621 2062 singuli
643 2016 791 2061 gradus,
821 2020 862 2050 ut
875 2025 1002 2051 omnes
1019 2015 1147 2051 eadem

1219 1231 1251 1260 et
1285 1223 1542 1260 ambulabimus
1576 1227 1614 1261 in
1643 1228 1774 1263 semitis
1794 1229 1871 1275 ejus
1896 1229 1986 1277 (lsa.
2009 1230 2066 1277 u).
2089 1231 2135 1266 Et
2155 1233 2283 1277 eqressi

1218 1285 1261 1321 de
1276 1291 1391 1321 monte
1410 1285 1542 1332 Sepher
1559 1294 1724 1322 venerunt
1738 1289 1775 1323 in
1803 1290 1936 1325 Arada.
1966 1289 2145 1327 vicesima
2164 1292 2283 1337 prima

1218 1346 1359 1381 mansio
1382 1347 1536 1381 vertitur
1557 1347 1594 1382 in
1614 1348 1837 1385 miraculum.
1873 1350 1988 1394 Quam
2022 1352 2172 1398 pulcher
2193 1353 2283 1388 ordo

1218 1405 1460 1450 profectuum,
1478 1417 1585 1452 quam
1604 1409 1749 1453 egregia
1769 1414 1911 1445 textura
1933 1412 2175 1447 credentium.
2193 1413 2282 1449 Post

1218 1476 1307 1511 opus
1340 1466 1465 1502 lateris
1500 1466 1740 1511 infrenamur,
1778 1477 1859 1514 post
1876 1470 1999 1508 frenos
2018 1474 2053 1508 in
2079 1473 2281 1510 Ecclesiam

1217 1526 1494 1570 introducimur,
1516 1533 1598 1573 post
1619 1529 1880 1567 habitationem
1918 1533 2091 1569 Ecclesiae
2112 1535 2158 1570 ad
2177 1533 2283 1570 Chri-

1218 1593 1313 1623 stum
1332 1588 1369 1622 in
1387 1593 1548 1624 montem
1580 1590 1811 1626 ascendimus
1831 1604 1839 1626 ε
1864 1593 1901 1627 in
1922 1603 1993 1638 quo
2013 1595 2137 1638 positi,
2162 1600 2283 1640 stupe-

1219 1659 1299 1685 mus
1313 1654 1421 1694 atque
1440 1650 1617 1685 miramur
1634 1656 1672 1685 ut
1689 1658 1813 1687 noster
1833 1653 1870 1689 in
1884 1654 2051 1691 laudibus
2065 1655 2143 1700 ejus
2159 1666 2281 1692 sermo

1218 1715 1424 1756 superetur,
1456 1711 1717 1747 invenientium
1743 1712 1782 1748 in
1801 1724 1844 1750 eo
1867 1726 1945 1760 quoe
1961 1726 2021 1750 nec
2040 1714 2162 1750 oculus
2181 1716 2282 1759 vidit,

1218 1781 1279 1805 nec
1317 1771 1413 1805 auris
1438 1771 1583 1815 audivit,
1616 1783 1678 1806 nec
1696 1773 1732 1808 in
1765 1785 1825 1808 cor
1861 1774 2011 1810 hominis
2046 1775 2281 1811 ascenderunt

1219 1828 1277 1876 (ΙΙ
1299 1829 1380 1865 Gor.
1407 1830 1463 1878 11).
1484 1830 1572 1867 Inde
1595 1832 2129 1879 proficiscentes,'castrametati
2149 1843 2227 1871 sunt
2246 1838 2283 1872 in

1219 1888 1409 1926 Maceloth.
1438 1892 1619 1928 Vicesima
1638 1894 1796 1929 secunda
1830 1896 1970 1931 mansio
1990 1896 2026 1931 in
2047 1903 2152 1931 coetus
2171 1896 2283 1932 verti-

1219 1959 1293 1987 tur.
1326 1951 1365 1987 In
1386 1953 1455 1988 hac
1475 1954 1573 1989 enim
1614 1955 1781 1991 consistit
1808 1956 2000 1993 multitudo
2037 1957 2279 2001 credentium,

1218 2012 1380 2048 Ecclesia
1401 2013 1680 2058 primitivorum,
1703 2016 1878 2052 virtutum
1896 2018 2060 2053 omnium
2078 2028 2284 2054 consonan-

84 2088 256 2125 compage
276 2083 482 2113 teneantur.
511 2076 609 2111 Unde
637 2076 765 2122 eqressi
780 2081 944 2111 venerunt
959 2075 996 2110 in
1010 2075 1143 2111 Lebna.
1167 2068 1195 2109 C
1219 2075 1283 2110 tia.
1313 2075 1414 2112 Tunc
1436 2086 1521 2111 vere
1540 2086 1734 2121 possumus
1750 2078 1871 2114 dicere
1894 2091 1901 2112 :
1921 2078 2012 2113 Ecce
2027 2090 2134 2124 quam
2152 2080 2282 2114 bonum

86 2141 248 2186 Septima
270 2140 411 2175 decima
446 2138 600 2179 mansio,
623 2147 733 2183 quam
757 2138 793 2173 in
813 2136 937 2171 lateres
954 2146 1148 2182 possumus

82 2207 240 2239 vertere.
270 2200 371 2236 Licet
406 2200 553 2245 quidam
588 2199 712 2234 Lebna
751 2198 1024 2241 transferentes,
1052 2198 1148 2234 male

84 2262 273 2298 candorem
308 2259 537 2306 interpretati
573 2265 669 2294 sunt.
693 2258 862 2303 Legimus
881 2257 1073 2303 AEgyptios
1092 2258 1147 2293 la-

85 2328 182 2360 teres
200 2324 237 2358 in
256 2323 393 2364 Exodo,
424 2331 514 2367 quos
533 2321 687 2367 populus
715 2320 854 2356 faciens
872 2320 1060 2366 ingemuit.
1081 2320 1149 2356 Le-

85 2384 203 2430 gimus
225 2383 261 2418 in
279 2382 469 2424 Malachia‚
502 2391 567 2427 pro
593 2381 723 2426 quibus
744 2381 899 2416 Idumaea
937 2381 1146 2424 destructis,

86 2444 218 2490 lapides
238 2443 363 2490 politos
393 2453 570 2489 reponere
591 2443 743 2477 nititur:
782 2447 818 2477 et
837 2442 979 2477 laterem
1001 2442 1037 2477 in
1058 2442 1149 2477 Eze-

87 2504 191 2546 chiel,
210 2505 246 2539 in
270 2515 341 2549 quo
356 2505 514 2539 obsessae
536 2502 735 2538 Jerusalem
752 2502 893 2547 pictura
914 2502 1145 2537 describitur.

86 2564 138 2598 Ex
158 2564 288 2608 quibus
313 2563 484 2598 discimus
503 2562 538 2596 in
565 2562 695 2596 itinere
715 2561 818 2595 istius
837 2561 934 2601 vitae,
954 2565 990 2594 et
1020 2560 1063 2595 de
1078 2559 1148 2595 alio

87 2625 125 2660 in
146 2624 242 2658 aliud
268 2622 425 2657 transitu
462 2631 558 2656 nunc
589 2631 654 2656 nos
674 2630 852 2662 cresccre,
884 2630 980 2654 nunc
1015 2619 1147 2655 decre—

86 2694 205 2726 scere,
227 2689 262 2719 et
282 2689 362 2729 post
400 2682 564 2717 ordinem
590 2680 877 2716 ecclesiasticum
901 2690 994 2725 saepe
1012 2681 1056 2716 ad
1095 2680 1147 2716 la-

87 2750 204 2782 terum
236 2754 347 2789 opera
378 2742 648 2788 transmigrare.
672 2741 718 2775 Et
748 2741 790 2775 de
810 2740 927 2776 Lebna
957 2748 1147 2777 castrame-

87 2805 152 2841 tati
169 2805 299 2839 suntin
318 2803 441 2838 Ressa.
462 2801 599 2838 Octava
631 2801 772 2836 decima
807 2801 948 2836 mansio
971 2801 1007 2836 in
1027 2801 1146 2847 frenos

87 2866 255 2902 vertitur.
294 2863 333 2899 Si
359 2863 455 2898 enim
484 2867 566 2908 post
601 2861 805 2907 profectum
828 2872 973 2897 rursum
1013 2863 1058 2898 ad
1077 2863 1147 2898 luti

89 2935 199 2971 opera
236 2925 502 2966 descendimus,
548 2922 751 2958 infrenandi
767 2933 904 2965 sumus,
943 2928 980 2958 et
1018 2934 1147 2960 rursus

1219 2141 1252 2171 et
1268 2147 1374 2183 quam
1387 2137 1585 2181 jucundum
1605 2137 1764 2172 habitare
1799 2138 1925 2183 fratres
1958 2139 1995 2173 in
2029 2149 2139 2174 unum
2164 2137 2282 2185 (Psal.

1219 2198 1373 2243 cxxxii).
1418 2197 1463 2232 Et
1490 2197 1665 2233 Dominus
1699 2197 1787 2234 facit
1821 2199 1929 2234 unius
1965 2199 2077 2234 moris
2103 2199 2139 2234 in
2162 2199 2282 2235 domo.

1220 2258 1442 2304 Profectique
1460 2257 1502 2293 de
1526 2258 1716 2301 Macelotlt,
1758 2260 1997 2295 castrametati
2022 2260 2159 2295 suntin
2186 2259 2280 2295 lea-

1218 2317 1316 2352 ΙιαιΙι.
1346 2317 1526 2353 vicesima
1546 2318 1653 2353 tertia
1673 2318 1813 2354 mansio
1834 2324 1956 2363 potest
1983 2323 2019 2353 et
2036 2318 2156 2353 subter
2176 2318 2283 2353 intel-

1219 2368 1295 2424 ligi.
1330 2378 1401 2413 Sed
1437 2379 1566 2414 melius
1598 2391 1760 2425 pavorem
1785 2379 2124 2425 [interpretabimur.
2171 2379 2282 2414 Veni-

1218 2441 1265 2476 sti
1288 2439 1333 2474 ad
1358 2438 1571 2480 Ecclesiam,
1604 2439 1798 2474 ascendisti
1833 2440 1880 2475 ad
1915 2445 2077 2474 montem
2109 2438 2280 2483 pulcher-

1219 2502 1364 2541 rimum,
1389 2506 1537 2544 stupore
1558 2505 1592 2534 ct
1624 2499 1799 2535 miraculo
1821 2499 1956 2535 Christi
1993 2499 2281 2545 magnitudinem

1219 2561 1415 2598 confiteris.
1436 2560 1545 2596 Vides
1563 2560 1613 2595 ibi
1649 2560 1782 2595 multos
1801 2560 1946 2596 virtutis
1965 2566 2034 2596 tuac
2058 2561 2188 2603 socios,
2207 2560 2282 2596 noli

1218 2623 1328 2658 altum
1345 2631 1471 2667 sapere
1493 2622 1555 2657 sed
1586 2622 1685 2656 time.
1710 2622 1884 2658 Dominus
1904 2622 2001 2658 enim
2035 2623 2199 2668 superbis
2223 2632 2283 2659 re·

1218 2682 1326 2725 sistit,
1347 2681 1543 2716 humilibus
1567 2686 1686 2716 autem
1707 2681 1767 2716 dat
1785 2682 1954 2728 gratiam.
1989 2682 2034 2717 Et
2050 2683 2110 2727 qui
2124 2693 2162 2718 se
2182 2683 2282 2718 exal-

1217 2748 1282 2785 tat,
1320 2743 1504 2778 videatne
1543 2743 1660 2778 cadat.
1698 2742 1872 2779 Potentes
1910 2749 2077 2789 potenter
2098 2750 2282 2781 tormenta

1216 2803 1411 2848 patientur.
1433 2802 1557 2838 Timor
1588 2803 1764 2838 virtutum
1795 2809 1932 2845 custos,
1971 2810 2008 2839 et
2039 2806 2214 2842 securitas
2233 2807 2281 2843 ad

1217 2864 1354 2909 lapsum
1370 2862 1499 2899 facilis.
1518 2862 1620 2899 Unde
1635 2868 1671 2898 et
1691 2863 1727 2898 in
1747 2864 1902 2909 quodam
1917 2864 2069 2910 psalmo,
2086 2871 2279 2911 postquam

1216 2924 1397 2969 Propheta
1415 2923 1583 2958 dixerat:
1608 2922 1782 2958 Dominus
1811 2924 1898 2969 repit
1922 2935 1990 2967 me,
2012 2931 2043 2960 et
2075 2925 2161 2960 nihil
2189 2926 2278 2961 mihi

88 2986 169 3032 vagi
187 2990 295 3030 atque
313 2984 518 3029 praecipites
536 2982 809 3028 Scripturarum
832 2983 1043 3019 retinaculis
1061 2985 1149 3020 diri-
1166 2987 1202 3026 D
1219 2986 1338 3028 deerit,
1362 2985 1399 3020 in
1416 2983 1490 3019 loco
1505 2995 1646 3030 pascum
1671 2985 1719 3019 ibi
1739 2995 1792 3019 me
1812 2984 2007 3028 collocavit,
2036 2985 2156 3033 jungit
2176 2987 2279 3022 timo-

89 3044 210 3090 gendi.
234 3042 308 3078 Hoc
340 3042 503 3085 verbum,
537 3047 712 3087 quantum
756 3043 931 3078 memoria
969 3045 1145 3090 suggerit,

89 3111 268 3146 nusquam
283 3100 321 3135 in
346 3099 544 3146 Scripturis
565 3101 699 3137 sanctis
725 3101 820 3147 apud
850 3101 1025 3139 Hebraeos
1046 3103 1148 3140 inve-

88 3162 188 3198 nisse
214 3171 272 3198 me
291 3162 388 3204 novi,
405 3162 542 3207 absque
555 3162 647 3198 libro
663 3164 870 3210 apocrypho
890 3165 951 3209 qui
972 3175 992 3200 a
1006 3164 1146 3202 Graecis

46 3259 53 3266 ,
88 3223 322 3274 Μικρογὲνεσις
340 3222 552 3268 appellatur.
570 3224 621 3259 lbi
638 3224 675 3259 in
696 3224 932 3261 aedificatione
953 3227 1064 3262 turris
1081 3238 1147 3274 pro

90 3284 206 3321 stadio
218 3284 379 3329 ponitur,
393 3284 431 3320 in
449 3294 520 3330 quo
539 3291 753 3320 exercentur
771 3286 909 3332 pugiles
927 3291 964 3322 et
982 3288 1143 3332 athletae,

91 3347 128 3379 et
146 3353 333 3379 cursorum
356 3343 529 3380 velocitas
564 3345 835 3390 comprobatur.
858 3345 952 3382 Dicit
985 3353 1022 3382 et
1041 3347 1145 3383 Psal-

92 3404 224 3440 mista:
244 3403 290 3439 In
305 3404 404 3450 [reno
423 3404 588 3441 maxillas
609 3416 729 3441 eorum
759 3408 969 3453 constrinye,
997 3409 1056 3454 qui
1075 3419 1145 3443 non

95 3466 336 3511 approximant
349 3466 396 3502 ad
422 3471 454 3502 te
470 3466 586 3514 (Psal.
607 3466 722 3515 xxxi).
752 3467 797 3502 Et
817 3467 1012 3512 Apostolus
1035 3480 1042 3503 :
1073 3467 1146 3502 Ne-

92 3523 189 3560 scitis
203 3525 369 3570 quoniam
384 3526 444 3572 qui
467 3525 506 3561 in
526 3526 639 3562 stadio
671 3532 832 3570 currunt,
852 3537 971 3561 omnes
1006 3526 1146 3572 quidem

95 3588 253 3626 currunt,
283 3582 343 3619 sed
371 3594 461 3620 anus
491 3585 618 3631 accipit
651 3585 842 3622 bravium?
875 3585 934 3621 Sic
961 3587 1089 3621 currite
1111 3591 1148 3621 at

97 3643 392 3688 comprehendatis
425 3645 461 3693 (Ι
487 3644 568 3682 Cor.
605 3648 673 3695 ix).
707 3648 756 3684 Et
773 3648 919 3695 profecti
955 3647 996 3684 de
1022 3647 1147 3692 Bessa,

98 3706 334 3741 castrametati
355 3708 491 3743 suntin
524 3706 705 3744 Ceelatlia.
728 3708 831 3746 Nona
850 3709 988 3746 decima
1008 3709 1149 3746 mansio

98 3759 356 3808 iuterpretatur
391 3765 564 3804 Ecclesia.
603 3767 695 3814 Vazi
738 3769 961 3806 currentium
997 3779 1146 3815 gressus

1222 3058 1299 3084 rem
1318 3047 1379 3092 qui
1399 3050 1521 3082 custos
1540 3045 1773 3082 beatitudinis
1789 3051 1845 3082 est
1864 3045 2024 3089 etinfert
2050 3059 2058 3081 :
2090 3046 2197 3092 Virqa
2216 3053 2278 3082 tua

1220 3115 1250 3144 et
1270 3108 1413 3143 baculus
1438 3113 1532 3148 tuus,
1555 3108 1632 3153 ipsa
1655 3118 1708 3142 me
1739 3106 1919 3142 consolata
1939 3112 2033 3141 sunt.
2058 3106 2103 3140 Et
2123 3112 2177 3141 est
2195 3115 2277 3141 sen-

1220 3180 1282 3206 sus
1303 3181 1310 3204 :
1335 3169 1426 3203 Dum
1453 3173 1631 3203 tormenta
1645 3167 1813 3209 formido,
1835 3166 1977 3200 servavi
1991 3165 2143 3210 gratiam
2165 3175 2276 3210 quam

1222 3238 1446 3274 acceperam,
1466 3227 1518 3263 De
1537 3219 1697 3262 ΤΙιαΙιαιἸι
1730 3225 1970 3260 castrametati
1985 3229 2067 3258 sunt
2086 3224 2124 3259 in
2144 3223 2272 3260 Thare.

1221 3290 1401 3327 vicesima
1419 3295 1546 3334 quarta
1568 3286 1706 3322 mansio
1725 3297 1733 3319 :
1754 3294 1862 3330 quam
1882 3284 2041 3320 nonnulli
2069 3290 2215 3322 vertunt
2234 3287 2274 3324 in

1219 3350 1392 3386 malitiam
1409 3349 1466 3383 vel
1482 3349 1518 3382 in
1551 3351 1742 3391 pasturam.
1781 3342 1854 3378 Nec
1872 3349 2049 3387 errarent,
2068 3344 2098 3380 si
2127 3354 2192 3391 per
2211 3347 2273 3383 ain

1219 3416 1247 3467 γ
1268 3411 1425 3445 litteram
1459 3406 1694 3442 scriberetur.
1722 3402 1826 3438 Nunc
1861 3412 1948 3439 vero
1981 3413 2063 3440 cum
2098 3407 2272 3452 aspiratio

1218 3468 1349 3513 duplex
1364 3467 1400 3501 in
1425 3471 1585 3500 extrema
1604 3463 1650 3498 sit
1687 3460 1837 3508 syllaba,
1869 3463 2004 3500 erroris
2022 3474 2131 3501 causa
2150 3467 2270 3503 mani-

1218 3527 1309 3562 festa
1345 3530 1411 3560 est.
1449 3522 1524 3558 Hoc
1559 3521 1684 3557 eodem
1723 3521 1896 3559 vocabulo
1913 3527 1951 3560 et
1970 3524 2105 3561 eisdem
2138 3525 2271 3564 litteris

1215 3586 1388 3631 scriptum
1408 3583 1552 3619 invenio
1572 3588 1706 3628 patrem
1739 3582 1932 3629 Abraham,
1951 3586 2014 3632 qui
2048 3587 2086 3622 in
2103 3587 2268 3633 supradi-

1214 3651 1272 3683 cto
1306 3643 1511 3691 apocrypho
1541 3641 1723 3680 Geneseos
1741 3643 1938 3688 volumine,
1971 3645 2108 3682 abactis
2145 3647 2267 3685 corvis

1214 3706 1274 3742 oui
1291 3703 1478 3741 hominum
1491 3702 1673 3739 frumenta
1689 3703 1894 3748 vastabant,
1923 3703 2106 3742 abactoris
2123 3706 2180 3743 vel
2200 3707 2262 3745 de-

1215 3765 1371 3815 pulsoris
1389 3763 1540 3803 sortitus
1558 3768 1617 3802 est
1628 3772 1775 3802 nomen.
1796 3762 1920 3810 Itaque
1937 3770 1975 3803 et
1990 3776 2058 3803 nos
2076 3766 2264 3805 imitemur
