2540 4016
84 223 153 260 569

673 211 1005 252 EXPOSITIONES
1031 211 1076 247 IN
1104 209 1366 255 LEVITICUM.
1393 230 1441 238 —
1465 210 1552 247 LIB.
1580 210 1657 249 vn.

2172 217 2243 258 570

84 294 200 331 Homo
222 294 282 341 qui
299 299 415 330 votum
439 290 556 338 fecerit
581 294 615 325 et
640 287 862 335 spoponderit
884 286 958 322 Deo
977 286 1130 322 animam
1148 290 1183 328 A
1200 287 1295 332 quod
1313 297 1386 323 non
1408 291 1548 322 tantum
1562 285 1597 322 ei
1612 286 1656 322 de
1671 290 1778 322 aetate
1794 291 1857 321 aut
1879 287 1996 331 annis,
2011 299 2183 335 quantum
2202 296 2248 333 de

82 366 206 398 suam,
229 355 266 391 id
294 359 362 396 est,
381 352 584 398 quicunque
600 348 809 395 promiserit
838 347 997 382 animam
1027 356 1129 381 suam

82 412 169 454 Deo,
186 420 400 456 omnemque
417 410 451 446 ei
474 418 577 445 suam
593 407 706 443 vitam
722 405 852 442 offerre
873 404 1045 448 voluerit,
1065 405 1129 439 erit

80 475 229 520 pretium
248 472 395 509 masculi
413 471 608 508 avicesimo
634 480 725 505 anno
752 480 860 515 usque
886 467 931 503 ad
957 466 1131 513 sexagesi-

79 545 175 570 mum
192 545 342 578 annum,
360 532 611 581 quinquaqinta
635 530 728 566 siclis
757 529 912 576 arpenti,
931 528 975 563 ad
992 538 1131 563 mensu-

80 605 156 629 ram
175 594 382 629 sanctuarii.
401 593 438 628 Si
462 593 543 638 quis
563 602 648 638 ergo
668 602 688 626 a
706 590 876 626 vicesimo
896 599 989 624 anno
1007 593 1075 630 est,
1095 587 1131 623 id

79 661 145 696 est,
166 654 289 698 pubes,
312 651 432 694 fortis,
448 652 587 688 validus
600 679 608 695 ,
638 651 819 687 sufficiens
838 660 964 686 omnes
980 649 1132 685 virtutes

77 712 232 759 operari,
253 716 289 747 et
304 711 482 757 subjicere
503 711 744 756 intelligibiles
762 711 947 752 inimicos,
966 708 1132 744 omnibus

78 772 280 808 actionibus
294 777 330 806 et
345 772 527 816 operibus.
541 772 569 806 A
585 772 712 817 viginti
729 771 825 807 enim
841 770 944 805 annis
956 773 992 804 et
1007 777 1129 812 supra,

75 833 156 868 vide
175 832 261 877 quid
278 832 323 867 de
347 832 415 867 hac
440 837 546 867 :etate
566 832 734 867 dicebat:
763 830 884 866 Omnis
910 826 1085 863 masculus
1109 838 1130 862 α

75 892 196 938 viyinti
213 892 315 927 annis
333 898 363 926 et
380 902 499 937 supra.
519 892 651 927 Omnes
665 891 725 935 qui
747 889 930 925 ambulant
945 888 982 922 in
997 887 1131 922 virtute

75 966 160 998 sua,
191 955 412 991 Fortitudinis
432 956 529 992 enim
558 955 714 990 maxime
745 953 802 988 his
825 953 886 997 qui
910 952 996 987 illud
1022 956 1130 997 agunt

75 1022 230 1062 tempus,
265 1019 302 1052 in
334 1017 516 1061 praedictis
547 1015 792 1051 testimonium
814 1014 968 1059 praebuit
986 1014 1128 1056 verbis,

74 1078 123 1112 ita
152 1083 190 1111 ut
214 1082 296 1121 pote
316 1076 383 1110 hac
402 1080 508 1110 aetate
529 1081 564 1110 ct
585 1084 732 1110 currere
751 1074 933 1109 valentem
962 1080 998 1109 et
1029 1084 1130 1108 arma

71 1141 238 1181 portare,
267 1134 491 1179 multumque
523 1134 714 1170 habentem
733 1134 768 1168 in
786 1134 925 1180 agendo
951 1132 1129 1168 fervorem

1198 349 1391 386 virtutibus
1421 359 1501 395 quae
1530 357 1597 395 per
1622 347 1699 383 haec
1729 347 1998 393 significantur,
2031 359 2115 386 cura
2143 361 2247 393 erat:

1200 407 1310 444 Unius
1328 410 1394 444 viri
1417 420 1519 452 uxor,
1539 409 1569 444 si
1583 407 1676 454 filios
1691 407 1865 451 educavit,
1889 409 1919 443 si
1933 408 2081 454 hospitio
2100 415 2223 457 recepit
2238 441 2249 458 ,

1197 469 1229 505 si
1249 475 1449 504 sanctorum
1463 469 1565 515 pedes
1579 467 1662 504 lavit
1679 479 1692 510 ;
1715 467 1746 502 si
1770 466 2028 502 tribulationem
2045 469 2252 514 patientibus

1198 525 1554 573 subministravit,'si
1587 540 1686 564 omne
1717 540 1802 575 opus
1830 528 1958 563 bonum
1982 529 2165 565 subsecuta
2185 538 2252 568 est.

1200 589 1272 626 Sed
1285 590 1361 625 haec
1380 589 1524 636 quidem
1544 588 1727 634 perfectus
1748 593 1785 624 et
1802 598 1868 634 per
1886 588 2007 625 omnia
2025 599 2253 627 consumma-

1200 655 1258 685 tus
1279 649 1399 685 homo.
1423 649 1511 685 Vide
1535 655 1655 685 autem
1676 655 1712 684 et
1739 658 1821 684 eum
1849 649 1908 684 eui
1939 648 2009 685 hoc
2037 649 2164 693 deest;
2192 651 2255 686 sed

1201 715 1320 746 tamen
1347 711 1391 746 ad
1420 710 1505 746 illud
1535 710 1684 756 provehi
1704 710 1907 747 desiderat:
1933 710 1963 745 A
1993 711 2112 758 quinto
2138 718 2254 747 autem

1199 781 1290 805 anno
1317 781 1423 817 usque
1448 771 1493 805 ad
1519 771 1717 806 vicesimum
1741 770 1938 814 masculus,
1958 771 2054 806 dabit
2071 771 2192 817 viyinli
2209 771 2256 806 si-

1199 831 1270 866 clos
1284 858 1294 874 ,
1315 831 1391 867 sive
1409 838 1448 867 ut
1469 831 1703 878 Septuaginta
1732 831 1969 866 didrachmas.
1999 831 2065 868 Hic
2087 841 2168 867 eum
2193 831 2255 878 qui

1198 891 1352 926 necdum
1376 892 1520 937 quidem
1540 897 1596 927 est
1614 890 1795 937 perfectus
1809 918 1818 934 ,
1845 895 2029 926 sensatum
2054 896 2172 926 tamen
2191 891 2255 928 ho-

1198 950 1332 986 minem
1351 952 1451 995 dicit,
1467 958 1503 988 et
1517 952 1577 998 qui
1595 952 1771 997 proficere
1790 952 1911 998 coepit.
1931 951 2067 988 Sensus
2081 952 2175 988 enim
2189 963 2254 1000 per

1197 1018 1387 1044 numerum
1416 1011 1574 1056 quinque
1603 1020 1778 1046 annorum
1808 1011 1947 1055 innuit,
1977 1011 2062 1056 quia
2092 1017 2144 1047 tot
2170 1017 2254 1048 sunt

1198 1079 1368 1113 numero;
1397 1076 1589 1115 provectus
1603 1076 1724 1106 autem
1742 1071 1804 1116 qui
1822 1071 1867 1106 ad
1885 1071 2109 1117 juventutem
2140 1073 2255 1108 tendit

1199 1136 1234 1166 et
1251 1130 1294 1165 ad
1312 1130 1589 1176 perfectionem,
1611 1141 1631 1166 a
1654 1131 1813 1176 quinque
1831 1131 1934 1165 annis
1950 1135 1987 1165 et
2006 1140 2120 1175 usque
2140 1131 2185 1166 ad
2200 1130 2254 1166 vi-

72 1196 323 1240 caloremque,
352 1194 458 1239 hujus
485 1195 662 1240 pretium,
686 1194 722 1229 id
746 1200 820 1236 est,
850 1194 1073 1229 conversatio
1093 1198 1128 1229 et
1147 1182 1179 1220 Β
1197 1191 1372 1226 cesimum
1405 1202 1540 1226 annum
1570 1196 1637 1226 cst.
1670 1190 1804 1237 Viginti
1836 1190 1931 1226 enim
1957 1201 2133 1226 annorum
2160 1191 2254 1227 inter

70 1260 144 1294 vita
165 1265 200 1294 ct
218 1258 409 1294 retributio
425 1269 533 1304 quam
558 1268 623 1303 pro
645 1258 836 1303 semetipso
858 1257 931 1292 Deo
961 1256 1066 1292 olfert
1094 1262 1129 1292 et

71 1320 262 1367 promittit,
293 1319 552 1365 quinquaginta
580 1318 678 1360 sicli,
713 1318 787 1352 sive
817 1317 998 1352 drachmae
1030 1323 1126 1352 sunt.

71 1380 407 1428 Quinquagenarius
441 1380 537 1415 enim
567 1389 739 1414 immerus
770 1378 967 1423 spiritalem
1001 1376 1129 1422 figurat

69 1441 194 1483 vitam,
213 1441 297 1487 quia
317 1441 351 1475 in
370 1439 668 1485 quinquagesimo
687 1439 744 1474 dic
764 1438 880 1473 sancti
897 1437 1052 1482 Spiritus
1068 1437 1129 1472 ad-

69 1507 199 1537 ventus
213 1501 328 1536 factus
347 1506 415 1543 est,
436 1501 496 1535 sed
514 1506 548 1535 et
569 1501 603 1534 in
622 1510 715 1535 armo
731 1499 1028 1544 quinquagesimo
1042 1498 1130 1534 libc-

70 1561 163 1596 ratio
191 1561 230 1595 fit
259 1560 377 1596 omnis
402 1559 526 1602 debiti,
548 1564 583 1595 et
603 1564 710 1594 terrae
732 1559 927 1599 restitutio,
948 1558 1130 1603 multaque

70 1623 106 1658 in
128 1623 258 1658 coalia
278 1623 369 1657 bona
389 1621 522 1657 ,Iudaeis
549 1631 613 1666 per
639 1621 753 1667 legem
780 1620 952 1666 disposita
977 1625 1071 1655 sunt.
1099 1619 1129 1654 A

72 1683 199 1728 viginti
218 1682 323 1718 annis
342 1687 460 1717 autem
482 1692 594 1726 usquc
614 1682 658 1716 ad
683 1681 866 1727 sexaginta
887 1690 1012 1716 annos.
1034 1680 1129 1715 lntra

70 1742 146 1778 hate
162 1742 260 1777 enim
283 1748 442 1786 tempora
470 1747 557 1776 aetas
578 1747 613 1776 ct
634 1740 853 1776 intellectum
875 1740 1075 1785 perfectum
1093 1745 1129 1775 et

69 1803 316 1839 fortitudinem
336 1810 372 1838 et
392 1802 546 1838 liliorum
565 1802 854 1848 procreationem
878 1801 1008 1844 habet,
1028 1806 1066 1836 ut
1084 1811 1127 1836 cx

69 1864 299 1901 sensibilibus
332 1874 398 1900 nos
428 1863 666 1910 intelligibilia
697 1864 909 1910 cogitemus.
943 1863 1037 1909 Ergo
1066 1864 1128 1910 qui

67 1925 288 1962 intellectum
306 1930 490 1961 maturum
509 1930 546 1960 et
574 1924 772 1971 perfectum
800 1925 911 1960 habet
930 1929 967 1959 et
986 1923 1128 1959 fortitu-

67 1987 199 2031 dinem,
219 1994 352 2033 utquae
377 1986 555 2023 intellexit
586 1991 688 2032 agat,
710 1986 770 2022 hic
792 1985 887 2022 filios
917 1995 1127 2031 comparare

67 2048 156 2084 alios
173 2049 246 2084 Deo
268 2058 334 2095 per
351 2058 452 2084 suam
472 2047 786 2084 conversationem
801 2072 810 2090 ‚
837 2046 893 2082 vel
925 2046 1126 2082 doctrinam

66 2107 297 2154 impendens,
323 2112 455 2154 potest.
476 2106 591 2152 Hujus
610 2107 765 2153 pretium
790 2106 920 2142 animae
946 2106 1125 2152 quinqua·
1145 2090 1175 2131 C

67 2170 165 2216 ginta
184 2170 404 2205 didrachmae
427 2168 607 2214 perfectus
626 2168 765 2204 fructus
785 2173 860 2211 est,
881 2172 916 2204 et
932 2167 1126 2213 perfectio-

66 2230 123 2266 nis
138 2239 286 2273 corona,
307 2239 386 2275 quae
402 2234 438 2265 et
457 2228 671 2275 martyrium
691 2227 852 2271 habebit,
872 2233 908 2263 et
925 2238 1046 2263 rerum
1064 2227 1126 2264 dc-

66 2296 227 2337 spectum
244 2296 280 2326 et
298 2299 441 2326 omnem
471 2289 569 2325 illam
590 2288 852 2335 perfectionem
872 2284 985 2334 'quam
1005 2289 1126 2324 Domi-

66 2362 133 2387 nus
148 2351 307 2386 dicebat:
326 2350 435 2385 Eritis
452 2350 609 2396 perfecti,
629 2350 718 2384 sicut
734 2347 842 2384 Pater
856 2355 966 2384 vester
980 2348 1124 2384 coelestis

65 2411 236 2457 perfectus
256 2417 304 2446 est
321 2409 464 2457 (Manli.
484 2410 535 2456 v).
554 2410 629 2445 Hoc
648 2415 767 2444 autem
783 2409 926 2455 quando
944 2408 1125 2444 masculus

65 2471 186 2514 fuerit,
208 2472 243 2507 id
269 2476 342 2514 est,
364 2471 507 2517 quando
527 2481 669 2517 semper
685 2470 815 2514 fortis;
844 2471 914 2507 hoc
938 2471 1034 2506 enim
1066 2471 1125 2507 hic

66 2533 265 2568 masculum
295 2532 404 2575 dicit,
432 2532 590 2567 Feminae
616 2537 734 2567 autem
753 2532 823 2567 erit
845 2531 1038 2566 aestimatio
1062 2531 1125 2566 tri-

66 2594 166 2639 ginta
184 2593 278 2634 sicli,
299 2593 375 2627 sive
393 2593 625 2634 didrachmae,
657 2597 698 2627 ut
724 2593 796 2627 sint
816 2592 997 2627 drachmae
1022 2601 1126 2627 sexa-

66 2653 181 2700 ginta,
200 2651 356 2688 fructum
371 2651 539 2687 videlicet
555 2650 844 2696 sexagenarium,
863 2661 1033 2697 magnum
1048 2652 1126 2697 qui-

67 2712 148 2748 dem
163 2717 199 2747 et
217 2712 345 2756 ipsum,
359 2711 423 2747 sed
438 2710 648 2747 centenario
663 2710 854 2754 minorem,
873 2716 1019 2757 propter
1032 2712 1127 2757 quod

66 2778 103 2809 et
121 2772 262 2808 feminae
281 2772 480 2807 introduxit
495 2781 700 2817 personam,
719 2781 799 2817 quae
818 2771 938 2807 minor
955 2778 1010 2808 est
1028 2783 1048 2808 a
1069 2773 1126 2809 vi-

67 2833 137 2869 rili.
154 2833 248 2878 Ergo
264 2837 298 2868 ct
316 2832 486 2868 mulieres
506 2832 647 2877 quando
663 2831 708 2867 ad
722 2841 930 2868 mensuram
949 2843 1127 2870 summam

68 2893 317 2940 pervenerint,
349 2898 602 2939 provectaeque
627 2891 762 2927 fuerint
786 2892 830 2928 ad
852 2891 1125 2938 perfectionem,

67 2952 181 2990 fortes
196 2959 349 2999 possunt
368 2953 564 3000 appellari,
599 2958 638 2988 ut
667 2959 750 2998 pote
779 2963 858 2998 quae
884 2963 986 2989 suam
1012 2959 1127 2990 trans-

68 3025 201 3061 gressae
215 3021 300 3051 sunt
313 3015 575 3058 infirmitatem,
587 3015 895 3061 intentionemque
908 3015 1128 3053 fortitudinis

69 3079 308 3110 resumentes.
333 3074 486 3119 Propter
502 3074 599 3119 quod
622 3079 658 3109 et
675 3074 823 3120 spiritus
839 3075 903 3110 Dei
919 3075 956 3110 in
974 3074 1128 3112 Prover-

68 3135 137 3172 biis
163 3135 330 3172 dicebat:
358 3134 543 3170 Mulierem
562 3135 686 3181 sortem
712 3135 788 3182 quis
808 3135 981 3171 inveniet?
996 3134 1126 3183 (Prov.

69 3196 180 3244 xxxi)
207 3197 264 3233 cui
294 3207 415 3233 rerum
439 3196 631 3243 despectus
658 3198 772 3234 deest.
797 3197 878 3232 Alia
908 3202 1029 3233 autem
1052 3197 1126 3245 agit

69 3257 244 3304 perfecte,
261 3267 341 3304 quae
359 3259 404 3295 de
421 3259 583 3295 omnium
599 3269 720 3295 rerum
735 3259 953 3295 continentia
973 3259 1031 3295 lex
1045 3269 1126 3296 cor-

70 3318 188 3365 rigere
199 3317 303 3364 jubet
324 3319 358 3356 ei
377 3319 440 3366 qui
458 3320 655 3356 secundum
674 3330 755 3356 eam
769 3320 860 3356 vivit
876 3332 884 3356 :
902 3319 1016 3366 Hujus
1030 3322 1128 3357 aesti-

72 3379 183 3416 matio
200 3385 256 3416 est
270 3379 417 3426 triginta
431 3380 523 3424 sicli,
543 3380 619 3417 sive
634 3381 864 3424 didrachmae,
881 3381 918 3417 id
937 3386 1007 3426 est,
1024 3392 1129 3418 sexa-

73 3438 239 3484 genarius
259 3439 424 3483 fructus;
449 3450 557 3486 quem
576 3447 613 3476 et
630 3441 764 3478 Paulus
783 3441 943 3488 figurans
962 3442 1125 3478 dicebat:

83 3497 195 3535 Vidua
210 3499 359 3548 eligatur
383 3512 452 3537 non
470 3502 585 3538 minor
608 3504 790 3549 seoeaqinta
816 3513 988 3538 annorum
1009 3502 1049 3550 (Ι
1071 3501 1130 3538 Ti-

75 3559 182 3610 moth.
201 3559 238 3608 v)
261 3573 269 3596 :
292 3571 358 3607 per
372 3567 516 3598 aetatem
535 3573 796 3610 numerumque
812 3573 990 3598 annorum
1010 3562 1127 3598 mani-

78 3615 208 3655 festare
221 3621 347 3658 volens
370 3631 459 3667 quas
477 3623 630 3659 virtutes
648 3629 684 3659 et
699 3624 861 3662 actiones
877 3622 1049 3659 exhibere
1070 3622 1131 3658 de-

78 3677 162 3713 beat
177 3677 298 3731 vidua,
314 3692 394 3728 quae
413 3693 434 3719 a
453 3684 525 3720 Deo
544 3684 710 3732 eligitur,
731 3695 811 3731 quae
829 3685 864 3719 in
888 3683 1020 3719 divinis
1041 3685 1130 3719 scri-

78 3738 175 3774 bitur
201 3737 331 3783 tibris,
350 3746 387 3778 et
411 3753 491 3788 quae
510 3750 629 3789 potest
657 3745 693 3780 in
723 3755 874 3780 numero
904 3744 1128 3779 Hierusalem

79 3797 236 3836 coelestis
256 3797 400 3846 degere,
415 3801 568 3848 Propter
583 3805 679 3850 quod
694 3807 732 3840 et
749 3803 921 3848 subdidit,
940 3803 1128 3840 insinuans

1197 1249 1308 1286 sortes
1325 1251 1435 1286 ctiam
1450 1260 1608 1296 pugnare
1627 1250 1789 1286 valentes
1808 1256 2020 1287 numeratus
2045 1256 2099 1287 est
2117 1260 2137 1286 a
2155 1250 2252 1298 lege,

1198 1311 1291 1347 sicut
1314 1311 1554 1347 Numerorum
1572 1311 1663 1347 liber
1679 1312 1850 1347 ostendit.
2232 1312 2237 1317 “

1245 1378 1358 1424 Hujus
1370 1388 1454 1424 ergo
1473 1378 1629 1423 pretium
1638 1378 1708 1414 erit
1726 1378 1854 1424 vIginti
1871 1378 2104 1422 didrachmae,
2126 1378 2161 1414 id
2179 1383 2250 1422 est,

1197 1439 1378 1474 drachmae
1397 1438 1651 1484 quadraginta,
1680 1438 1775 1474 oboli
1794 1438 2060 1485 quadringenti.
2092 1438 2253 1482 Jejunio-

1198 1510 1276 1535 rum
1301 1505 1420 1535 autem
1446 1504 1553 1544 atque
1573 1499 1747 1534 orationis
1775 1505 1986 1544 provectum
2013 1498 2254 1544 quadraginta

1198 1560 1450 1595 drachmarum
1466 1569 1640 1596 numerus
1665 1558 1855 1605 signifieat,
1891 1558 1974 1604 quia
1995 1563 2047 1594 tot
2064 1557 2190 1595 diebus
2200 1557 2254 1604 je·

1194 1619 1343 1666 jiinassc
1363 1626 1399 1655 et
1420 1620 1567 1666 Moysen
1585 1626 1621 1654 et
1641 1619 1771 1662 Ellam,
1790 1624 1827 1655 et
1844 1618 1961 1664 ipsum
1988 1618 2180 1654 Dominum
2199 1618 2254 1654 di-

1199 1679 1364 1722 dicimus,
1388 1679 1531 1724 quando
1551 1690 1571 1713 a
1587 1678 1729 1714 diaholo
1753 1679 1970 1714 tentabatur.
2005 1677 2254 1724 Quadringen-

1198 1743 1317 1773 torum
1340 1744 1458 1774 autem
1476 1749 1648 1774 numerus
1680 1738 1766 1784 quid
1784 1738 1960 1785 significat
1985 1743 2047 1774 aut
2066 1748 2175 1784 quam
2191 1737 2254 1774 de-

1198 1804 1372 1834 monstrat
1393 1799 1716 1841 conversationem,
1733 1799 1902 1843 ostendit,
1933 1798 2029 1844 quod
2048 1799 2182 1834 dictum
2200 1803 2256 1835 est

1198 1860 1234 1895 in
1255 1861 1346 1896 libro
1364 1860 1514 1906 Regum,
1546 1861 1687 1906 quando
1705 1860 1840 1896 reditus
1855 1860 1973 1904 navis,
1993 1870 2073 1906 quae
2088 1859 2254 1895 mitteba-

1197 1926 1257 1956 tur
1282 1931 1302 1955 a
1323 1919 1513 1956 Salomone
1540 1921 1586 1956 ad
1600 1920 1803 1966 Sopbiram,
1825 1921 1986 1957 dicebat:
2005 1920 2065 1957 Ait
2084 1920 2181 1956 enim
2200 1930 2254 1957 se-

1197 1981 1354 2015 cundum
1392 1980 1651 2027 Septuaginta:
1673 1979 1719 2014 Et
1754 1981 1845 2016 venit
1859 1980 1904 2016 ad
1922 1980 2102 2027 Soplzira:
2124 1980 2255 2026 Sophir

1199 2040 1287 2087 [At.‚
1305 2040 1431 2088 Ophir]
1452 2046 1573 2076 autem
1590 2040 1847 2087 interpretatur
1874 2041 2007 2077 bonum
2028 2052 2038 2077 2
2057 2041 2103 2076 Et
2124 2042 2255 2087 accepit

1196 2106 1278 2141 inde
1295 2105 1376 2141 auri
1400 2105 1658 2152 quadrinqenta
1678 2112 1708 2140 et
1724 2105 1843 2151 viqinti
1864 2104 2010 2149 talenta,
2045 2112 2078 2141 et
2108 2105 2256 2142 adduxit

1197 2168 1269 2213 reqi
1286 2166 1468 2203 Salomoni
1495 2167 1577 2215 (ΙΙΙ
1594 2167 1768 2215 Req.1x).
1790 2167 1883 2212 Quid
1908 2178 1995 2216 ergo
2009 2169 2024 2205 ‘2
2040 2168 2101 2206 Sic
2119 2169 2255 2207 bonum

1194 2233 1274 2270 est;
1298 2228 1350 2264 sic
1378 2238 1443 2274 per
1458 2227 1634 2274 jejunium
1654 2234 1690 2264 et
1708 2229 1911 2265 orationem
1929 2230 2091 2266 exerceri
2121 2235 2256 2276 etpro-

1194 2291 1275 2326 vehi
1296 2291 1341 2325 ad
1358 2291 1454 2325 illam
1472 2291 1598 2334 vitam,
1621 2291 1665 2327 ad
1684 2301 1790 2336 quam
1808 2290 1948 2337 Moyses
1966 2297 2003 2328 et
2018 2291 2115 2327 Elias
2135 2301 2256 2336 super-

1194 2350 1413 2386 aedificantes
1422 2350 1560 2396 Jejunio
1576 2356 1684 2396 atque
1698 2351 1867 2393 orationi,
1884 2351 1992 2386 etiam
2008 2351 2095 2386 alias
2105 2351 2256 2387 virtutes

1198 2411 1361 2456 provecti
1406 2417 1491 2446 sunt
1515 2421 1524 2453 ;
1547 2410 1610 2446 sed
1646 2416 1683 2446 et
1710 2411 1883 2447 Dominus
1914 2412 2097 2447 insinuare
2125 2415 2256 2447 semet-

1194 2471 1311 2516 ipsum
1343 2479 1409 2515 per
1437 2470 1732 2516 praedicationem
1768 2476 1804 2506 et
1831 2471 1932 2516 signa
1949 2471 2073 2517 generi
2095 2471 2252 2507 humano

1194 2521 1384 2576 incipiens,
1407 2529 1585 2577 JeJunium
1610 2532 1648 2565 et'
1660 2530 1862 2566 orationem
1881 2541 1954 2567 suae
1967 2532 2253 2570 conversationis

1198 2592 1415 2639 principium
1436 2591 1532 2627 fecit.
1569 2590 1780 2636 Quicunque
1806 2601 1892 2638 ergo
1911 2597 2076 2629 sensatus
2106 2593 2251 2639 quidem

1196 2658 1265 2696 est,
1286 2657 1322 2688 et
1334 2651 1510 2698 prolicere
1527 2650 1677 2696 incipit;
1695 2661 1767 2687 non
1783 2658 1902 2688 tamen
1913 2653 2021 2690 nimis
2037 2654 2102 2690 sed
2121 2655 2252 2699 medie,

1195 2720 1235 2751 ut
1267 2714 1547 2760 praesumptione
1579 2712 1864 2749 conversationis
1891 2712 2018 2759 Jejunii
2041 2724 2113 2751 non
2138 2716 2254 2761 possit

1195 2777 1334 2821 ornari,
1356 2775 1462 2821 hujus
1478 2775 1637 2821 pretium
1656 2775 1779 2811 decem
1801 2774 2105 2821 didrachmarum,
2128 2777 2163 2813 id
2181 2784 2250 2821 cst,

1195 2839 1321 2885 viginti
1341 2839 1595 2874 drachmarum
1614 2841 1650 2872 et
1666 2835 1854 2872 obolorum
1869 2837 2104 2874 ducentorum
2124 2842 2193 2874 est.
2213 2838 2252 2874 ln

1197 2899 1361 2936 custodia
1384 2901 1479 2935 enim
1501 2899 1625 2933 decem
1645 2897 1910 2939 mandatorum,
1940 2907 2020 2943 quae
2047 2897 2251 2943 duplicatur

1198 2960 1395 2997 secundum
1425 2959 1582 2994 litteram
1609 2962 1645 2993 et
1670 2957 1833 3002 spiritum
1849 2983 1859 3000 ,
1894 2956 2118 2992 conversatio
2146 2955 2252 3001 hujus

1199 3027 1269 3064 est,
1297 3020 1391 3056 inter
1411 3029 1500 3065 quas
1509 3018 1687 3065 jejunium
1714 3022 1854 3053 nonest
1876 3022 2121 3063 praeceptum:
2147 3017 2252 3052 subli-

1199 3082 1294 3118 mior
1316 3081 1411 3117 enim
1435 3079 1555 3116 estad
1573 3089 1653 3115 eam
1688 3079 1873 3125 pertinens
1906 3077 2144 3120 conversatio,
2173 3086 2252 3122 quae

1199 3144 1423 3190 legislatores
1454 3141 1703 3189 etprophetas
1736 3145 1914 3176 etomnes
1941 3138 2001 3183 qui
2019 3137 2250 3184 profecerunt

1198 3206 1315 3242 decet.
1349 3204 1394 3239 Et
1420 3203 1573 3240 necdum
1606 3201 1750 3248 quidem
1782 3196 2005 3235 conversatio
2035 3195 2113 3240 ejus
2144 3194 2251 3230 habet

1197 3263 1471 3311 perfectionem.
1519 3261 1617 3307 Opus
1653 3260 1749 3294 enim
1772 3256 1881 3292 habet
1913 3252 2223 3290 mansuetudinem
2237 3279 2246 3295 ‚

1195 3324 1466 3373 perfectamque
1496 3322 1723 3360 charitatem,
1756 3326 1835 3362 quse
1864 3318 1919 3350 est
1951 3312 1986 3348 in
2004 3311 2081 3347 zelo
2098 3309 2248 3353 Christi,

1196 3385 1361 3432 perducit
1378 3389 1499 3419 tamen
1518 3381 1563 3416 ad
1579 3373 1915 3425 perfectionem.Ab
1928 3382 2001 3408 uno
2023 3380 2110 3418 ergo
2125 3379 2249 3407 mense

1197 3455 1310 3490 usque
1331 3444 1375 3479 ad
1401 3451 1535 3478 annum
1566 3438 1750 3484 quintum,
1784 3444 1849 3480 pro
1880 3432 2040 3469 masculo
2068 3431 2249 3468 dabuntur

1198 3504 1356 3549 quinque
1375 3500 1467 3543 sicli,
1487 3499 1562 3534 sive
1576 3497 1739 3542 quinque
1762 3493 2008 3529 didrachmae:
2028 3501 2095 3538 pro
2112 3490 2247 3527 femina

1199 3568 1285 3603 tres,
1317 3559 1423 3595 unius
1437 3557 1572 3594 mensis
1598 3554 1778 3600 intelliges
1800 3562 1882 3590 eum
1899 3553 1961 3599 qui
1991 3562 2088 3589 nunc
2112 3556 2169 3588 est
2188 3560 2242 3598 ge-

1200 3622 1296 3657 nitus
1313 3619 1347 3654 in
1363 3618 1445 3654 fide.
1478 3615 1532 3652 Ad
1556 3625 1661 3661 quem
1684 3614 1814 3650 Petrus
1833 3612 1975 3649 dicebat
1994 3625 2003 3650 :
2027 3610 2246 3650 sicutmodo

1197 3681 1302 3727 yeniti
1322 3678 1472 3723 infantes
1489 3668 1713 3712 rationabiles
1739 3676 1812 3711 sine
1827 3674 1906 3710 dolo
1930 3673 1986 3710 lac
1999 3673 2246 3721 concupiscite,

1197 3747 1234 3775 ut
1254 3739 1415 3775 crescatis
1433 3738 1470 3773 in
1487 3747 1564 3772 eam
1581 3740 1740 3779 salutem,
1763 3736 1793 3771 si
1816 3741 1931 3772 tamen
1947 3735 2128 3782 gustastis,
2161 3734 2245 3781 quia

1195 3800 1308 3837 dulcis
1324 3805 1372 3836 est
1392 3798 1564 3840 Dominus
1582 3796 1616 3847 (1
1638 3795 1735 3834 Petr.
1755 3794 1811 3836 ιι).
1826 3793 1939 3843 Hujus
1955 3793 2112 3845 pretium
2129 3800 2246 3843 unque
