2540 4016
76 155 149 218 iss
476 175 527 232 ,v

711 173 1046 214 COMMENTARIA
1071 172 1118 211 IN
1142 173 1351 212 ExontJM.
1369 194 1418 203 —
1441 175 1527 214 Lm.
1554 177 1613 214 111.

2178 178 2248 219 180

75 257 211 297 stribus
224 254 401 304 contagiis
431 260 590 292 extracta
603 281 614 299 ‚
641 255 686 291 ad
705 254 867 291 coelestia
884 252 1123 290 desideranda
1140 254 1177 294 A
1192 263 1286 288 mur.
1307 252 1354 288 In
1382 263 1424 289 ea
1443 263 1578 300 quoque
1601 253 1684 288 atrii
1719 252 1906 289 latitudine
1933 266 2012 301 (1οω
2031 259 2171 305 renpieie
2199 258 2249 297 aa

75 319 282 364 sustollunt,
304 323 342 355 et
375 318 452 356 haec
483 318 585 364 quasi
608 322 746 354 vestem
774 317 919 354 Domini
934 317 1125 364 diligenter

74 381 285 425 extendunt,
310 390 355 416 ne
378 379 463 425 quid
496 379 553 415 bis
586 379 703 415 inesse
725 378 944 425 duplicitatis
977 378 1094 415 valeat
1111 404 1122 422 ,

58 443 136 496 ‘sed
152 440 303 488 simplici
317 450 360 477 ac
373 440 505 477 munda
518 440 731 483 intentione,
748 450 870 476 coram
885 440 1036 476 Domino
1050 439 1124 476 vel-

72 507 111 538 ut
130 502 283 538 tentoria
299 501 447 548 byssina
466 501 616 537 niteant.
652 500 738 545 Quae
756 502 926 538 videlicet
945 501 1124 538 columnae

73 572 180 598 aeneae
197 561 310 604 suere,
331 562 393 598 sed
410 566 558 608 argento
576 563 727 606 vestitae,
757 567 796 597 ut
830 563 866 598 in
890 562 1123 607 sequentibus

73 622 296 659 manifestius
311 623 456 659 dicitur.
474 622 600 660 AEneae
618 624 777 670 quidem,
792 629 938 670 propter
956 633 1124 669 perseve-

73 685 226 719 rantiam
243 684 400 727 virtutis,
417 684 490 720 sive
513 690 660 731 propter
677 696 806 721 sonum
824 686 937 730 ipsius
951 685 1124 731 praedica-

71 743 192 778 tionis.
213 743 370 789 Argento
386 750 504 781 autem
525 746 675 789 vestitae,
697 747 781 793 quia
799 757 870 782 non
887 747 983 782 aliud
1013 756 1122 791 quam

70 803 218 838 verbum
238 803 301 839 Dei
319 810 460 847 sonant,
485 806 586 852 eujus
610 817 703 853 saepe
733 807 878 843 claritas
906 811 1056 852 argento
1080 806 1123 841 ss-

69 863 207 906 gurari,
228 873 297 898 non
331 864 427 900 aliud
446 866 649 901 vivendoin
670 866 822 908 actibus,
859 875 966 911 quam
997 867 1122 902 obser-

67 924 225 959 vantiam
259 924 461 961 divinorum
488 931 664 962 monstrat
682 926 920 971 eloquiorum.
943 925 1021 962 Non
1063 937 1121 962 so-

68 983 139 1018 lum
171 985 403 1030 inargentatae
422 990 545 1027 erant,
565 987 627 1021 sed
647 991 683 1021 et
704 986 824 1031 capita
843 991 916 1022 tota
936 987 1119 1022 habebant

67 1049 237 1090 argentea
260 1056 267 1078 :
285 1045 378 1089 quod
395 1045 539 1090 proprie
559 1045 748 1081 doctorum
770 1052 839 1089 est,
858 1051 954 1082 totos
984 1056 1022 1082 se
1039 1057 1115 1081 ver-

66 1103 120 1138 bis
138 1113 249 1138 sacrae
276 1102 471 1148 Scriptura}
488 1105 677 1151 subjicere,
701 1107 829 1153 hisque
850 1107 1011 1142 animum
1039 1117 1114 1142 cor·

1191 314 1374 356 orientem,
1396 313 1648 360 quinquaqinta
1666 312 1772 348 cubiti
1790 319 1906 349 erunt.
1931 313 1983 349 Ea
1996 315 2144 354 latitudo
2163 319 2249 357 atrii

1190 385 1271 421 quae
1292 375 1337 411 ad
1351 376 1531 412 orientem
1552 376 1716 422 respicit,
1732 375 1971 421 primordium
1994 376 2098 413 bonae
2113 386 2248 418 nostrae

1189 439 1489 482 conversationis,
1517 449 1597 485 quae
1623 449 1643 474 a
1679 438 1751 474 fide
1782 438 1909 485 incipit
1940 438 2135 487 significat,
2169 452 2249 486 quae

1188 506 1337 547 propter
1352 501 1508 547 primam
1524 500 1685 537 coelestis
1701 500 1827 547 gratiae
1844 500 2133 546 perceptionem,
2151 508 2250 538 recte

1189 564 1235 599 ad
1250 564 1426 599 orientem
1444 563 1628 609 respicere
1647 562 1794 606 dicitur,
1824 562 1927 609 juxta
1948 561 2035 598 illud
2061 562 2158 598 beati
2183 563 2250 598 Za-

1190 624 1333 660 chariae.
1367 623 1529 659 Visitavit
1556 635 1618 658 nos
1640 623 1755 658 oriens
1773 633 1816 658 ea:
1843 622 1926 657 alto.
1951 621 2160 657 Illuminare
2196 622 2251 658 his

1189 684 1247 731 qui
1262 684 1298 719 in
1315 683 1463 719 tenebris
1477 691 1507 719 et
1524 683 1648 719 umbra
1663 683 1784 718 mortis
1795 683 1914 718 sedent
1928 682 2029 729 (Luc.
2051 682 2108 729 11).
2124 682 2162 718 111
2180 693 2250 728 qua

1189 745 1362 780 nimirum
1381 745 1500 791 plaga,
1520 745 1781 791 quinquaginta
1817 744 1930 780 cubiti
1954 749 2061 780 eruut
2082 756 2089 779 :
2111 744 2194 789 quia
2213 745 2251 780 in

1190 805 1270 850 ipso
1288 815 1372 841 mox
1409 805 1575 851 ingressu
1595 805 1895 847 conversationis,
1915 814 2041 840 omnes
2075 804 2134 850 qui
2154 810 2252 840 cate-

1189 864 1392 906 chizantur,
1410 864 1663 900 remissionem
1682 870 1917 910 peccatorum
1936 869 1972 899 et
1990 865 2152 909 requiem
2174 875 2252 910 spe-

1188 933 1271 958 rare
1297 924 1470 960 docentur
1502 930 1695 967 aeternam3
1716 929 1887 970 (quorum
1922 929 2040 960 tamen
2075 926 2247 960 continuo

1188 983 1259 1018 alia
1288 984 1455 1028 specialis
1482 984 1666 1020 distinctio
1699 983 1937 1027 subinfertur,
1972 994 2052 1029 quae
2071 983 2115 1018 ad
2136 995 2247 1019 unum

1188 1043 1440 1088 eumdemque,
1465 1042 1536 1078 fine
1551 1044 1642 1078 bene
1661 1043 1901 1086 considerata,
1925 1044 2096 1079 refertur.
2121 1043 2252 1089 Sequi-

1188 1108 1249 1138 tur
1270 1115 1278 1138 1
1306 1102 1350 1137 In
1377 1102 1501 1148 quibus
1526 1101 1723 1148 quindecim
1745 1101 1938 1136 cubitorum
1966 1104 2130 1144 tentoria,
2150 1102 2252 1137 lateri

65 1173 202 1208 pusque
218 1164 1117 1213 meditand0‚praedicando‚operandomancipare,
1139 1157 1171 1196 B
1191 1175 1258 1199 uno
1278 1163 1551 1210 deputabuntur,
1573 1162 1810 1209 columnaque
1834 1170 1901 1198 tres
1916 1170 1948 1198 et
1964 1164 2063 1198 bases
2082 1164 2250 1206 totidem,·

65 1221 157 1266 Quid
174 1226 294 1257 autem
324 1222 361 1258 in
381 1223 527 1260 basibus
555 1225 803 1261 columnarum
837 1226 946 1262 aeneis
985 1227 1118 1271 aptius,

65 1296 171 1331 quam
192 1285 334 1321 initium
357 1286 542 1331 sapientiae
567 1287 733 1322 timorem
752 1287 892 1322 Domini
918 1287 1120 1332 intelligere

63 1346 246 1388 debemus,
267 1347 310 1382 de
334 1356 405 1392 quo
424 1351 459 1382 et
484 1346 578 1382 filius
597 1347 724 1383 Siraeh
742 1348 793 1382 ait
814 1361 820 1382 :
845 1347 964 1382 Radix
981 1348 1119 1392 sapien-

63 1406 120 1441 tiae
134 1412 196 1448 est,
216 1406 334 1441 timere
355 1405 466 1440 Deum
485 1405 611 1453 (Eccli.
634 1407 674 1454 1).
695 1407 764 1443 Ubi
794 1412 830 1442 et
851 1407 1002 1452 pulchre
1036 1407 1121 1442 sub-

59 1468 211 1515 junxit:
239 1467 342 1502 Rami
379 1468 469 1503 enim
499 1468 594 1503 illius
629 1468 797 1514 lorzfsa’vi,
830 1469 914 1513 quia
948 1468 1121 1503 nimirum

65 1530 226 1576 germina
245 1530 419 1565 virtutum
438 1530 651 1572 multifaria,
672 1541 751 1574 quae
782 1530 909 1564 timore
945 1529 1008 1564 Dei
1044 1534 1122 1564 tan-

64 1601 172 1637 quam
200 1601 290 1636 opus
324 1595 360 1625 et
393 1591 573 1626 caelaturae
618 1591 868 1626 columnarum
898 1591 942 1626 tle
973 1590 1121 1627 basibus

63 1653 253 1699 prodeunt,
272 1662 456 1697 nunquam
476 1651 596 1686 fructu
624 1662 696 1686 sit-ee
717 1651 896 1687 mercedis
929 1651 1116 1688 carebunt.

64 1713 182 1756 Quare
206 1717 326 1747 autem
344 1712 467 1758 viginti
487 1711 621 1746 fuerint
640 1711 816 1748 columnae
836 1713 872 1748 in
900 1722 972 1748 uno
1006 1712 1119 1749 latere

64 1773 159 1815 atrii,
182 1782 289 1818 supra
306 1772 381 1817 Jam
401 1772 604 1817 expositum
624 1777 679 1806 est
696 1783 703 1806 :
722 1773 782 1808 ubi
800 1773 962 1818 ejusdem
978 1774 1119 1809 numeri

64 1834 191 1870 tabulae
226 1833 263 1868 in
287 1842 359 1867 uno
391 1832 506 1868 latere
542 1831 783 1876 tabernaculi,
802 1839 886 1868 sunt
915 1833 995 1869 fieri
1025 1843 1117 1880 prze-

63 1899 186 1939 ceptae.

115 1953 284 1989 Similiter
299 1954 335 1988 in
362 1953 467 1989 latere
490 1953 663 2001 aquilonis
682 1964 742 1999 per
758 1953 900 1999 lonyum
917 1959 1017 1988 erunt
1048 1959 1120 1989 ten-

62 2016 152 2049 toria
172 2021 308 2050 centum
342 2014 559 2057 cubitorum‚·
593 2014 762 2050 columnoe
781 2015 924 2061 viginti,
956 2021 987 2050 et
1019 2015 1116 2050 bases

1190 1232 1222 1261 et
1239 1226 1274 1260 in
1295 1225 1403 1261 latere
1419 1225 1544 1260 altaris
1580 1231 1682 1260 erunt
1710 1225 1858 1259 tentoria
1894 1224 2028 1260 cubitos
2061 1224 2251 1259 obtinentia

1189 1287 1402 1334 quindecim,
1433 1286 1604 1322 columna’
1619 1294 1701 1330 tres,
1722 1293 1753 1322 et
1782 1287 1880 1322 bases
1914 1287 2072 1322 totidem.
2092 1286 2252 1330 Quinde-

1188 1349 1259 1385 cim
1291 1359 1445 1395 namque
1463 1359 1543 1394 quae
1578 1349 1784 1394 septenario
1812 1354 1848 1383 et
1876 1349 2064 1384 octonario
2100 1357 2251 1383 numero

1190 1415 1368 1451 coustant,
1389 1416 1485 1445 recte
1505 1410 1635 1455 gaudia
1654 1409 1845 1456 designant
1867 1410 1950 1445 vitae
1971 1415 2114 1445 aeternae
2134 1421 2142 1444 :
2171 1419 2250 1454 quae

1190 1481 1210 1506 a
1229 1471 1447 1506 sabbatismo
1468 1471 1645 1516 incipiens
1672 1472 1890 1514 animarum,
1922 1472 1958 1507 in
1982 1473 2250 1507 resurrectione

1189 1540 1380 1575 corporum
1400 1530 1599 1575 perficitur.
1619 1529 1663 1565 In
1681 1531 1825 1565 introitu
1855 1541 1932 1565 vero
1949 1531 2032 1565 atrii
2050 1531 2110 1575 fiet
2140 1536 2252 1565 tento-

1189 1589 1280 1624 rium
1300 1589 1492 1624 cubitorum
1518 1590 1651 1635 viyinti,
1671 1601 1714 1624 ea>
1728 1590 1914 1635 hyacintho
1930 1596 1961 1625 et
1979 1601 2149 1636 purpura,
2172 1601 2250 1625 coc-

1189 1663 1295 1698 coque
1314 1652 1363 1687 bis
1380 1654 1503 1695 tincto,
1520 1658 1551 1687 et
1577 1652 1676 1698 bysso
1698 1658 1840 1694 retorta,
1863 1662 1963 1697 opere
1980 1651 2160 1698 plumarii.
2184 1651 2252 1687 Co-

1189 1713 1326 1748 lumnas
1360 1714 1497 1748 habebit
1525 1719 1676 1759 quatuor
1696 1724 1773 1747 cum
1807 1711 1946 1747 basibus
1961 1711 2116 1747 totidem.
2138 1711 2252 1747 111111-

1189 1774 1299 1809 troitu
1332 1774 1415 1808 atrii
1444 1778 1599 1818 quatuor
1628 1779 1711 1808 sunt
1730 1772 1906 1808 columnae
1927 1784 1934 1806 :
1956 1772 2040 1817 quia
2079 1782 2151 1807 non
2179 1771 2249 1807 nisi

1187 1843 1253 1879 per
1275 1833 1382 1868 fidem
1405 1838 1441 1868 et
1464 1838 1734 1868 sacramentum
1762 1830 1950 1877 evangelii,
1985 1841 2064 1876 quae
2095 1836 2250 1877 quatuor

1186 1894 1288 1929 libris
1312 1894 1556 1937 continentur,
1577 1895 1754 1929 unitatem
1785 1898 1920 1929 sanctae
1952 1893 2136 1936 Ecclesiae,
2165 1894 2247 1939 quis

1187 1955 1324 2001 ingredi
1343 1955 1490 1999 poterit.
1525 1954 1628 1991 Unde
1644 1955 1794 2000 pulchre
1821 1955 1857 1989 in
1880 1955 1958 2000 ipsa
1977 1954 2139 1990 Ecclesia
2164 1964 2244 1991 mos

1187 2016 1356 2062 antiquus
1379 2016 1538 2059 inolevit,
1564 2016 1675 2051 uthis
1704 2016 1765 2061 qui
1783 2016 2048 2059 catechizandi,
2073 2021 2109 2050 et
2141 2016 2244 2052 Chri-

62 2085 166 2110 oeueae
181 2075 334 2121 ejusdem
356 2076 508 2118 numeri,
530 2081 561 2111 et
577 2076 692 2121 capita
710 2086 829 2110 earum
846 2086 924 2110 cum
939 2075 1116 2111 coeIaturis
1136 2068 1165 2109 C
1187 2078 1316 2113 stianis
1335 2083 1417 2113 sunt
1441 2077 1681 2113 sacramentis
1700 2076 1881 2120 initiandi,
1908 2082 2063 2122 quatuor
2096 2087 2249 2123 cvange-

61 2136 134 2170 suis
152 2142 327 2183 arqentea.
348 2137 483 2173 Eadem
501 2137 544 2173 de
559 2137 671 2173 latere
691 2137 869 2183 aquilonis
889 2143 1114 2182 repetuntur,

62 2205 142 2241 quae
154 2194 230 2239 jam
262 2197 305 2232 de
335 2197 448 2233 latere
481 2197 631 2233 australi
666 2204 771 2234 erant
787 2198 1003 2244 praemissa:
1033 2200 1119 2245 quia

63 2256 249 2301 utriusque
280 2258 484 2293 testamenti
520 2268 707 2304 praecones
721 2286 729 2301 ,
769 2269 928 2294 consono
954 2269 1019 2295 nos
1055 2270 1119 2295 ore

63 2317 107 2351 ad
123 2317 283 2352 coelestia
301 2317 445 2363 erigunt
465 2329 472 2352 :
496 2319 639 2353 tametsi
656 2319 889 2354 caeremonias
913 2329 1119 2356 sacramen-

63 2381 180 2413 torum
200 2377 417 2421 habuerunt,
430 2388 496 2424 pro
514 2384 717 2425 temporum
735 2380 873 2416 ratione
893 2380 1115 2418 differentes.

60 2435 106 2471 In
131 2436 317 2473 altitudine
337 2449 415 2474 vero
453 2439 535 2474 atrii
554 2450 631 2485 quae
652 2440 790 2486 respicit
809 2441 855 2475 ad
879 2441 1089 2477 occidentem
1105 2469 1114 2486 ,

59 2503 160 2532 erunt
180 2499 328 2534 tentoria
357 2510 417 2545 per
440 2501 690 2547 quinquaqinta
712 2501 860 2544 cubitos,
895 2508 925 2537 et
946 2502 1117 2539 columnoe

60 2556 190 2599 decem,
212 2557 375 2605 basesque
391 2559 548 2602 totidem,
565 2566 635 2596 ete.
656 2560 827 2597 Latitudo
845 2562 927 2596 atrii
959 2573 1038 2607 quae
1071 2562 1117 2598 ad

61 2626 229 2653 occasum
247 2619 396 2662 respicit
427 2619 526 2662 solis,
550 2620 612 2655 ubi
635 2621 827 2656 terminato
842 2621 965 2656 labore
986 2622 1117 2657 diurno

59 2676 177 2713 noctis
193 2686 321 2722 sopora
338 2677 454 2723 gratia
482 2679 655 2721 succedit,
678 2680 808 2715 merito
825 2685 965 2726 tempus
981 2681 1116 2727 signifi-

60 2745 119 2776 cat
138 2739 237 2783 illud,
257 2741 402 2787 quando
421 2734 587 2777 cessante
603 2747 684 2787 post
702 2748 855 2778 mortem
872 2743 947 2779 vita
968 2744 1113 2786 actuali,

58 2801 162 2848 quies
188 2803 386 2838 electorum
412 2807 448 2837 et
470 2813 612 2839 merces
635 2809 772 2839 aeterna
804 2805 980 2850 sequitur.
998 2805 1116 2857 ¹Deni-

59 2870 128 2908 que
153 2861 220 2905 illi,
254 2862 315 2908 qui
346 2861 383 2897 in
406 2862 513 2898 vinea
548 2864 678 2899 summi
697 2864 967 2910 patrisfamilias
983 2876 1113 2913 opera-

60 2921 203 2965 bantur,
226 2932 307 2958 cum
326 2932 408 2958 sero
418 2927 514 2958 esset
528 2922 678 2967 sactum,
690 2925 839 2969 praemia
848 2926 903 2962 sui
918 2936 1114 2972 percepere

58 2980 204 3018 laboris.
225 2983 338 3019 Recte
361 2983 586 3020 occidentale
608 2984 703 3020 latus
722 2986 806 3021 atrii
827 2987 984 3023 tentoria
1003 2988 1112 3024 habe-

57 3041 119 3078 bat
132 3052 197 3088 per
225 3043 488 3090 quinquaginta
506 3044 661 3087 cubitos,
683 3050 719 3080 et
752 3045 938 3083 columnas
969 3048 1108 3085 decem.

57 3100 394 3150 Quinquagenarius
423 3114 581 3150 namque
609 3116 808 3150 numerus,
837 3115 1009 3145 consuete
1024 3110 1112 3146 insi-

56 3162 323 3207 gnificatIonum
341 3164 377 3199 in
392 3163 470 3210 lege
488 3165 841 3212 quinquagesimum,
857 3168 919 3214 qui
936 3168 1110 3214 libertati,

55 3221 167 3268 quieti
190 3226 226 3258 et
250 3222 455 3259 remissioni
475 3228 571 3260 totus
585 3229 663 3259 erat
677 3232 917 3273 congregatus
937 3239 945 3247 ·
963 3234 1112 3274 propter

54 3282 152 3328 qnod
169 3286 206 3317 01
220 3280 381 3319 Jubileus
393 3284 516 3320 vocari
535 3290 735 3332 praeceptus
757 3291 826 3323 051.
837 3286 939 3324 Jobel
953 3298 1110 3336 namque

56 3340 241 3382 dimittens
257 3350 319 3382 aut
335 3351 496 3383 mutatus
511 3347 784 3395 interpretatur.
811 3351 1007 3388 Denarium
1020 3363 1111 3400 quo-

55 3407 127 3454 ῳ
145 3415 351 3451 numerum,
370 3413 511 3444 constat
529 3409 652 3445 eadem
671 3420 826 3456 superna
846 3413 994 3459 praemia
1012 3413 1109 3450 desi-

96 3467 102 3472 “
127 3480 131 3493 =
156 3476 188 3495 a·
179 3466 265 3502 .ubi
279 3467 434 3504 bumana
449 3472 578 3504 natura
599 3468 638 3504 in
659 3474 812 3516 utraque
828 3480 894 3507 sua
910 3472 1111 3510 substantia

211 3541 213 3544 ·
238 3526 247 3535 '
275 3538 308 3563 1·
323 3528 524 3573 sublevata,
541 3530 581 3566 in
609 3529 738 3567 divinae
752 3532 944 3577 praesentia
957 3532 1108 3571 visionis

155 3599 169 3614 ’1
201 3585 324 3624 .Ι)0115
337 3598 495 3636 namque
526 3590 672 3638 trinitas
685 3597 761 3636 est;
795 3602 927 3639 00111115
943 3599 1110 3632 nostrum

129 3660 150 3688 ,’
170 3650 211 3685 ³12
244 3662 248 3676 ·
299 3647 485 3719 elementis
507 3650 684 3689 subsistit.
710 3652 865 3690 Interior
897 3653 1007 3691 homo
1037 3663 1107 3692 no-

82 3712 88 3723 ⁴
275 3761 346 3779 ,
471 3715 836 3780 comprehenditur,
853 3725 938 3754 011111
968 3727 1015 3754 ex
1031 3721 1111 3756 toto

1129 2963 1166 3003 D

1187 2138 1316 2174 liorum
1347 2138 1756 2184 11111101111111·00110111111·;
1783 2147 1825 2173 110
1842 2137 1886 2172 de
1904 2136 2029 2183 figuris
2061 2143 2097 2173 et
2123 2138 2250 2173 ordine

1187 2198 1381 2239 οο111111,111
1411 2197 1598 2244 apertione
1628 2198 1770 2233 aurium
1801 2207 1948 2233 suarum
1980 2197 2131 2233 solerter
2166 2208 2249 2233 eru-

1186 2259 1343 2302 diantur,
1367 2268 1437 2304 quo
1470 2258 1585 2294 sciant
1608 2258 1739 2294 exinde
1774 2269 1817 2294 ac
1839 2258 2086 2302 meminerint,
2123 2259 2184 2305 qui
2213 2264 2249 2294 et

1186 2326 1271 2366 quot
1291 2326 1374 2356 sunt
1391 2320 1486 2363 libri,
1514 2330 1668 2366 quorum
1683 2321 1804 2357 verbis
1829 2321 1987 2357 maxime
2007 2321 2045 2357 in
2067 2321 2136 2357 fide
2154 2321 2249 2357 veri-

1186 2382 1270 2417 tatis
1308 2382 1461 2417 debcant
1479 2382 1629 2417 erudiri.
1666 2381 1706 2416 ln
1740 2392 1810 2428 quo
1844 2383 2017 2425 1111101111,
2051 2382 2249 2418 tentorium

1185 2451 1327 2487 quoque
1347 2441 1425 2476 sieri
1461 2442 1667 2477 cubitorum
1687 2443 1815 2488 viginti
1846 2442 2068 2488 praecipitur,
2091 2442 2153 2487 qui
2187 2447 2246 2478 051

1184 2510 1356 2536 numerus
1371 2501 1466 2536 idem
1482 2501 1738 2546 quaternarius
1758 2501 1952 2546 quinquies
1969 2503 2109 2537 ductus.
2126 2500 2243 2545 Quin·

1185 2570 1254 2607 que
1275 2566 1395 2595 autem
1431 2566 1515 2595 511111
1548 2560 1728 2595 notissimi
1763 2561 1926 2606 corporis
1947 2562 2062 2597 nostri
2101 2571 2244 2605 sensus,

1183 2623 1283 2658 visus
1304 2621 1486 2663 videlieet,
1520 2621 1679 2664 auditus,
1710 2627 1849 2668 gustus,
1881 2622 2034 2659 olfactus
2054 2627 2243 2660 0111101115.

1183 2682 1281 2718 Bene
1310 2691 1396 2727 ergo
1411 2682 1447 2716 in
1469 2682 1619 2717 introitu
1637 2682 1719 2718 atrii
1741 2683 1937 2719 tentorium
1954 2684 2082 2730 viginti
2097 2685 2244 2721 cubito-

1182 2754 1263 2780 rum
1291 2743 1329 2780 in
1346 2749 1502 2790 quatuor
1522 2743 1700 2779 columnis
1731 2745 1974 2790 suspenditur,
2000 2745 2084 2791 quia
2117 2755 2243 2783 omnes

1183 2806 1245 2852 qui
1265 2811 1426 2842 sanctam
1443 2804 1644 2840 Ecclesiam
1661 2805 1812 2849 intrant,
1835 2806 1879 2841 ad
1903 2806 2064 2852 regulam
2082 2806 2244 2854 Evange-

1182 2867 1328 2911 liomm,
1347 2865 1454 2902 fidem
1476 2876 1579 2902 suam
1596 2867 1734 2912 pariter
1753 2872 1788 2902 et
1803 2873 1905 2903 actus
1931 2877 2151 2913 componere
2177 2868 2242 2904 de-

1182 2928 1288 2971 bent;
1312 2932 1352 2963 ut
1373 2927 1600 2963 continentes
1633 2926 1679 2962 ab
1712 2927 1895 2964 illecebris
1920 2927 2129 2963 carnalibus
2150 2937 2240 2963 cun-

1182 2993 1259 3024 ctos
1292 2987 1348 3023 sui
1378 2987 1541 3033 corporis
1571 2997 1710 3030 sensus,
1732 2987 1864 3024 divinis
1899 2987 2091 3035 subjugent
2123 2988 2239 3033 impe-

1179 3052 1255 3088 riis.
1267 3051 1345 3087 Non
1357 3052 1474 3088 solum
1486 3052 1583 3088 enim
1596 3051 1665 3087 hoc
1680 3052 1877 3087 tentorium
1891 3056 2047 3098 quatuor
2061 3051 2240 3087 columnis

1180 3113 1401 3154 sublevatur,
1420 3112 1483 3148 sed
1496 3117 1533 3147 et
1563 3112 1682 3157 ipsum
1698 3112 1734 3147 in
1765 3111 1991 3158 longitudine
2008 3121 2088 3154 sua,
2107 3110 2238 3156 quina-

1178 3173 1274 3208 rium
1287 3183 1479 3209 numerum
1489 3183 1554 3218 per
1562 3178 1717 3219 quatuor
1734 3163 2009 3218 multiplicatum
2022 3171 2143 3212 habet,
2155 3179 2238 3204 cum

1179 3235 1330 3282 quilibet
1350 3234 1506 3271 humiles
1523 3245 1566 3271 ac
1585 3235 1636 3281 pii
1654 3235 1838 3270 auditores
1851 3233 1896 3268 ad
1910 3232 2018 3268 fidem
2034 3230 2235 3269 venientes,

1180 3307 1254 3333 non
1291 3297 1407 3333 solum
1438 3295 1624 3342 Evangelii
1661 3294 1782 3330 verbis
1822 3292 1956 3335 11111101,
1998 3288 2237 3326 verumetiam

1181 3356 1426 3404 evangelicam
1442 3356 1510 3402 ipsi
1543 3364 1650 3401 agere
1669 3355 1780 3389 vitam
1802 3352 2060 3392 desiderantes,
2085 3353 2235 3385 cunctos

1181 3417 1238 3453 sui
1258 3416 1421 3462 corporis
1448 3424 1587 3457 sensus,
1612 3414 1649 3449 in
1674 3411 1916 3448 obedientiam
1944 3407 2135 3444 charitatis
2167 3417 2234 3444 ex-

1179 3478 1355 3524 pendunt.
1386 3475 1499 3511 Recte
1511 3479 1631 3509 autem
1645 3474 1715 3508 hoc
1737 3469 1888 3506 introitu
1906 3469 1991 3505 atrii
2014 3469 2230 3513 tentorium,

1180 3547 1255 3573 non
1285 3537 1379 3572 sicut
1396 3535 1435 3571 in
1449 3534 1588 3579 reliquo
1607 3532 1703 3567 atrio
1724 3531 1770 3567 de
1786 3531 1897 3578 bysso
1914 3535 2067 3575 retorta,
2091 3530 2155 3567 5011
2187 3531 2233 3566 de

1179 3599 1334 3642 quatuor
1353 3592 1585 3630 11100101111115
1600 3590 1849 3634 nobilissimis,
1870 3591 2068 3638 hyacintho
2089 3589 2232 3626 scilicet

1178 3660 1216 3693 et
1230 3663 1401 3702 purpura,
1433 3661 1614 3698 coccoque
1641 3650 1698 3688 bis
1715 3652 1843 3696 tincto,
1867 3657 1905 3688 01
1927 3652 2008 3698 ipsa
2040 3652 2150 3699 bysso
2169 3660 2232 3688 re-

1179 3719 1275 3751 torta
1291 3721 1401 3760 opere
1414 3711 1586 3759 plumarii
1603 3723 1613 3748 ε
1632 3711 1719 3759 quia
1743 3710 1895 3758 pulchra
1910 3711 2057 3758 quidem
2086 3711 2144 3749 bis
2167 3709 2231 3759 qui

1179 3774 1449 3814 catechizantur
1475 3772 1651 3812 Ecclesiae
1685 3772 1799 3811 facies
1831 3772 1992 3811 exterius
2008 3771 2134 3822 fulget,
2164 3767 2234 3818 sed
