2540 4016
288 206 360 245 8¹5

717 205 759 241 B.
787 204 959 242 RABANI
983 203 1132 243 MAURI
1155 203 1372 242 ARGfflEP.
1400 203 1607 244 MOGUNT.
1633 204 1825 244 OPERUM
1846 205 1967 244 PARS
1990 205 2020 243 1.

2393 204 2464 244 81ss

283 287 366 314 mus
381 275 460 319 Sin,
477 279 515 312 et
528 275 689 323 Daphca,
705 282 743 314 61
759 277 861 322 Α1115,
876 283 914 314 61
929 277 1135 324 Raphidim‚
1152 277 1198 313 de
1213 275 1346 322 quihus
1362 277 1400 320 A
1415 277 1560 315 adducit
1589 277 1786 326 Sephoram
1810 284 1846 316 et
1864 284 2039 322 utrosque
2058 274 2151 312 filios
2168 285 2178 318 ;
2199 274 2262 312 dat
2277 276 2468 315 consilium

282 338 472 382 loquemur
501 337 540 373 in
569 339 884 384 consequentibus.
923 337 987 374 Sin
1015 342 1136 373 autem
1167 336 1347 382 interpre-

282 403 381 433 tatur
411 397 519 433 rubus
537 397 596 434 vel
616 398 749 433 odium.
780 398 942 442 Quorum
976 402 1171 442 utrumque
1198 395 1284 431 facit
1301 396 1347 431 ad

280 457 454 504 mysticos
483 457 702 493 intellectus.
739 457 818 501 Quo
852 464 1044 504 postquam
1072 458 1279 494 venerimus
1301 457 1346 493 ad

279 528 362 554 eum
393 517 513 554 locum
551 517 596 554 de
625 527 698 563 quo
732 518 837 554 nobis
866 518 914 554 sit
951 518 1125 554 Dominus
1143 518 1343 560 locuturus,

279 579 417 625 grande
437 578 560 614 odium
591 587 799 614 mereamur
832 578 984 615 inimici.
1012 577 1112 614 Tunc
1143 577 1346 614 videbimus

280 640 407 676 ardere
425 639 577 675 rubrum
599 643 635 675 et
651 649 723 674 11011
753 638 945 682 comburi3
978 638 1196 674 inflammari
1222 637 1346 673 Eccle-

279 699 372 735 siam
391 697 719 743 persecutionibus,
748 703 785 733 et
807 707 902 742 eam,
936 697 1106 743 loquente
1127 697 1164 732 in
1185 696 1246 731 illa
1276 697 1346 730 Do-

278 759 393 802 mino,
411 768 482 794 non
501 758 635 805 perire.
654 758 701 794 Et
715 763 801 794 nota
821 758 917 804 quod
935 759 973 794 in
996 763 1123 794 octava
1139 756 1342 798 mansione,

279 819 317 854 in
338 828 409 864 qua
434 818 630 854 torcularia
653 823 778 854 nostra
801 824 885 864 sunt
902 818 1012 866 (unde
1027 823 1064 854 et
1083 823 1233 855 octavus
1252 815 1346 862 psal-

278 890 361 915 mus
378 880 448 915 hoc
473 879 576 915 titulo
596 879 833 927 praenotatur)
854 880 1038 916 desertum
1057 880 1221 925 capimus
1248 877 1343 919 rubi,

279 939 364 985 quia
380 939 501 986 plures
521 939 586 975 filii
610 940 762 975 desertae
782 940 897 986 magis
913 950 1023 985 quam
1043 938 1120 984 ejus
1137 949 1217 985 quae
1236 939 1348 974 habet

278 999 410 1034 virum.
427 999 473 1034 Et
498 999 648 1045 profecti
664 999 707 1034 de
722 1000 856 1034 deserto
875 999 940 1034 Sin
956 999 1195 1034 castrametati
1211 1003 1292 1033 sunt
1310 997 1348 1032 in

277 1060 438 1107 Daphca.
469 1060 572 1096 Nona
606 1060 760 1095 mansio.
793 1060 869 1095 Hoc
889 1070 1020 1095 nomen
1040 1059 1134 1104 apud
1159 1059 1344 1098 Hebraeos,

279 1125 428 1170 κροῦμα,
449 1121 487 1156 id
504 1125 572 1163 est,
591 1119 751 1166 pulsatio
768 1119 913 1155 dicitur.
946 1119 1053 1154 Juxta
1079 1118 1175 1164 quod
1210 1118 1259 1152 ait
1279 1117 1348 1152 Do-

1414 339 1638 386 septuaginta
1652 340 1835 376 seniorum
1851 350 1860 381 ;
1883 343 1920 373 et
1936 337 1974 372 in
1994 341 2118 383 typum
2137 335 2308 372 Ecclesiae
2325 337 2370 372 116
2383 346 2470 383 gen--

1413 399 1508 436 tibus
1523 405 1766 446 congregatae,
1788 397 1877 444 legis
1903 397 2107 433 imminutio
2125 396 2321 444 Evangelio
2338 407 2469 444 sugge-

1414 466 1516 496 rente
1537 459 1751 504 completur.
1774 456 1931 492 Pulchre
1959 461 2083 492 autem
2111 456 2294 492 dissolutio
2312 467 2356 493 ac
2374 457 2471 493 sam·-

1413 524 1466 555 tas
1503 520 1648 565 fortium
1686 516 1882 563 Raphidim
1902 517 2046 562 dicitur,
2068 516 2126 553 vel
2141 522 2289 564 propter
2319 517 2471 564 dissipa-

1415 583 1489 613 tum
1511 577 1674 620 Amalec,
1695 575 1752 611 vel
1771 581 1919 623 propter
1942 577 2135 613 sanitatem
2150 577 2272 614 lsrael.
2293 577 2332 614 Si
2349 583 2471 614 autem

1412 637 1665 672 remissionem
1683 646 1857 672 manuum
1873 635 1978 682 juxta
1993 636 2104 683 Syros
2120 636 2312 684 Raphidim
2323 637 2469 681 dicitur,

1414 696 1577 732 dicemus
1597 702 1747 742 propter
1766 695 1941 732 offensam
1976 697 2122 743 populi,
2146 698 2230 743 quia
2259 703 2385 733 contra
2402 699 2472 733 Do-

1413 756 1551 792 minum
1578 762 1821 800 murmurant,
1844 757 1904 793 isti
1939 757 2019 794 loco
2037 768 2171 794 nomen
2195 758 2366 803 positum.
2390 757 2475 793 Haec

1413 817 1596 863 tangimus
1609 818 1730 863 potius
1746 828 1855 864 quam
1875 819 2099 864 exponimus,
2118 818 2279 855 breviter
2296 818 2475 854 indicasse

1415 879 1573 915 contenti
1595 880 1690 924 quod
1708 885 1790 925 post
1821 879 2039 916 fermentum
2061 880 2149 916 Alus
2179 886 2216 916 et
2235 880 2390 916 Massam
2417 889 2476 915 ec-

1415 938 1547 982 clesiae,
1570 939 1709 974 soleant
1739 939 1953 986 multiplicia
1973 940 2176 975 daemonum
2198 940 2389 975 adversum
2409 947 2476 973 nos

1416 1006 1640 1036 tentamenta
1679 1010 1909 1047 consurgere.
1948 1000 1995 1036 Et
2018 999 2166 1046 profecti
2203 999 2245 1034 de
2270 997 2476 1045 Rapliidim,

2530 952 2540 959 ιι
2525 883 2540 938 1111.
2526 860 2540 877 d
2524 821 2540 853 ἱιΙ
2524 697 2540 814 issa-al

1418 1066 1536 1096 castra
1567 1067 1761 1107 posuerunt
1782 1062 1819 1096 in
1852 1060 2041 1095 solitudine
2061 1059 2175 1095 Sinai.
2204 1059 2290 1095 Haec
2310 1058 2479 1095 duodeci·

1415 1131 1476 1156 ma
1501 1125 1578 1156 est:
1619 1121 1741 1156 statim
1766 1120 1830 1155 tibi
1858 1120 1980 1155 veniat
2017 1120 2054 1154 in
2073 1125 2194 1155 mente
2232 1119 2478 1164 apostolorum

279 1180 426 1216 minus:
462 1177 610 1214 Pulsate
641 1185 672 1213 et
704 1179 879 1224 aperietur
910 1179 1019 1214 vobis.
1044 1178 1085 1214 In
1107 1178 1199 1214 libro
1223 1182 1344 1212 autem
1363 1174 1395 1212 B
1415 1190 1602 1216 numerus.
1624 1180 1702 1217 Una
1722 1180 1767 1216 de
1782 1180 1960 1225 pluribus,
1978 1179 2042 1215 sed
2060 1179 2176 1224 major
2192 1179 2361 1215 omnibus
2379 1189 2388 1221 ;
2406 1188 2479 1213 non

279 1240 543 1277 Hebraicorum
567 1240 755 1276 nominum
779 1241 1016 1276 adhoesionem
1044 1240 1348 1285 remissionemque

282 1301 548 1337 transtulimus.
572 1300 675 1343 Quod
692 1300 866 1335 lectorem
884 1301 1033 1336 turbare
1052 1310 1124 1336 11011
1141 1300 1263 1342 debet²
1282 1308 1349 1334 nec

280 1366 384 1406 putet
404 1369 471 1395 nos
491 1358 662 1394 distantia
687 1358 860 1393 scribere.
890 1359 943 1393 lbi
963 1358 1059 1393 enim
1077 1358 1180 1402 Juxta
1198 1357 1235 1391 id
1253 1356 1349 1401 quod

278 1421 385 1467 vulgo
409 1420 564 1455 habetur
596 1418 790 1460 edidimus,
819 1419 849 1453 si
875 1419 1033 1453 medium
1063 1418 1243 1453 scribatur
1273 1426 1352 1451 ver-

278 1481 364 1516 bum
382 1490 447 1525 per
471 1479 558 1515 beth
578 1478 788 1517 3111161331.
809 1477 876 1512 Hic
894 1483 1016 1512 autem
1034 1477 1071 1512 in
1091 1476 1269 1512 Hebraico
1288 1485 1350 1510 vo-

279 1541 416 1577 lumine
435 1541 611 1587 scriptum
632 1539 751 1585 reperi
774 1549 840 1585 per
870 1539 940 1584 phe
953 1544 992 1581 ξ),
1015 1538 1111 1584 quod
1131 1537 1350 1573 elementum

281 1603 397 1649 magis
415 1602 658 1647 pulsationem
678 1610 787 1645 quam
805 1599 982 1645 glutinum
1008 1604 1124 1635 sonat.
1143 1599 1351 1643 Sensusque

278 1669 337 1700 est
356 1662 587 1699 manifestus.
607 1661 694 1697 Post
708 1671 882 1707 responsa
903 1661 1059 1703 Domini,
1080 1666 1163 1706 post
1182 1666 1351 1696 octavum

278 1733 486 1766 numerum,
520 1722 797 1758 resurrectionis
834 1720 968 1757 Christi
1004 1721 1196 1767 incipimus
1232 1730 1352 1755 sacra-

279 1790 404 1822 menta
424 1784 584 1830 pulsare.
608 1783 832 1830 Profectique
857 1783 899 1818 de
922 1783 1084 1829 Daplzcu,
1113 1781 1353 1818 castrametati

280 1852 361 1882 sunt
382 1847 419 1881 in
439 1845 539 1880 Alus.
558 1845 704 1880 Decima
720 1845 861 1880 mansio
883 1845 918 1879 in
940 1844 1064 1880 Exodo
1082 1855 1155 1880 11011
1175 1844 1343 1879 habetur.

280 1906 522 1950 Crediturque
538 1905 576 1940 in
599 1905 661 1940 Sin
682 1914 805 1941 eremo
826 1903 1019 1947 contineri,
1036 1903 1162 1939 eodem
1179 1907 1352 1938 narrante

279 1967 373 2003 libro
391 1979 399 2001 z
423 1964 590 2010 Profecta
606 1972 656 2001 est
669 1966 780 2001 omnis
800 1965 989 2000 multitudo
1005 1958 1161 2010 filiorum
1177 1961 1292 1998 Israel
1310 1961 1352 1996 de

278 2040 392 2064 eremo
410 2027 487 2071 Sin,
506 2039 567 2074 per
596 2028 795 2063 mansiones
823 2038 922 2070 suas,
949 2027 1056 2072 Juxta
1081 2037 1118 2061 os
1145 2023 1300 2066 Domini,
1320 2028 1353 2058 et

278 2093 446 2124 venerunt
464 2087 654 2133 Raphidim
670 2086 800 2133 (Exod.
819 2086 912 2134 xm).
946 2086 1000 2121 Ex
1027 2095 1099 2131 quo
1122 2084 1353 2131 perspicuum
1372 2069 1402 2111 C

280 2153 337 2184 est
351 2148 473 2193 plures
488 2147 695 2182 mansiones
712 2148 820 2182 unius
833 2147 992 2192 regionis
1013 2146 1189 2181 vocabulo
1209 2145 1354 2180 demon-

284 2210 408 2246 strari.
430 2208 767 2254 interpretaturque
799 2207 888 2243 Alus
919 2207 1153 2252 fermentum:
1176 2205 1267 2252 quod
1287 2204 1353 2239 tol-

281 2271 355 2307 lens
382 2270 524 2313 mulier,
555 2270 772 2305 commiscuit
803 2269 929 2314 sarinoe
973 2268 1058 2304 satis
1086 2267 1210 2309 tribus,
1244 2267 1353 2301 donec

286 2333 560 2379 fermentaretur
589 2336 698 2365 totum
722 2329 865 2377 (March.
884 2329 981 2375 xm).
1003 2329 1043 2364 In
1064 2329 1133 2364 hac
1161 2327 1354 2363 solitudine

284 2396 492 2428 murmurat
525 2390 679 2436 populus
717 2394 866 2435 propter
899 2389 1048 2432 samem,
1083 2393 1119 2424 et
1157 2397 1352 2423 conversus

281 2453 429 2499 respicit
438 2452 476 2487 in
487 2452 582 2487 nube
590 2450 716 2497 procul
729 2450 882 2496 gloriam
894 2449 974 2492 Dei,
984 2448 1192 2494 accepitque
1201 2456 1353 2493 vespere

282 2512 518 2555 coturnicem,
546 2516 582 2547 et
610 2520 718 2546 mane
749 2509 899 2544 alterius
923 2509 1005 2551 diei,
1029 2518 1175 2543 manna.
1196 2508 1242 2543 Et
1265 2512 1353 2543 nota

286 2574 324 2609 in
343 2574 533 2609 mansione
553 2571 694 2608 decima
712 2570 930 2607 fermentum
961 2570 1046 2616 poni
1065 2582 1074 2605 ε
1095 2575 1132 2605 61
1148 2574 1232 2615 post
1251 2579 1352 2605 esum

286 2635 452 2670 carnium
467 2643 603 2669 manna
616 2632 728 2668 tribui
736 2631 949 2678 implerique
965 2631 1206 2678 Scripturam,
1217 2631 1352 2667 Panem

285 2696 496 2741 angelorum
509 2694 742 2728 manducavit
751 2694 872 2728 homo.
890 2692 1047 2737 Profecti
1057 2692 1099 2727 de
1106 2691 1150 2727 ΑΙ
1155 2703 1207 2735 us,
1218 2698 1352 2726 castra-

284 2755 406 2790 metati
421 2759 502 2788 sunt
521 2753 558 2786 in
575 2751 778 2797 Raphidim,
800 2759 915 2788 elnon
939 2759 1013 2788 erat
1034 2764 1125 2798 aqua
1140 2752 1188 2787 ibi
1207 2750 1349 2798 populo.

286 2813 485 2850 Undecima
493 2811 634 2847 mansio
642 2816 711 2846 est.
722 2810 836 2853 Quam
844 2813 1021 2847 violenter
1030 2813 1305 2858 interpretatam
1314 2812 1351 2847 in

286 2875 380 2911 libro
392 2873 655 2909 Hebraicorum
671 2872 857 2907 nominum
874 2874 1006 2918 reperi,
1029 2874 1114 2908 vidit
1130 2885 1167 2908 os
1181 2875 1352 2920 sufficiens

231 2934 238 2945 '¹
286 2936 350 2977 eis,
373 2939 435 2969 aut
452 2939 571 2975 certe,
595 2933 718 2968 vitium
739 2933 809 2967 oris
828 2933 995 2977 sortium;
1013 2934 1214 2979 meliusque
1235 2940 1353 2969 trans-

234 2988 240 3004 ²
287 2993 419 3035 fertur,
440 2991 625 3026 dissolutio
656 2991 812 3034 fortium,
836 2992 893 3026 vel
913 2993 1047 3027 sanitas
1072 2993 1229 3037 fortium,
1258 2994 1348 3037 sive,
1369 2973 1406 3013 D

286 3053 391 3099 juxta
410 3051 670 3098 proprietatem
687 3050 817 3095 linguae
835 3050 949 3096 Syrae,
989 3053 1145 3087 remissio
1165 3065 1347 3089 manuum.

288 3114 377 3151 Haec
392 3119 429 3149 et
444 3114 481 3148 in
499 3112 623 3148 Exodo
641 3111 774 3157 legitur
790 3116 870 3157 post
888 3111 1147 3157 prosectionem
1167 3115 1210 3150 de
1228 3125 1350 3151 eremo

291 3174 371 3212 Sin.
392 3173 574 3218 Quaeritur
593 3172 630 3207 in
663 3181 706 3206 ea
723 3171 876 3217 populus
896 3172 942 3207 ob
957 3172 1123 3208 ardorem
1158 3174 1251 3216 sitis,
1270 3174 1351 3210 sons

292 3238 337 3274 de
354 3241 457 3282 petra
476 3234 597 3270 Horeb
620 3232 776 3278 erumpit
793 3237 829 3268 et
847 3231 993 3278 profluit
1012 3243 1021 3275 ;
1040 3234 1248 3269 tentationis
1263 3244 1351 3279 quo-

293 3308 378 3345 que,
405 3296 441 3332 id
461 3300 516 3332 est
536 3305 636 3330 masa
655 3300 741 3333 non
770 3293 923 3328 sortitus
945 3298 1002 3328 est
1025 3302 1170 3328 nomen.
1212 3293 1352 3339 Moyses

294 3357 459 3394 ascendit
481 3356 519 3391 in
535 3359 711 3398 montem,
729 3351 834 3390 lesus
867 3353 1174 3401 contravAmalec
1205 3354 1350 3389 militat.

295 3418 353 3453 Ad
390 3416 509 3453 crucis
548 3416 692 3462 signum
730 3419 923 3460 superatur
957 3414 1151 3458 inimicus;
1190 3414 1353 3450 remissis

298 3476 438 3513 orantis
470 3475 649 3520 manibus,
682 3475 798 3512 1105115
834 3475 950 3511 victor
986 3475 1199 3521 insequitur.
1245 3474 1356 3512 Sedet

297 3535 440 3583 Moyses
456 3544 564 3581 super
595 3535 749 3581 lapidem
770 3536 814 3572 de
829 3535 1016 3580 Zacharia,
1041 3536 1103 3583 qui
1127 3541 1265 3583 septem
1286 3537 1353 3572 ha-

297 3596 409 3632 bebat
438 3595 578 3639 oculos,
603 3601 640 3632 et
665 3597 702 3633 in
736 3595 915 3632 Samuelis
939 3596 1122 3633 volumine
1157 3597 1355 3644 appellatur

300 3655 550 3701 Abenhaazer,
587 3656 625 3692 id
658 3663 726 3702 est,
766 3657 859 3704 lapis
878 3658 1075 3705 adjutorii3
1096 3663 1134 3694 et
1163 3664 1356 3706 utramque

301 3725 451 3753 manum
469 3718 562 3764 eius,
581 3717 704 3755 Aaron
719 3723 756 3755 et
773 3719 838 3763 Ur,
858 3720 896 3756 id
911 3726 982 3765 est,
1000 3727 1187 3758 montanus
1204 3721 1358 3758 lucidus-

305 3786 371 3822 aue
388 3784 603 3816 sustentant.
620 3780 768 3818 Devicta
788 3781 998 3820 adversario
1018 3784 1224 3831 supervenit
1233 3783 1353 3822 Jetro:

1418 1248 1607 1288 separatur
1623 1242 1660 1276 in
1671 1241 1809 1281 ordine,
1835 1242 1898 1277 sed
1913 1240 2087 1286 praecellit
2102 1241 2138 1275 111
2150 1240 2292 1276 merito.
2312 1239 2367 1274 Ad
2384 1239 2480 1274 hanc

1417 1302 1694 1348 quadragesima
1728 1301 1881 1346 septima
1917 1301 1974 1336 die
2017 1301 2246 1347 perveniunt,
2287 1299 2479 1344 Scriptura

1419 1365 1561 1399 dicente
1584 1376 1591 1397 :
1615 1363 1734 1398 Mense
1756 1364 1856 1398 tertio
1885 1364 2091 1409 egressionis
2110 1363 2266 1409 filiorum
2297 1361 2412 1397 Israel
2439 1361 2482 1396 de

1418 1423 1590 1469 AEyypto,
1611 1425 1649 1458 in
1664 1424 1720 1458 die
1751 1425 1816 1459 hac
1835 1425 2049 1460 transierunt
2063 1426 2100 1459 in
2116 1425 2340 1460 solitudinem
2361 1422 2479 1467 Sinai,

1419 1492 1491 1522 ctc.
1514 1487 1565 1521 De
1586 1497 1657 1532 quo
1680 1496 1788 1532 supra
1804 1486 1842 1521 in
1861 1487 2021 1522 secundo
2054 1485 2148 1520 libro
2180 1485 2321 1529 plenius
2339 1484 2482 1531 exposi-

1420 1558 1497 1587 tum
1529 1556 1596 1586 est.
1620 1550 1668 1585 Et
1697 1550 1842 1596 profecti
1885 1549 1927 1583 de
1952 1548 2139 1583 solitudine
2153 1546 2267 1590 Sinai,
2295 1554 2482 1582 castrame-
2535 1557 2540 1559 ·

1421 1613 1483 1647 tati
1501 1612 1639 1647 suntin
1665 1610 1833 1657 sepulcris
1865 1608 2167 1655 concupiscentioe.
2200 1608 2321 1644 Tertia
2341 1607 2482 1643 decima

1420 1674 1573 1716 mansio,
1611 1672 1711 1718 cujus
1732 1682 1864 1708 nomen
1897 1682 1979 1706 cum
2003 1670 2300 1715 interpretatione
2347 1669 2483 1705 editum

1422 1740 1491 1777 cst,
1509 1736 1602 1780 apud
1623 1733 1794 1769 Hebraeos
1812 1732 2024 1779 apnellatur,
2048 1729 2213 1766 Cibaroth
2242 1731 2398 1765 bataave.
2418 1730 2484 1767 Est

1422 1802 1543 1831 autem
1560 1805 1688 1831 sensus
1703 1794 1762 1830 ille
1782 1794 1826 1829 116
1840 1792 2034 1839 Evangelio
2054 1791 2150 1838 quod
2163 1790 2268 1827 Jesus
2280 1792 2483 1837 baptizatus

1423 1856 1545 1891 statim
1568 1867 1589 1890 α
1615 1856 1742 1901 spiritu
1768 1854 1893 1889 ductus
1923 1859 1972 1888 est
2005 1853 2042 1887 in
2068 1852 2254 1895 desertum,
2273 1859 2305 1887 et
2326 1852 2483 1888 tentaba-

1423 1922 1480 1950 tur
1508 1927 1529 1950 α
1546 1915 1686 1951 diabolo
1703 1915 1847 1962 (ΜαιιΙι.
1867 1914 1931 1962 1v).
1954 1914 2078 1959 ltaque
2112 1918 2149 1949 et
2185 1913 2295 1949 lsrael
2332 1919 2413 1958 post
2430 1913 2483 1948 sa-

1423 1978 1599 2013 miliarem
1621 1987 1704 2013 cum
1730 1977 1882 2013 Domino
1915 1986 2134 2018 sermonem,
2170 1981 2361 2021 postquam
2378 1974 2483 2020 juxta

1423 2046 1583 2076 montem
1621 2039 1721 2075 Sinai
1743 2043 1989 2076 commoratus
2009 2044 2064 2074 est
2090 2048 2184 2073 anno
2210 2047 2282 2073 uno
2303 2042 2338 2072 et
2356 2037 2482 2072 diebus

1423 2107 1592 2146 quatuor,
1613 2101 1706 2136 mira
1736 2100 1969 2146 dispositione
2010 2103 2214 2135 castrorum
2233 2107 2404 2144 egressus
2428 2102 2484 2133 est

1423 2162 1460 2198 in
1479 2162 1711 2198 solitudinem
1748 2162 1908 2205 Pharan,
1946 2170 2025 2207 quae
2062 2160 2322 2205 interpretatur
2354 2168 2484 2204 onaqer

1423 2227 1486 2257 aut
1507 2222 1643 2266 feritas.
1668 2222 1793 2267 Ibique
1810 2222 2012 2258 succumbit
2032 2221 2136 2256 malae
2153 2220 2275 2257 bestiae
2294 2219 2483 2256 fastidiens

1423 2283 1608 2318 coelestem
1649 2293 1793 2329 panem,
1824 2288 1860 2319 et
1880 2282 2135 2330 AEgyptiorum
2171 2291 2300 2317 carnes
2335 2280 2479 2316 deside-

1423 2354 1522 2387 rans,
1546 2345 1692 2389 quando
1713 2344 1846 2380 multos
1865 2345 2024 2380 subitum
2046 2342 2188 2378 voravit
2205 2342 2428 2385 incendium,
2445 2345 2483 2378 et

1423 2404 1671 2439 intercedente
1690 2404 1827 2450 Moyse,
1847 2405 1998 2439 humum
2016 2413 2128 2439 vorax
2146 2402 2290 2438 flamma
2314 2412 2483 2438 consum-

1421 2466 1505 2512 psit.
1529 2465 1574 2499 Et
1590 2465 1738 2511 profecti
1762 2465 1803 2499 de
1824 2464 1991 2509 sepulcris
2015 2464 2316 2509 concupiscentiae,
2349 2468 2484 2497 castra-

1422 2525 1540 2559 metati
1563 2530 1643 2559 sunt
1667 2524 1704 2559 in
1737 2523 1923 2559 Haserom.
1947 2523 2083 2568 Quarta
2102 2523 2243 2559 decima
2263 2523 2404 2559 mansio
2424 2528 2482 2559 est

1421 2584 1459 2619 in
1479 2584 1671 2620 solitudine
1694 2584 1853 2627 Pharan,
1875 2594 1953 2629 quae
1972 2585 2008 2619 iu
2042 2584 2134 2619 atria
2153 2584 2319 2619 vertitur.
2346 2583 2386 2619 ln
2412 2585 2483 2620 hac

1421 2644 1543 2680 Aaron
1569 2650 1606 2680 et
1626 2644 1738 2680 Maria
1763 2650 1911 2691 propter
1946 2643 2207 2690 AEthiopissam
2239 2650 2366 2680 contra
2383 2643 2480 2691 Moy-

1422 2716 1486 2742 sen
1516 2710 1768 2748 murmurant,
1808 2711 1845 2740 et
1865 2705 1902 2740 in
1926 2710 2049 2751 typum
2073 2705 2140 2740 zeli
2164 2705 2336 2741 adversus
2356 2705 2482 2741 Eccle-

1422 2770 1514 2806 siam
1534 2770 1578 2806 de
1608 2769 1776 2815 gentibus
1799 2774 2069 2815 congregatam,
2105 2768 2257 2814 populus
2275 2767 2481 2802 Judaeorum

1421 2830 1532 2875 leprae
1562 2830 1670 2865 sorde
1708 2828 1951 2875 perfunditur,
1984 2838 2051 2864 nec
2071 2828 2164 2863 redit
2188 2828 2233 2863 ad
2267 2827 2482 2863 tabernacu-

1422 2888 1497 2923 lum
1514 2894 1554 2923 ut
1576 2888 1769 2934 pristinam
1787 2889 1938 2934 recipiat
1958 2888 2147 2924 sanitatem
2172 2887 2285 2922 donec
2303 2891 2479 2922 statutum
2534 2919 2540 2922 .

1422 2950 1657 2995 plenitudinis
1677 2951 1837 2996 gentium
1870 2955 2010 2995 tempus
2032 2948 2190 2994 impleat.
2212 2947 2260 2982 Et
2273 2948 2420 2994 profecti
2440 2948 2483 2984 de

1425 3007 1614 3052 Haserotlt,
1636 3010 1873 3044 castrametati
1906 3009 2037 3044 suntin
2053 3008 2213 3043 Rethma.
2235 3007 2306 3043 Pro
2323 3017 2395 3054 quo
2417 3018 2482 3043 sun

1425 3080 1491 3116 pra
1510 3070 1547 3105 in
1567 3070 1637 3105 hoc
1656 3071 1783 3105 eodem
1802 3070 1894 3106 libro
1931 3069 2085 3116 legi-mus
2105 3082 2113 3104 :
2139 3068 2335 3114 Postquam
2360 3067 2483 3113 prose·
2535 3089 2540 3092 -

1426 3136 1508 3165 ctus
1544 3135 1601 3165 est
1627 3130 1781 3175 populus
1799 3130 1844 3166 de
1877 3129 2048 3172 Aseroth,
2071 3128 2317 3165 castrametati
2335 3134 2419 3164 sunt
2441 3127 2479 3163 in

1426 3190 1621 3226 solitudine
1652 3191 1807 3227 Pharan.
1848 3191 1931 3227 Haec
1951 3197 2006 3227 est
2025 3196 2145 3226 autem
2179 3190 2306 3236 quinta
2340 3188 2481 3226 decima

1427 3251 1585 3285 mansio.
1608 3251 1654 3285 Et
1673 3251 1870 3286 notandum
1892 3251 1989 3295 quod
2016 3251 2174 3295 reliquas
2192 3251 2397 3286 mansiones
2417 3250 2480 3286 de·

1425 3317 1505 3342 cem
1521 3313 1556 3342 et
1576 3318 1719 3350 novem,
1741 3318 1895 3352 quarum
1918 3318 2012 3343 nunc
2041 3309 2203 3344 breviter
2220 3309 2405 3354 catalogus
2420 3307 2481 3345 de·

1426 3367 1613 3410 scribitur,
1631 3377 1651 3401 a
1669 3367 1824 3402 Rethma
1861 3377 1976 3413 usque
1996 3368 2040 3402 ad
2068 3367 2303 3414 Asiongaber‚
2341 3368 2376 3404 id
2407 3374 2477 3413 est,

1426 3437 1540 3473 usque
1574 3427 1620 3462 ad
1653 3427 1874 3463 tricesimam
1909 3427 2104 3463 secundam
2144 3429 2381 3472 mansionem,
2412 3430 2480 3467 sub
2515 3436 2518 3458 ῡ

1427 3488 1572 3524 Pharan
1598 3487 1816 3539 solitudinis*
1833 3487 1979 3523 nomine
2015 3488 2254 3524 contineatur.
2282 3489 2320 3524 111
2345 3490 2477 3535 quibus

1426 3548 1597 3585 universa
1616 3557 1696 3594 quae
1715 3547 1852 3594 scripta
1870 3553 1953 3583 sunt
1972 3547 2124 3585 diversis
2142 3549 2364 3595 temporibus
2377 3554 2479 3596 gesta

1428 3609 1616 3646 sentimus.
1633 3607 1711 3645 Hoc
1728 3613 1783 3644 est
1799 3607 1844 3644 de
1861 3607 2051 3644 duodecim
2082 3608 2369 3655 exploratoribus
2389 3609 2480 3646 mis-

1429 3669 1480 3707 sis
1499 3668 1543 3704 ad
1575 3673 1712 3705 terram
1727 3673 1908 3712 sanctam,
1927 3673 1964 3705 et
1993 3668 2089 3706 botri
2107 3669 2153 3706 ab
2181 3679 2224 3706 ea
2240 3670 2416 3708 relatione
2437 3671 2477 3708 in

1427 3729 1538 3776 ligno,
1556 3729 1601 3764 de
1615 3728 1900 3766 murmuratione
1915 3729 2038 3777 populi
2055 3729 2261 3768 ludaeorum
2276 3732 2478 3780 gigantium

1429 3789 1603 3836 impetum
1621 3787 1903 3835 reformidantis,
1920 3795 1957 3828 et
1979 3800 2046 3838 per
2063 3791 2140 3838 ejus
2172 3803 2330 3840 pugnam
2349 3798 2477 3832 contra
