2540 4016
332 225 403 270 855
482 187 504 191 ,Α
751 224 790 259 B.
816 218 984 258 RABANI
1009 215 1155 255 MAum
1178 207 1396 250 ARCHIEP.
1423 204 1634 254 MOGUNT.
1662 202 1852 244 OPERUM
1870 201 1997 243 ,PARS
2022 201 2048 236 1.
2419 195 2495 238 35,¹

332 306 537 346 cecidemnt
554 303 598 339 ab
614 298 722 339 oculis
741 283 829 344 ejus,
845 303 881 332 et
897 304 981 331 mox
1003 293 1105 328 vidit.
1128 290 1222 335 Ergo
1242 287 1277 323 in
1296 295 1374 321 mo—
1390 283 1424 324 A
1442 287 1512 318 lum
1528 309 1537 326 ‚
1556 289 1589 318 et
1605 282 1747 319 milvum
1787 292 1828 316 ac
1851 278 2022 315 vulturem
2048 277 2155 323 juxta
2185 288 2294 325 qenus
2325 289 2443 323 suum,
2461 268 2501 315 ev

333 369 416 406 dum
434 372 660 413 squamarum
677 355 952 411 superjacebant
976 354 1152 388 instantes
1181 347 1213 384 ei
1239 350 1374 391 tempo-

333 430 428 468 rales
441 423 660 474 ignorantia).
680 418 780 455 Unde
790 415 899 452 nimis
913 415 1176 458 consequenter
1192 406 1375 455 legislator

333 488 491 527 subdidit
515 497 523 520 :
546 478 721 527 Quidquid
740 483 854 513 autem
870 471 1034 522 pinnulas
1051 477 1114 507 aut
1127 479 1291 518 squamas
1306 476 1376 501 non

333 549 432 586 [tabet
453 554 568 583 eorum
588 551 664 589 qum
682 538 718 575 in
749 538 848 586 aquis
889 540 1071 572 moventur
1107 538 1139 568 et
1163 533 1290 573 vivunt,
1317 526 1378 563 ab·

332 602 514 644 ominabile
528 601 619 638 vobis
640 606 671 635 et
689 595 939 634 exsecrandum
954 594 1034 630 erit.
1052 591 1154 628 Sicut
1171 590 1267 626 enim
1282 597 1378 632 quae-

332 667 412 703 dam
427 662 578 711 piscium
599 668 730 707 genera
747 661 878 693 testam
898 664 964 701 pro
981 652 1072 700 pelle
1087 649 1274 690 habentia,
1294 653 1379 691 quo-

332 735 411 762 rum
431 731 578 768 squama
598 716 730 754 auferri
755 725 826 751 non
855 718 985 760 potest,
1002 711 1092 747 tales
1118 714 1202 746 sunt
1225 706 1286 752 qui
1313 713 1379 739 nec

334 793 499 832 squamas
520 778 727 828 ignorantia}
752 775 864 811 verbo
893 773 956 808 Dei
988 772 1181 816 deponere,
1214 775 1280 801 nec
1306 761 1381 798 cul-

334 851 428 882 trum
453 842 598 889 spiritus
630 837 811 882 suscipere
843 834 1050 880 patiuntur3
1081 829 1119 865 hi
1148 827 1214 863 etsi
1232 826 1268 861 in
1288 822 1381 860 mari

334 906 558 944 inveniantur
570 898 809 947 baptismatis,
830 895 895 931 etsi
920 895 956 929 in
979 890 1185 927 fluminibus
1199 886 1379 933 poeniten-

335 966 406 1010 tiae,
422 961 677 1001 abominabiles
700 963 783 996 sunt
807 957 842 992 in
860 954 1027 991 omnibus
1045 960 1129 997 ,quae
1143 952 1332 985 moventur
1347 949 1384 981 et

335 1027 459 1062 vivunt
477 1024 513 1060 in
534 1021 648 1068 aquis.
671 1019 716 1055 Et
736 1027 817 1054 eum
840 1016 951 1050 vitam
983 1010 1102 1048 sortiti
1123 1008 1195 1044 sint
1215 1006 1252 1042 in
1266 1004 1384 1049 bapti-

337 1089 463 1127 smate,
481 1081 707 1119 vocationem
724 1083 842 1113 tamen
860 1069 1243 1119 regenerationemque
1265 1072 1384 1099 corru-

336 1150 479 1194 perunt,
495 1143 580 1179 dum
598 1139 765 1186 pinnulas
783 1142 819 1172 et
834 1143 1000 1181 squamas
1014 1141 1085 1167 non
1106 1129 1251 1169 habent,
1270 1124 1382 1161 subli-

338 1216 432 1242 mem
447 1202 610 1240 videlicet
624 1201 735 1236 vitam
748 1196 1057 1243 cognitionemque
1074 1191 1286 1230 divinorum,
1304 1195 1383 1231 quae
1402 1177 1434 1216 B

338 1263 495 1302 coelestis
514 1267 580 1305 est,
598 1261 659 1296 sed
680 1269 740 1294 cor
769 1266 903 1293 caecum
931 1255 966 1289 in
988 1251 1190 1298 ignorantia
1210 1249 1381 1289 detinent,

339 1330 375 1360 et
394 1328 579 1371 propterea
595 1319 697 1356 iubis
714 1318 774 1363 qui
791 1325 958 1362 squamas
971 1314 1107 1349 habent
1123 1321 1194 1346 non
1215 1317 1384 1344 annume-

338 1390 475 1421 rantur.
497 1381 641 1417 Intende
659 1384 777 1414 autem
795 1381 927 1422 quanta
942 1373 1140 1410 subtilitate
1163 1377 1384 1410 sermonum,

338 1449 378 1480 ut
396 1442 559 1479 videlicet
577 1440 732 1476 maxima
754 1448 817 1484 per
842 1447 902 1472 cos
919 1434 1090 1481 mysteria
1110 1436 1147 1468 et
1163 1428 1386 1466 admirabilia

339 1504 559 1552 significans,
574 1501 756 1548 legislator
784 1490 919 1534 utatur.
932 1495 1095 1531 Pinnulis
1109 1493 1203 1528 enim
1219 1499 1387 1536 squamas

342 1562 525 1608 conjunxit
538 1573 547 1605 ;
573 1561 657 1606 quia
670 1556 969 1605 quemadmodum
988 1554 1147 1600 piscibus
1162 1552 1291 1597 quibus
1306 1552 1388 1584 sunt

343 1634 515 1672 squamae,
529 1623 587 1658 his
614 1626 698 1657 sunt
715 1617 920 1656 omnimodo
937 1622 974 1651 et
1004 1613 1175 1661 pinnulae,
1194 1613 1245 1647 sic
1261 1611 1389 1655 quibus

343 1683 544 1731 ignorantia
568 1679 774 1726 temporalis
794 1683 862 1721 est,
885 1682 921 1713 et
942 1686 1019 1721 quae
1038 1679 1229 1720 propterea
1247 1672 1318 1706 cito
1335 1679 1391 1705 ca-

345 1743 418 1780 reri
437 1742 560 1789 possit.
583 1740 638 1775 his
672 1744 707 1775 et
733 1737 888 1783 cognitio
915 1735 1076 1771 sublimis
1092 1739 1128 1768 et
1148 1733 1218 1766 vita
1236 1729 1392 1766 coelcstis

346 1802 535 1838 addicitur.
557 1798 692 1835 Horum
714 1808 796 1844 ergo
825 1796 883 1842 qui
902 1806 973 1832 non
1002 1799 1082 1831 sunt
1106 1793 1208 1835 tales,
1232 1801 1299 1826 uec
1317 1800 1394 1825 ear-

345 1872 408 1898 nes
423 1860 622 1902 comedere,
654 1858 717 1894 sed
742 1867 809 1894 nec
828 1856 1017 1892 morticina
1054 1860 1213 1898 tangere,
1231 1862 1297 1886 nec
1326 1850 1393 1884 ali-

347 1931 453 1969 quam
468 1906 755 1957 communionem
782 1916 928 1952 omnino
954 1924 1036 1950 cum
1068 1914 1119 1947 eis
1138 1912 1272 1946 habere
1290 1919 1395 1954 opor-

347 1986 411 2019 tet.
446 1981 547 2026 Quod
566 1985 720 2015 testatur
741 1975 875 2013 Paulus
902 1977 1026 2011 dicens
1046 1986 1054 2008 ε
1077 1973 1116 2009 Si
1143 1973 1171 2007 is
1198 1973 1255 2018 qui
1288 1971 1397 2016 frater

347 2041 564 2083 nominatur,
585 2044 634 2074 est
649 2038 842 2083 fornicator
857 2041 917 2070 aut
946 2043 1085 2075 (evat-us,
1107 2037 1166 2067 aut
1200 2029 1302 2065 idolis
1325 2039 1395 2063 ser-

349 2101 455 2141 viens,
488 2104 547 2133 aut
571 2096 777 2138 maledicus,
811 2100 870 2129 aut
898 2093 1066 2135 ebriosus,
1093 2097 1151 2126 aut
1175 2101 1297 2136 rapax,
1319 2099 1398 2123 cum
1417 2073 1447 2116 C
1471 2101 1682 2137 nostrl-‘1332‘
1703 2101 1848 2145 Christi,
1877 2108 1909 2137 ec
1927 2102 1959 2137 ei
1977 2111 2055 2147 quoe
2081 2098 2273 2135 secundum
2290 2099 2452 2145 pietatem
2474 2099 2521 2132 e,-

352 2157 554 2205 huiusmodi
573 2166 633 2191 nec
658 2153 769 2190 cibum
798 2163 932 2188 sumere
950 2151 983 2198 (1
1007 2151 1088 2186 Cor.
1104 2150 1155 2197 v).
1170 2149 1319 2185 Adulter
1339 2153 1401 2182 aut

353 2227 496 2260 avarus,
519 2220 580 2251 aut
597 2214 771 2254 ebriosus,
796 2218 856 2247 aut
882 2212 1079 2252 detractor,
1103 2218 1175 2244 non
1197 2208 1305 2242 habet
1323 2207 1401 2251 pin-

353 2277 467 2321 nulas,
484 2276 596 2312 vitam
611 2273 776 2310 videlicet
805 2272 940 2308 habens
969 2268 1150 2306 sordidam
1182 2273 1218 2303 et
1245 2266 1401 2302 immun-

352 2338 455 2382 dam;
476 2336 651 2372 idolorum
669 2338 787 2370 autem
806 2333 922 2369 cultor
950 2332 986 2366 in
1004 2330 1061 2366 his
1076 2329 1135 2375 qui
1157 2337 1326 2374 squamas
1341 2327 1402 2361 ha-

353 2399 439 2435 bent
459 2406 531 2433 non
555 2400 784 2441 computatur
801 2422 810 2437 ,
832 2393 958 2428 duram
978 2392 1108 2438 quippe
1139 2395 1174 2426 et
1209 2390 1244 2425 in
1264 2397 1402 2424 morem

353 2463 467 2501 testae,
491 2462 600 2503 atque
618 2454 852 2492 insanabilem
879 2453 1012 2488 habere
1029 2451 1172 2487 videtur
1196 2449 1403 2485 divinorum

355 2517 618 2565 ignorantiam;
646 2515 734 2551 alias
761 2522 986 2559 nequaquam
1009 2515 1203 2558 postquam
1219 2509 1292 2545 Deo
1316 2518 1403 2545 con-

350 2576 492 2624 junctus
523 2580 577 2612 est
608 2573 703 2610 ultra
739 2573 911 2610 servisset
946 2571 1061 2608 idolis.
1098 2569 1168 2617 (Ex
1204 2567 1402 2615 Greqorio.)

353 2634 532 2671 Praeterea
550 2634 746 2670 notandum
765 2637 821 2668 est
843 2632 938 2678 quod
960 2631 1076 2677 pisces
1103 2631 1162 2676 qui
1181 2628 1349 2676 pinnulas
1368 2635 1404 2665 et

356 2703 524 2740 squamas
549 2694 696 2736 habent,
718 2693 803 2729 dare
821 2692 932 2728 saltus
950 2692 1061 2728 etiam
1083 2701 1191 2737 super
1215 2702 1327 2738 aquas
1347 2701 1404 2727 so-

355 2751 445 2790 lent.
465 2752 558 2796 Quid
575 2761 660 2796 ergo
674 2751 832 2796 pinnatis
855 2751 1016 2796 piscibus
1035 2750 1105 2786 nisi
1125 2751 1248 2787 electae
1274 2751 1404 2786 animae

357 2813 570 2859 figurantur,
592 2811 677 2856 quia
695 2809 858 2855 profecto
876 2808 960 2844 solae
986 2809 1023 2844 in
1055 2808 1212 2845 coelestis
1235 2810 1405 2846 Ecclesiae

358 2881 487 2918 corpus
498 2873 706 2912 transcunt;
725 2877 806 2914 quae
818 2867 924 2904 modo
938 2868 1112 2903 virtutum
1125 2867 1281 2912 pinnulis
1293 2868 1403 2911 fultae,

360 2930 472 2967 saltus
488 2929 574 2966 dare
590 2937 656 2974 per
676 2926 822 2963 coeleste
839 2926 1057 2962 desiderium
1074 2926 1206 2968 sciunt,
1223 2930 1263 2960 nt
1281 2936 1406 2971 super-

359 2996 445 3032 nam
474 2986 812 3034 contemplationem
831 2989 1012 3032 appetant,
1033 2986 1199 3031 quamvis
1221 2986 1257 3021 in
1280 2986 1407 3032 seipsis

359 3050 492 3089 iterum
520 3057 567 3086 ex
598 3044 743 3085 mortali
774 3054 882 3084 carne
914 3045 1135 3082 relabantur.
1154 3043 1229 3080 Soli
1258 3055 1344 3092 ergo
1372 3046 1409 3082 in

359 3110 558 3148 electorum
572 3116 725 3155 corpore
739 3106 844 3154 quast
862 3106 963 3143 cibus
978 3106 1114 3142 electus
1128 3110 1326 3149 transeunt,
1347 3106 1410 3152 qui

360 3170 400 3208 in
417 3179 462 3207 eo
479 3169 576 3216 quod
604 3169 643 3205 in
669 3165 753 3205 imis
779 3166 1000 3209 deserviunt,
1035 3166 1225 3213 aliquando
1255 3175 1410 3212 superna

360 3233 604 3272 conscendere
617 3231 750 3268 mentis
764 3223 914 3268 saltibus
923 3230 1055 3274 sciunt,
1070 3239 1116 3266 ne
1129 3239 1269 3276 semper
1283 3229 1320 3264 in
1327 3238 1412 3275 pro-

362 3295 482 3335 fundis
503 3303 672 3334 curatum
690 3293 838 3338 lateant,
867 3298 903 3330 et
928 3292 1027 3329 nulla
1044 3302 1107 3328 eos
1123 3292 1258 3328 amoris
1279 3292 1410 3327 summi

365 3356 468 3404 quasi
496 3354 601 3393 liberi
630 3354 726 3392 aeris
757 3364 846 3391 aura
881 3353 1079 3399 contingat.
1109 3350 1176 3399 Qui
1199 3362 1286 3399 ergo
1304 3353 1412 3389 rebus

336 3446 342 3449 κ
365 3415 622 3465 temporalibus
632 3416 868 3464 occupantur,
885 3419 972 3453 tunc
985 3415 1079 3452 bene
1093 3414 1275 3451 exteriora
1293 3413 1413 3459 dispo-

369 3478 478 3518 nunt,
492 3484 576 3512 cum
591 3475 742 3512 sollicite
767 3473 814 3512 ad
835 3472 1011 3512 interiora
1037 3472 1232 3522 refugiunt,
1256 3482 1338 3510 cum
1353 3482 1414 3509 ne-

368 3540 551 3586 quaqnam
580 3532 678 3575 foras
707 3533 1021 3584 perturbationum
1049 3534 1220 3583 strepitus
1246 3530 1411 3583 diligunt,

369 3585 435 3637 scd
450 3589 546 3640 apud
571 3591 783 3642 semetipsos
810 3591 908 3632 intus
924 3594 963 3635 in
979 3586 1251 3643 tranquillitatis
1263 3592 1347 3640 sinit
1362 3583 1417 3632 τό·

372 3651 572 3711 utacum-

371 3724 909 3780 mmmm
926 3730 1195 3782 morem
1232 3771 1250 3776 .,
1267 3772 1271 3775 .
1291 3772 1298 3779 .
1318 3731 1328 3740 “
1350 3778 1354 3781 ,
1375 3733 1416 3775 Διιι

377 3775 519 3821 mutia
533 3790 616 3827 tunt
630 3787 724 3824 vobis
747 3789 956 3851 {Aquilium
973 3795 1006 3828 et
1030 3790 1208 3838 qryphem,
1234 3795 1267 3828 ct
1318 3785 1415 3828 attoel·

1424 2967 1461 3008 D
1479 2956 1569 2992 quas
1588 2946 1719 2982 Paulus
1753 2946 1884 2993 arguit.
1922 2946 2052 2983 Vultur
2085 2945 2176 2982 rixis
2193 2950 2232 2982 et
2251 2943 2355 2980 bellis
2381 2952 2466 2989 gau

1442 354 1544 379 omne
1563 343 1693 378 corvini
1720 340 1853 388 generis
1886 339 1925 374 in
1949 336 2214 374 similitudinem
2245 349 2346 374 suam
2367 347 2379 372 .·
2401 344 2476 374 stru

1443 403 1595 438 titionem
1618 407 1651 441 et
1666 406 1843 442 noctuam,
1870 403 1903 433 et
1929 396 2044 433 larum
2059 403 2091 433 et
2106 398 2305 444 accipitrem
2316 399 2425 445 juxta
2438 409 2480 446 qe
2511 400 2514 403 ’

1443 475 1509 502 nus
1544 475 1647 500 suum
1666 475 1678 499 :
1698 462 1880 503 bubonem,
1912 466 1945 495 et
1971 458 2176 507 merqulum,
2194 466 2226 496 et
2242 460 2330 504 ibin,
2346 472 2458 508 eyqnu

1444 531 1477 562 et
1502 523 1742 561 onocrotalum
1760 528 1793 558 et
1815 521 2095 568 porphyrionem,
2113 521 2338 559 herodionem
2356 527 2389 558 et
2410 523 2475 558 cha
2506 563 2507 566 Ἴ

1446 586 1604 622 radrium
1613 587 1720 632 juxta
1741 594 1849 631 qenus
1866 594 1981 627 suum,
2003 594 2155 630 upupam
2169 595 2304 631 quoque
2317 590 2350 620 et
2367 595 2485 632 vesper
2498 591 2517 629 -j

1446 647 1615 683 titionem.
1637 647 1709 694 (Ex
1731 645 1936 693 Hesychio.)
1956 645 2030 682 Nec
2043 656 2166 683 eorum
2191 646 2253 692 qui
2273 646 2319 682 ad
2339 651 2500 683 contem-

1446 709 1639 755 plationem
1653 713 1780 744 vacant
1802 707 1929 751 vitam,
1949 707 1986 743 in
2020 706 2090 743 hoc
2114 706 2298 754 legislator
2322 707 2478 743 indiscu
2515 749 2518 756 ,

1449 782 1525 807 sam
1546 770 1710 816 reliquit;
1732 769 1794 806 sed
1814 768 2115 814 quemadmodum
2131 768 2169 803 in
2187 767 2367 804 oblatione
2387 767 2490 804 sacri

1447 830 1613 866 liciorum
1629 830 1814 876 proprium
1831 829 1884 866 eis
1905 828 1995 875 legis
2017 828 2213 875 capitulum
2234 829 2432 875 deputavit,
2450 829 2507 867 it

1449 896 1486 927 et
1505 891 1541 927 in
1566 891 1799 937 inquisitione
1825 891 1990 926 ciborum
2006 889 2098 925 fines
2121 889 2174 925 eis
2193 889 2356 936 proprios
2389 888 2519 932 dedit,

1449 964 1539 999 quos
1554 953 1757 999 producens
1775 956 1811 988 et
1835 952 2072 988 terribiliores
2092 950 2245 994 faciens,
2263 960 2336 986 non
2350 949 2444 986 sicut
2459 943 2521 996 ds

1449 1015 1640 1062 pecoribus
1675 1016 1774 1051 etde
1805 1013 1981 1060 piscibus,
2000 1014 2110 1048 etiam
2145 1011 2189 1048 de
2219 1012 2278 1048 his
2307 1011 2434 1048 sancit.
2479 1024 2507 1043 ι

1451 1078 1546 1113 enim
1563 1077 1614 1113 ait
1636 1087 1645 1112 ε
1669 1076 1756 1113 Hcec
1776 1083 1857 1112 sunt
1879 1074 2048 1111 animalia
2068 1085 2144 1121 quoe
2163 1073 2340 1108 comedere
2362 1055 2505 1114 debetis}

1452 1136 1494 1172 de
1515 1138 1648 1173 cunctis
1671 1135 1908 1172 animantibus
1937 1140 2057 1175 terroe,·
2086 1138 2123 1169 et
2144 1142 2270 1168 rursus
2289 1144 2297 1167 :
2320 1131 2408 1168 Hoec
2427 1141 2493 1167 sun
2506 1131 2510 1135 ”

1452 1208 1529 1244 quoe
1558 1198 1747 1243 qiqnuntur
1770 1195 1807 1229 in
1826 1195 1985 1241 aquis,et
2007 1193 2095 1228 vesci
2123 1191 2257 1226 licitum
2274 1196 2348 1234 est;
2371 1191 2432 1227 hic
2447 1199 2515 1227 au‘·

1456 1262 1527 1292 tem
1550 1269 1557 1290 2
1579 1254 1612 1290 H
1617 1258 1665 1290 icc
1685 1261 1778 1296 sunt,
1793 1254 1921 1300 inquit,
1941 1264 2018 1300 quse
2045 1252 2088 1287 de
2109 1250 2229 1287 avibus
2247 1251 2424 1287 comedere
2443 1262 2501 1286 no

1453 1315 1596 1358 debetis,
1624 1321 1656 1350 et
1673 1315 1818 1350 vitanda
1839 1319 1918 1349 sunt
1940 1313 2046 1349 vobis.
2064 1312 2157 1348 Vere
2171 1311 2436 1348 abominatione
2457 1311 2514 1347 di2

1456 1388 1565 1425 gnum
1583 1381 1640 1412 est
1660 1381 1696 1411 et
1713 1375 1816 1410 valde
1843 1374 1936 1409 inter
1956 1367 2078 1407 illicita
2096 1376 2202 1417 atque
2222 1372 2331 1407 nimis
2345 1358 2508 1407 evitand²

1456 1434 1786 1473 connumerandum
1805 1461 1814 1477 ,
1852 1432 2146 1478 contemplationi
2173 1437 2362 1468 vacantem
2387 1423 2515 1477 quem,

1455 1498 1568 1544 piam,
1595 1500 1723 1541 sponte
1742 1493 1832 1529 tales
1848 1494 1981 1529 habere
2003 1492 2165 1527 maculas
2184 1491 2308 1537 quales
2321 1501 2387 1536 per
2404 1490 2510 1526 denu.

1457 1562 1617 1593 meratus
1634 1566 1719 1591 aves
1733 1554 1917 1601 legislator
1933 1552 2132 1600 significat3
2160 1552 2211 1587 ait
2233 1551 2328 1587 enim
2346 1549 2511 1597 aquilam

1458 1625 1489 1654 et
1511 1617 1690 1664 (erphem,
1702 1614 1955 1656 ethalioeetum,
1973 1619 2004 1648 et
2018 1612 2161 1648 milvum
2174 1624 2215 1648 ac
2233 1610 2402 1647 vulturem
2412 1611 2505 1657 juxt

1460 1690 1568 1726 yemis
1585 1689 1701 1713 sumn.
1721 1677 1885 1722 Rapaces
1903 1680 1938 1711 et
1954 1675 2074 1711 cibum
2093 1675 2249 1710 alienum
2266 1673 2361 1709 male
2380 1678 2476 1709 secta
2509 1670 2521 1707 i

1461 1746 1526 1782 tes,
1552 1738 1820 1785 quaestibusque
1844 1735 1988 1781 injustis
2021 1736 2233 1783 gaudentes,
2251 1745 2317 1781 per
2348 1735 2482 1780 praedic
2502 1775 2512 1790 ,

1462 1799 1663 1846 significat;
1686 1798 1770 1844 quia
1786 1798 1882 1833 enim
1901 1797 2048 1842 quidam
2061 1796 2340 1832 inveniunturin
2359 1795 2500 1832 ecclesi*

1462 1862 1556 1897 inter
1580 1871 1642 1896 eos
1667 1860 1729 1906 qui
1756 1864 1927 1905 putantur
1950 1857 2244 1903 contemplationi
2258 1868 2406 1903 operam
2420 1857 2509 1892 dar·¹

1463 1922 1523 1966 qui
1549 1932 1620 1956 non
1652 1920 1954 1966 quemadmodum
1978 1919 2110 1954 debent
2133 1918 2178 1954 ad
2206 1918 2276 1954 hoc
2302 1923 2510 1961 vacant,s

1465 1982 1601 2018 frustra
1632 1982 1819 2024 inflantur,
1846 1981 1929 2016 audi
1962 1979 2113 2016 Paulum
2134 1979 2314 2015 dicentem
2342 1990 2350 2013 ε
2378 1978 2420 2014 Si
2447 1977 2507 2024 qu'

1468 2042 1539 2077 alta
1556 2042 1654 2077 docet
1671 2049 1701 2076 et
1721 2053 1789 2076 non
1809 2041 1996 2088 acquiescit
2030 2040 2125 2075 sanis
2148 2038 2364 2075 sermonibus
2383 2038 2486 2073 Domi
2508 2057 2512 2063 -

1469 2161 1649 2203 doctrinm,
1674 2161 1841 2206 superbus
1876 2167 1944 2204 est,
1976 2159 2063 2195 nihil
2102 2160 2231 2203 sciens,
2265 2157 2325 2193 sed
2358 2157 2517 2203 ianque

1470 2223 1563 2257 circa
1589 2223 1797 2267 quaestiones
1823 2228 1856 2257 et
1886 2233 2020 2268 puqnas
2041 2222 2233 2263 verborum,
2260 2230 2303 2255 ex
2320 2217 2444 2265 quibus
2475 2231 2480 2238 ’
2512 2256 2517 2267 ζ

1471 2284 1633 2318 oriuntur
1657 2283 1810 2324 invia-tce,
1833 2284 2082 2325 contentiones,
2098 2281 2334 2328 blasphemias,
2355 2277 2515 2325 suspic‘

1472 2356 1530 2380 nes
1559 2344 1675 2386 malcr,
1704 2345 1977 2390 conflictationes
2003 2344 2182 2379 hominum
2209 2347 2320 2377 mente
2349 2334 2518 2386 corrupt.

1474 2415 1565 2447 rum,
1583 2410 1614 2439 e!
1630 2405 1723 2450 quia
1736 2404 1879 2438 veritate
1895 2403 2023 2448 privati
2037 2408 2130 2442 sunt,
2147 2401 2423 2435 existimantium
2438 2409 2483 2444 qu
2493 2389 2522 2426 π’

1472 2472 1564 2500 stum
1580 2476 1653 2500 esse
1683 2465 1846 2511 pietatem
1861 2463 1894 2510 (Ι
1913 2463 2001 2498 Tim.
2025 2462 2090 2509 vi).
2114 2461 2188 2497 Hos
2216 2470 2301 2506 ergo
2326 2457 2518 2506 significa

1473 2536 1530 2568 ea,
1551 2536 1631 2570 quae
1649 2535 1746 2560 nunc
1765 2526 2000 2560 denumerata
2027 2527 2124 2564 sunt,
2146 2520 2315 2561 animalia
2332 2519 2469 2556 victum

1474 2585 1597 2630 rapina
1611 2583 1863 2629 conquirentia
1881 2593 1890 2618 τ
1912 2583 2076 2628 quaedam
2092 2586 2212 2617 autem
2225 2579 2334 2617 exhis
2343 2579 2432 2615 alias
2445 2588 2483 2614 a
2505 2577 2514 2627 J

1475 2644 1662 2686 invadunt,
1679 2649 1716 2679 et
1733 2654 1780 2679 ex
1799 2642 2054 2678 venationibus
2070 2651 2196 2678 earum
2211 2639 2439 2682 nutriuntur3
2468 2664 2470 2668 ,
2501 2628 2513 2661 ἵ

1474 2716 1561 2742 vero
1577 2706 1614 2741 in
1630 2706 1754 2741 domos
1771 2703 2013 2751 ingredientia
2027 2702 2202 2749 diripiunt
2215 2711 2296 2747 quac
2314 2698 2515 2746 repererin-

1474 2778 1520 2805 ne
1534 2767 1679 2813 quidem
1696 2766 1899 2813 gerentium
1922 2776 1960 2802 se
1988 2765 2147 2802 obsoniis
2166 2762 2374 2811 parcentia;
2398 2761 2477 2807 qu'=
2496 2773 2511 2785 ν·

1476 2832 1560 2863 sunt
1579 2826 1874 2872 similesquidam
1893 2827 1955 2871 qui
1974 2830 2156 2873 penetrant
2179 2824 2317 2866 domos,
2332 2827 2363 2857 et
2377 2820 2483 2868 capti
2499 2815 2511 2860 ,²

1476 2888 1607 2923 ducunt
1645 2886 1871 2922 mulierculas
1908 2893 2070 2924 oneratas
2097 2886 2249 2934 peccatis
2265 2884 2323 2933 (ΙΙ
2343 2884 2433 2920 Tim.
2450 2893 2463 2918 ι
2489 2915 2507 2925 <-

1477 3011 1624 3053 propter
1637 3006 1813 3042 cadavera
1839 3006 2060 3052 praeliorum,
2075 3006 2114 3042 in
2133 3009 2275 3044 tannim
2291 3007 2333 3040 ut
2346 3002 2461 3040 etiam
2478 2997 2497 3038 -1'

1479 3072 1611 3113 quatur
1624 3068 1838 3103 exercitum.
1852 3066 1931 3103 Non
1953 3076 2040 3112 ergo
2056 3070 2200 3118 oportet
2217 3065 2369 3102 aliorum
2386 3063 2458 3100 cas'
2472 3077 2483 3100 ε.

1479 3130 1578 3175 pasci
1599 3134 1708 3174 atque
1725 3128 1858 3164 nutriri
1877 3138 1960 3164 eum
1974 3129 2037 3174 qui
2055 3126 2350 3175 contemplationi
2363 3125 2426 3163 dat
2453 3139 2459 3157 r
2478 3139 2488 3164 ‘.

1480 3198 1571 3224 ram.
1589 3188 1736 3224 Corvini
1753 3197 1839 3233 ergo
1869 3189 2012 3234 generis
2031 3188 2200 3225 animalia
2223 3193 2309 3225 sunt
2329 3185 2421 3224 affec
2447 3200 2474 3218 μυ

1481 3247 1655 3293 expertia,
1678 3246 1773 3291 quod
1793 3247 2023 3284 manifestum
2037 3252 2094 3284 est
2107 3257 2154 3284 ex
2166 3257 2211 3283 eo
2225 3246 2321 3294 quod
2337 3246 2441 3284 emis
2492 3260 2494 3262 ·

1481 3307 1558 3344 Noc
1572 3316 1618 3343 ex
1650 3306 1769 3352 prima
1798 3316 1880 3342 cum
1900 3317 2031 3344 corvus
2062 3306 2267 3345 avolatione
2394 3322 2412 3346 a«
2438 3321 2478 3342 21:-

1482 3372 1553 3410 cst,
1571 3365 1631 3402 cui
1647 3365 1776 3402 similis
1794 3365 1905 3403 ludas
1918 3367 2018 3406 eirca
2043 3376 2151 3408 suum
2171 3365 2386 3413 magistrum
2407 3365 2460 3410 {ui

1483 3426 1689 3464 Dominum.
1711 3423 1873 3462 struthio
1890 3421 1968 3463 a'vis
1987 3426 2132 3474 quidem
2151 3430 2223 3471 est,
2240 3425 2358 3466 ερατ
2387 3440 2390 3447 ’
2469 3452 2477 3470 1,

1483 3491 1620 3534 potest,
1636 3490 1822 3531 totamque
1842 3485 1955 3525 vitam
1969 3497 2077 3525 suam
2090 3487 2193 3533 circa
2212 3490 2352 3531 m
2372 3502 2377 3513 ·
2395 3478 2429 3517 Ὺ
2465 3525 2469 3536 η,

1484 3547 1871 3597 quatessuntqaidam
1884 3546 1959 3583 neo
1974 3547 2173 3592 militantes
2185 3553 2224 3589 et
2246 3563 2279 3578 ν
2319 3573 2322 3578 ‹
2353 3564 2393 3591 φ
2440 3547 2458 3553 ”

1477 3607 1779 3656 amplicem.
1798 3605 1977 3645 Noctuam
1994 3615 2178 3654 vet-omre
2394 3624 2397 3635 =

1475 3667 1645 3718 atauoum
1662 3667 1846 3712 dixerunt,
1861 3667 1959 3706 hanc
1980 3668 2201 3717 asseruntjn
2212 3667 2324 3722 nm*
2424 3678 2450 3687 ”

1477 3727 1823 3782 mmmmm
1834 3726 2160 3778 nmmum-ninus
2173 3737 2199 3770 ιι
2295 3752 2321 3776 ,«

1482 3789 1576 3836 trui;
1595 3789 1686 3828 tales
1704 3794 1788 3829 sunt
1803 3788 1867 3837 qui
1883 3783 1989 3836 Legis
2005 3786 2206 3836 gloriantur
2227 3793 2370 3828 contem
2391 3791 2393 3794 ’
2406 3801 2408 3810 ¹

2170 3974 2342 4016 5⁷3⁷
