<?xml version="1.0" encoding="UTF-8"?>
<!DOCTYPE html PUBLIC "-//W3C//DTD XHTML 1.0 Transitional//EN"
    "http://www.w3.org/TR/xhtml1/DTD/xhtml1-transitional.dtd">
<html xmlns="http://www.w3.org/1999/xhtml" xml:lang="en" lang="en">
 <head>
  <title>
</title>
<meta http-equiv="Content-Type" content="text/html;charset=utf-8" />
  <meta name='ocr-system' content='tesseract 3.04.00' />
  <meta name='ocr-capabilities' content='ocr_page ocr_carea ocr_par ocr_line ocrx_word'/>
</head>
<body>
  <div class='ocr_page' id='page_1' title='image "./patrologiae00unknuoft_0290.png"; bbox 0 0 2540 4016; ppageno 0'>
   <div class='ocr_carea' id='block_1_1' title="bbox 284 207 355 245">
    <p class='ocr_par' dir='ltr' id='par_1_1' title="bbox 284 207 355 245">
     <span class='ocr_line' id='line_1_1' title="bbox 284 207 355 245; baseline -0.042 0"><span class='ocrx_word' id='word_1_1' title='bbox 284 207 355 245; x_wconf 76' lang='lat'><strong>567</strong></span> 
     </span>
    </p>
   </div>
   <div class='ocr_carea' id='block_1_2' title="bbox 709 201 2009 243">
    <p class='ocr_par' dir='ltr' id='par_1_2' title="bbox 709 201 2009 243">
     <span class='ocr_line' id='line_1_2' title="bbox 709 201 2009 243; baseline 0.001 -4"><span class='ocrx_word' id='word_1_2' title='bbox 709 203 751 239; x_wconf 89' lang='grc' dir='ltr'><strong>Β.</strong></span> <span class='ocrx_word' id='word_1_3' title='bbox 778 201 948 242; x_wconf 81' lang='grc' dir='ltr'><strong>ΒΑΒΑΝΙ</strong></span> <span class='ocrx_word' id='word_1_4' title='bbox 970 202 1119 243; x_wconf 73' lang='grc' dir='ltr'><strong>ΜΑΠΒΙ</strong></span> <span class='ocrx_word' id='word_1_5' title='bbox 1142 201 1360 240; x_wconf 82' lang='lat' dir='ltr'><strong>ARCHIEP.</strong></span> <span class='ocrx_word' id='word_1_6' title='bbox 1386 201 1591 242; x_wconf 82' lang='lat' dir='ltr'><strong>MOGUNT.</strong></span> <span class='ocrx_word' id='word_1_7' title='bbox 1619 202 1811 242; x_wconf 85' lang='lat' dir='ltr'><strong>OPERUM</strong></span> <span class='ocrx_word' id='word_1_8' title='bbox 1835 202 1955 241; x_wconf 85' lang='lat' dir='ltr'>PARS</span> <span class='ocrx_word' id='word_1_9' title='bbox 1979 204 2009 240; x_wconf 87' lang='grc' dir='ltr'><strong>Ι.</strong></span> 
     </span>
    </p>
   </div>
   <div class='ocr_carea' id='block_1_3' title="bbox 2379 201 2450 241">
    <p class='ocr_par' dir='ltr' id='par_1_3' title="bbox 2379 201 2450 241">
     <span class='ocr_line' id='line_1_3' title="bbox 2379 201 2450 241; baseline 0.014 -1"><span class='ocrx_word' id='word_1_10' title='bbox 2379 201 2450 241; x_wconf 76' lang='lat'><strong>568</strong></span> 
     </span>
    </p>
   </div>
   <div class='ocr_carea' id='block_1_4' title="bbox 279 279 2452 327">
    <p class='ocr_par' dir='ltr' id='par_1_4' title="bbox 279 279 2452 327">
     <span class='ocr_line' id='line_1_4' title="bbox 279 279 2452 327; baseline 0 -11"><span class='ocrx_word' id='word_1_11' title='bbox 279 281 377 321; x_wconf 84' lang='lat' dir='ltr'><strong>nies,</strong></span> <span class='ocrx_word' id='word_1_12' title='bbox 399 284 438 314; x_wconf 92' lang='lat' dir='ltr'><strong>ut</strong></span> <span class='ocrx_word' id='word_1_13' title='bbox 455 279 570 326; x_wconf 86' lang='lat' dir='ltr'><strong>legem</strong></span> <span class='ocrx_word' id='word_1_14' title='bbox 588 279 755 316; x_wconf 83' lang='lat' dir='ltr'><strong>videlicet</strong></span> <span class='ocrx_word' id='word_1_15' title='bbox 779 285 817 316; x_wconf 91' lang='lat' dir='ltr'><strong>et</strong></span> <span class='ocrx_word' id='word_1_16' title='bbox 843 281 1038 327; x_wconf 85' lang='lat' dir='ltr'><strong>prophetas</strong></span> <span class='ocrx_word' id='word_1_17' title='bbox 1061 281 1333 319; x_wconf 81' lang='lat' dir='ltr'><strong>commendaret</strong></span> <span class='ocrx_word' id='word_1_18' title='bbox 1349 279 1386 320; x_wconf 85' lang='lat' dir='ltr'>A</span> <span class='ocrx_word' id='word_1_19' title='bbox 1400 279 1505 324; x_wconf 83' lang='lat' dir='ltr'><strong>riam,</strong></span> <span class='ocrx_word' id='word_1_20' title='bbox 1527 280 1669 327; x_wconf 74' lang='lat' dir='ltr'><strong>fratres,</strong></span> <span class='ocrx_word' id='word_1_21' title='bbox 1687 281 1766 325; x_wconf 82' lang='lat' dir='ltr'><strong>hoc,</strong></span> <span class='ocrx_word' id='word_1_22' title='bbox 1783 287 1822 318; x_wconf 84' lang='lat' dir='ltr'><strong>ut</strong></span> <span class='ocrx_word' id='word_1_23' title='bbox 1849 292 1919 318; x_wconf 89' lang='lat' dir='ltr'><strong>non</strong></span> <span class='ocrx_word' id='word_1_24' title='bbox 1947 280 2023 316; x_wconf 87' lang='lat' dir='ltr'><strong>sitis</strong></span> <span class='ocrx_word' id='word_1_25' title='bbox 2048 279 2142 326; x_wconf 83' lang='lat' dir='ltr'><strong>apud</strong></span> <span class='ocrx_word' id='word_1_26' title='bbox 2155 280 2377 327; x_wconf 67' lang='lat' dir='ltr'><strong>vosmetipsos</strong></span> <span class='ocrx_word' id='word_1_27' title='bbox 2394 292 2452 317; x_wconf 88' lang='lat' dir='ltr'><strong>sa-</strong></span> 
     </span>
    </p>
   </div>
   <div class='ocr_carea' id='block_1_5' title="bbox 264 339 1332 1175">
    <p class='ocr_par' dir='ltr' id='par_1_5' title="bbox 264 339 1332 1175">
     <span class='ocr_line' id='line_1_5' title="bbox 277 339 1332 387; baseline 0.004 -12"><span class='ocrx_word' id='word_1_28' title='bbox 277 345 314 376; x_wconf 89' lang='lat' dir='ltr'><strong>et</strong></span> <span class='ocrx_word' id='word_1_29' title='bbox 341 339 573 386; x_wconf 87' lang='lat' dir='ltr'><strong>Evangelium</strong></span> <span class='ocrx_word' id='word_1_30' title='bbox 588 366 597 383; x_wconf 94' lang='lat'><strong>,</strong></span> <span class='ocrx_word' id='word_1_31' title='bbox 617 349 771 385; x_wconf 88' lang='lat' dir='ltr'><strong>quorum</strong></span> <span class='ocrx_word' id='word_1_32' title='bbox 792 340 878 386; x_wconf 89' lang='lat' dir='ltr'><strong>quia</strong></span> <span class='ocrx_word' id='word_1_33' title='bbox 903 341 1085 387; x_wconf 78' lang='lat' dir='ltr'><strong>antiquior</strong></span> <span class='ocrx_word' id='word_1_34' title='bbox 1102 341 1162 377; x_wconf 84' lang='lat' dir='ltr'><strong>lex</strong></span> <span class='ocrx_word' id='word_1_35' title='bbox 1180 346 1254 386; x_wconf 88' lang='lat' dir='ltr'><strong>est,</strong></span> <span class='ocrx_word' id='word_1_36' title='bbox 1275 351 1332 379; x_wconf 84' lang='lat' dir='ltr'><strong>se·-</strong></span> 
     </span>
     <span class='ocr_line' id='line_1_6' title="bbox 277 399 1329 448; baseline 0.003 -14"><span class='ocrx_word' id='word_1_37' title='bbox 277 399 394 435; x_wconf 91' lang='lat' dir='ltr'><strong>cundo</strong></span> <span class='ocrx_word' id='word_1_38' title='bbox 415 409 502 435; x_wconf 90' lang='lat' dir='ltr'><strong>vero</strong></span> <span class='ocrx_word' id='word_1_39' title='bbox 521 399 600 436; x_wconf 88' lang='lat' dir='ltr'><strong>loeo</strong></span> <span class='ocrx_word' id='word_1_40' title='bbox 613 399 799 445; x_wconf 80' lang='lat' dir='ltr'><strong>prophetae</strong></span> <span class='ocrx_word' id='word_1_41' title='bbox 811 426 822 444; x_wconf 87' lang='lat'>‚</span> <span class='ocrx_word' id='word_1_42' title='bbox 844 400 1080 437; x_wconf 87' lang='lat' dir='ltr'><strong>novissimum</strong></span> <span class='ocrx_word' id='word_1_43' title='bbox 1097 400 1329 448; x_wconf 88' lang='lat' dir='ltr'><strong>Evangelium</strong></span> 
     </span>
     <span class='ocr_line' id='line_1_7' title="bbox 274 458 1330 506; baseline 0.003 -11"><span class='ocrx_word' id='word_1_44' title='bbox 274 458 465 495; x_wconf 78' lang='lat' dir='ltr'><strong>ostendere</strong></span> <span class='ocrx_word' id='word_1_45' title='bbox 482 458 686 502; x_wconf 90' lang='lat' dir='ltr'><strong>voluerunt,</strong></span> <span class='ocrx_word' id='word_1_46' title='bbox 707 459 792 505; x_wconf 87' lang='lat' dir='ltr'><strong>quia</strong></span> <span class='ocrx_word' id='word_1_47' title='bbox 816 459 1053 506; x_wconf 86' lang='lat' dir='ltr'><strong>Evangelium</strong></span> <span class='ocrx_word' id='word_1_48' title='bbox 1079 461 1148 498; x_wconf 89' lang='lat' dir='ltr'><strong>etsi</strong></span> <span class='ocrx_word' id='word_1_49' title='bbox 1176 462 1330 498; x_wconf 90' lang='lat' dir='ltr'><strong>novissi-</strong></span> 
     </span>
     <span class='ocr_line' id='line_1_8' title="bbox 273 518 1329 569; baseline 0.006 -16"><span class='ocrx_word' id='word_1_50' title='bbox 273 529 372 554; x_wconf 91' lang='lat' dir='ltr'><strong>mum</strong></span> <span class='ocrx_word' id='word_1_51' title='bbox 391 518 518 565; x_wconf 85' lang='lat' dir='ltr'><strong>gratia,</strong></span> <span class='ocrx_word' id='word_1_52' title='bbox 540 518 603 555; x_wconf 90' lang='lat' dir='ltr'><strong>sed</strong></span> <span class='ocrx_word' id='word_1_53' title='bbox 620 530 641 554; x_wconf 93' lang='lat' dir='ltr'><strong>a</strong></span> <span class='ocrx_word' id='word_1_54' title='bbox 663 519 739 555; x_wconf 90' lang='lat' dir='ltr'><strong>Deo</strong></span> <span class='ocrx_word' id='word_1_55' title='bbox 757 521 981 567; x_wconf 87' lang='lat' dir='ltr'><strong>praeponitur</strong></span> <span class='ocrx_word' id='word_1_56' title='bbox 999 527 1106 568; x_wconf 88' lang='lat' dir='ltr'><strong>atque</strong></span> <span class='ocrx_word' id='word_1_57' title='bbox 1122 522 1204 559; x_wconf 90' lang='lat' dir='ltr'><strong>ideo</strong></span> <span class='ocrx_word' id='word_1_58' title='bbox 1227 524 1329 569; x_wconf 85' lang='lat' dir='ltr'><strong>prius</strong></span> 
     </span>
     <span class='ocr_line' id='line_1_9' title="bbox 272 578 1327 628; baseline 0.005 -14"><span class='ocrx_word' id='word_1_59' title='bbox 272 578 351 624; x_wconf 89' lang='lat' dir='ltr'><strong>ejus</strong></span> <span class='ocrx_word' id='word_1_60' title='bbox 367 579 578 615; x_wconf 80' lang='lat' dir='ltr'><strong>memoriam</strong></span> <span class='ocrx_word' id='word_1_61' title='bbox 593 579 697 623; x_wconf 86' lang='lat' dir='ltr'><strong>sacit;</strong></span> <span class='ocrx_word' id='word_1_62' title='bbox 714 581 872 626; x_wconf 88' lang='lat' dir='ltr'><strong>primum</strong></span> <span class='ocrx_word' id='word_1_63' title='bbox 889 581 1013 626; x_wconf 81' lang='lat' dir='ltr'><strong>Jacob,</strong></span> <span class='ocrx_word' id='word_1_64' title='bbox 1032 583 1094 628; x_wconf 90' lang='lat' dir='ltr'><strong>qni</strong></span> <span class='ocrx_word' id='word_1_65' title='bbox 1110 584 1327 619; x_wconf 90' lang='lat' dir='ltr'><strong>novissimus</strong></span> 
     </span>
     <span class='ocr_line' id='line_1_10' title="bbox 271 641 1327 691; baseline 0.005 -17"><span class='ocrx_word' id='word_1_66' title='bbox 271 646 347 681; x_wconf 90' lang='lat' dir='ltr'><strong>est,</strong></span> <span class='ocrx_word' id='word_1_67' title='bbox 369 645 530 685; x_wconf 84' lang='lat' dir='ltr'><strong>tempore</strong></span> <span class='ocrx_word' id='word_1_68' title='bbox 554 646 590 676; x_wconf 90' lang='lat' dir='ltr'><strong>et</strong></span> <span class='ocrx_word' id='word_1_69' title='bbox 611 641 738 678; x_wconf 85' lang='lat' dir='ltr'><strong>ordine</strong></span> <span class='ocrx_word' id='word_1_70' title='bbox 758 643 977 680; x_wconf 74' lang='lat' dir='ltr'><strong>mentionem</strong></span> <span class='ocrx_word' id='word_1_71' title='bbox 1000 643 1107 687; x_wconf 82' lang='lat' dir='ltr'><strong>fecit,</strong></span> <span class='ocrx_word' id='word_1_72' title='bbox 1137 650 1177 680; x_wconf 87' lang='lat' dir='ltr'><strong>ut</strong></span> <span class='ocrx_word' id='word_1_73' title='bbox 1197 655 1327 691; x_wconf 88' lang='lat' dir='ltr'><strong>cogna-</strong></span> 
     </span>
     <span class='ocr_line' id='line_1_11' title="bbox 270 698 1324 751; baseline 0.007 -17"><span class='ocrx_word' id='word_1_74' title='bbox 270 698 406 735; x_wconf 85' lang='lat' dir='ltr'><strong>tionem</strong></span> <span class='ocrx_word' id='word_1_75' title='bbox 428 705 548 736; x_wconf 91' lang='lat' dir='ltr'><strong>autem</strong></span> <span class='ocrx_word' id='word_1_76' title='bbox 566 701 659 736; x_wconf 85' lang='lat' dir='ltr'><strong>inter</strong></span> <span class='ocrx_word' id='word_1_77' title='bbox 678 711 716 738; x_wconf 89' lang='lat' dir='ltr'><strong>se</strong></span> <span class='ocrx_word' id='word_1_78' title='bbox 742 702 912 738; x_wconf 84' lang='lat' dir='ltr'><strong>habentia</strong></span> <span class='ocrx_word' id='word_1_79' title='bbox 931 704 1095 740; x_wconf 90' lang='lat' dir='ltr'><strong>similiter</strong></span> <span class='ocrx_word' id='word_1_80' title='bbox 1120 705 1324 751; x_wconf 86' lang='lat' dir='ltr'><strong>conjunxit,</strong></span> 
     </span>
     <span class='ocr_line' id='line_1_12' title="bbox 270 762 1326 812; baseline 0.007 -16"><span class='ocrx_word' id='word_1_81' title='bbox 270 762 358 803; x_wconf 80' lang='lat' dir='ltr'><strong>etin</strong></span> <span class='ocrx_word' id='word_1_82' title='bbox 375 762 431 797; x_wconf 88' lang='lat' dir='ltr'><strong>his</strong></span> <span class='ocrx_word' id='word_1_83' title='bbox 451 763 487 797; x_wconf 93' lang='lat' dir='ltr'><strong>in</strong></span> <span class='ocrx_word' id='word_1_84' title='bbox 501 763 630 808; x_wconf 87' lang='lat' dir='ltr'><strong>quibus</strong></span> <span class='ocrx_word' id='word_1_85' title='bbox 649 763 739 810; x_wconf 87' lang='lat' dir='ltr'><strong>legis</strong></span> <span class='ocrx_word' id='word_1_86' title='bbox 758 765 1088 812; x_wconf 82' lang='lat' dir='ltr'><strong>prophetarumque</strong></span> <span class='ocrx_word' id='word_1_87' title='bbox 1106 768 1326 804; x_wconf 86' lang='lat' dir='ltr'><strong>mentionem</strong></span> 
     </span>
     <span class='ocr_line' id='line_1_13' title="bbox 269 822 1324 872; baseline 0.006 -14"><span class='ocrx_word' id='word_1_88' title='bbox 269 822 369 867; x_wconf 78' lang='lat' dir='ltr'><strong>facit,</strong></span> <span class='ocrx_word' id='word_1_89' title='bbox 391 823 427 858; x_wconf 93' lang='lat' dir='ltr'><strong>in</strong></span> <span class='ocrx_word' id='word_1_90' title='bbox 445 824 501 860; x_wconf 88' lang='lat' dir='ltr'><strong>his</strong></span> <span class='ocrx_word' id='word_1_91' title='bbox 523 834 561 860; x_wconf 91' lang='lat' dir='ltr'><strong>se</strong></span> <span class='ocrx_word' id='word_1_92' title='bbox 582 830 617 861; x_wconf 89' lang='lat' dir='ltr'><strong>ct</strong></span> <span class='ocrx_word' id='word_1_93' title='bbox 642 825 824 872; x_wconf 85' lang='lat' dir='ltr'><strong>Evangelii</strong></span> <span class='ocrx_word' id='word_1_94' title='bbox 845 827 930 862; x_wconf 89' lang='lat' dir='ltr'><strong>dicit</strong></span> <span class='ocrx_word' id='word_1_95' title='bbox 948 828 1167 864; x_wconf 90' lang='lat' dir='ltr'><strong>mentionem</strong></span> <span class='ocrx_word' id='word_1_96' title='bbox 1189 828 1324 865; x_wconf 81' lang='lat' dir='ltr'><strong>facere.</strong></span> 
     </span>
     <span class='ocr_line' id='line_1_14' title="bbox 269 883 1324 933; baseline 0.008 -15"><span class='ocrx_word' id='word_1_97' title='bbox 269 883 383 919; x_wconf 89' lang='lat' dir='ltr'><strong>Nimis</strong></span> <span class='ocrx_word' id='word_1_98' title='bbox 412 890 532 920; x_wconf 90' lang='lat' dir='ltr'><strong>autem</strong></span> <span class='ocrx_word' id='word_1_99' title='bbox 562 885 650 929; x_wconf 90' lang='lat' dir='ltr'><strong>hoc,</strong></span> <span class='ocrx_word' id='word_1_100' title='bbox 677 896 719 922; x_wconf 89' lang='lat' dir='ltr'><strong>ea</strong></span> <span class='ocrx_word' id='word_1_101' title='bbox 750 897 829 932; x_wconf 82' lang='lat' dir='ltr'><strong>quae</strong></span> <span class='ocrx_word' id='word_1_102' title='bbox 853 894 1052 933; x_wconf 90' lang='lat' dir='ltr'><strong>sequuntur</strong></span> <span class='ocrx_word' id='word_1_103' title='bbox 1081 888 1324 926; x_wconf 85' lang='lat' dir='ltr'><strong>confirmant:</strong></span> 
     </span>
     <span class='ocr_line' id='line_1_15' title="bbox 270 942 1323 995; baseline 0.008 -17"><span class='ocrx_word' id='word_1_104' title='bbox 270 942 386 979; x_wconf 81' lang='lat' dir='ltr'><strong>Terroe</strong></span> <span class='ocrx_word' id='word_1_105' title='bbox 404 956 536 992; x_wconf 84' lang='lat' dir='ltr'><strong>quoque</strong></span> <span class='ocrx_word' id='word_1_106' title='bbox 556 957 688 982; x_wconf 83' lang='lat' dir='ltr'><strong>mentor</strong></span> <span class='ocrx_word' id='word_1_107' title='bbox 708 958 781 990; x_wconf 88' lang='lat' dir='ltr'><strong>ero,</strong></span> <span class='ocrx_word' id='word_1_108' title='bbox 802 959 879 994; x_wconf 76' lang='lat' dir='ltr'><strong>quse</strong></span> <span class='ocrx_word' id='word_1_109' title='bbox 906 960 984 983; x_wconf 89' lang='lat' dir='ltr'><strong>cum</strong></span> <span class='ocrx_word' id='word_1_110' title='bbox 1011 948 1131 985; x_wconf 80' lang='lat' dir='ltr'><strong>relicta</strong></span> <span class='ocrx_word' id='word_1_111' title='bbox 1148 950 1254 995; x_wconf 82' lang='lat' dir='ltr'><strong>fuerit</strong></span> <span class='ocrx_word' id='word_1_112' title='bbox 1281 951 1323 986; x_wconf 86' lang='lat' dir='ltr'><strong>ab</strong></span> 
     </span>
     <span class='ocr_line' id='line_1_16' title="bbox 266 1004 1323 1056; baseline 0.009 -19"><span class='ocrx_word' id='word_1_113' title='bbox 266 1004 337 1046; x_wconf 87' lang='lat' dir='ltr'><strong>eis;</strong></span> <span class='ocrx_word' id='word_1_114' title='bbox 366 1005 455 1048; x_wconf 80' lang='lat' dir='ltr'><strong>sive,</strong></span> <span class='ocrx_word' id='word_1_115' title='bbox 477 1011 516 1040; x_wconf 92' lang='lat' dir='ltr'><strong>ut</strong></span> <span class='ocrx_word' id='word_1_116' title='bbox 537 1005 653 1051; x_wconf 86' lang='lat' dir='ltr'><strong>LXX,</strong></span> <span class='ocrx_word' id='word_1_117' title='bbox 675 1006 882 1052; x_wconf 79' lang='lat' dir='ltr'><strong>relinquitur</strong></span> <span class='ocrx_word' id='word_1_118' title='bbox 899 1010 941 1043; x_wconf 89' lang='lat' dir='ltr'><strong>ab</strong></span> <span class='ocrx_word' id='word_1_119' title='bbox 959 1010 1021 1044; x_wconf 83' lang='lat' dir='ltr'><strong>eis.</strong></span> <span class='ocrx_word' id='word_1_120' title='bbox 1043 1010 1137 1056; x_wconf 87' lang='lat' dir='ltr'><strong>Ergo</strong></span> <span class='ocrx_word' id='word_1_121' title='bbox 1155 1011 1240 1055; x_wconf 89' lang='lat' dir='ltr'><strong>quia</strong></span> <span class='ocrx_word' id='word_1_122' title='bbox 1259 1010 1323 1047; x_wconf 90' lang='lat' dir='ltr'><strong>be-</strong></span> 
     </span>
     <span class='ocr_line' id='line_1_17' title="bbox 265 1059 1324 1106; baseline 0.008 -8"><span class='ocrx_word' id='word_1_123' title='bbox 265 1064 421 1100; x_wconf 83' lang='lat' dir='ltr'><strong>nedictio</strong></span> <span class='ocrx_word' id='word_1_124' title='bbox 440 1066 598 1100; x_wconf 86' lang='lat' dir='ltr'><strong>maxima</strong></span> <span class='ocrx_word' id='word_1_125' title='bbox 619 1072 724 1102; x_wconf 86' lang='lat' dir='ltr'><strong>terrae</strong></span> <span class='ocrx_word' id='word_1_126' title='bbox 740 1073 795 1102; x_wconf 84' lang='lat' dir='ltr'><strong>est</strong></span> <span class='ocrx_word' id='word_1_127' title='bbox 815 1079 835 1103; x_wconf 88' lang='lat' dir='ltr'><strong>a</strong></span> <span class='ocrx_word' id='word_1_128' title='bbox 856 1068 928 1103; x_wconf 91' lang='lat' dir='ltr'><strong>Deo</strong></span> <span class='ocrx_word' id='word_1_129' title='bbox 956 1069 991 1103; x_wconf 92' lang='lat' dir='ltr'><strong>in</strong></span> <span class='ocrx_word' id='word_1_130' title='bbox 1018 1070 1230 1105; x_wconf 84' lang='lat' dir='ltr'><strong>memoriam</strong></span> <span class='ocrx_word' id='word_1_131' title='bbox 1260 1059 1324 1106; x_wconf 56' lang='lat' dir='ltr'><strong>hass</strong></span> 
     </span>
     <span class='ocr_line' id='line_1_18' title="bbox 264 1123 1321 1175; baseline 0.009 -17"><span class='ocrx_word' id='word_1_132' title='bbox 264 1123 342 1159; x_wconf 90' lang='lat' dir='ltr'><strong>beri</strong></span> <span class='ocrx_word' id='word_1_133' title='bbox 359 1125 510 1170; x_wconf 86' lang='lat' dir='ltr'><strong>diligens</strong></span> <span class='ocrx_word' id='word_1_134' title='bbox 528 1126 786 1172; x_wconf 84' lang='lat' dir='ltr'><strong>intelligmnem</strong></span> <span class='ocrx_word' id='word_1_135' title='bbox 807 1137 940 1164; x_wconf 87' lang='lat' dir='ltr'><strong>terram</strong></span> <span class='ocrx_word' id='word_1_136' title='bbox 960 1129 1068 1173; x_wconf 89' lang='lat' dir='ltr'><strong>Deus,</strong></span> <span class='ocrx_word' id='word_1_137' title='bbox 1094 1131 1129 1166; x_wconf 91' lang='lat' dir='ltr'><strong>id</strong></span> <span class='ocrx_word' id='word_1_138' title='bbox 1147 1137 1215 1175; x_wconf 89' lang='lat' dir='ltr'><strong>est,</strong></span> <span class='ocrx_word' id='word_1_139' title='bbox 1238 1142 1321 1168; x_wconf 84' lang='lat' dir='ltr'><strong>suas</strong></span> 
     </span>
    </p>
   </div>
   <div class='ocr_carea' id='block_1_6' title="bbox 1382 337 2452 388">
    <p class='ocr_par' dir='ltr' id='par_1_6' title="bbox 1382 337 2452 388">
     <span class='ocr_line' id='line_1_19' title="bbox 1382 337 2452 388; baseline 0.003 -14"><span class='ocrx_word' id='word_1_140' title='bbox 1382 339 1543 385; x_wconf 72' lang='lat' dir='ltr'><strong>pientes,</strong></span> <span class='ocrx_word' id='word_1_141' title='bbox 1560 341 1644 388; x_wconf 83' lang='lat' dir='ltr'><strong>quia</strong></span> <span class='ocrx_word' id='word_1_142' title='bbox 1661 341 1800 377; x_wconf 84' lang='lat' dir='ltr'><strong>caecitas</strong></span> <span class='ocrx_word' id='word_1_143' title='bbox 1820 351 1863 377; x_wconf 77' lang='lat' dir='ltr'><strong>ex</strong></span> <span class='ocrx_word' id='word_1_144' title='bbox 1876 347 1974 387; x_wconf 89' lang='lat' dir='ltr'><strong>parte</strong></span> <span class='ocrx_word' id='word_1_145' title='bbox 1991 339 2134 386; x_wconf 65' lang='lat' dir='ltr'><strong>contigit</strong></span> <span class='ocrx_word' id='word_1_146' title='bbox 2149 339 2186 375; x_wconf 86' lang='lat' dir='ltr'><strong>in</strong></span> <span class='ocrx_word' id='word_1_147' title='bbox 2201 337 2330 383; x_wconf 86' lang='lat' dir='ltr'><strong>Israel,</strong></span> <span class='ocrx_word' id='word_1_148' title='bbox 2344 339 2452 377; x_wconf 81' lang='lat' dir='ltr'><strong>donec</strong></span> 
     </span>
    </p>
   </div>
   <div class='ocr_carea' id='block_1_7' title="bbox 1391 397 2454 1171">
    <p class='ocr_par' dir='ltr' id='par_1_7' title="bbox 1395 397 2454 744">
     <span class='ocr_line' id='line_1_20' title="bbox 1397 397 2452 446; baseline 0.002 -12"><span class='ocrx_word' id='word_1_149' title='bbox 1397 398 1575 445; x_wconf 81' lang='lat' dir='ltr'><strong>plenitudo</strong></span> <span class='ocrx_word' id='word_1_150' title='bbox 1598 401 1752 446; x_wconf 75' lang='lat' dir='ltr'><strong>qentium</strong></span> <span class='ocrx_word' id='word_1_151' title='bbox 1771 401 1944 443; x_wconf 74' lang='lat' dir='ltr'><strong>introiret,</strong></span> <span class='ocrx_word' id='word_1_152' title='bbox 1963 405 1995 436; x_wconf 87' lang='lat' dir='ltr'><strong>et</strong></span> <span class='ocrx_word' id='word_1_153' title='bbox 2012 401 2063 435; x_wconf 88' lang='lat' dir='ltr'><strong>sic</strong></span> <span class='ocrx_word' id='word_1_154' title='bbox 2079 398 2191 435; x_wconf 87' lang='lat' dir='ltr'><strong>omnis</strong></span> <span class='ocrx_word' id='word_1_155' title='bbox 2206 397 2322 435; x_wconf 85' lang='lat' dir='ltr'><strong>Israel</strong></span> <span class='ocrx_word' id='word_1_156' title='bbox 2336 399 2452 436; x_wconf 76' lang='lat' dir='ltr'><strong>salvus</strong></span> 
     </span>
     <span class='ocr_line' id='line_1_21' title="bbox 1396 459 2454 508; baseline 0.003 -13"><span class='ocrx_word' id='word_1_157' title='bbox 1396 459 1494 505; x_wconf 83' lang='lat' dir='ltr'><strong>fieret</strong></span> <span class='ocrx_word' id='word_1_158' title='bbox 1523 460 1649 507; x_wconf 89' lang='lat' dir='ltr'><strong>(Rom.</strong></span> <span class='ocrx_word' id='word_1_159' title='bbox 1676 460 1748 508; x_wconf 81' lang='lat' dir='ltr'><strong>xi).</strong></span> <span class='ocrx_word' id='word_1_160' title='bbox 1769 460 1866 497; x_wconf 87' lang='lat' dir='ltr'><strong>Bene</strong></span> <span class='ocrx_word' id='word_1_161' title='bbox 1883 471 1968 508; x_wconf 86' lang='lat' dir='ltr'><strong>ergo</strong></span> <span class='ocrx_word' id='word_1_162' title='bbox 1986 462 2031 497; x_wconf 90' lang='lat' dir='ltr'><strong>ad</strong></span> <span class='ocrx_word' id='word_1_163' title='bbox 2056 461 2166 497; x_wconf 89' lang='lat' dir='ltr'><strong>totius</strong></span> <span class='ocrx_word' id='word_1_164' title='bbox 2183 461 2285 497; x_wconf 78' lang='lat' dir='ltr'><strong>verbi</strong></span> <span class='ocrx_word' id='word_1_165' title='bbox 2308 460 2454 498; x_wconf 77' lang='lat' dir='ltr'><strong>conclu-</strong></span> 
     </span>
     <span class='ocr_line' id='line_1_22' title="bbox 1397 520 2453 567; baseline 0.003 -12"><span class='ocrx_word' id='word_1_166' title='bbox 1397 520 1535 556; x_wconf 88' lang='lat' dir='ltr'><strong>sionem</strong></span> <span class='ocrx_word' id='word_1_167' title='bbox 1553 520 1730 556; x_wconf 88' lang='lat' dir='ltr'><strong>Dominus</strong></span> <span class='ocrx_word' id='word_1_168' title='bbox 1752 520 1842 556; x_wconf 82' lang='lat' dir='ltr'><strong>dixit</strong></span> <span class='ocrx_word' id='word_1_169' title='bbox 1859 532 1868 556; x_wconf 87' lang='lat'>:</span> <span class='ocrx_word' id='word_1_170' title='bbox 1889 520 1965 567; x_wconf 72' lang='grc' dir='ltr'><strong>Εᾳο</strong></span> <span class='ocrx_word' id='word_1_171' title='bbox 1980 521 2152 557; x_wconf 79' lang='lat' dir='ltr'><strong>Dominus</strong></span> <span class='ocrx_word' id='word_1_172' title='bbox 2167 521 2276 565; x_wconf 88' lang='lat' dir='ltr'><strong>Deus,</strong></span> <span class='ocrx_word' id='word_1_173' title='bbox 2297 522 2359 567; x_wconf 90' lang='lat' dir='ltr'><strong>qui</strong></span> <span class='ocrx_word' id='word_1_174' title='bbox 2373 531 2453 558; x_wconf 93' lang='lat' dir='ltr'><strong>om-</strong></span> 
     </span>
     <span class='ocr_line' id='line_1_23' title="bbox 1396 580 2454 626; baseline 0.003 -11"><span class='ocrx_word' id='word_1_175' title='bbox 1396 580 1497 615; x_wconf 90' lang='lat' dir='ltr'><strong>nium</strong></span> <span class='ocrx_word' id='word_1_176' title='bbox 1515 580 1705 616; x_wconf 90' lang='lat' dir='ltr'><strong>hominum</strong></span> <span class='ocrx_word' id='word_1_177' title='bbox 1725 580 1876 616; x_wconf 88' lang='lat' dir='ltr'><strong>salutem</strong></span> <span class='ocrx_word' id='word_1_178' title='bbox 1898 580 1980 617; x_wconf 88' lang='lat' dir='ltr'><strong>volo</strong></span> <span class='ocrx_word' id='word_1_179' title='bbox 1996 592 2006 624; x_wconf 90' lang='lat'>;</span> <span class='ocrx_word' id='word_1_180' title='bbox 2033 586 2142 626; x_wconf 88' lang='lat' dir='ltr'><strong>atque</strong></span> <span class='ocrx_word' id='word_1_181' title='bbox 2158 580 2268 617; x_wconf 87' lang='lat' dir='ltr'><strong>etiam</strong></span> <span class='ocrx_word' id='word_1_182' title='bbox 2286 581 2368 618; x_wconf 90' lang='lat' dir='ltr'><strong>ideo</strong></span> <span class='ocrx_word' id='word_1_183' title='bbox 2391 580 2454 618; x_wconf 82' lang='lat' dir='ltr'><strong>Ju-</strong></span> 
     </span>
     <span class='ocr_line' id='line_1_24' title="bbox 1395 630 2450 689; baseline 0.004 -14"><span class='ocrx_word' id='word_1_184' title='bbox 1395 640 1554 676; x_wconf 85' lang='lat' dir='ltr'><strong>daeorum</strong></span> <span class='ocrx_word' id='word_1_185' title='bbox 1568 630 1654 679; x_wconf 88' lang='lat' dir='ltr'><strong>licet</strong></span> <span class='ocrx_word' id='word_1_186' title='bbox 1665 645 1747 687; x_wconf 87' lang='lat' dir='ltr'><strong>post</strong></span> <span class='ocrx_word' id='word_1_187' title='bbox 1761 645 1814 677; x_wconf 86' lang='lat' dir='ltr'><strong>tot</strong></span> <span class='ocrx_word' id='word_1_188' title='bbox 1827 641 2036 688; x_wconf 84' lang='lat' dir='ltr'><strong>iniquitates</strong></span> <span class='ocrx_word' id='word_1_189' title='bbox 2051 642 2255 679; x_wconf 84' lang='lat' dir='ltr'><strong>salvaturus</strong></span> <span class='ocrx_word' id='word_1_190' title='bbox 2266 642 2450 689; x_wconf 87' lang='lat' dir='ltr'><strong>reliquias.</strong></span> 
     </span>
     <span class='ocr_line' id='line_1_25' title="bbox 1397 698 1594 744; baseline 0.005 -10"><span class='ocrx_word' id='word_1_191' title='bbox 1397 698 1569 744; x_wconf 88' lang='lat' dir='ltr'><strong>Sequitur</strong></span> <span class='ocrx_word' id='word_1_192' title='bbox 1586 712 1594 735; x_wconf 73' lang='grc' dir='ltr'><strong><em>ε</em></strong></span> 
     </span>
    </p>

    <p class='ocr_par' dir='ltr' id='par_1_8' title="bbox 1391 760 2453 1171">
     <span class='ocr_line' id='line_1_26' title="bbox 1443 760 2451 810; baseline 0.003 -14"><span class='ocrx_word' id='word_1_193' title='bbox 1443 760 1528 796; x_wconf 82' lang='lat' dir='ltr'><strong>Hoec</strong></span> <span class='ocrx_word' id='word_1_194' title='bbox 1549 767 1628 797; x_wconf 85' lang='lat' dir='ltr'><strong>sunt</strong></span> <span class='ocrx_word' id='word_1_195' title='bbox 1657 768 1830 809; x_wconf 84' lang='lat' dir='ltr'><strong>proecepta</strong></span> <span class='ocrx_word' id='word_1_196' title='bbox 1859 769 1962 810; x_wconf 87' lang='lat' dir='ltr'><strong>atque</strong></span> <span class='ocrx_word' id='word_1_197' title='bbox 1989 763 2130 809; x_wconf 84' lang='lat' dir='ltr'><strong>judicia</strong></span> <span class='ocrx_word' id='word_1_198' title='bbox 2158 770 2192 799; x_wconf 86' lang='lat' dir='ltr'><strong>et</strong></span> <span class='ocrx_word' id='word_1_199' title='bbox 2222 763 2312 810; x_wconf 76' lang='lat' dir='ltr'><strong>leqes</strong></span> <span class='ocrx_word' id='word_1_200' title='bbox 2325 790 2336 808; x_wconf 94' lang='lat'><strong>,</strong></span> <span class='ocrx_word' id='word_1_201' title='bbox 2363 775 2451 810; x_wconf 84' lang='lat' dir='ltr'><strong>quas</strong></span> 
     </span>
     <span class='ocr_line' id='line_1_27' title="bbox 1395 822 2449 869; baseline 0.002 -12"><span class='ocrx_word' id='word_1_202' title='bbox 1395 822 1489 858; x_wconf 81' lang='lat' dir='ltr'><strong>dedit</strong></span> <span class='ocrx_word' id='word_1_203' title='bbox 1512 822 1684 859; x_wconf 83' lang='lat' dir='ltr'><strong>Dominus</strong></span> <span class='ocrx_word' id='word_1_204' title='bbox 1703 824 1794 859; x_wconf 87' lang='lat' dir='ltr'><strong>inter</strong></span> <span class='ocrx_word' id='word_1_205' title='bbox 1808 835 1844 859; x_wconf 88' lang='lat' dir='ltr'><strong>se</strong></span> <span class='ocrx_word' id='word_1_206' title='bbox 1859 830 1891 859; x_wconf 87' lang='lat' dir='ltr'><strong>et</strong></span> <span class='ocrx_word' id='word_1_207' title='bbox 1908 823 1999 869; x_wconf 81' lang='lat' dir='ltr'><strong>filios</strong></span> <span class='ocrx_word' id='word_1_208' title='bbox 2014 822 2142 868; x_wconf 86' lang='lat' dir='ltr'><strong>Israel,</strong></span> <span class='ocrx_word' id='word_1_209' title='bbox 2164 824 2202 860; x_wconf 86' lang='lat' dir='ltr'><strong>in</strong></span> <span class='ocrx_word' id='word_1_210' title='bbox 2217 830 2332 860; x_wconf 86' lang='lat' dir='ltr'><strong>monte</strong></span> <span class='ocrx_word' id='word_1_211' title='bbox 2348 822 2449 867; x_wconf 86' lang='lat' dir='ltr'><strong>Sina,</strong></span> 
     </span>
     <span class='ocr_line' id='line_1_28' title="bbox 1393 884 2453 930; baseline 0.002 -13"><span class='ocrx_word' id='word_1_212' title='bbox 1393 894 1454 928; x_wconf 89' lang='lat' dir='ltr'><strong>per</strong></span> <span class='ocrx_word' id='word_1_213' title='bbox 1471 894 1614 919; x_wconf 89' lang='lat' dir='ltr'><strong>manum</strong></span> <span class='ocrx_word' id='word_1_214' title='bbox 1645 884 1774 930; x_wconf 83' lang='lat' dir='ltr'><strong>Moysi.</strong></span> <span class='ocrx_word' id='word_1_215' title='bbox 1808 884 1886 920; x_wconf 90' lang='lat' dir='ltr'><strong>Non</strong></span> <span class='ocrx_word' id='word_1_216' title='bbox 1918 885 2032 921; x_wconf 87' lang='lat' dir='ltr'><strong>otiose</strong></span> <span class='ocrx_word' id='word_1_217' title='bbox 2051 884 2218 920; x_wconf 86' lang='lat' dir='ltr'><strong>intendas</strong></span> <span class='ocrx_word' id='word_1_218' title='bbox 2246 894 2327 930; x_wconf 81' lang='lat' dir='ltr'><strong>quae</strong></span> <span class='ocrx_word' id='word_1_219' title='bbox 2357 884 2453 920; x_wconf 86' lang='lat' dir='ltr'><strong>dicta</strong></span> 
     </span>
     <span class='ocr_line' id='line_1_29' title="bbox 1394 942 2453 990; baseline 0.002 -12"><span class='ocrx_word' id='word_1_220' title='bbox 1394 948 1490 986; x_wconf 91' lang='lat' dir='ltr'><strong>sunt,</strong></span> <span class='ocrx_word' id='word_1_221' title='bbox 1518 944 1787 981; x_wconf 82' lang='lat' dir='ltr'><strong>conclusionem</strong></span> <span class='ocrx_word' id='word_1_222' title='bbox 1808 945 1905 980; x_wconf 86' lang='lat' dir='ltr'><strong>enim</strong></span> <span class='ocrx_word' id='word_1_223' title='bbox 1921 945 2043 981; x_wconf 85' lang='lat' dir='ltr'><strong>verbis</strong></span> <span class='ocrx_word' id='word_1_224' title='bbox 2061 944 2135 980; x_wconf 83' lang='lat' dir='ltr'><strong>suis</strong></span> <span class='ocrx_word' id='word_1_225' title='bbox 2156 943 2340 990; x_wconf 88' lang='lat' dir='ltr'><strong>legislator</strong></span> <span class='ocrx_word' id='word_1_226' title='bbox 2355 942 2453 989; x_wconf 78' lang='lat' dir='ltr'><strong>adje-</strong></span> 
     </span>
     <span class='ocr_line' id='line_1_30' title="bbox 1393 1004 2453 1050; baseline 0.002 -12"><span class='ocrx_word' id='word_1_227' title='bbox 1393 1004 1455 1046; x_wconf 92' lang='lat' dir='ltr'><strong>cit,</strong></span> <span class='ocrx_word' id='word_1_228' title='bbox 1472 1014 1516 1039; x_wconf 91' lang='lat' dir='ltr'><strong>ex</strong></span> <span class='ocrx_word' id='word_1_229' title='bbox 1531 1014 1601 1049; x_wconf 91' lang='lat' dir='ltr'><strong>qua</strong></span> <span class='ocrx_word' id='word_1_230' title='bbox 1617 1015 1731 1050; x_wconf 89' lang='lat' dir='ltr'><strong>usque</strong></span> <span class='ocrx_word' id='word_1_231' title='bbox 1746 1006 1791 1040; x_wconf 91' lang='lat' dir='ltr'><strong>ad</strong></span> <span class='ocrx_word' id='word_1_232' title='bbox 1805 1011 1944 1041; x_wconf 88' lang='lat' dir='ltr'><strong>certum</strong></span> <span class='ocrx_word' id='word_1_233' title='bbox 1959 1010 2101 1050; x_wconf 89' lang='lat' dir='ltr'><strong>tempus</strong></span> <span class='ocrx_word' id='word_1_234' title='bbox 2115 1004 2259 1043; x_wconf 89' lang='lat' dir='ltr'><strong>firmam</strong></span> <span class='ocrx_word' id='word_1_235' title='bbox 2272 1004 2360 1040; x_wconf 87' lang='lat' dir='ltr'><strong>velit</strong></span> <span class='ocrx_word' id='word_1_236' title='bbox 2372 1014 2453 1041; x_wconf 91' lang='lat' dir='ltr'><strong>esse</strong></span> 
     </span>
     <span class='ocr_line' id='line_1_31' title="bbox 1392 1062 2449 1110; baseline 0.003 -13"><span class='ocrx_word' id='word_1_237' title='bbox 1392 1062 1482 1110; x_wconf 85' lang='lat' dir='ltr'><strong>legis</strong></span> <span class='ocrx_word' id='word_1_238' title='bbox 1502 1063 1658 1099; x_wconf 84' lang='lat' dir='ltr'><strong>litteram</strong></span> <span class='ocrx_word' id='word_1_239' title='bbox 1671 1091 1681 1108; x_wconf 89' lang='lat'><strong>‚</strong></span> <span class='ocrx_word' id='word_1_240' title='bbox 1707 1065 1784 1100; x_wconf 91' lang='lat' dir='ltr'><strong>sine</strong></span> <span class='ocrx_word' id='word_1_241' title='bbox 1803 1064 1923 1110; x_wconf 90' lang='lat' dir='ltr'><strong>aliqua</strong></span> <span class='ocrx_word' id='word_1_242' title='bbox 1946 1064 2171 1101; x_wconf 85' lang='lat' dir='ltr'><strong>dubitatione</strong></span> <span class='ocrx_word' id='word_1_243' title='bbox 2193 1064 2449 1100; x_wconf 79' lang='lat' dir='ltr'><strong>manifestavit.</strong></span> 
     </span>
     <span class='ocr_line' id='line_1_32' title="bbox 1391 1123 2453 1171; baseline 0.002 -13"><span class='ocrx_word' id='word_1_244' title='bbox 1391 1123 1529 1159; x_wconf 86' lang='lat' dir='ltr'><strong>Judicia</strong></span> <span class='ocrx_word' id='word_1_245' title='bbox 1550 1134 1648 1171; x_wconf 88' lang='lat' dir='ltr'><strong>ergo,</strong></span> <span class='ocrx_word' id='word_1_246' title='bbox 1669 1124 1868 1160; x_wconf 89' lang='lat' dir='ltr'><strong>secundum</strong></span> <span class='ocrx_word' id='word_1_247' title='bbox 1887 1124 1982 1170; x_wconf 90' lang='lat' dir='ltr'><strong>quod</strong></span> <span class='ocrx_word' id='word_1_248' title='bbox 1997 1123 2108 1159; x_wconf 88' lang='lat' dir='ltr'><strong>semel</strong></span> <span class='ocrx_word' id='word_1_249' title='bbox 2121 1123 2291 1166; x_wconf 81' lang='lat' dir='ltr'><strong>diximus,</strong></span> <span class='ocrx_word' id='word_1_250' title='bbox 2307 1123 2453 1169; x_wconf 79' lang='lat' dir='ltr'><strong>proprIe</strong></span> 
     </span>
    </p>
   </div>
   <div class='ocr_carea' id='block_1_8' title="bbox 266 1182 2451 1234">
    <p class='ocr_par' dir='ltr' id='par_1_9' title="bbox 266 1182 2451 1234">
     <span class='ocr_line' id='line_1_33' title="bbox 266 1182 2451 1234; baseline 0.005 -16"><span class='ocrx_word' id='word_1_251' title='bbox 266 1182 474 1229; x_wconf 81' lang='lat' dir='ltr'><strong>Scripturas</strong></span> <span class='ocrx_word' id='word_1_252' title='bbox 489 1191 524 1220; x_wconf 91' lang='lat' dir='ltr'><strong>et</strong></span> <span class='ocrx_word' id='word_1_253' title='bbox 542 1187 752 1222; x_wconf 85' lang='lat' dir='ltr'><strong>memoriam</strong></span> <span class='ocrx_word' id='word_1_254' title='bbox 774 1197 912 1231; x_wconf 89' lang='lat' dir='ltr'><strong>eorum,</strong></span> <span class='ocrx_word' id='word_1_255' title='bbox 934 1195 968 1224; x_wconf 85' lang='lat' dir='ltr'><strong>et</strong></span> <span class='ocrx_word' id='word_1_256' title='bbox 985 1200 1056 1225; x_wconf 93' lang='lat' dir='ltr'><strong>non</strong></span> <span class='ocrx_word' id='word_1_257' title='bbox 1076 1191 1253 1228; x_wconf 88' lang='lat' dir='ltr'><strong>oblivione</strong></span> <span class='ocrx_word' id='word_1_258' title='bbox 1269 1203 1324 1228; x_wconf 72' lang='lat' dir='ltr'><strong>re:</strong></span> <span class='ocrx_word' id='word_1_259' title='bbox 1341 1185 1373 1224; x_wconf 91' lang='lat' dir='ltr'><strong>B</strong></span> <span class='ocrx_word' id='word_1_260' title='bbox 1393 1184 1495 1227; x_wconf 68' lang='lat' dir='ltr'><strong>dixit,</strong></span> <span class='ocrx_word' id='word_1_261' title='bbox 1508 1185 1686 1234; x_wconf 48' lang='lat' dir='ltr'><strong>quaeLDOO</strong></span> <span class='ocrx_word' id='word_1_262' title='bbox 1697 1183 1882 1230; x_wconf 63' lang='lat' dir='ltr'><strong>judicante</strong></span> <span class='ocrx_word' id='word_1_263' title='bbox 1898 1183 1942 1220; x_wconf 68' lang='lat' dir='ltr'><strong>de</strong></span> <span class='ocrx_word' id='word_1_264' title='bbox 1957 1183 2172 1229; x_wconf 66' lang='lat' dir='ltr'><strong>qUibUSdam</strong></span> <span class='ocrx_word' id='word_1_265' title='bbox 2190 1183 2358 1229; x_wconf 64' lang='lat' dir='ltr'><strong>capimus</strong></span> <span class='ocrx_word' id='word_1_266' title='bbox 2372 1193 2451 1229; x_wconf 71' lang='lat' dir='ltr'>(1¹1ae</span> 
     </span>
    </p>
   </div>
   <div class='ocr_carea' id='block_1_9' title="bbox 257 1243 1322 2085">
    <p class='ocr_par' dir='ltr' id='par_1_10' title="bbox 257 1243 1322 2085">
     <span class='ocr_line' id='line_1_34' title="bbox 264 1243 1320 1298; baseline 0.011 -22"><span class='ocrx_word' id='word_1_267' title='bbox 264 1243 379 1288; x_wconf 81' lang='lat' dir='ltr'><strong>linqui</strong></span> <span class='ocrx_word' id='word_1_268' title='bbox 399 1243 478 1279; x_wconf 88' lang='lat' dir='ltr'><strong>illas</strong></span> <span class='ocrx_word' id='word_1_269' title='bbox 497 1255 517 1279; x_wconf 92' lang='lat' dir='ltr'><strong>a</strong></span> <span class='ocrx_word' id='word_1_270' title='bbox 537 1244 668 1286; x_wconf 71' lang='lat' dir='ltr'><strong>ludaeis</strong></span> <span class='ocrx_word' id='word_1_271' title='bbox 695 1246 799 1290; x_wconf 78' lang='lat' dir='ltr'><strong>fecit,</strong></span> <span class='ocrx_word' id='word_1_272' title='bbox 823 1249 904 1295; x_wconf 84' lang='lat' dir='ltr'><strong>quia</strong></span> <span class='ocrx_word' id='word_1_273' title='bbox 934 1250 1112 1286; x_wconf 87' lang='lat' dir='ltr'><strong>malitiose</strong></span> <span class='ocrx_word' id='word_1_274' title='bbox 1141 1252 1320 1298; x_wconf 85' lang='lat' dir='ltr'><strong>interpre-</strong></span> 
     </span>
     <span class='ocr_line' id='line_1_35' title="bbox 265 1305 1322 1359; baseline 0.011 -22"><span class='ocrx_word' id='word_1_275' title='bbox 265 1307 383 1338; x_wconf 85' lang='lat' dir='ltr'><strong>tantes</strong></span> <span class='ocrx_word' id='word_1_276' title='bbox 401 1315 470 1339; x_wconf 93' lang='lat' dir='ltr'><strong>non</strong></span> <span class='ocrx_word' id='word_1_277' title='bbox 491 1305 582 1341; x_wconf 78' lang='lat' dir='ltr'><strong>bene</strong></span> <span class='ocrx_word' id='word_1_278' title='bbox 601 1307 886 1352; x_wconf 83' lang='lat' dir='ltr'><strong>meditabantur,</strong></span> <span class='ocrx_word' id='word_1_279' title='bbox 911 1310 1134 1355; x_wconf 81' lang='lat' dir='ltr'><strong>injuriabant</strong></span> <span class='ocrx_word' id='word_1_280' title='bbox 1154 1323 1227 1356; x_wconf 86' lang='lat' dir='ltr'><strong>eas,</strong></span> <span class='ocrx_word' id='word_1_281' title='bbox 1249 1315 1322 1359; x_wconf 88' lang='lat' dir='ltr'><strong>pri-</strong></span> 
     </span>
     <span class='ocr_line' id='line_1_36' title="bbox 263 1364 1320 1414; baseline 0.012 -18"><span class='ocrx_word' id='word_1_282' title='bbox 263 1371 362 1397; x_wconf 89' lang='lat' dir='ltr'><strong>mum</strong></span> <span class='ocrx_word' id='word_1_283' title='bbox 382 1364 526 1408; x_wconf 87' lang='lat' dir='ltr'><strong>quidem</strong></span> <span class='ocrx_word' id='word_1_284' title='bbox 547 1365 705 1402; x_wconf 87' lang='lat' dir='ltr'><strong>dicentes</strong></span> <span class='ocrx_word' id='word_1_285' title='bbox 727 1375 763 1402; x_wconf 89' lang='lat' dir='ltr'><strong>et</strong></span> <span class='ocrx_word' id='word_1_286' title='bbox 780 1379 849 1404; x_wconf 92' lang='lat' dir='ltr'><strong>non</strong></span> <span class='ocrx_word' id='word_1_287' title='bbox 874 1369 1048 1407; x_wconf 82' lang='lat' dir='ltr'><strong>facientes</strong></span> <span class='ocrx_word' id='word_1_288' title='bbox 1067 1383 1075 1414; x_wconf 92' lang='lat'>;</span> <span class='ocrx_word' id='word_1_289' title='bbox 1105 1373 1235 1408; x_wconf 85' lang='lat' dir='ltr'><strong>deinde</strong></span> <span class='ocrx_word' id='word_1_290' title='bbox 1257 1374 1320 1409; x_wconf 89' lang='lat' dir='ltr'><strong>de-</strong></span> 
     </span>
     <span class='ocr_line' id='line_1_37' title="bbox 262 1422 1322 1477; baseline 0.011 -21"><span class='ocrx_word' id='word_1_291' title='bbox 262 1422 486 1466; x_wconf 90' lang='lat' dir='ltr'><strong>spicabiliter</strong></span> <span class='ocrx_word' id='word_1_292' title='bbox 503 1424 796 1470; x_wconf 81' lang='lat' dir='ltr'><strong>interpretantes,</strong></span> <span class='ocrx_word' id='word_1_293' title='bbox 819 1434 854 1463; x_wconf 90' lang='lat' dir='ltr'><strong>ct</strong></span> <span class='ocrx_word' id='word_1_294' title='bbox 875 1431 969 1473; x_wconf 88' lang='lat' dir='ltr'><strong>quod</strong></span> <span class='ocrx_word' id='word_1_295' title='bbox 988 1431 1022 1465; x_wconf 92' lang='lat' dir='ltr'><strong>in</strong></span> <span class='ocrx_word' id='word_1_296' title='bbox 1044 1431 1097 1466; x_wconf 89' lang='lat' dir='ltr'><strong>eis</strong></span> <span class='ocrx_word' id='word_1_297' title='bbox 1125 1438 1204 1466; x_wconf 89' lang='lat' dir='ltr'><strong>crat</strong></span> <span class='ocrx_word' id='word_1_298' title='bbox 1229 1433 1322 1477; x_wconf 89' lang='lat' dir='ltr'><strong>opti-</strong></span> 
     </span>
     <span class='ocr_line' id='line_1_38' title="bbox 262 1482 1320 1535; baseline 0.014 -21"><span class='ocrx_word' id='word_1_299' title='bbox 262 1490 359 1515; x_wconf 90' lang='lat' dir='ltr'><strong>mum</strong></span> <span class='ocrx_word' id='word_1_300' title='bbox 394 1482 594 1526; x_wconf 85' lang='lat' dir='ltr'><strong>spiritalem</strong></span> <span class='ocrx_word' id='word_1_301' title='bbox 630 1484 903 1532; x_wconf 83' lang='lat' dir='ltr'><strong>intelligentiam</strong></span> <span class='ocrx_word' id='word_1_302' title='bbox 942 1495 1113 1535; x_wconf 88' lang='lat' dir='ltr'><strong>tegentes.</strong></span> <span class='ocrx_word' id='word_1_303' title='bbox 1148 1491 1250 1527; x_wconf 89' lang='lat' dir='ltr'><strong>Unde</strong></span> <span class='ocrx_word' id='word_1_304' title='bbox 1284 1499 1320 1529; x_wconf 91' lang='lat' dir='ltr'><strong>et</strong></span> 
     </span>
     <span class='ocr_line' id='line_1_39' title="bbox 261 1545 1318 1594; baseline 0.012 -18"><span class='ocrx_word' id='word_1_305' title='bbox 261 1548 523 1587; x_wconf 85' lang='lat' dir='ltr'><strong>consequenter</strong></span> <span class='ocrx_word' id='word_1_306' title='bbox 555 1545 716 1580; x_wconf 75' lang='lat' dir='ltr'><strong>addidit:</strong></span> <span class='ocrx_word' id='word_1_307' title='bbox 746 1546 978 1594; x_wconf 80' lang='lat' dir='ltr'><strong>Complacebit</strong></span> <span class='ocrx_word' id='word_1_308' title='bbox 1005 1551 1071 1586; x_wconf 83' lang='lat' dir='ltr'><strong>sibi</strong></span> <span class='ocrx_word' id='word_1_309' title='bbox 1102 1553 1138 1587; x_wconf 86' lang='lat' dir='ltr'><strong>in</strong></span> <span class='ocrx_word' id='word_1_310' title='bbox 1164 1553 1318 1590; x_wconf 81' lang='lat' dir='ltr'><strong>sabbatis</strong></span> 
     </span>
     <span class='ocr_line' id='line_1_40' title="bbox 260 1603 1319 1652; baseline 0.014 -15"><span class='ocrx_word' id='word_1_311' title='bbox 260 1603 344 1644; x_wconf 85' lang='lat' dir='ltr'><strong>suis,</strong></span> <span class='ocrx_word' id='word_1_312' title='bbox 369 1603 496 1647; x_wconf 88' lang='lat' dir='ltr'><strong>idest,</strong></span> <span class='ocrx_word' id='word_1_313' title='bbox 518 1604 601 1640; x_wconf 89' lang='lat' dir='ltr'><strong>dum</strong></span> <span class='ocrx_word' id='word_1_314' title='bbox 631 1607 790 1643; x_wconf 86' lang='lat' dir='ltr'><strong>desolata</strong></span> <span class='ocrx_word' id='word_1_315' title='bbox 818 1609 863 1644; x_wconf 88' lang='lat' dir='ltr'><strong>ab</strong></span> <span class='ocrx_word' id='word_1_316' title='bbox 893 1611 943 1646; x_wconf 85' lang='lat' dir='ltr'><strong>eis</strong></span> <span class='ocrx_word' id='word_1_317' title='bbox 975 1619 1150 1649; x_wconf 89' lang='lat' dir='ltr'><strong>remanet.</strong></span> <span class='ocrx_word' id='word_1_318' title='bbox 1179 1613 1319 1652; x_wconf 88' lang='lat' dir='ltr'><strong>Gaudet</strong></span> 
     </span>
     <span class='ocr_line' id='line_1_41' title="bbox 260 1663 1317 1721; baseline 0.016 -25"><span class='ocrx_word' id='word_1_319' title='bbox 260 1663 355 1697; x_wconf 90' lang='lat' dir='ltr'><strong>enim</strong></span> <span class='ocrx_word' id='word_1_320' title='bbox 377 1663 439 1699; x_wconf 89' lang='lat' dir='ltr'><strong>Dei</strong></span> <span class='ocrx_word' id='word_1_321' title='bbox 467 1664 523 1700; x_wconf 85' lang='lat' dir='ltr'><strong>lex</strong></span> <span class='ocrx_word' id='word_1_322' title='bbox 543 1665 747 1703; x_wconf 54' lang='lat' dir='ltr'><strong>‚lud-„eorum</strong></span> <span class='ocrx_word' id='word_1_323' title='bbox 764 1668 887 1706; x_wconf 84' lang='lat' dir='ltr'><strong>fruens</strong></span> <span class='ocrx_word' id='word_1_324' title='bbox 911 1672 1190 1718; x_wconf 85' lang='lat' dir='ltr'><strong>desolationem,</strong></span> <span class='ocrx_word' id='word_1_325' title='bbox 1209 1686 1317 1721; x_wconf 89' lang='lat' dir='ltr'><strong>quam</strong></span> 
     </span>
     <span class='ocr_line' id='line_1_42' title="bbox 259 1722 1316 1778; baseline 0.017 -22"><span class='ocrx_word' id='word_1_326' title='bbox 259 1722 328 1768; x_wconf 88' lang='lat' dir='ltr'><strong>ipsi</strong></span> <span class='ocrx_word' id='word_1_327' title='bbox 348 1724 490 1760; x_wconf 84' lang='lat' dir='ltr'><strong>sibimet</strong></span> <span class='ocrx_word' id='word_1_328' title='bbox 513 1725 724 1772; x_wconf 89' lang='lat' dir='ltr'><strong>intulerunt,</strong></span> <span class='ocrx_word' id='word_1_329' title='bbox 746 1737 892 1776; x_wconf 91' lang='lat' dir='ltr'><strong>propter</strong></span> <span class='ocrx_word' id='word_1_330' title='bbox 908 1734 1002 1778; x_wconf 82' lang='lat' dir='ltr'><strong>quod</strong></span> <span class='ocrx_word' id='word_1_331' title='bbox 1022 1740 1057 1770; x_wconf 91' lang='lat' dir='ltr'><strong>et</strong></span> <span class='ocrx_word' id='word_1_332' title='bbox 1085 1736 1316 1774; x_wconf 88' lang='lat' dir='ltr'><strong>solitudinem</strong></span> 
     </span>
     <span class='ocr_line' id='line_1_43' title="bbox 261 1785 1316 1846; baseline 0.016 -27"><span class='ocrx_word' id='word_1_333' title='bbox 261 1785 356 1821; x_wconf 89' lang='lat' dir='ltr'><strong>illam</strong></span> <span class='ocrx_word' id='word_1_334' title='bbox 380 1788 455 1832; x_wconf 89' lang='lat' dir='ltr'><strong>pati</strong></span> <span class='ocrx_word' id='word_1_335' title='bbox 472 1795 619 1835; x_wconf 87' lang='lat' dir='ltr'><strong>propter</strong></span> <span class='ocrx_word' id='word_1_336' title='bbox 639 1801 700 1827; x_wconf 91' lang='lat' dir='ltr'><strong>eos</strong></span> <span class='ocrx_word' id='word_1_337' title='bbox 724 1793 837 1828; x_wconf 79' lang='lat' dir='ltr'><strong>dixit:</strong></span> <span class='ocrx_word' id='word_1_338' title='bbox 857 1794 931 1840; x_wconf 89' lang='lat' dir='ltr'><strong>Ipsi</strong></span> <span class='ocrx_word' id='word_1_339' title='bbox 961 1807 1038 1831; x_wconf 80' lang='lat' dir='ltr'><strong>vero</strong></span> <span class='ocrx_word' id='word_1_340' title='bbox 1060 1798 1230 1844; x_wconf 72' lang='lat' dir='ltr'><strong>royabunt</strong></span> <span class='ocrx_word' id='word_1_341' title='bbox 1253 1811 1316 1846; x_wconf 91' lang='lat' dir='ltr'><strong>pro</strong></span> 
     </span>
     <span class='ocr_line' id='line_1_44' title="bbox 258 1848 1316 1906; baseline 0.015 -26"><span class='ocrx_word' id='word_1_342' title='bbox 258 1848 407 1890; x_wconf 82' lang='lat' dir='ltr'><strong>peccatis</strong></span> <span class='ocrx_word' id='word_1_343' title='bbox 426 1850 512 1892; x_wconf 85' lang='lat' dir='ltr'><strong>suis,</strong></span> <span class='ocrx_word' id='word_1_344' title='bbox 532 1860 570 1885; x_wconf 90' lang='lat' dir='ltr'><strong>eo</strong></span> <span class='ocrx_word' id='word_1_345' title='bbox 590 1852 681 1897; x_wconf 87' lang='lat' dir='ltr'><strong>quod</strong></span> <span class='ocrx_word' id='word_1_346' title='bbox 701 1852 893 1898; x_wconf 81' lang='lat' dir='ltr'><strong>abjecerint</strong></span> <span class='ocrx_word' id='word_1_347' title='bbox 905 1856 1045 1901; x_wconf 84' lang='lat' dir='ltr'><strong>judicia</strong></span> <span class='ocrx_word' id='word_1_348' title='bbox 1063 1869 1139 1894; x_wconf 86' lang='lat' dir='ltr'><strong>mea</strong></span> <span class='ocrx_word' id='word_1_349' title='bbox 1166 1866 1199 1894; x_wconf 86' lang='lat' dir='ltr'><strong>et</strong></span> <span class='ocrx_word' id='word_1_350' title='bbox 1227 1859 1316 1906; x_wconf 75' lang='lat' dir='ltr'><strong>teqes</strong></span> 
     </span>
     <span class='ocr_line' id='line_1_45' title="bbox 257 1908 1317 1964; baseline 0.014 -24"><span class='ocrx_word' id='word_1_351' title='bbox 257 1916 352 1942; x_wconf 84' lang='lat' dir='ltr'><strong>meas</strong></span> <span class='ocrx_word' id='word_1_352' title='bbox 371 1908 602 1954; x_wconf 73' lang='lat' dir='ltr'><strong>despexerint.</strong></span> <span class='ocrx_word' id='word_1_353' title='bbox 622 1910 796 1958; x_wconf 90' lang='lat' dir='ltr'><strong>Duplicia‚</strong></span> <span class='ocrx_word' id='word_1_354' title='bbox 817 1915 953 1961; x_wconf 91' lang='lat' dir='ltr'><strong>inquit,</strong></span> <span class='ocrx_word' id='word_1_355' title='bbox 975 1917 1069 1952; x_wconf 90' lang='lat' dir='ltr'><strong>hona</strong></span> <span class='ocrx_word' id='word_1_356' title='bbox 1088 1919 1237 1964; x_wconf 83' lang='lat' dir='ltr'><strong>expulsa</strong></span> <span class='ocrx_word' id='word_1_357' title='bbox 1254 1919 1317 1955; x_wconf 86' lang='lat' dir='ltr'><strong>Ju-</strong></span> 
     </span>
     <span class='ocr_line' id='line_1_46' title="bbox 258 1966 1316 2023; baseline 0.014 -22"><span class='ocrx_word' id='word_1_358' title='bbox 258 1966 415 2003; x_wconf 79' lang='lat' dir='ltr'><strong>daeorum</strong></span> <span class='ocrx_word' id='word_1_359' title='bbox 434 1969 551 2014; x_wconf 88' lang='lat' dir='ltr'><strong>plebe,</strong></span> <span class='ocrx_word' id='word_1_360' title='bbox 573 1972 616 2007; x_wconf 88' lang='lat' dir='ltr'><strong>de</strong></span> <span class='ocrx_word' id='word_1_361' title='bbox 636 1971 833 2019; x_wconf 89' lang='lat' dir='ltr'><strong>Scripturis</strong></span> <span class='ocrx_word' id='word_1_362' title='bbox 848 1975 961 2011; x_wconf 83' lang='lat' dir='ltr'><strong>sacris</strong></span> <span class='ocrx_word' id='word_1_363' title='bbox 975 1985 1233 2023; x_wconf 87' lang='lat' dir='ltr'><strong>provenerunt,</strong></span> <span class='ocrx_word' id='word_1_364' title='bbox 1249 1991 1316 2017; x_wconf 87' lang='lat' dir='ltr'><strong>nec</strong></span> 
     </span>
     <span class='ocr_line' id='line_1_47' title="bbox 257 2028 1312 2085; baseline 0.011 -21"><span class='ocrx_word' id='word_1_365' title='bbox 257 2028 343 2074; x_wconf 82' lang='lat' dir='ltr'><strong>ipsae</strong></span> <span class='ocrx_word' id='word_1_366' title='bbox 360 2031 457 2067; x_wconf 91' lang='lat' dir='ltr'><strong>enim</strong></span> <span class='ocrx_word' id='word_1_367' title='bbox 477 2031 696 2078; x_wconf 87' lang='lat' dir='ltr'><strong>injuriantis,</strong></span> <span class='ocrx_word' id='word_1_368' title='bbox 715 2040 863 2082; x_wconf 89' lang='lat' dir='ltr'><strong>propter</strong></span> <span class='ocrx_word' id='word_1_369' title='bbox 895 2038 989 2082; x_wconf 86' lang='lat' dir='ltr'><strong>quod</strong></span> <span class='ocrx_word' id='word_1_370' title='bbox 1013 2043 1049 2073; x_wconf 91' lang='lat' dir='ltr'><strong>et</strong></span> <span class='ocrx_word' id='word_1_371' title='bbox 1068 2040 1222 2085; x_wconf 86' lang='lat' dir='ltr'><strong>gaudent</strong></span> <span class='ocrx_word' id='word_1_372' title='bbox 1241 2051 1312 2077; x_wconf 91' lang='lat' dir='ltr'><strong>non</strong></span> 
     </span>
    </p>
   </div>
   <div class='ocr_carea' id='block_1_10' title="bbox 1386 1245 2451 2084">
    <p class='ocr_par' dir='ltr' id='par_1_11' title="bbox 1386 1245 2451 2084">
     <span class='ocr_line' id='line_1_48' title="bbox 1391 1245 2450 1292; baseline 0 -12"><span class='ocrx_word' id='word_1_373' title='bbox 1391 1245 1599 1290; x_wconf 85' lang='lat' dir='ltr'><strong>ignorantes</strong></span> <span class='ocrx_word' id='word_1_374' title='bbox 1632 1245 1965 1292; x_wconf 80' lang='lat' dir='ltr'><strong>interrogaverunt,</strong></span> <span class='ocrx_word' id='word_1_375' title='bbox 2000 1245 2096 1280; x_wconf 89' lang='lat' dir='ltr'><strong>dicta</strong></span> <span class='ocrx_word' id='word_1_376' title='bbox 2127 1250 2210 1280; x_wconf 94' lang='lat' dir='ltr'><strong>sunt</strong></span> <span class='ocrx_word' id='word_1_377' title='bbox 2227 1255 2237 1287; x_wconf 91' lang='lat'>;</span> <span class='ocrx_word' id='word_1_378' title='bbox 2270 1249 2450 1290; x_wconf 83' lang='lat' dir='ltr'><strong>praecepta</strong></span> 
     </span>
     <span class='ocr_line' id='line_1_49' title="bbox 1390 1307 2451 1354; baseline 0.003 -13"><span class='ocrx_word' id='word_1_379' title='bbox 1390 1313 1527 1350; x_wconf 89' lang='lat' dir='ltr'><strong>autem,</strong></span> <span class='ocrx_word' id='word_1_380' title='bbox 1538 1317 1616 1351; x_wconf 86' lang='lat' dir='ltr'><strong>quae</strong></span> <span class='ocrx_word' id='word_1_381' title='bbox 1634 1317 1706 1343; x_wconf 90' lang='lat' dir='ltr'><strong>non</strong></span> <span class='ocrx_word' id='word_1_382' title='bbox 1721 1307 1789 1343; x_wconf 90' lang='lat' dir='ltr'><strong>hoc</strong></span> <span class='ocrx_word' id='word_1_383' title='bbox 1804 1308 1927 1351; x_wconf 84' lang='lat' dir='ltr'><strong>mode,</strong></span> <span class='ocrx_word' id='word_1_384' title='bbox 1944 1307 2007 1343; x_wconf 91' lang='lat' dir='ltr'><strong>sed</strong></span> <span class='ocrx_word' id='word_1_385' title='bbox 2021 1317 2041 1342; x_wconf 88' lang='lat' dir='ltr'><strong>a</strong></span> <span class='ocrx_word' id='word_1_386' title='bbox 2057 1307 2251 1353; x_wconf 90' lang='lat' dir='ltr'><strong>semetipso</strong></span> <span class='ocrx_word' id='word_1_387' title='bbox 2266 1307 2451 1354; x_wconf 85' lang='lat' dir='ltr'><strong>legislator</strong></span> 
     </span>
     <span class='ocr_line' id='line_1_50' title="bbox 1389 1368 2449 1412; baseline 0.002 -10"><span class='ocrx_word' id='word_1_388' title='bbox 1389 1368 1487 1403; x_wconf 93' lang='lat' dir='ltr'><strong>nullo</strong></span> <span class='ocrx_word' id='word_1_389' title='bbox 1506 1369 1751 1412; x_wconf 80' lang='lat' dir='ltr'><strong>interrogante</strong></span> <span class='ocrx_word' id='word_1_390' title='bbox 1778 1369 1942 1404; x_wconf 85' lang='lat' dir='ltr'><strong>sancivit.</strong></span> <span class='ocrx_word' id='word_1_391' title='bbox 1969 1368 2104 1405; x_wconf 90' lang='lat' dir='ltr'><strong>Deinde</strong></span> <span class='ocrx_word' id='word_1_392' title='bbox 2131 1369 2313 1405; x_wconf 89' lang='lat' dir='ltr'><strong>succincte</strong></span> <span class='ocrx_word' id='word_1_393' title='bbox 2340 1370 2449 1405; x_wconf 90' lang='lat' dir='ltr'><strong>totius</strong></span> 
     </span>
     <span class='ocr_line' id='line_1_51' title="bbox 1389 1429 2447 1476; baseline 0.007 -14"><span class='ocrx_word' id='word_1_394' title='bbox 1389 1429 1587 1464; x_wconf 86' lang='lat' dir='ltr'><strong>sanctionis</strong></span> <span class='ocrx_word' id='word_1_395' title='bbox 1601 1429 1907 1475; x_wconf 88' lang='lat' dir='ltr'><strong>dispensationem</strong></span> <span class='ocrx_word' id='word_1_396' title='bbox 1925 1430 2100 1476; x_wconf 88' lang='lat' dir='ltr'><strong>compleri</strong></span> <span class='ocrx_word' id='word_1_397' title='bbox 2114 1431 2251 1474; x_wconf 79' lang='lat' dir='ltr'><strong>volens,</strong></span> <span class='ocrx_word' id='word_1_398' title='bbox 2271 1432 2447 1469; x_wconf 64' lang='lat' dir='ltr'><strong>subdidit:</strong></span> 
     </span>
     <span class='ocr_line' id='line_1_52' title="bbox 1388 1485 2448 1536; baseline 0.006 -15"><span class='ocrx_word' id='word_1_399' title='bbox 1388 1486 1435 1521; x_wconf 82' lang='lat' dir='ltr'><strong>Et</strong></span> <span class='ocrx_word' id='word_1_400' title='bbox 1456 1485 1558 1532; x_wconf 64' lang='lat' dir='ltr'><strong>leges,</strong></span> <span class='ocrx_word' id='word_1_401' title='bbox 1578 1498 1664 1532; x_wconf 85' lang='lat' dir='ltr'><strong>quas</strong></span> <span class='ocrx_word' id='word_1_402' title='bbox 1691 1487 1785 1523; x_wconf 85' lang='lat' dir='ltr'><strong>dedit</strong></span> <span class='ocrx_word' id='word_1_403' title='bbox 1816 1488 1988 1523; x_wconf 86' lang='lat' dir='ltr'><strong>Dominus</strong></span> <span class='ocrx_word' id='word_1_404' title='bbox 2008 1489 2100 1526; x_wconf 79' lang='lat' dir='ltr'><strong>inter</strong></span> <span class='ocrx_word' id='word_1_405' title='bbox 2116 1500 2171 1533; x_wconf 77' lang='lat' dir='ltr'><strong>se,</strong></span> <span class='ocrx_word' id='word_1_406' title='bbox 2199 1498 2229 1526; x_wconf 76' lang='lat' dir='ltr'><strong>et</strong></span> <span class='ocrx_word' id='word_1_407' title='bbox 2249 1493 2339 1526; x_wconf 86' lang='lat' dir='ltr'><strong>inter</strong></span> <span class='ocrx_word' id='word_1_408' title='bbox 2357 1492 2448 1536; x_wconf 81' lang='lat' dir='ltr'><strong>filios</strong></span> 
     </span>
     <span class='ocr_line' id='line_1_53' title="bbox 1388 1546 2449 1597; baseline 0.007 -16"><span class='ocrx_word' id='word_1_409' title='bbox 1388 1546 1515 1582; x_wconf 85' lang='lat' dir='ltr'><strong>Israel.</strong></span> <span class='ocrx_word' id='word_1_410' title='bbox 1537 1547 1691 1593; x_wconf 88' lang='lat' dir='ltr'><strong>Propter</strong></span> <span class='ocrx_word' id='word_1_411' title='bbox 1712 1548 1808 1594; x_wconf 90' lang='lat' dir='ltr'><strong>quod</strong></span> <span class='ocrx_word' id='word_1_412' title='bbox 1819 1553 1862 1585; x_wconf 77' lang='lat' dir='ltr'><strong>-et</strong></span> <span class='ocrx_word' id='word_1_413' title='bbox 1880 1548 2009 1596; x_wconf 85' lang='lat' dir='ltr'><strong>reliqui</strong></span> <span class='ocrx_word' id='word_1_414' title='bbox 2031 1550 2268 1596; x_wconf 86' lang='lat' dir='ltr'><strong>interpretes,</strong></span> <span class='ocrx_word' id='word_1_415' title='bbox 2290 1553 2449 1597; x_wconf 87' lang='lat' dir='ltr'><strong>exceptis</strong></span> 
     </span>
     <span class='ocr_line' id='line_1_54' title="bbox 1389 1606 2448 1659; baseline 0.006 -17"><span class='ocrx_word' id='word_1_416' title='bbox 1389 1606 1636 1654; x_wconf 82' lang='lat' dir='ltr'><strong>Septuaginta,</strong></span> <span class='ocrx_word' id='word_1_417' title='bbox 1657 1608 1759 1654; x_wconf 72' lang='lat' dir='ltr'><strong>teqes,</strong></span> <span class='ocrx_word' id='word_1_418' title='bbox 1781 1609 1994 1646; x_wconf 85' lang='lat' dir='ltr'><strong>ediderunt:</strong></span> <span class='ocrx_word' id='word_1_419' title='bbox 2017 1610 2255 1646; x_wconf 81' lang='lat' dir='ltr'><strong>differentiam</strong></span> <span class='ocrx_word' id='word_1_420' title='bbox 2273 1611 2360 1659; x_wconf 87' lang='lat' dir='ltr'><strong>legis</strong></span> <span class='ocrx_word' id='word_1_421' title='bbox 2381 1613 2448 1648; x_wconf 89' lang='lat' dir='ltr'><strong>hoc</strong></span> 
     </span>
     <span class='ocr_line' id='line_1_55' title="bbox 1387 1668 2447 1721; baseline 0.005 -18"><span class='ocrx_word' id='word_1_422' title='bbox 1387 1668 1497 1704; x_wconf 86' lang='lat' dir='ltr'><strong>verbo</strong></span> <span class='ocrx_word' id='word_1_423' title='bbox 1514 1668 1764 1721; x_wconf 72' lang='lat' dir='ltr'><strong>demonstrare</strong></span> <span class='ocrx_word' id='word_1_424' title='bbox 1788 1670 1986 1714; x_wconf 81' lang='lat' dir='ltr'><strong>cupientes.</strong></span> <span class='ocrx_word' id='word_1_425' title='bbox 2004 1670 2097 1714; x_wconf 85' lang='lat' dir='ltr'><strong>Quid</strong></span> <span class='ocrx_word' id='word_1_426' title='bbox 2113 1676 2234 1707; x_wconf 87' lang='lat' dir='ltr'><strong>autem</strong></span> <span class='ocrx_word' id='word_1_427' title='bbox 2254 1677 2324 1715; x_wconf 87' lang='lat' dir='ltr'><strong>est,</strong></span> <span class='ocrx_word' id='word_1_428' title='bbox 2351 1673 2447 1718; x_wconf 87' lang='lat' dir='ltr'><strong>quod</strong></span> 
     </span>
     <span class='ocr_line' id='line_1_56' title="bbox 1388 1729 2448 1779; baseline 0.003 -13"><span class='ocrx_word' id='word_1_429' title='bbox 1388 1729 1478 1766; x_wconf 84' lang='lat' dir='ltr'><strong>dixit</strong></span> <span class='ocrx_word' id='word_1_430' title='bbox 1496 1730 1618 1765; x_wconf 87' lang='lat' dir='ltr'><strong>inter?</strong></span> <span class='ocrx_word' id='word_1_431' title='bbox 1643 1730 1719 1766; x_wconf 87' lang='lat' dir='ltr'><strong>Nisi</strong></span> <span class='ocrx_word' id='word_1_432' title='bbox 1740 1730 1822 1775; x_wconf 87' lang='lat' dir='ltr'><strong>quia</strong></span> <span class='ocrx_word' id='word_1_433' title='bbox 1844 1730 2095 1776; x_wconf 90' lang='lat' dir='ltr'><strong>proculdubio</strong></span> <span class='ocrx_word' id='word_1_434' title='bbox 2113 1742 2229 1778; x_wconf 90' lang='lat' dir='ltr'><strong>usque</strong></span> <span class='ocrx_word' id='word_1_435' title='bbox 2256 1731 2341 1768; x_wconf 90' lang='lat' dir='ltr'><strong>dum</strong></span> <span class='ocrx_word' id='word_1_436' title='bbox 2371 1733 2448 1779; x_wconf 89' lang='lat' dir='ltr'><strong>ipse</strong></span> 
     </span>
     <span class='ocr_line' id='line_1_57' title="bbox 1387 1791 2445 1838; baseline 0.005 -12"><span class='ocrx_word' id='word_1_437' title='bbox 1387 1791 1521 1835; x_wconf 88' lang='lat' dir='ltr'><strong>veniat,</strong></span> <span class='ocrx_word' id='word_1_438' title='bbox 1541 1792 1585 1827; x_wconf 92' lang='lat' dir='ltr'><strong>de</strong></span> <span class='ocrx_word' id='word_1_439' title='bbox 1604 1802 1675 1838; x_wconf 89' lang='lat' dir='ltr'><strong>quo</strong></span> <span class='ocrx_word' id='word_1_440' title='bbox 1694 1792 1745 1828; x_wconf 88' lang='lat' dir='ltr'><strong>ait</strong></span> <span class='ocrx_word' id='word_1_441' title='bbox 1761 1792 1871 1828; x_wconf 90' lang='lat' dir='ltr'><strong>lsaias</strong></span> <span class='ocrx_word' id='word_1_442' title='bbox 1888 1805 1895 1828; x_wconf 91' lang='lat'><strong>:</strong></span> <span class='ocrx_word' id='word_1_443' title='bbox 1924 1792 2004 1838; x_wconf 85' lang='lat' dir='ltr'><strong>Ipse</strong></span> <span class='ocrx_word' id='word_1_444' title='bbox 2023 1795 2133 1830; x_wconf 85' lang='lat' dir='ltr'><strong>veniet</strong></span> <span class='ocrx_word' id='word_1_445' title='bbox 2155 1800 2187 1830; x_wconf 85' lang='lat' dir='ltr'><strong>et</strong></span> <span class='ocrx_word' id='word_1_446' title='bbox 2207 1794 2355 1831; x_wconf 80' lang='lat' dir='ltr'><strong>salvabit</strong></span> <span class='ocrx_word' id='word_1_447' title='bbox 2370 1807 2445 1832; x_wconf 84' lang='lat' dir='ltr'><strong>nos.</strong></span> 
     </span>
     <span class='ocr_line' id='line_1_58' title="bbox 1388 1851 2446 1899; baseline 0.005 -12"><span class='ocrx_word' id='word_1_448' title='bbox 1388 1851 1484 1887; x_wconf 88' lang='lat' dir='ltr'><strong>Tunc</strong></span> <span class='ocrx_word' id='word_1_449' title='bbox 1504 1853 1706 1899; x_wconf 86' lang='lat' dir='ltr'><strong>aperientur</strong></span> <span class='ocrx_word' id='word_1_450' title='bbox 1730 1853 2033 1898; x_wconf 78' lang='lat' dir='ltr'><strong>ocuticoecorum,</strong></span> <span class='ocrx_word' id='word_1_451' title='bbox 2064 1861 2097 1891; x_wconf 86' lang='lat' dir='ltr'><strong>et</strong></span> <span class='ocrx_word' id='word_1_452' title='bbox 2126 1866 2228 1891; x_wconf 84' lang='lat' dir='ltr'><strong>aures</strong></span> <span class='ocrx_word' id='word_1_453' title='bbox 2258 1857 2446 1893; x_wconf 86' lang='lat' dir='ltr'><strong>surdorum</strong></span> 
     </span>
     <span class='ocr_line' id='line_1_59' title="bbox 1387 1907 2445 1963; baseline 0.007 -16"><span class='ocrx_word' id='word_1_454' title='bbox 1387 1913 1529 1948; x_wconf 83' lang='lat' dir='ltr'><strong>audient</strong></span> <span class='ocrx_word' id='word_1_455' title='bbox 1551 1907 1641 1960; x_wconf 85' lang='lat' dir='ltr'><strong>(Isa.</strong></span> <span class='ocrx_word' id='word_1_456' title='bbox 1666 1914 1792 1961; x_wconf 84' lang='lat' dir='ltr'><strong>xxxv),</strong></span> <span class='ocrx_word' id='word_1_457' title='bbox 1814 1919 1850 1950; x_wconf 92' lang='lat' dir='ltr'><strong>et</strong></span> <span class='ocrx_word' id='word_1_458' title='bbox 1870 1922 2094 1962; x_wconf 80' lang='lat' dir='ltr'><strong>quaecunque</strong></span> <span class='ocrx_word' id='word_1_459' title='bbox 2117 1916 2154 1952; x_wconf 92' lang='lat' dir='ltr'><strong>in</strong></span> <span class='ocrx_word' id='word_1_460' title='bbox 2175 1916 2236 1953; x_wconf 90' lang='lat' dir='ltr'><strong>illa</strong></span> <span class='ocrx_word' id='word_1_461' title='bbox 2255 1918 2445 1963; x_wconf 86' lang='lat' dir='ltr'><strong>prophetia</strong></span> 
     </span>
     <span class='ocr_line' id='line_1_60' title="bbox 1386 1973 2445 2022; baseline 0.007 -15"><span class='ocrx_word' id='word_1_462' title='bbox 1386 1973 1631 2009; x_wconf 88' lang='lat' dir='ltr'><strong>continentur.</strong></span> <span class='ocrx_word' id='word_1_463' title='bbox 1661 1974 1762 2011; x_wconf 92' lang='lat' dir='ltr'><strong>Tunc</strong></span> <span class='ocrx_word' id='word_1_464' title='bbox 1784 1985 2016 2022; x_wconf 88' lang='lat' dir='ltr'><strong>nequaquam</strong></span> <span class='ocrx_word' id='word_1_465' title='bbox 2033 1976 2128 2013; x_wconf 88' lang='lat' dir='ltr'><strong>ultra</strong></span> <span class='ocrx_word' id='word_1_466' title='bbox 2158 1978 2356 2014; x_wconf 90' lang='lat' dir='ltr'><strong>secundum</strong></span> <span class='ocrx_word' id='word_1_467' title='bbox 2385 1989 2445 2014; x_wconf 91' lang='lat' dir='ltr'><strong>su-</strong></span> 
     </span>
     <span class='ocr_line' id='line_1_61' title="bbox 1386 2033 2446 2084; baseline 0.006 -16"><span class='ocrx_word' id='word_1_468' title='bbox 1386 2033 1573 2079; x_wconf 86' lang='lat' dir='ltr'><strong>perficiem</strong></span> <span class='ocrx_word' id='word_1_469' title='bbox 1590 2035 1722 2071; x_wconf 82' lang='lat' dir='ltr'><strong>litterae</strong></span> <span class='ocrx_word' id='word_1_470' title='bbox 1735 2063 1743 2079; x_wconf 95' lang='lat'><strong>,</strong></span> <span class='ocrx_word' id='word_1_471' title='bbox 1764 2036 1825 2072; x_wconf 92' lang='lat' dir='ltr'><strong>sed</strong></span> <span class='ocrx_word' id='word_1_472' title='bbox 1844 2037 2146 2083; x_wconf 86' lang='lat' dir='ltr'><strong>quemadmodum</strong></span> <span class='ocrx_word' id='word_1_473' title='bbox 2171 2037 2248 2084; x_wconf 90' lang='lat' dir='ltr'><strong>ipse</strong></span> <span class='ocrx_word' id='word_1_474' title='bbox 2270 2047 2446 2083; x_wconf 88' lang='lat' dir='ltr'><strong>exposue-</strong></span> 
     </span>
    </p>
   </div>
   <div class='ocr_carea' id='block_1_11' title="bbox 256 2081 2444 2146">
    <p class='ocr_par' dir='ltr' id='par_1_12' title="bbox 256 2081 2444 2146">
     <span class='ocr_line' id='line_1_62' title="bbox 256 2081 2444 2146; baseline 0.005 -22"><span class='ocrx_word' id='word_1_475' title='bbox 256 2087 326 2135; x_wconf 82' lang='lat' dir='ltr'><strong>legi</strong></span> <span class='ocrx_word' id='word_1_476' title='bbox 345 2091 390 2126; x_wconf 89' lang='lat' dir='ltr'><strong>ab</strong></span> <span class='ocrx_word' id='word_1_477' title='bbox 415 2091 479 2129; x_wconf 88' lang='lat' dir='ltr'><strong>eis.</strong></span> <span class='ocrx_word' id='word_1_478' title='bbox 503 2091 625 2138; x_wconf 85' lang='lat' dir='ltr'><strong>Neque</strong></span> <span class='ocrx_word' id='word_1_479' title='bbox 654 2095 751 2131; x_wconf 80' lang='lat' dir='ltr'><strong>enim</strong></span> <span class='ocrx_word' id='word_1_480' title='bbox 779 2096 829 2131; x_wconf 79' lang='lat' dir='ltr'><strong>ita</strong></span> <span class='ocrx_word' id='word_1_481' title='bbox 855 2096 977 2143; x_wconf 71' lang='lat' dir='ltr'><strong>legunt</strong></span> <span class='ocrx_word' id='word_1_482' title='bbox 1001 2099 1093 2135; x_wconf 68' lang='lat' dir='ltr'><strong>sicut</strong></span> <span class='ocrx_word' id='word_1_483' title='bbox 1110 2101 1211 2146; x_wconf 75' lang='lat' dir='ltr'><strong>prius</strong></span> <span class='ocrx_word' id='word_1_484' title='bbox 1230 2111 1312 2138; x_wconf 68' lang='lat' dir='ltr'><strong>eum</strong></span> <span class='ocrx_word' id='word_1_485' title='bbox 1331 2081 1360 2122; x_wconf 83' lang='lat' dir='ltr'>C</span> <span class='ocrx_word' id='word_1_486' title='bbox 1385 2095 1446 2137; x_wconf 90' lang='lat' dir='ltr'><strong>rit,</strong></span> <span class='ocrx_word' id='word_1_487' title='bbox 1466 2101 1609 2140; x_wconf 89' lang='lat' dir='ltr'><strong>oportet</strong></span> <span class='ocrx_word' id='word_1_488' title='bbox 1624 2096 1741 2143; x_wconf 85' lang='lat' dir='ltr'><strong>legem</strong></span> <span class='ocrx_word' id='word_1_489' title='bbox 1760 2097 1947 2141; x_wconf 89' lang='lat' dir='ltr'><strong>custodiri,</strong></span> <span class='ocrx_word' id='word_1_490' title='bbox 1968 2099 2014 2135; x_wconf 90' lang='lat' dir='ltr'><strong>ad</strong></span> <span class='ocrx_word' id='word_1_491' title='bbox 2029 2099 2276 2145; x_wconf 88' lang='lat' dir='ltr'><strong>evangelicam</strong></span> <span class='ocrx_word' id='word_1_492' title='bbox 2290 2098 2444 2146; x_wconf 87' lang='lat' dir='ltr'><strong>gratiam</strong></span> 
     </span>
    </p>
   </div>
   <div class='ocr_carea' id='block_1_12' title="bbox 254 2151 1316 2557">
    <p class='ocr_par' dir='ltr' id='par_1_13' title="bbox 254 2151 1316 2557">
     <span class='ocr_line' id='line_1_63' title="bbox 258 2151 1316 2208; baseline 0.014 -22"><span class='ocrx_word' id='word_1_493' title='bbox 258 2151 330 2187; x_wconf 83' lang='lat' dir='ltr'><strong>sint</strong></span> <span class='ocrx_word' id='word_1_494' title='bbox 347 2152 524 2198; x_wconf 88' lang='lat' dir='ltr'><strong>dispersi,</strong></span> <span class='ocrx_word' id='word_1_495' title='bbox 553 2155 723 2201; x_wconf 74' lang='lat' dir='ltr'><strong>omnique</strong></span> <span class='ocrx_word' id='word_1_496' title='bbox 748 2163 913 2202; x_wconf 86' lang='lat' dir='ltr'><strong>carentes</strong></span> <span class='ocrx_word' id='word_1_497' title='bbox 930 2164 1224 2208; x_wconf 84' lang='lat' dir='ltr'><strong>praesumptione,</strong></span> <span class='ocrx_word' id='word_1_498' title='bbox 1251 2164 1316 2201; x_wconf 89' lang='lat' dir='ltr'><strong>sed</strong></span> 
     </span>
     <span class='ocr_line' id='line_1_64' title="bbox 255 2214 1315 2267; baseline 0.014 -19"><span class='ocrx_word' id='word_1_499' title='bbox 255 2214 367 2249; x_wconf 91' lang='lat' dir='ltr'><strong>etiam</strong></span> <span class='ocrx_word' id='word_1_500' title='bbox 386 2215 453 2260; x_wconf 90' lang='lat' dir='ltr'><strong>ipsi</strong></span> <span class='ocrx_word' id='word_1_501' title='bbox 472 2222 702 2262; x_wconf 87' lang='lat' dir='ltr'><strong>peccatorum</strong></span> <span class='ocrx_word' id='word_1_502' title='bbox 722 2230 869 2256; x_wconf 89' lang='lat' dir='ltr'><strong>suorum</strong></span> <span class='ocrx_word' id='word_1_503' title='bbox 889 2228 924 2258; x_wconf 91' lang='lat' dir='ltr'><strong>et</strong></span> <span class='ocrx_word' id='word_1_504' title='bbox 941 2225 1247 2267; x_wconf 59' lang='lat' dir='ltr'><strong>praevaricationis</strong></span> <span class='ocrx_word' id='word_1_505' title='bbox 1262 2227 1315 2262; x_wconf 91' lang='lat' dir='ltr'><strong>di-</strong></span> 
     </span>
     <span class='ocr_line' id='line_1_65' title="bbox 255 2275 1314 2324; baseline 0.013 -14"><span class='ocrx_word' id='word_1_506' title='bbox 255 2275 347 2311; x_wconf 71' lang='lat' dir='ltr'><strong>vinae</strong></span> <span class='ocrx_word' id='word_1_507' title='bbox 367 2276 457 2323; x_wconf 88' lang='lat' dir='ltr'><strong>legis</strong></span> <span class='ocrx_word' id='word_1_508' title='bbox 479 2279 613 2315; x_wconf 91' lang='lat' dir='ltr'><strong>conscii</strong></span> <span class='ocrx_word' id='word_1_509' title='bbox 632 2280 700 2315; x_wconf 88' lang='lat' dir='ltr'><strong>sibi</strong></span> <span class='ocrx_word' id='word_1_510' title='bbox 724 2280 842 2317; x_wconf 80' lang='lat' dir='ltr'><strong>effecti</strong></span> <span class='ocrx_word' id='word_1_511' title='bbox 863 2289 958 2319; x_wconf 88' lang='lat' dir='ltr'><strong>sunt.</strong></span> <span class='ocrx_word' id='word_1_512' title='bbox 980 2285 1242 2323; x_wconf 89' lang='lat' dir='ltr'><strong>Admirandum</strong></span> <span class='ocrx_word' id='word_1_513' title='bbox 1259 2295 1314 2324; x_wconf 88' lang='lat' dir='ltr'><strong>est</strong></span> 
     </span>
     <span class='ocr_line' id='line_1_66' title="bbox 254 2333 1314 2387; baseline 0.014 -15"><span class='ocrx_word' id='word_1_514' title='bbox 254 2337 365 2373; x_wconf 90' lang='lat' dir='ltr'><strong>etiam</strong></span> <span class='ocrx_word' id='word_1_515' title='bbox 382 2340 478 2383; x_wconf 89' lang='lat' dir='ltr'><strong>quod</strong></span> <span class='ocrx_word' id='word_1_516' title='bbox 498 2333 542 2376; x_wconf 86' lang='lat' dir='ltr'><strong>ad</strong></span> <span class='ocrx_word' id='word_1_517' title='bbox 567 2341 678 2378; x_wconf 90' lang='lat' dir='ltr'><strong>totius</strong></span> <span class='ocrx_word' id='word_1_518' title='bbox 703 2344 900 2381; x_wconf 90' lang='lat' dir='ltr'><strong>sanctionis</strong></span> <span class='ocrx_word' id='word_1_519' title='bbox 925 2347 1192 2384; x_wconf 89' lang='lat' dir='ltr'><strong>conclusionem</strong></span> <span class='ocrx_word' id='word_1_520' title='bbox 1212 2350 1314 2387; x_wconf 83' lang='lat' dir='ltr'><strong>sasti-</strong></span> 
     </span>
     <span class='ocr_line' id='line_1_67' title="bbox 254 2399 1314 2458; baseline 0.014 -24"><span class='ocrx_word' id='word_1_521' title='bbox 254 2399 424 2445; x_wconf 87' lang='lat' dir='ltr'><strong>giumque</strong></span> <span class='ocrx_word' id='word_1_522' title='bbox 441 2402 589 2446; x_wconf 91' lang='lat' dir='ltr'><strong>addidit,</strong></span> <span class='ocrx_word' id='word_1_523' title='bbox 609 2409 646 2439; x_wconf 92' lang='lat' dir='ltr'><strong>et</strong></span> <span class='ocrx_word' id='word_1_524' title='bbox 671 2404 939 2452; x_wconf 85' lang='lat' dir='ltr'><strong>intelligendum</strong></span> <span class='ocrx_word' id='word_1_525' title='bbox 958 2410 1042 2455; x_wconf 81' lang='lat' dir='ltr'><strong>quia</strong></span> <span class='ocrx_word' id='word_1_526' title='bbox 1059 2416 1182 2456; x_wconf 87' lang='lat' dir='ltr'><strong>aperte</strong></span> <span class='ocrx_word' id='word_1_527' title='bbox 1198 2413 1259 2458; x_wconf 93' lang='lat' dir='ltr'><strong>qui</strong></span> <span class='ocrx_word' id='word_1_528' title='bbox 1276 2413 1314 2449; x_wconf 91' lang='lat' dir='ltr'><strong>in</strong></span> 
     </span>
     <span class='ocr_line' id='line_1_68' title="bbox 255 2459 1313 2518; baseline 0.015 -24"><span class='ocrx_word' id='word_1_529' title='bbox 255 2459 390 2506; x_wconf 89' lang='lat' dir='ltr'><strong>Moyse,</strong></span> <span class='ocrx_word' id='word_1_530' title='bbox 410 2461 487 2508; x_wconf 90' lang='lat' dir='ltr'><strong>ipse</strong></span> <span class='ocrx_word' id='word_1_531' title='bbox 504 2463 615 2500; x_wconf 88' lang='lat' dir='ltr'><strong>etiam</strong></span> <span class='ocrx_word' id='word_1_532' title='bbox 633 2464 670 2501; x_wconf 88' lang='lat' dir='ltr'><strong>in</strong></span> <span class='ocrx_word' id='word_1_533' title='bbox 694 2465 805 2503; x_wconf 91' lang='lat' dir='ltr'><strong>Paulo</strong></span> <span class='ocrx_word' id='word_1_534' title='bbox 831 2474 867 2505; x_wconf 90' lang='lat' dir='ltr'><strong>et</strong></span> <span class='ocrx_word' id='word_1_535' title='bbox 891 2469 927 2505; x_wconf 91' lang='lat' dir='ltr'><strong>in</strong></span> <span class='ocrx_word' id='word_1_536' title='bbox 956 2471 1124 2508; x_wconf 89' lang='lat' dir='ltr'><strong>omnibus</strong></span> <span class='ocrx_word' id='word_1_537' title='bbox 1142 2473 1313 2518; x_wconf 89' lang='lat' dir='ltr'><strong>apostolis</strong></span> 
     </span>
     <span class='ocr_line' id='line_1_69' title="bbox 254 2518 479 2557; baseline 0.013 -3"><span class='ocrx_word' id='word_1_538' title='bbox 254 2518 395 2556; x_wconf 88' lang='lat' dir='ltr'><strong>locutus</strong></span> <span class='ocrx_word' id='word_1_539' title='bbox 412 2526 479 2557; x_wconf 90' lang='lat' dir='ltr'><strong>est.</strong></span> 
     </span>
    </p>
   </div>
   <div class='ocr_carea' id='block_1_13' title="bbox 252 2584 1313 2939">
    <p class='ocr_par' dir='ltr' id='par_1_14' title="bbox 252 2584 1313 2939">
     <span class='ocr_line' id='line_1_70' title="bbox 300 2584 1311 2640; baseline 0.016 -26"><span class='ocrx_word' id='word_1_540' title='bbox 300 2584 462 2617; x_wconf 86' lang='lat' dir='ltr'><strong>Attamen</strong></span> <span class='ocrx_word' id='word_1_541' title='bbox 491 2594 570 2619; x_wconf 87' lang='lat' dir='ltr'><strong>cum</strong></span> <span class='ocrx_word' id='word_1_542' title='bbox 590 2591 700 2622; x_wconf 82' lang='lat' dir='ltr'><strong>essent</strong></span> <span class='ocrx_word' id='word_1_543' title='bbox 725 2587 763 2622; x_wconf 84' lang='lat' dir='ltr'><strong>in</strong></span> <span class='ocrx_word' id='word_1_544' title='bbox 793 2593 887 2624; x_wconf 87' lang='lat' dir='ltr'><strong>terra</strong></span> <span class='ocrx_word' id='word_1_545' title='bbox 918 2590 1052 2635; x_wconf 86' lang='lat' dir='ltr'><strong>hostili,</strong></span> <span class='ocrx_word' id='word_1_546' title='bbox 1078 2603 1146 2628; x_wconf 89' lang='lat' dir='ltr'><strong>non</strong></span> <span class='ocrx_word' id='word_1_547' title='bbox 1176 2593 1311 2640; x_wconf 81' lang='lat' dir='ltr'><strong>penitus</strong></span> 
     </span>
     <span class='ocr_line' id='line_1_71' title="bbox 254 2640 1313 2698; baseline 0.016 -24"><span class='ocrx_word' id='word_1_548' title='bbox 254 2640 366 2686; x_wconf 77' lang='lat' dir='ltr'><strong>abJeci</strong></span> <span class='ocrx_word' id='word_1_549' title='bbox 391 2653 448 2678; x_wconf 87' lang='lat' dir='ltr'><strong>eos</strong></span> <span class='ocrx_word' id='word_1_550' title='bbox 479 2655 586 2691; x_wconf 90' lang='lat' dir='ltr'><strong>neque</strong></span> <span class='ocrx_word' id='word_1_551' title='bbox 611 2646 770 2692; x_wconf 78' lang='lat' dir='ltr'><strong>despexi,</strong></span> <span class='ocrx_word' id='word_1_552' title='bbox 804 2655 841 2684; x_wconf 90' lang='lat' dir='ltr'><strong>ut</strong></span> <span class='ocrx_word' id='word_1_553' title='bbox 870 2659 1176 2698; x_wconf 83' lang='lat' dir='ltr'><strong>consumerentur,</strong></span> <span class='ocrx_word' id='word_1_554' title='bbox 1206 2661 1237 2691; x_wconf 90' lang='lat' dir='ltr'><strong>et</strong></span> <span class='ocrx_word' id='word_1_555' title='bbox 1263 2656 1313 2691; x_wconf 86' lang='lat' dir='ltr'><strong>ir-</strong></span> 
     </span>
     <span class='ocr_line' id='line_1_72' title="bbox 255 2700 1312 2759; baseline 0.017 -26"><span class='ocrx_word' id='word_1_556' title='bbox 255 2700 361 2734; x_wconf 84' lang='lat' dir='ltr'><strong>ritum</strong></span> <span class='ocrx_word' id='word_1_557' title='bbox 396 2701 546 2745; x_wconf 75' lang='lat' dir='ltr'><strong>facerent</strong></span> <span class='ocrx_word' id='word_1_558' title='bbox 579 2711 719 2749; x_wconf 84' lang='lat' dir='ltr'><strong>pactum</strong></span> <span class='ocrx_word' id='word_1_559' title='bbox 750 2717 866 2744; x_wconf 82' lang='lat' dir='ltr'><strong>meunt</strong></span> <span class='ocrx_word' id='word_1_560' title='bbox 900 2721 979 2745; x_wconf 87' lang='lat' dir='ltr'><strong>cum</strong></span> <span class='ocrx_word' id='word_1_561' title='bbox 1012 2712 1075 2747; x_wconf 86' lang='lat' dir='ltr'><strong>eis.</strong></span> <span class='ocrx_word' id='word_1_562' title='bbox 1113 2713 1189 2759; x_wconf 73' lang='lat' dir='ltr'><strong>Eyo</strong></span> <span class='ocrx_word' id='word_1_563' title='bbox 1219 2715 1312 2750; x_wconf 85' lang='lat' dir='ltr'><strong>enim</strong></span> 
     </span>
     <span class='ocr_line' id='line_1_73' title="bbox 254 2759 1313 2818; baseline 0.016 -25"><span class='ocrx_word' id='word_1_564' title='bbox 254 2770 331 2794; x_wconf 86' lang='lat' dir='ltr'><strong>sum</strong></span> <span class='ocrx_word' id='word_1_565' title='bbox 350 2759 518 2798; x_wconf 79' lang='lat' dir='ltr'><strong>Dominus</strong></span> <span class='ocrx_word' id='word_1_566' title='bbox 536 2763 631 2799; x_wconf 90' lang='lat' dir='ltr'><strong>Deus</strong></span> <span class='ocrx_word' id='word_1_567' title='bbox 650 2776 782 2811; x_wconf 88' lang='lat' dir='ltr'><strong>eorum,</strong></span> <span class='ocrx_word' id='word_1_568' title='bbox 804 2774 835 2804; x_wconf 88' lang='lat' dir='ltr'><strong>et</strong></span> <span class='ocrx_word' id='word_1_569' title='bbox 854 2771 1063 2806; x_wconf 84' lang='lat' dir='ltr'><strong>recordabor</strong></span> <span class='ocrx_word' id='word_1_570' title='bbox 1081 2773 1219 2818; x_wconf 79' lang='lat' dir='ltr'><strong>foederis</strong></span> <span class='ocrx_word' id='word_1_571' title='bbox 1244 2775 1313 2810; x_wconf 86' lang='lat' dir='ltr'><strong>mei</strong></span> 
     </span>
     <span class='ocr_line' id='line_1_74' title="bbox 252 2824 1311 2879; baseline 0.013 -21"><span class='ocrx_word' id='word_1_572' title='bbox 252 2824 405 2869; x_wconf 87' lang='lat' dir='ltr'><strong>pristini,</strong></span> <span class='ocrx_word' id='word_1_573' title='bbox 424 2826 565 2872; x_wconf 87' lang='lat' dir='ltr'><strong>quando</strong></span> <span class='ocrx_word' id='word_1_574' title='bbox 585 2828 688 2864; x_wconf 76' lang='lat' dir='ltr'><strong>eduxi</strong></span> <span class='ocrx_word' id='word_1_575' title='bbox 708 2841 765 2865; x_wconf 87' lang='lat' dir='ltr'><strong>eos</strong></span> <span class='ocrx_word' id='word_1_576' title='bbox 784 2831 826 2866; x_wconf 88' lang='lat' dir='ltr'><strong>de</strong></span> <span class='ocrx_word' id='word_1_577' title='bbox 851 2838 944 2867; x_wconf 83' lang='lat' dir='ltr'><strong>terra</strong></span> <span class='ocrx_word' id='word_1_578' title='bbox 973 2834 1138 2879; x_wconf 71' lang='lat' dir='ltr'><strong>AEqypti,</strong></span> <span class='ocrx_word' id='word_1_579' title='bbox 1166 2836 1202 2870; x_wconf 87' lang='lat' dir='ltr'><strong>in</strong></span> <span class='ocrx_word' id='word_1_580' title='bbox 1230 2848 1311 2872; x_wconf 82' lang='lat' dir='ltr'><strong>con-</strong></span> 
     </span>
     <span class='ocr_line' id='line_1_75' title="bbox 254 2888 1308 2939; baseline 0.012 -20"><span class='ocrx_word' id='word_1_581' title='bbox 254 2892 371 2930; x_wconf 85' lang='lat' dir='ltr'><strong>spectu</strong></span> <span class='ocrx_word' id='word_1_582' title='bbox 392 2888 559 2933; x_wconf 64' lang='lat' dir='ltr'><strong>(lentium,</strong></span> <span class='ocrx_word' id='word_1_583' title='bbox 580 2894 618 2923; x_wconf 89' lang='lat' dir='ltr'><strong>ut</strong></span> <span class='ocrx_word' id='word_1_584' title='bbox 637 2900 743 2925; x_wconf 86' lang='lat' dir='ltr'><strong>essem</strong></span> <span class='ocrx_word' id='word_1_585' title='bbox 767 2890 861 2926; x_wconf 88' lang='lat' dir='ltr'><strong>Deus</strong></span> <span class='ocrx_word' id='word_1_586' title='bbox 886 2903 1028 2936; x_wconf 89' lang='lat' dir='ltr'><strong>eorum;</strong></span> <span class='ocrx_word' id='word_1_587' title='bbox 1046 2905 1106 2939; x_wconf 69' lang='lat' dir='ltr'><strong>eqo</strong></span> <span class='ocrx_word' id='word_1_588' title='bbox 1126 2894 1308 2932; x_wconf 85' lang='lat' dir='ltr'><strong>Dominus.</strong></span> 
     </span>
    </p>
   </div>
   <div class='ocr_carea' id='block_1_14' title="bbox 257 2944 1361 3016">
    <p class='ocr_par' dir='ltr' id='par_1_15' title="bbox 257 2944 1361 3016">
     <span class='ocr_line' id='line_1_76' title="bbox 257 2944 1361 3016; baseline 0.011 -37"><span class='ocrx_word' id='word_1_589' title='bbox 257 2944 340 2980; x_wconf 83' lang='lat' dir='ltr'><strong>Haec</strong></span> <span class='ocrx_word' id='word_1_590' title='bbox 358 2946 388 2981; x_wconf 90' lang='lat' dir='ltr'><strong>si</strong></span> <span class='ocrx_word' id='word_1_591' title='bbox 405 2947 462 2982; x_wconf 86' lang='lat' dir='ltr'><strong>vis</strong></span> <span class='ocrx_word' id='word_1_592' title='bbox 474 2956 540 2992; x_wconf 88' lang='lat' dir='ltr'><strong>per</strong></span> <span class='ocrx_word' id='word_1_593' title='bbox 558 2948 698 2994; x_wconf 83' lang='lat' dir='ltr'><strong>singula</strong></span> <span class='ocrx_word' id='word_1_594' title='bbox 713 2959 944 2995; x_wconf 81' lang='lat' dir='ltr'><strong>cognoscere,</strong></span> <span class='ocrx_word' id='word_1_595' title='bbox 956 2952 1106 2988; x_wconf 87' lang='lat' dir='ltr'><strong>Paulum</strong></span> <span class='ocrx_word' id='word_1_596' title='bbox 1122 2954 1213 3001; x_wconf 86' lang='lat' dir='ltr'><strong>lege,</strong></span> <span class='ocrx_word' id='word_1_597' title='bbox 1226 2967 1310 3001; x_wconf 92' lang='lat' dir='ltr'><strong>quo-</strong></span> <span class='ocrx_word' id='word_1_598' title='bbox 1326 2978 1361 3016; x_wconf 79' lang='lat' dir='ltr'>D</span> 
     </span>
    </p>
   </div>
   <div class='ocr_carea' id='block_1_15' title="bbox 250 3006 1308 3852">
    <p class='ocr_par' dir='ltr' id='par_1_16' title="bbox 250 3006 1308 3852">
     <span class='ocr_line' id='line_1_77' title="bbox 254 3006 1306 3060; baseline 0.01 -20"><span class='ocrx_word' id='word_1_599' title='bbox 254 3006 359 3041; x_wconf 90' lang='lat' dir='ltr'><strong>modo</strong></span> <span class='ocrx_word' id='word_1_600' title='bbox 375 3015 438 3042; x_wconf 91' lang='lat' dir='ltr'><strong>eos</strong></span> <span class='ocrx_word' id='word_1_601' title='bbox 457 3017 529 3043; x_wconf 91' lang='lat' dir='ltr'><strong>non</strong></span> <span class='ocrx_word' id='word_1_602' title='bbox 547 3008 751 3054; x_wconf 87' lang='lat' dir='ltr'><strong>despexerit</strong></span> <span class='ocrx_word' id='word_1_603' title='bbox 765 3009 859 3047; x_wconf 90' lang='lat' dir='ltr'><strong>Deus</strong></span> <span class='ocrx_word' id='word_1_604' title='bbox 873 3011 910 3046; x_wconf 90' lang='lat' dir='ltr'><strong>in</strong></span> <span class='ocrx_word' id='word_1_605' title='bbox 927 3017 1024 3048; x_wconf 92' lang='lat' dir='ltr'><strong>terra</strong></span> <span class='ocrx_word' id='word_1_606' title='bbox 1039 3013 1173 3058; x_wconf 88' lang='lat' dir='ltr'><strong>hostili,</strong></span> <span class='ocrx_word' id='word_1_607' title='bbox 1189 3015 1224 3051; x_wconf 89' lang='lat' dir='ltr'><strong>id</strong></span> <span class='ocrx_word' id='word_1_608' title='bbox 1237 3022 1306 3060; x_wconf 89' lang='lat' dir='ltr'><strong>est,</strong></span> 
     </span>
     <span class='ocr_line' id='line_1_78' title="bbox 253 3065 1307 3119; baseline 0.01 -19"><span class='ocrx_word' id='word_1_609' title='bbox 253 3065 288 3100; x_wconf 93' lang='lat' dir='ltr'><strong>in</strong></span> <span class='ocrx_word' id='word_1_610' title='bbox 310 3067 517 3113; x_wconf 87' lang='lat' dir='ltr'><strong>evangelico</strong></span> <span class='ocrx_word' id='word_1_611' title='bbox 537 3067 783 3113; x_wconf 88' lang='lat' dir='ltr'><strong>Testamento,</strong></span> <span class='ocrx_word' id='word_1_612' title='bbox 801 3080 868 3107; x_wconf 89' lang='lat' dir='ltr'><strong>nec</strong></span> <span class='ocrx_word' id='word_1_613' title='bbox 884 3073 1109 3119; x_wconf 88' lang='lat' dir='ltr'><strong>consumpsit</strong></span> <span class='ocrx_word' id='word_1_614' title='bbox 1122 3083 1184 3110; x_wconf 90' lang='lat' dir='ltr'><strong>eos</strong></span> <span class='ocrx_word' id='word_1_615' title='bbox 1202 3080 1241 3110; x_wconf 90' lang='lat' dir='ltr'><strong>ut</strong></span> <span class='ocrx_word' id='word_1_616' title='bbox 1256 3076 1307 3112; x_wconf 90' lang='lat' dir='ltr'><strong>ir-</strong></span> 
     </span>
     <span class='ocr_line' id='line_1_79' title="bbox 251 3123 1308 3180; baseline 0.012 -21"><span class='ocrx_word' id='word_1_617' title='bbox 251 3125 363 3160; x_wconf 87' lang='lat' dir='ltr'><strong>ritum</strong></span> <span class='ocrx_word' id='word_1_618' title='bbox 383 3126 520 3164; x_wconf 86' lang='lat' dir='ltr'><strong>faceret</strong></span> <span class='ocrx_word' id='word_1_619' title='bbox 536 3134 683 3174; x_wconf 90' lang='lat' dir='ltr'><strong>pactum</strong></span> <span class='ocrx_word' id='word_1_620' title='bbox 707 3140 812 3167; x_wconf 90' lang='lat' dir='ltr'><strong>suum</strong></span> <span class='ocrx_word' id='word_1_621' title='bbox 834 3123 1039 3177; x_wconf 85' lang='lat' dir='ltr'><strong>pristinum.</strong></span> <span class='ocrx_word' id='word_1_622' title='bbox 1063 3133 1185 3180; x_wconf 91' lang='lat' dir='ltr'><strong>Neque</strong></span> <span class='ocrx_word' id='word_1_623' title='bbox 1210 3136 1308 3172; x_wconf 91' lang='lat' dir='ltr'><strong>enim</strong></span> 
     </span>
     <span class='ocr_line' id='line_1_80' title="bbox 252 3186 1307 3243; baseline 0.012 -22"><span class='ocrx_word' id='word_1_624' title='bbox 252 3186 296 3222; x_wconf 89' lang='lat' dir='ltr'><strong>ad</strong></span> <span class='ocrx_word' id='word_1_625' title='bbox 320 3187 463 3223; x_wconf 89' lang='lat' dir='ltr'><strong>irritum</strong></span> <span class='ocrx_word' id='word_1_626' title='bbox 481 3188 570 3225; x_wconf 89' lang='lat' dir='ltr'><strong>illud</strong></span> <span class='ocrx_word' id='word_1_627' title='bbox 589 3190 735 3230; x_wconf 84' lang='lat' dir='ltr'><strong>deduxit</strong></span> <span class='ocrx_word' id='word_1_628' title='bbox 753 3201 799 3228; x_wconf 85' lang='lat' dir='ltr'><strong>ex</strong></span> <span class='ocrx_word' id='word_1_629' title='bbox 815 3197 905 3237; x_wconf 89' lang='lat' dir='ltr'><strong>toto,</strong></span> <span class='ocrx_word' id='word_1_630' title='bbox 927 3194 991 3230; x_wconf 93' lang='lat' dir='ltr'><strong>sed</strong></span> <span class='ocrx_word' id='word_1_631' title='bbox 1009 3200 1046 3230; x_wconf 91' lang='lat' dir='ltr'><strong>et</strong></span> <span class='ocrx_word' id='word_1_632' title='bbox 1061 3195 1187 3233; x_wconf 88' lang='lat' dir='ltr'><strong>salutis</strong></span> <span class='ocrx_word' id='word_1_633' title='bbox 1206 3207 1307 3243; x_wconf 90' lang='lat' dir='ltr'><strong>spem</strong></span> 
     </span>
     <span class='ocr_line' id='line_1_81' title="bbox 253 3246 1308 3302; baseline 0.012 -21"><span class='ocrx_word' id='word_1_634' title='bbox 253 3246 421 3293; x_wconf 86' lang='lat' dir='ltr'><strong>reliquit,</strong></span> <span class='ocrx_word' id='word_1_635' title='bbox 446 3258 519 3285; x_wconf 90' lang='lat' dir='ltr'><strong>non</strong></span> <span class='ocrx_word' id='word_1_636' title='bbox 547 3251 716 3288; x_wconf 90' lang='lat' dir='ltr'><strong>omnibus</strong></span> <span class='ocrx_word' id='word_1_637' title='bbox 745 3259 887 3298; x_wconf 89' lang='lat' dir='ltr'><strong>autem,</strong></span> <span class='ocrx_word' id='word_1_638' title='bbox 917 3255 979 3292; x_wconf 91' lang='lat' dir='ltr'><strong>sed</strong></span> <span class='ocrx_word' id='word_1_639' title='bbox 1000 3255 1181 3302; x_wconf 89' lang='lat' dir='ltr'><strong>reliquiis,</strong></span> <span class='ocrx_word' id='word_1_640' title='bbox 1214 3258 1308 3294; x_wconf 87' lang='lat' dir='ltr'><strong>sicut</strong></span> 
     </span>
     <span class='ocr_line' id='line_1_82' title="bbox 250 3306 1304 3362; baseline 0.01 -19"><span class='ocrx_word' id='word_1_641' title='bbox 250 3306 383 3345; x_wconf 87' lang='lat' dir='ltr'><strong>Paulus</strong></span> <span class='ocrx_word' id='word_1_642' title='bbox 413 3309 465 3346; x_wconf 91' lang='lat' dir='ltr'><strong>ait</strong></span> <span class='ocrx_word' id='word_1_643' title='bbox 490 3311 679 3357; x_wconf 82' lang='lat' dir='ltr'><strong>proferens</strong></span> <span class='ocrx_word' id='word_1_644' title='bbox 705 3312 807 3350; x_wconf 81' lang='lat' dir='ltr'><strong>Isaiae</strong></span> <span class='ocrx_word' id='word_1_645' title='bbox 830 3316 1016 3362; x_wconf 81' lang='lat' dir='ltr'><strong>prophetae</strong></span> <span class='ocrx_word' id='word_1_646' title='bbox 1033 3317 1304 3354; x_wconf 84' lang='lat' dir='ltr'><strong>testimonium:</strong></span> 
     </span>
     <span class='ocr_line' id='line_1_83' title="bbox 253 3370 1302 3422; baseline 0.007 -14"><span class='ocrx_word' id='word_1_647' title='bbox 253 3371 294 3408; x_wconf 85' lang='lat' dir='ltr'><strong>Si</strong></span> <span class='ocrx_word' id='word_1_648' title='bbox 311 3370 415 3416; x_wconf 76' lang='lat' dir='ltr'><strong>suerit</strong></span> <span class='ocrx_word' id='word_1_649' title='bbox 433 3383 599 3410; x_wconf 83' lang='lat' dir='ltr'><strong>numerus</strong></span> <span class='ocrx_word' id='word_1_650' title='bbox 618 3374 774 3420; x_wconf 83' lang='lat' dir='ltr'><strong>filiorum</strong></span> <span class='ocrx_word' id='word_1_651' title='bbox 796 3375 915 3412; x_wconf 88' lang='lat' dir='ltr'><strong>Israel</strong></span> <span class='ocrx_word' id='word_1_652' title='bbox 930 3377 1022 3413; x_wconf 86' lang='lat' dir='ltr'><strong>sicut</strong></span> <span class='ocrx_word' id='word_1_653' title='bbox 1049 3388 1158 3414; x_wconf 83' lang='lat' dir='ltr'><strong>arena</strong></span> <span class='ocrx_word' id='word_1_654' title='bbox 1174 3379 1302 3422; x_wconf 87' lang='lat' dir='ltr'><strong>maris,</strong></span> 
     </span>
     <span class='ocr_line' id='line_1_84' title="bbox 252 3429 1306 3484; baseline 0.01 -20"><span class='ocrx_word' id='word_1_655' title='bbox 252 3429 407 3476; x_wconf 79' lang='lat' dir='ltr'><strong>retiquioe</strong></span> <span class='ocrx_word' id='word_1_656' title='bbox 427 3433 534 3470; x_wconf 79' lang='lat' dir='ltr'><strong>salvae</strong></span> <span class='ocrx_word' id='word_1_657' title='bbox 551 3434 636 3480; x_wconf 78' lang='lat' dir='ltr'><strong>fient</strong></span> <span class='ocrx_word' id='word_1_658' title='bbox 660 3433 776 3482; x_wconf 89' lang='lat' dir='ltr'><strong>(Rom.</strong></span> <span class='ocrx_word' id='word_1_659' title='bbox 795 3435 862 3484; x_wconf 82' lang='lat' dir='ltr'><strong>lx).</strong></span> <span class='ocrx_word' id='word_1_660' title='bbox 890 3436 979 3474; x_wconf 86' lang='lat' dir='ltr'><strong>Dico</strong></span> <span class='ocrx_word' id='word_1_661' title='bbox 1009 3446 1113 3484; x_wconf 84' lang='lat' dir='ltr'><strong>ergo:</strong></span> <span class='ocrx_word' id='word_1_662' title='bbox 1136 3437 1306 3484; x_wconf 89' lang='lat' dir='ltr'><strong>Nunquid</strong></span> 
     </span>
     <span class='ocr_line' id='line_1_85' title="bbox 252 3492 1306 3541; baseline 0.007 -14"><span class='ocrx_word' id='word_1_663' title='bbox 252 3492 383 3538; x_wconf 88' lang='lat' dir='ltr'><strong>repulit</strong></span> <span class='ocrx_word' id='word_1_664' title='bbox 397 3493 492 3532; x_wconf 90' lang='lat' dir='ltr'><strong>Deus</strong></span> <span class='ocrx_word' id='word_1_665' title='bbox 504 3495 644 3541; x_wconf 89' lang='lat' dir='ltr'><strong>plebem</strong></span> <span class='ocrx_word' id='word_1_666' title='bbox 659 3497 784 3534; x_wconf 80' lang='lat' dir='ltr'><strong>suam?</strong></span> <span class='ocrx_word' id='word_1_667' title='bbox 794 3497 918 3541; x_wconf 58' lang='lat' dir='ltr'><strong>absin</strong></span> <span class='ocrx_word' id='word_1_668' title='bbox 934 3497 1182 3534; x_wconf 84' lang='lat' dir='ltr'><strong>recordabitur</strong></span> <span class='ocrx_word' id='word_1_669' title='bbox 1195 3498 1306 3534; x_wconf 90' lang='lat' dir='ltr'><strong>etiam</strong></span> 
     </span>
     <span class='ocr_line' id='line_1_86' title="bbox 251 3551 1306 3605; baseline 0.007 -17"><span class='ocrx_word' id='word_1_670' title='bbox 251 3551 400 3590; x_wconf 82' lang='lat' dir='ltr'><strong>foederis</strong></span> <span class='ocrx_word' id='word_1_671' title='bbox 427 3554 484 3591; x_wconf 87' lang='lat' dir='ltr'><strong>sui</strong></span> <span class='ocrx_word' id='word_1_672' title='bbox 513 3556 673 3602; x_wconf 89' lang='lat' dir='ltr'><strong>pristini,</strong></span> <span class='ocrx_word' id='word_1_673' title='bbox 705 3558 848 3605; x_wconf 88' lang='lat' dir='ltr'><strong>quando</strong></span> <span class='ocrx_word' id='word_1_674' title='bbox 877 3558 970 3595; x_wconf 81' lang='lat' dir='ltr'><strong>lilios</strong></span> <span class='ocrx_word' id='word_1_675' title='bbox 998 3557 1109 3596; x_wconf 85' lang='lat' dir='ltr'><strong>Israel</strong></span> <span class='ocrx_word' id='word_1_676' title='bbox 1138 3559 1183 3595; x_wconf 92' lang='lat' dir='ltr'><strong>de</strong></span> <span class='ocrx_word' id='word_1_677' title='bbox 1207 3564 1306 3596; x_wconf 86' lang='lat' dir='ltr'><strong>terra</strong></span> 
     </span>
     <span class='ocr_line' id='line_1_87' title="bbox 252 3613 1308 3666; baseline 0.007 -17"><span class='ocrx_word' id='word_1_678' title='bbox 252 3613 396 3662; x_wconf 81' lang='lat' dir='ltr'><strong>AEgypti</strong></span> <span class='ocrx_word' id='word_1_679' title='bbox 415 3616 552 3653; x_wconf 88' lang='lat' dir='ltr'><strong>eduxit.</strong></span> <span class='ocrx_word' id='word_1_680' title='bbox 576 3618 620 3654; x_wconf 87' lang='lat' dir='ltr'><strong>Et</strong></span> <span class='ocrx_word' id='word_1_681' title='bbox 637 3619 672 3656; x_wconf 91' lang='lat' dir='ltr'><strong>in</strong></span> <span class='ocrx_word' id='word_1_682' title='bbox 692 3629 764 3666; x_wconf 90' lang='lat' dir='ltr'><strong>quo</strong></span> <span class='ocrx_word' id='word_1_683' title='bbox 779 3620 1056 3658; x_wconf 86' lang='lat' dir='ltr'><strong>recordabitur?</strong></span> <span class='ocrx_word' id='word_1_684' title='bbox 1083 3618 1129 3655; x_wconf 84' lang='lat' dir='ltr'><strong>Ut</strong></span> <span class='ocrx_word' id='word_1_685' title='bbox 1149 3626 1237 3656; x_wconf 85' lang='lat' dir='ltr'><strong>esset</strong></span> <span class='ocrx_word' id='word_1_686' title='bbox 1253 3630 1308 3656; x_wconf 87' lang='lat' dir='ltr'><strong>eo-</strong></span> 
     </span>
     <span class='ocr_line' id='line_1_88' title="bbox 253 3677 1306 3728; baseline 0.009 -20"><span class='ocrx_word' id='word_1_687' title='bbox 253 3685 327 3710; x_wconf 84' lang='lat' dir='ltr'><strong>rum</strong></span> <span class='ocrx_word' id='word_1_688' title='bbox 347 3677 442 3713; x_wconf 86' lang='lat' dir='ltr'><strong>Deus</strong></span> <span class='ocrx_word' id='word_1_689' title='bbox 459 3680 496 3714; x_wconf 85' lang='lat' dir='ltr'><strong>in</strong></span> <span class='ocrx_word' id='word_1_690' title='bbox 511 3687 694 3727; x_wconf 81' lang='lat' dir='ltr'><strong>conspectu</strong></span> <span class='ocrx_word' id='word_1_691' title='bbox 710 3682 876 3728; x_wconf 74' lang='lat' dir='ltr'><strong>yentinm.</strong></span> <span class='ocrx_word' id='word_1_692' title='bbox 906 3681 961 3717; x_wconf 90' lang='lat' dir='ltr'><strong>Ad</strong></span> <span class='ocrx_word' id='word_1_693' title='bbox 984 3691 1136 3727; x_wconf 89' lang='lat' dir='ltr'><strong>quorum</strong></span> <span class='ocrx_word' id='word_1_694' title='bbox 1154 3681 1306 3717; x_wconf 81' lang='lat' dir='ltr'><strong>manife-</strong></span> 
     </span>
     <span class='ocr_line' id='line_1_89' title="bbox 253 3733 1306 3790; baseline 0.008 -21"><span class='ocrx_word' id='word_1_695' title='bbox 253 3740 346 3771; x_wconf 85' lang='lat' dir='ltr'><strong>stam</strong></span> <span class='ocrx_word' id='word_1_696' title='bbox 366 3733 709 3778; x_wconf 87' lang='lat' dir='ltr'><strong>demonstrationem</strong></span> <span class='ocrx_word' id='word_1_697' title='bbox 724 3741 902 3778; x_wconf 84' lang='lat' dir='ltr'><strong>sufficiant</strong></span> <span class='ocrx_word' id='word_1_698' title='bbox 926 3741 988 3790; x_wconf 76' lang='lat' dir='ltr'><strong>tibi</strong></span> <span class='ocrx_word' id='word_1_699' title='bbox 1003 3742 1081 3777; x_wconf 78' lang='lat' dir='ltr'><strong>haec</strong></span> <span class='ocrx_word' id='word_1_700' title='bbox 1099 3740 1306 3787; x_wconf 57' lang='lat' dir='ltr'><strong>apostolica}</strong></span> 
     </span>
     <span class='ocr_line' id='line_1_90' title="bbox 252 3798 1306 3852; baseline 0.007 -18"><span class='ocrx_word' id='word_1_701' title='bbox 252 3798 363 3836; x_wconf 81' lang='lat' dir='ltr'><strong>verba</strong></span> <span class='ocrx_word' id='word_1_702' title='bbox 377 3801 580 3849; x_wconf 79' lang='lat' dir='ltr'><strong>sapientiae:</strong></span> <span class='ocrx_word' id='word_1_703' title='bbox 610 3803 692 3840; x_wconf 69' lang='lat' dir='ltr'><strong>ivon</strong></span> <span class='ocrx_word' id='word_1_704' title='bbox 715 3803 806 3840; x_wconf 84' lang='lat' dir='ltr'><strong>enim</strong></span> <span class='ocrx_word' id='word_1_705' title='bbox 827 3803 904 3842; x_wconf 79' lang='lat' dir='ltr'><strong>volo</strong></span> <span class='ocrx_word' id='word_1_706' title='bbox 925 3814 983 3840; x_wconf 76' lang='lat' dir='ltr'><strong>ros</strong></span> <span class='ocrx_word' id='word_1_707' title='bbox 1002 3803 1166 3852; x_wconf 73' lang='lat' dir='ltr'><strong>iquorare</strong></span> <span class='ocrx_word' id='word_1_708' title='bbox 1175 3808 1306 3852; x_wconf 74' lang='lat' dir='ltr'><strong>myste-</strong></span> 
     </span>
    </p>
   </div>
   <div class='ocr_carea' id='block_1_16' title="bbox 477 3926 534 3939">
    <p class='ocr_par' dir='ltr' id='par_1_17' title="bbox 477 3926 534 3939">
     <span class='ocr_line' id='line_1_91' title="bbox 477 3926 534 3939; baseline 0 -1"><span class='ocrx_word' id='word_1_709' title='bbox 477 3927 506 3939; x_wconf 69' lang='lat'><strong>—.-.</strong></span> <span class='ocrx_word' id='word_1_710' title='bbox 513 3926 534 3938; x_wconf 72' lang='lat'><strong>:-</strong></span> 
     </span>
    </p>
   </div>
   <div class='ocr_carea' id='block_1_17' title="bbox 1385 2156 2337 2206">
    <p class='ocr_par' dir='ltr' id='par_1_18' title="bbox 1385 2156 2337 2206">
     <span class='ocr_line' id='line_1_92' title="bbox 1385 2156 2337 2206; baseline 0.004 -14"><span class='ocrx_word' id='word_1_711' title='bbox 1385 2156 1597 2193; x_wconf 88' lang='lat' dir='ltr'><strong>translatam</strong></span> <span class='ocrx_word' id='word_1_712' title='bbox 1617 2164 1653 2194; x_wconf 92' lang='lat' dir='ltr'><strong>et</strong></span> <span class='ocrx_word' id='word_1_713' title='bbox 1677 2160 1720 2194; x_wconf 88' lang='lat' dir='ltr'><strong>ad</strong></span> <span class='ocrx_word' id='word_1_714' title='bbox 1740 2159 1992 2206; x_wconf 82' lang='lat' dir='ltr'><strong>perfectiorem</strong></span> <span class='ocrx_word' id='word_1_715' title='bbox 2011 2161 2337 2198; x_wconf 89' lang='lat' dir='ltr'><strong>conversationem.</strong></span> 
     </span>
    </p>
   </div>
   <div class='ocr_carea' id='block_1_18' title="bbox 1777 2228 2050 2273">
    <p class='ocr_par' dir='ltr' id='par_1_19' title="bbox 1777 2228 2050 2273">
     <span class='ocr_line' id='line_1_93' title="bbox 1777 2228 2050 2273; baseline 0 -2"><span class='ocrx_word' id='word_1_716' title='bbox 1777 2234 1931 2272; x_wconf 87' lang='lat' dir='ltr'>CAPUT</span> <span class='ocrx_word' id='word_1_717' title='bbox 1957 2228 2050 2273; x_wconf 78' lang='lat' dir='ltr'><strong>xlv.</strong></span> 
     </span>
    </p>
   </div>
   <div class='ocr_carea' id='block_1_19' title="bbox 1385 2292 2445 2379">
    <p class='ocr_par' dir='ltr' id='par_1_20' title="bbox 1385 2292 2445 2379">
     <span class='ocr_line' id='line_1_94' title="bbox 1385 2292 2445 2378; baseline 0.004 -51"><span class='ocrx_word' id='word_1_718' title='bbox 1385 2292 1545 2337; x_wconf 82' lang='lat' dir='ltr'><strong>Qualiter</strong></span> <span class='ocrx_word' id='word_1_719' title='bbox 1569 2294 1621 2330; x_wconf 77' lang='lat' dir='ltr'><strong>vir</strong></span> <span class='ocrx_word' id='word_1_720' title='bbox 1646 2294 1717 2330; x_wconf 81' lang='lat' dir='ltr'><strong>sive</strong></span> <span class='ocrx_word' id='word_1_721' title='bbox 1747 2295 1873 2377; x_wconf 49' lang='lat' dir='ltr'><strong>mulieb·</strong></span> <span class='ocrx_word' id='word_1_722' title='bbox 1894 2302 2016 2378; x_wconf 53' lang='lat' dir='ltr'><strong>&#39;potum</strong></span> <span class='ocrx_word' id='word_1_723' title='bbox 2048 2296 2140 2343; x_wconf 87' lang='lat' dir='ltr'><strong>quod</strong></span> <span class='ocrx_word' id='word_1_724' title='bbox 2166 2297 2247 2343; x_wconf 72' lang='lat' dir='ltr'><strong>fecit</strong></span> <span class='ocrx_word' id='word_1_725' title='bbox 2266 2296 2445 2332; x_wconf 82' lang='lat' dir='ltr'><strong>observare</strong></span> 
     </span>
     <span class='ocr_line' id='line_1_95' title="bbox 1874 2349 1984 2379; baseline 0 -1"><span class='ocrx_word' id='word_1_726' title='bbox 1874 2354 1890 2378; x_wconf 94' lang='lat' dir='ltr'><strong>e</strong></span> <span class='ocrx_word' id='word_1_727' title='bbox 1915 2349 1984 2379; x_wconf 85' lang='lat' dir='ltr'><strong>eat.</strong></span> 
     </span>
    </p>
   </div>
   <div class='ocr_carea' id='block_1_20' title="bbox 1372 2403 2447 3723">
    <p class='ocr_par' dir='ltr' id='par_1_21' title="bbox 1372 2403 2447 3723">
     <span class='ocr_line' id='line_1_96' title="bbox 1431 2403 2447 2451; baseline 0.002 -13"><span class='ocrx_word' id='word_1_728' title='bbox 1431 2403 1531 2449; x_wconf 66' lang='lat' dir='ltr'><strong>(Car.</strong></span> <span class='ocrx_word' id='word_1_729' title='bbox 1550 2404 1678 2450; x_wconf 81' lang='lat' dir='ltr'><strong>xxvii.)</strong></span> <span class='ocrx_word' id='word_1_730' title='bbox 1690 2404 1910 2451; x_wconf 85' lang='lat' dir='ltr'><strong>Locutusque</strong></span> <span class='ocrx_word' id='word_1_731' title='bbox 1925 2411 1975 2440; x_wconf 87' lang='lat' dir='ltr'><strong>est</strong></span> <span class='ocrx_word' id='word_1_732' title='bbox 1991 2404 2162 2441; x_wconf 84' lang='lat' dir='ltr'><strong>Dominus</strong></span> <span class='ocrx_word' id='word_1_733' title='bbox 2176 2406 2222 2440; x_wconf 86' lang='lat' dir='ltr'><strong>ad</strong></span> <span class='ocrx_word' id='word_1_734' title='bbox 2237 2406 2381 2451; x_wconf 82' lang='lat' dir='ltr'><strong>Moysen</strong></span> <span class='ocrx_word' id='word_1_735' title='bbox 2395 2405 2447 2440; x_wconf 87' lang='lat' dir='ltr'><strong>di-</strong></span> 
     </span>
     <span class='ocr_line' id='line_1_97' title="bbox 1382 2464 2444 2511; baseline -0.001 -11"><span class='ocrx_word' id='word_1_736' title='bbox 1382 2475 1485 2500; x_wconf 86' lang='lat' dir='ltr'><strong>cens:</strong></span> <span class='ocrx_word' id='word_1_737' title='bbox 1501 2464 1658 2511; x_wconf 84' lang='lat' dir='ltr'><strong>Loquere</strong></span> <span class='ocrx_word' id='word_1_738' title='bbox 1672 2464 1755 2510; x_wconf 84' lang='lat' dir='ltr'><strong>filiis</strong></span> <span class='ocrx_word' id='word_1_739' title='bbox 1775 2464 1948 2508; x_wconf 84' lang='lat' dir='ltr'><strong>Israel,et</strong></span> <span class='ocrx_word' id='word_1_740' title='bbox 1967 2465 2061 2500; x_wconf 85' lang='lat' dir='ltr'><strong>dices</strong></span> <span class='ocrx_word' id='word_1_741' title='bbox 2082 2465 2127 2500; x_wconf 90' lang='lat' dir='ltr'><strong>ad</strong></span> <span class='ocrx_word' id='word_1_742' title='bbox 2144 2473 2227 2500; x_wconf 84' lang='lat' dir='ltr'><strong>eos:</strong></span> <span class='ocrx_word' id='word_1_743' title='bbox 2248 2464 2365 2500; x_wconf 90' lang='lat' dir='ltr'><strong>Homo</strong></span> <span class='ocrx_word' id='word_1_744' title='bbox 2383 2466 2444 2510; x_wconf 88' lang='lat' dir='ltr'><strong>qui</strong></span> 
     </span>
     <span class='ocr_line' id='line_1_98' title="bbox 1381 2524 2442 2572; baseline -0.001 -12"><span class='ocrx_word' id='word_1_745' title='bbox 1381 2531 1497 2561; x_wconf 83' lang='lat' dir='ltr'><strong>votum</strong></span> <span class='ocrx_word' id='word_1_746' title='bbox 1513 2526 1646 2571; x_wconf 75' lang='lat' dir='ltr'><strong>fecerit,</strong></span> <span class='ocrx_word' id='word_1_747' title='bbox 1662 2532 1694 2561; x_wconf 89' lang='lat' dir='ltr'><strong>et</strong></span> <span class='ocrx_word' id='word_1_748' title='bbox 1717 2525 1941 2572; x_wconf 83' lang='lat' dir='ltr'><strong>spoponderit</strong></span> <span class='ocrx_word' id='word_1_749' title='bbox 1958 2524 2033 2561; x_wconf 91' lang='lat' dir='ltr'><strong>Deo</strong></span> <span class='ocrx_word' id='word_1_750' title='bbox 2054 2525 2211 2561; x_wconf 85' lang='lat' dir='ltr'><strong>animam</strong></span> <span class='ocrx_word' id='word_1_751' title='bbox 2240 2535 2360 2567; x_wconf 85' lang='lat' dir='ltr'><strong>suam,</strong></span> <span class='ocrx_word' id='word_1_752' title='bbox 2380 2524 2442 2560; x_wconf 87' lang='lat' dir='ltr'><strong>sub</strong></span> 
     </span>
     <span class='ocr_line' id='line_1_99' title="bbox 1382 2585 2443 2632; baseline -0.002 -10"><span class='ocrx_word' id='word_1_753' title='bbox 1382 2586 1612 2622; x_wconf 68' lang='lat' dir='ltr'><strong>(estimatione</strong></span> <span class='ocrx_word' id='word_1_754' title='bbox 1639 2586 1734 2621; x_wconf 87' lang='lat' dir='ltr'><strong>dabit</strong></span> <span class='ocrx_word' id='word_1_755' title='bbox 1763 2586 1913 2632; x_wconf 87' lang='lat' dir='ltr'><strong>pretium</strong></span> <span class='ocrx_word' id='word_1_756' title='bbox 1938 2596 1949 2620; x_wconf 89' lang='lat'><em>:</em></span> <span class='ocrx_word' id='word_1_757' title='bbox 1981 2586 2011 2621; x_wconf 85' lang='lat' dir='ltr'><strong>si</strong></span> <span class='ocrx_word' id='word_1_758' title='bbox 2045 2586 2152 2631; x_wconf 84' lang='lat' dir='ltr'><strong>suerit</strong></span> <span class='ocrx_word' id='word_1_759' title='bbox 2182 2585 2361 2621; x_wconf 86' lang='lat' dir='ltr'><strong>masculus</strong></span> <span class='ocrx_word' id='word_1_760' title='bbox 2380 2612 2390 2629; x_wconf 91' lang='lat'><strong>‚</strong></span> <span class='ocrx_word' id='word_1_761' title='bbox 2421 2597 2443 2621; x_wconf 90' lang='lat' dir='ltr'><strong>a</strong></span> 
     </span>
     <span class='ocr_line' id='line_1_100' title="bbox 1380 2646 2444 2694; baseline 0 -12"><span class='ocrx_word' id='word_1_762' title='bbox 1380 2648 1541 2683; x_wconf 87' lang='lat' dir='ltr'><strong>vicesimo</strong></span> <span class='ocrx_word' id='word_1_763' title='bbox 1559 2658 1667 2694; x_wconf 89' lang='lat' dir='ltr'><strong>usque</strong></span> <span class='ocrx_word' id='word_1_764' title='bbox 1688 2647 1940 2693; x_wconf 72' lang='lat' dir='ltr'><strong>sexaqesimum</strong></span> <span class='ocrx_word' id='word_1_765' title='bbox 1975 2658 2119 2690; x_wconf 89' lang='lat' dir='ltr'><strong>annum,</strong></span> <span class='ocrx_word' id='word_1_766' title='bbox 2149 2646 2245 2682; x_wconf 83' lang='lat' dir='ltr'><strong>dabit</strong></span> <span class='ocrx_word' id='word_1_767' title='bbox 2271 2647 2444 2694; x_wconf 82' lang='lat' dir='ltr'><strong>quinqua-</strong></span> 
     </span>
     <span class='ocr_line' id='line_1_101' title="bbox 1380 2709 2441 2757; baseline -0.002 -11"><span class='ocrx_word' id='word_1_768' title='bbox 1380 2711 1476 2757; x_wconf 77' lang='lat' dir='ltr'><strong>qinta</strong></span> <span class='ocrx_word' id='word_1_769' title='bbox 1502 2710 1605 2746; x_wconf 88' lang='lat' dir='ltr'><strong>siclos</strong></span> <span class='ocrx_word' id='word_1_770' title='bbox 1630 2711 1765 2756; x_wconf 64' lang='lat' dir='ltr'><strong>arpenti</strong></span> <span class='ocrx_word' id='word_1_771' title='bbox 1783 2709 1828 2745; x_wconf 88' lang='lat' dir='ltr'><strong>ad</strong></span> <span class='ocrx_word' id='word_1_772' title='bbox 1849 2720 2049 2745; x_wconf 87' lang='lat' dir='ltr'><strong>mensuram</strong></span> <span class='ocrx_word' id='word_1_773' title='bbox 2066 2709 2263 2745; x_wconf 85' lang='lat' dir='ltr'><strong>sanctuarii</strong></span> <span class='ocrx_word' id='word_1_774' title='bbox 2274 2721 2288 2752; x_wconf 92' lang='lat'><strong><em>;</em></strong></span> <span class='ocrx_word' id='word_1_775' title='bbox 2311 2709 2342 2744; x_wconf 84' lang='lat' dir='ltr'><strong>si</strong></span> <span class='ocrx_word' id='word_1_776' title='bbox 2361 2719 2441 2744; x_wconf 92' lang='lat' dir='ltr'><strong>mu-</strong></span> 
     </span>
     <span class='ocr_line' id='line_1_102' title="bbox 1380 2769 2438 2818; baseline -0.004 -11"><span class='ocrx_word' id='word_1_777' title='bbox 1380 2772 1457 2816; x_wconf 88' lang='lat' dir='ltr'><strong>lier,</strong></span> <span class='ocrx_word' id='word_1_778' title='bbox 1477 2773 1635 2818; x_wconf 75' lang='lat' dir='ltr'><strong>triyinta.</strong></span> <span class='ocrx_word' id='word_1_779' title='bbox 1655 2771 1786 2813; x_wconf 82' lang='lat' dir='ltr'><strong>Quinto</strong></span> <span class='ocrx_word' id='word_1_780' title='bbox 1804 2777 1921 2806; x_wconf 87' lang='lat' dir='ltr'><strong>autem</strong></span> <span class='ocrx_word' id='word_1_781' title='bbox 1936 2782 2028 2807; x_wconf 81' lang='lat' dir='ltr'><strong>anno</strong></span> <span class='ocrx_word' id='word_1_782' title='bbox 2043 2781 2151 2817; x_wconf 83' lang='lat' dir='ltr'><strong>usque</strong></span> <span class='ocrx_word' id='word_1_783' title='bbox 2164 2769 2210 2805; x_wconf 89' lang='lat' dir='ltr'><strong>ad</strong></span> <span class='ocrx_word' id='word_1_784' title='bbox 2226 2770 2438 2812; x_wconf 85' lang='lat' dir='ltr'><strong>vicesimum,</strong></span> 
     </span>
     <span class='ocr_line' id='line_1_103' title="bbox 1379 2829 2439 2877; baseline -0.002 -11"><span class='ocrx_word' id='word_1_785' title='bbox 1379 2832 1556 2868; x_wconf 85' lang='lat' dir='ltr'><strong>masculus</strong></span> <span class='ocrx_word' id='word_1_786' title='bbox 1575 2831 1671 2866; x_wconf 84' lang='lat' dir='ltr'><strong>dabit</strong></span> <span class='ocrx_word' id='word_1_787' title='bbox 1694 2832 1814 2877; x_wconf 61' lang='lat' dir='ltr'><strong>viginti</strong></span> <span class='ocrx_word' id='word_1_788' title='bbox 1841 2831 1970 2875; x_wconf 86' lang='lat' dir='ltr'><strong>siclos;</strong></span> <span class='ocrx_word' id='word_1_789' title='bbox 1995 2831 2126 2877; x_wconf 73' lang='lat' dir='ltr'><strong>semina</strong></span> <span class='ocrx_word' id='word_1_790' title='bbox 2149 2830 2278 2866; x_wconf 85' lang='lat' dir='ltr'><strong>decem.</strong></span> <span class='ocrx_word' id='word_1_791' title='bbox 2300 2829 2351 2864; x_wconf 87' lang='lat' dir='ltr'><strong>Ab</strong></span> <span class='ocrx_word' id='word_1_792' title='bbox 2369 2840 2439 2864; x_wconf 87' lang='lat' dir='ltr'><strong>uno</strong></span> 
     </span>
     <span class='ocr_line' id='line_1_104' title="bbox 1378 2889 2439 2939; baseline -0.002 -13"><span class='ocrx_word' id='word_1_793' title='bbox 1378 2902 1495 2926; x_wconf 84' lang='lat' dir='ltr'><strong>mense</strong></span> <span class='ocrx_word' id='word_1_794' title='bbox 1519 2901 1628 2937; x_wconf 84' lang='lat' dir='ltr'><strong>usque</strong></span> <span class='ocrx_word' id='word_1_795' title='bbox 1646 2890 1692 2925; x_wconf 88' lang='lat' dir='ltr'><strong>ad</strong></span> <span class='ocrx_word' id='word_1_796' title='bbox 1710 2902 1841 2926; x_wconf 88' lang='lat' dir='ltr'><strong>annum</strong></span> <span class='ocrx_word' id='word_1_797' title='bbox 1860 2892 2022 2939; x_wconf 85' lang='lat' dir='ltr'><strong>quintum</strong></span> <span class='ocrx_word' id='word_1_798' title='bbox 2044 2901 2107 2929; x_wconf 81' lang='lat' dir='ltr'><strong>vro</strong></span> <span class='ocrx_word' id='word_1_799' title='bbox 2126 2889 2281 2926; x_wconf 85' lang='lat' dir='ltr'><strong>masculo</strong></span> <span class='ocrx_word' id='word_1_800' title='bbox 2299 2889 2439 2925; x_wconf 85' lang='lat' dir='ltr'><strong>dabun-</strong></span> 
     </span>
     <span class='ocr_line' id='line_1_105' title="bbox 1380 2950 2439 2998; baseline -0.002 -12"><span class='ocrx_word' id='word_1_801' title='bbox 1380 2958 1438 2987; x_wconf 89' lang='lat' dir='ltr'><strong>tur</strong></span> <span class='ocrx_word' id='word_1_802' title='bbox 1461 2952 1613 2998; x_wconf 86' lang='lat' dir='ltr'><strong>quinque</strong></span> <span class='ocrx_word' id='word_1_803' title='bbox 1645 2951 1744 2994; x_wconf 86' lang='lat' dir='ltr'><strong>sicli,</strong></span> <span class='ocrx_word' id='word_1_804' title='bbox 1775 2963 1838 2998; x_wconf 84' lang='lat' dir='ltr'><strong>pro</strong></span> <span class='ocrx_word' id='word_1_805' title='bbox 1865 2952 1997 2998; x_wconf 78' lang='lat' dir='ltr'><strong>femina</strong></span> <span class='ocrx_word' id='word_1_806' title='bbox 2024 2957 2106 2987; x_wconf 87' lang='lat' dir='ltr'><strong>tres.</strong></span> <span class='ocrx_word' id='word_1_807' title='bbox 2126 2950 2383 2996; x_wconf 67' lang='lat' dir='ltr'><strong>sexagenarius</strong></span> <span class='ocrx_word' id='word_1_808' title='bbox 2406 2956 2439 2985; x_wconf 87' lang='lat' dir='ltr'><strong>et</strong></span> 
     </span>
     <span class='ocr_line' id='line_1_106' title="bbox 1378 3009 2439 3058; baseline -0.002 -12"><span class='ocrx_word' id='word_1_809' title='bbox 1378 3011 1473 3047; x_wconf 90' lang='lat' dir='ltr'><strong>ultra</strong></span> <span class='ocrx_word' id='word_1_810' title='bbox 1502 3011 1679 3047; x_wconf 85' lang='lat' dir='ltr'><strong>masculus</strong></span> <span class='ocrx_word' id='word_1_811' title='bbox 1708 3011 1804 3046; x_wconf 87' lang='lat' dir='ltr'><strong>dabit</strong></span> <span class='ocrx_word' id='word_1_812' title='bbox 1832 3011 2030 3058; x_wconf 83' lang='lat' dir='ltr'><strong>quindecim</strong></span> <span class='ocrx_word' id='word_1_813' title='bbox 2064 3010 2182 3053; x_wconf 82' lang='lat' dir='ltr'><strong>siclos,</strong></span> <span class='ocrx_word' id='word_1_814' title='bbox 2218 3010 2350 3055; x_wconf 75' lang='lat' dir='ltr'><strong>femina</strong></span> <span class='ocrx_word' id='word_1_815' title='bbox 2379 3009 2439 3045; x_wconf 87' lang='lat' dir='ltr'><strong>de-</strong></span> 
     </span>
     <span class='ocr_line' id='line_1_107' title="bbox 1376 3071 2438 3118; baseline 0.001 -12"><span class='ocrx_word' id='word_1_816' title='bbox 1376 3083 1464 3107; x_wconf 85' lang='lat' dir='ltr'><strong>cem.</strong></span> <span class='ocrx_word' id='word_1_817' title='bbox 1491 3071 1531 3107; x_wconf 87' lang='lat' dir='ltr'><strong>Si</strong></span> <span class='ocrx_word' id='word_1_818' title='bbox 1561 3083 1694 3118; x_wconf 84' lang='lat' dir='ltr'><strong>pauper</strong></span> <span class='ocrx_word' id='word_1_819' title='bbox 1723 3072 1827 3118; x_wconf 71' lang='lat' dir='ltr'><strong>suerit</strong></span> <span class='ocrx_word' id='word_1_820' title='bbox 1857 3078 1890 3108; x_wconf 88' lang='lat' dir='ltr'><strong>et</strong></span> <span class='ocrx_word' id='word_1_821' title='bbox 1910 3072 2178 3108; x_wconf 87' lang='lat' dir='ltr'><strong>aestimationem</strong></span> <span class='ocrx_word' id='word_1_822' title='bbox 2205 3071 2348 3108; x_wconf 90' lang='lat' dir='ltr'><strong>reddere</strong></span> <span class='ocrx_word' id='word_1_823' title='bbox 2369 3082 2438 3107; x_wconf 88' lang='lat' dir='ltr'><strong>non</strong></span> 
     </span>
     <span class='ocr_line' id='line_1_108' title="bbox 1376 3131 2436 3180; baseline 0.001 -13"><span class='ocrx_word' id='word_1_824' title='bbox 1376 3131 1533 3175; x_wconf 83' lang='lat' dir='ltr'><strong>valuerit,</strong></span> <span class='ocrx_word' id='word_1_825' title='bbox 1549 3133 1655 3168; x_wconf 85' lang='lat' dir='ltr'><strong>stabit</strong></span> <span class='ocrx_word' id='word_1_826' title='bbox 1670 3144 1789 3169; x_wconf 86' lang='lat' dir='ltr'><strong>coram</strong></span> <span class='ocrx_word' id='word_1_827' title='bbox 1804 3133 1985 3170; x_wconf 86' lang='lat' dir='ltr'><strong>sacerdote</strong></span> <span class='ocrx_word' id='word_1_828' title='bbox 1999 3161 2009 3178; x_wconf 88' lang='lat'><strong>,</strong></span> <span class='ocrx_word' id='word_1_829' title='bbox 2027 3139 2059 3170; x_wconf 88' lang='lat' dir='ltr'><strong>et</strong></span> <span class='ocrx_word' id='word_1_830' title='bbox 2073 3138 2243 3180; x_wconf 82' lang='lat' dir='ltr'><strong>quantum</strong></span> <span class='ocrx_word' id='word_1_831' title='bbox 2263 3131 2324 3168; x_wconf 85' lang='lat' dir='ltr'><strong>ille</strong></span> <span class='ocrx_word' id='word_1_832' title='bbox 2339 3133 2436 3169; x_wconf 85' lang='lat' dir='ltr'><strong>oesti-</strong></span> 
     </span>
     <span class='ocr_line' id='line_1_109' title="bbox 1376 3190 2435 3238; baseline 0 -12"><span class='ocrx_word' id='word_1_833' title='bbox 1376 3192 1520 3226; x_wconf 83' lang='lat' dir='ltr'><strong>maverit</strong></span> <span class='ocrx_word' id='word_1_834' title='bbox 1545 3197 1578 3227; x_wconf 86' lang='lat' dir='ltr'><strong>et</strong></span> <span class='ocrx_word' id='word_1_835' title='bbox 1602 3192 1727 3227; x_wconf 87' lang='lat' dir='ltr'><strong>viderit</strong></span> <span class='ocrx_word' id='word_1_836' title='bbox 1747 3202 1825 3227; x_wconf 87' lang='lat' dir='ltr'><strong>eum</strong></span> <span class='ocrx_word' id='word_1_837' title='bbox 1843 3203 1943 3238; x_wconf 84' lang='lat' dir='ltr'><strong>posse</strong></span> <span class='ocrx_word' id='word_1_838' title='bbox 1967 3192 2132 3236; x_wconf 86' lang='lat' dir='ltr'><strong>reddere,</strong></span> <span class='ocrx_word' id='word_1_839' title='bbox 2161 3197 2297 3227; x_wconf 83' lang='lat' dir='ltr'><strong>tantum</strong></span> <span class='ocrx_word' id='word_1_840' title='bbox 2323 3190 2435 3226; x_wconf 81' lang='lat' dir='ltr'><strong>dabit.</strong></span> 
     </span>
     <span class='ocr_line' id='line_1_110' title="bbox 1375 3251 2434 3299; baseline 0.001 -12"><span class='ocrx_word' id='word_1_841' title='bbox 1375 3251 1486 3287; x_wconf 88' lang='lat' dir='ltr'><strong>Plena</strong></span> <span class='ocrx_word' id='word_1_842' title='bbox 1513 3257 1597 3288; x_wconf 90' lang='lat' dir='ltr'><strong>sunt</strong></span> <span class='ocrx_word' id='word_1_843' title='bbox 1613 3252 1691 3287; x_wconf 87' lang='lat' dir='ltr'><strong>haec</strong></span> <span class='ocrx_word' id='word_1_844' title='bbox 1720 3252 1830 3287; x_wconf 90' lang='lat' dir='ltr'><strong>etiam</strong></span> <span class='ocrx_word' id='word_1_845' title='bbox 1853 3252 2072 3298; x_wconf 89' lang='lat' dir='ltr'><strong>legislatoris</strong></span> <span class='ocrx_word' id='word_1_846' title='bbox 2089 3253 2200 3290; x_wconf 87' lang='lat' dir='ltr'><strong>verba</strong></span> <span class='ocrx_word' id='word_1_847' title='bbox 2219 3252 2434 3299; x_wconf 86' lang='lat' dir='ltr'><strong>prudentiae,</strong></span> 
     </span>
     <span class='ocr_line' id='line_1_111' title="bbox 1379 3311 2436 3358; baseline 0.001 -11"><span class='ocrx_word' id='word_1_848' title='bbox 1379 3312 1536 3348; x_wconf 84' lang='lat' dir='ltr'><strong>maxime</strong></span> <span class='ocrx_word' id='word_1_849' title='bbox 1553 3316 1774 3357; x_wconf 87' lang='lat' dir='ltr'><strong>opportuna,</strong></span> <span class='ocrx_word' id='word_1_850' title='bbox 1799 3317 2012 3348; x_wconf 86' lang='lat' dir='ltr'><strong>conservata</strong></span> <span class='ocrx_word' id='word_1_851' title='bbox 2031 3313 2198 3358; x_wconf 87' lang='lat' dir='ltr'><strong>tempori.</strong></span> <span class='ocrx_word' id='word_1_852' title='bbox 2226 3311 2313 3356; x_wconf 80' lang='lat' dir='ltr'><strong>Quae</strong></span> <span class='ocrx_word' id='word_1_853' title='bbox 2337 3312 2436 3348; x_wconf 88' lang='lat' dir='ltr'><strong>enim</strong></span> 
     </span>
     <span class='ocr_line' id='line_1_112' title="bbox 1378 3369 2434 3419; baseline -0.003 -11"><span class='ocrx_word' id='word_1_854' title='bbox 1378 3376 1545 3419; x_wconf 88' lang='lat' dir='ltr'><strong>oporteat</strong></span> <span class='ocrx_word' id='word_1_855' title='bbox 1561 3371 1632 3418; x_wconf 82' lang='lat' dir='ltr'><strong>agi,</strong></span> <span class='ocrx_word' id='word_1_856' title='bbox 1655 3381 1735 3417; x_wconf 79' lang='lat' dir='ltr'><strong>quae</strong></span> <span class='ocrx_word' id='word_1_857' title='bbox 1760 3370 1932 3414; x_wconf 90' lang='lat' dir='ltr'><strong>minime,</strong></span> <span class='ocrx_word' id='word_1_858' title='bbox 1962 3370 2000 3406; x_wconf 88' lang='lat' dir='ltr'><strong>in</strong></span> <span class='ocrx_word' id='word_1_859' title='bbox 2030 3369 2278 3416; x_wconf 87' lang='lat' dir='ltr'><strong>superioribus</strong></span> <span class='ocrx_word' id='word_1_860' title='bbox 2305 3370 2434 3415; x_wconf 84' lang='lat' dir='ltr'><strong>praeci-</strong></span> 
     </span>
     <span class='ocr_line' id='line_1_113' title="bbox 1377 3429 2433 3480; baseline -0.001 -11"><span class='ocrx_word' id='word_1_861' title='bbox 1377 3434 1496 3480; x_wconf 91' lang='lat' dir='ltr'><strong>piens,</strong></span> <span class='ocrx_word' id='word_1_862' title='bbox 1511 3441 1608 3469; x_wconf 87' lang='lat' dir='ltr'><strong>nunc</strong></span> <span class='ocrx_word' id='word_1_863' title='bbox 1620 3431 1730 3468; x_wconf 91' lang='lat' dir='ltr'><strong>etiam</strong></span> <span class='ocrx_word' id='word_1_864' title='bbox 1749 3430 1961 3477; x_wconf 80' lang='lat' dir='ltr'><strong>dignitatem</strong></span> <span class='ocrx_word' id='word_1_865' title='bbox 1976 3439 2019 3466; x_wconf 88' lang='lat' dir='ltr'><strong>ea</strong></span> <span class='ocrx_word' id='word_1_866' title='bbox 2035 3429 2285 3477; x_wconf 78' lang='lat' dir='ltr'><strong>peragentium</strong></span> <span class='ocrx_word' id='word_1_867' title='bbox 2298 3439 2342 3466; x_wconf 76' lang='lat' dir='ltr'><strong>ex</strong></span> <span class='ocrx_word' id='word_1_868' title='bbox 2357 3435 2433 3468; x_wconf 85' lang='lat' dir='ltr'><strong>toto</strong></span> 
     </span>
     <span class='ocr_line' id='line_1_114' title="bbox 1377 3489 2432 3540; baseline -0.003 -9"><span class='ocrx_word' id='word_1_869' title='bbox 1377 3494 1434 3531; x_wconf 92' lang='lat' dir='ltr'><strong>vel</strong></span> <span class='ocrx_word' id='word_1_870' title='bbox 1452 3504 1497 3532; x_wconf 86' lang='lat' dir='ltr'><strong>ex</strong></span> <span class='ocrx_word' id='word_1_871' title='bbox 1518 3497 1635 3540; x_wconf 87' lang='lat' dir='ltr'><strong>parte,</strong></span> <span class='ocrx_word' id='word_1_872' title='bbox 1655 3502 1722 3539; x_wconf 86' lang='lat' dir='ltr'><strong>per</strong></span> <span class='ocrx_word' id='word_1_873' title='bbox 1739 3491 1817 3528; x_wconf 79' lang='lat' dir='ltr'><strong>haec</strong></span> <span class='ocrx_word' id='word_1_874' title='bbox 1832 3501 1913 3538; x_wconf 88' lang='lat' dir='ltr'><strong>quae</strong></span> <span class='ocrx_word' id='word_1_875' title='bbox 1930 3490 2100 3527; x_wconf 89' lang='lat' dir='ltr'><strong>dicuntur</strong></span> <span class='ocrx_word' id='word_1_876' title='bbox 2113 3489 2275 3536; x_wconf 86' lang='lat' dir='ltr'><strong>exponit,</strong></span> <span class='ocrx_word' id='word_1_877' title='bbox 2292 3495 2329 3527; x_wconf 86' lang='lat' dir='ltr'><strong>et</strong></span> <span class='ocrx_word' id='word_1_878' title='bbox 2345 3490 2432 3538; x_wconf 89' lang='lat' dir='ltr'><strong>quid</strong></span> 
     </span>
     <span class='ocr_line' id='line_1_115' title="bbox 1375 3550 2431 3602; baseline -0.005 -10"><span class='ocrx_word' id='word_1_879' title='bbox 1375 3556 1423 3592; x_wconf 91' lang='lat' dir='ltr'><strong>sit</strong></span> <span class='ocrx_word' id='word_1_880' title='bbox 1439 3554 1600 3602; x_wconf 79' lang='lat' dir='ltr'><strong>perfecta</strong></span> <span class='ocrx_word' id='word_1_881' title='bbox 1621 3553 1709 3598; x_wconf 76' lang='lat' dir='ltr'><strong>vita,</strong></span> <span class='ocrx_word' id='word_1_882' title='bbox 1727 3552 1813 3599; x_wconf 89' lang='lat' dir='ltr'><strong>quid</strong></span> <span class='ocrx_word' id='word_1_883' title='bbox 1833 3556 1953 3588; x_wconf 89' lang='lat' dir='ltr'><strong>autem</strong></span> <span class='ocrx_word' id='word_1_884' title='bbox 1972 3551 2090 3588; x_wconf 85' lang='lat' dir='ltr'><strong>adhuc</strong></span> <span class='ocrx_word' id='word_1_885' title='bbox 2109 3550 2145 3587; x_wconf 91' lang='lat' dir='ltr'><strong>in</strong></span> <span class='ocrx_word' id='word_1_886' title='bbox 2161 3555 2334 3597; x_wconf 84' lang='lat' dir='ltr'><strong>provectu</strong></span> <span class='ocrx_word' id='word_1_887' title='bbox 2347 3560 2431 3588; x_wconf 80' lang='lat' dir='ltr'><strong>eon-</strong></span> 
     </span>
     <span class='ocr_line' id='line_1_116' title="bbox 1373 3609 2430 3661; baseline -0.003 -10"><span class='ocrx_word' id='word_1_888' title='bbox 1373 3615 1513 3657; x_wconf 89' lang='lat' dir='ltr'><strong>stituta,</strong></span> <span class='ocrx_word' id='word_1_889' title='bbox 1541 3613 1628 3661; x_wconf 88' lang='lat' dir='ltr'><strong>quid</strong></span> <span class='ocrx_word' id='word_1_890' title='bbox 1657 3612 1802 3649; x_wconf 87' lang='lat' dir='ltr'><strong>initium</strong></span> <span class='ocrx_word' id='word_1_891' title='bbox 1834 3610 2050 3658; x_wconf 79' lang='lat' dir='ltr'><strong>cognitionis</strong></span> <span class='ocrx_word' id='word_1_892' title='bbox 2070 3610 2135 3647; x_wconf 90' lang='lat' dir='ltr'><strong>Dei</strong></span> <span class='ocrx_word' id='word_1_893' title='bbox 2157 3610 2320 3655; x_wconf 87' lang='lat' dir='ltr'><strong>habens,</strong></span> <span class='ocrx_word' id='word_1_894' title='bbox 2342 3609 2430 3657; x_wconf 84' lang='lat' dir='ltr'><strong>quid</strong></span> 
     </span>
     <span class='ocr_line' id='line_1_117' title="bbox 1372 3671 2430 3723; baseline -0.006 -9"><span class='ocrx_word' id='word_1_895' title='bbox 1372 3687 1460 3714; x_wconf 83' lang='lat' dir='ltr'><strong>vero</strong></span> <span class='ocrx_word' id='word_1_896' title='bbox 1477 3686 1558 3723; x_wconf 82' lang='lat' dir='ltr'><strong>quae</strong></span> <span class='ocrx_word' id='word_1_897' title='bbox 1573 3675 1747 3711; x_wconf 79' lang='lat' dir='ltr'><strong>virtutum</strong></span> <span class='ocrx_word' id='word_1_898' title='bbox 1764 3682 1874 3720; x_wconf 86' lang='lat' dir='ltr'><strong>opera</strong></span> <span class='ocrx_word' id='word_1_899' title='bbox 1891 3673 2004 3714; x_wconf 83' lang='lat' dir='ltr'><strong>clara.</strong></span> <span class='ocrx_word' id='word_1_900' title='bbox 2028 3671 2262 3720; x_wconf 81' lang='lat' dir='ltr'><strong>perfectaque</strong></span> <span class='ocrx_word' id='word_1_901' title='bbox 2279 3680 2430 3721; x_wconf 72' lang='lat' dir='ltr'><strong>percur-</strong></span> 
     </span>
    </p>
   </div>
   <div class='ocr_carea' id='block_1_21' title="bbox 1373 3714 2462 3842">
    <p class='ocr_par' dir='ltr' id='par_1_22' title="bbox 1373 3714 2462 3842">
     <span class='ocr_line' id='line_1_118' title="bbox 1374 3714 2462 3781; baseline -0.005 -7"><span class='ocrx_word' id='word_1_902' title='bbox 1374 3738 1435 3781; x_wconf 85' lang='lat' dir='ltr'><strong>rit,</strong></span> <span class='ocrx_word' id='word_1_903' title='bbox 1451 3736 1514 3773; x_wconf 85' lang='lat' dir='ltr'><strong>sed</strong></span> <span class='ocrx_word' id='word_1_904' title='bbox 1531 3741 1569 3772; x_wconf 88' lang='lat' dir='ltr'><strong>et</strong></span> <span class='ocrx_word' id='word_1_905' title='bbox 1583 3734 1799 3778; x_wconf 79' lang='lat' dir='ltr'><strong>inm-matus,</strong></span> <span class='ocrx_word' id='word_1_906' title='bbox 1817 3743 1890 3770; x_wconf 84' lang='lat' dir='ltr'><strong>non</strong></span> <span class='ocrx_word' id='word_1_907' title='bbox 1906 3738 2027 3770; x_wconf 85' lang='lat' dir='ltr'><strong>tamen</strong></span> <span class='ocrx_word' id='word_1_908' title='bbox 2041 3733 2215 3770; x_wconf 85' lang='lat' dir='ltr'><strong>recedens</strong></span> <span class='ocrx_word' id='word_1_909' title='bbox 2229 3714 2347 3778; x_wconf 61' lang='lat' dir='ltr'><strong>ass&#39;ea,</strong></span> <span class='ocrx_word' id='word_1_910' title='bbox 2361 3730 2437 3773; x_wconf 65' lang='lat' dir='ltr'><strong>diss·⁴</strong></span> <span class='ocrx_word' id='word_1_911' title='bbox 2446 3760 2462 3781; x_wconf 27' lang='lat' dir='ltr'><strong>,v</strong></span> 
     </span>
     <span class='ocr_line' id='line_1_119' title="bbox 1373 3789 2429 3842; baseline -0.006 -5"><span class='ocrx_word' id='word_1_912' title='bbox 1373 3798 1530 3838; x_wconf 70' lang='lat' dir='ltr'><strong>scientes</strong></span> <span class='ocrx_word' id='word_1_913' title='bbox 1545 3801 1670 3835; x_wconf 81' lang='lat' dir='ltr'><strong>aetates</strong></span> <span class='ocrx_word' id='word_1_914' title='bbox 1682 3794 1890 3834; x_wconf 82' lang='lat' dir='ltr'><strong>describens</strong></span> <span class='ocrx_word' id='word_1_915' title='bbox 1901 3793 2086 3842; x_wconf 77' lang='lat' dir='ltr'><strong>exposuit:</strong></span> <span class='ocrx_word' id='word_1_916' title='bbox 2107 3793 2203 3832; x_wconf 85' lang='lat' dir='ltr'><strong>Dicit</strong></span> <span class='ocrx_word' id='word_1_917' title='bbox 2217 3797 2339 3832; x_wconf 78' lang='lat' dir='ltr'><strong>autem</strong></span> <span class='ocrx_word' id='word_1_918' title='bbox 2348 3789 2429 3832; x_wconf 63' lang='lat' dir='ltr'><strong>siet</strong></span> 
     </span>
    </p>
   </div>
   <div class='ocr_carea' id='block_1_22' title="bbox 2530 1034 2540 1146">
    <p class='ocr_par' dir='ltr' id='par_1_23' title="bbox 2530 1034 2540 1146">
     <span class='ocr_line' id='line_1_120' title="bbox 2530 1034 2540 1146; baseline 0 0"><span class='ocrx_word' id='word_1_919' title='bbox 2530 1034 2540 1146; x_wconf 73' lang='lat' dir='ltr'><strong>l</strong></span> 
     </span>
    </p>
   </div>
   <div class='ocr_carea' id='block_1_23' title="bbox 2451 3242 2540 4016">
    <p class='ocr_par' dir='ltr' id='par_1_24' title="bbox 2451 3242 2540 4016">
     <span class='ocr_line' id='line_1_121' title="bbox 2451 3242 2540 4016; baseline 0 0"><span class='ocrx_word' id='word_1_920' title='bbox 2451 3242 2540 4016; x_wconf 95' lang='lat' dir='ltr'><strong> </strong></span> 
     </span>
    </p>
   </div>
  </div>
 </body>
</html>
