2540 4016
343 222 410 270 427

769 211 1011 266 B.'RABAN1
1035 195 1184 266 tirum
1210 220 1426 265 Ancumn
1454 224 1663 268 noenu-r.
1691 226 1883 270 erenum
1906 230 2026 270 PARS
2049 231 2079 270 1.

339 302 447 350 citur.
466 296 538 346 S'ed
554 306 641 355 quia
658 303 750 343 unus
765 306 802 341 et
819 302 1052 352 impassibilis
1071 307 1107 340 et
1121 302 1305 350 passibilis
1317 308 1386 349 est,
1406 312 1439 354 A
1457 302 1503 346 ut'.
1517 305 1602 352 quia
1627 305 1835 343 ludaeorum
1866 307 2076 345 sacerdotes
2101 315 2174 344 non
2206 309 2395 359 pompat,
2419 346 2421 348 ,

340 371 540 410 necessarie
568 374 604 407 et
633 365 764 404 viventi
794 375 923 402 manus
955 365 1124 402 'sacerdos
1159 364 1311 412 imponit
1347 369 1388 402 ut

338 436 466 475 manus
485 429 709 478 impositione
728 426 953 471 ostendatur,
976 425 1061 472 'quia
1081 426 1207 463 vivens
1227 430 1282 463 est
1306 434 1386 463 ver*-

337 495 421 531 bum
448 489 533 534 Dei,
562 484 802 535 impassibile,
834 486 1057 532 immortale,
1087 483 1157 524 hoc
1184 496 1252 534 pro
1281 486 1387 524 nohis

337 554 481 591 carnem
509 548 706 596 suscipiens
736 546 955 584 sacrificium
982 547 1158 596 suscepit3
1184 552 1282 586 recte
1299 556 1386 595 ergo

335 615 371 650 in
393 614 468 658 ipso
489 605 697 656 iniquitates
712 603 749 644 et
767 603 964 654 injustitias
983 608 1020 645 et
1042 608 1191 655 peccata
1215 604 1385 645 sacerdos

332 671 588 720 pronuntiavit.
605 667 671 705 Hie
683 673 739 705 est
751 666 796 704 de
817 670 889 716 quo
905 666 1015 705 Isaias
1032 669 1208 716 propheta
1222 666 1383 704 dicebat:

331 734 494 776 Domine,
509 732 585 780 quis
604 728 749 767 credidit
765 729 904 765 auditui
924 733 1056 774 nostro,
1072 728 1104 765 et
1119 729 1299 765 brachium
1312 727 1385 762 Do-

331 797 415 832 mini
431 796 486 831 cui
507 779 693 830 revelatum
714 798 761 827 est
781 790 871 838 (Isa.
897 790 990 838 mn).
1017 786 1213 826 Brachium
1242 787 1384 825 Domini

329 858 460 894 Filium
486 854 667 902 appellans
691 852 791 889 Patri
816 850 1176 888 consubstantialem.
1191 849 1242 884 De
1262 857 1334 894 quo
1348 851 1384 884 et

330 929 371 953 ea
397 927 475 963 quae
505 919 704 961 sequuntur
724 906 882 950 subdidit
904 924 913 947 ι
938 911 1142 958 Lanquores
1161 915 1295 945 nostros
1311 909 1384 955 ipse

328 977 431 1020 tulit,
462 982 493 1012 et
521 974 657 1010 dolores
684 980 819 1010 nostros
853 974 924 1020 ipse
963 972 1133 1020 portavit,·
1160 971 1232 1018 ipse
1268 975 1384 1007 autem

327 1037 527 1073 vulneratus
544 1042 592 1071 est
611 1041 750 1082 propter
767 1034 968 1081 iniquitates
995 1037 1132 1068 nostras
1146 1059 1155 1076 ,
1178 1032 1318 1069 attritus
1335 1036 1383 1065 est

327 1103 465 1145 propter
492 1095 622 1132 scelera
645 1101 777 1139 nostra,
804 1094 989 1141 disciplina
1015 1094 1110 1141 pacis
1136 1098 1262 1128 nostras
1281 1102 1383 1138 super

327 1170 420 1201 eum,
438 1164 468 1194 et
487 1158 593 1193 livore
613 1158 688 1203 ejus
703 1157 818 1192 satiati
836 1167 957 1193 sumus
967 1168 980 1200 ;
1003 1157 1056 1192 sic
1074 1161 1197 1203 aperte
1220 1156 1328 1202 super
1343 1164 1382 1191 se

1456 365 1507 401 ait
1519 365 1660 403 Paulus·
1672 367 1797 415 (Hebr.
1812 369 1879 416 rx),
1899 369 2112 406 aecedentes
2125 393 2135 412 ,
2152 365 2335 414 perfectos
2356 294 2540 420 facssff

1454 425 1678 473 impossibile
1700 428 1799 464 enim
1817 434 1899 465 erat
1914 429 2090 476 sanguine
2114 434 2303 465 taurorum
2325 433 2362 464 et
2389 428 2511 467 hiron-

1453 495 1536 522 rum
1553 487 1697 524 auferre
1713 493 1884 534 peccatu
1904 494 2005 526 recte
2027 489 2105 536 ipse
2121 488 2290 526 Christus
2319 488 2360 525 in
2391 499 2510 531 sacen-

1454 546 1592 583 dotium
1614 551 1746 585 unctus
1759 574 1769 593 ,
1789 554 1827 585 et
1842 559 1972 586 manus
1991 559 2059 597 per
2080 559 2230 587 erucem
2256 561 2511 595 consummans

1452 605 1676 649 expiaturus,
1705 606 1751 641 de
1774 611 1848 652 quo
1865 608 1904 642 in
1928 607 2000 645 alio
2016 608 2097 644 loco
2119 613 2220 645 recto
2234 608 2294 647 lex
2336 609 2344 617 '
2471 621 2512 659 ᾳ,-

1453 664 1574 699 cerdos
1591 674 1694 711 quem
1714 667 1880 702 unxerint
1897 672 1931 703 et
1949 667 2286 713 consummaverint,
2307 680 2367 706 ma

1453 724 1648 761 cerdotium
1682 726 1886 763 ministrare
1915 733 1993 774 post
2022 733 2312 777 patrem-„suum-
2347 730 2510 769 Primum

1451 785 1549 821 enim
1576 776 1803 823 hunc-Pater
1825 788 1944 831 unxit,
1973 788 2172 825 secundum
2191 790 2287 835 quod
2300 791 2352 827 ait
2367 791 2508 838 David:

1451 845 1645 894 Propterea
1677 849 1778 884 unxit
1807 854 1840 884 te
1865 849 1980 893 Deus,
2001 849 2097 886 Deus
2124 855 2207 887 tuus
2234 850 2350 898 (Psoi.
2380 852 2507 900 xuv):

1452 907 1565 945 Unxit
1588 912 1710 946 autem
1727 909 1852 947 dicens
1868 922 1878 947 :
1897 911 1949 946 Tu
1968 921 2005 947 es
2024 912 2190 948 sacerdos
2207 912 2246 951 in
2268 918 2437 950 oeternum
2455 925 2509 951 se-

1451 970 1606 1007 cundum
1625 972 1783 1008 ordinem
1803 971 2059 1008 Melchisedech
2077 971 2194 1020 (Psoi.
2210 972 2300 1020 clx).
2317 973 2362 1010 Et
2384 979 2510 1020 postea

1450 1029 1495 1065 ab
1511 1030 1720 1068 hominibus
1738 1031 1799 1077 qui
1820 1031 2118 1068 ministraverunt
2149 1033 2312 1079 passioni
2339 1038 2377 1070 et
2395 1035 2508 1071 sacri-

1450 1089 1534 1126 ficio
1548 1097 1681 1128 unctus
1700 1096 1769 1128 est.
1790 1091 1918 1129 Crucis
1943 1094 2040 1129 enim
2067 1094 2286 1130 sacrificium
2312 1101 2349 1131 et
2375 1106 2508 1142 agnum

1449 1154 1486 1186 et
1507 1151 1733 1188 sacerdotem
1752 1156 1789 1188 et
1804 1152 2038 1189 liberatorem
2056 1159 2220 1190 nostrum
2235 1155 2404 1199 ostendit,
2424 1109 2540 1203 pro-¹

326 1224 471 1264 peccata
489 1223 611 1253 nostra
626 1222 662 1253 et
672 1217 864 1263 injustitias
883 1222 919 1253 et
936 1217 1143 1263 iniquitates
1154 1215 1380 1262 portavit.Et
1397 1224 1430 1266 Β
1447 1217 1529 1258 pter
1543 1211 1641 1258 quod
1673 1212 1719 1248 ad
1749 1211 1827 1257 ejus
1860 1213 2063 1258 planiorem
2096 1214 2439 1253 demonstrationem
2473 1223 2510 1255 et

325 1285 515 1325 propterea
538 1280 734 1316 secundum
749 1279 844 1315 LXX
864 1280 914 1315 ait
931 1291 938 1314 :
962 1279 981 1314 I
985 1286 1119 1326 inponet
1134 1291 1191 1314 eas
1206 1289 1309 1326 super
1326 1291 1380 1315 ca-

324 1348 385 1388 put
401 1341 492 1377 licedi
509 1341 588 1376 vivi.
610 1340 722 1385 Hujus
742 1342 838 1376 enim
860 1341 974 1387 figura
989 1347 1057 1385 est,
1074 1341 1166 1387 quod
1187 1346 1223 1378 et
1241 1351 1285 1377 ex
1310 1341 1379 1388 spi-

324 1403 381 1438 nis
399 1412 566 1438 coronam
590 1402 723 1448 imponi
746 1402 857 1448 capiti
894 1413 959 1439 suo
989 1403 1155 1439 Christus
1187 1403 1376 1448 permisit,

322 1462 407 1508 quia
427 1462 463 1496 in
482 1461 594 1507 spinis
612 1467 763 1508 peecata
779 1462 896 1498 solent
910 1463 1036 1509 accipi.
1055 1462 1207 1509 Propter
1225 1463 1322 1510 quod
1343 1467 1378 1499 et

320 1523 433 1558 Adam
451 1524 571 1570 spinas
586 1524 788 1570 germinare
813 1529 908 1560 terra
929 1524 1149 1570 praecipitur,
1176 1524 1207 1560 si
1231 1524 1377 1571 quidem

322 1592 358 1621 et
382 1587 457 1631 ipse
474 1595 515 1621 ex
538 1586 779 1622 inobedientia
808 1591 957 1632 peecata
987 1586 1215 1633 germinavit.
1244 1585 1315 1621 Sed
1340 1592 1378 1622 et

322 1646 492 1682 Salomon
522 1645 572 1681 ait
589 1655 598 1680 ι
617 1645 736 1691 Spinae
766 1652 958 1681 nascuntur
986 1647 1024 1681 in
1058 1657 1163 1681 ntunu
1196 1645 1376 1682 temulenti

322 1707 443 1755 (Prov.
464 1707 586 1755 xxvi),
605 1708 746 1752 peceati
777 1708 901 1754 plenas
933 1718 1013 1744 esse
1037 1708 1199 1745 actiones
1229 1707 1307 1753 ejus
1328 1709 1376 1744 si-

320 1770 515 1816 gnificans;
532 1770 583 1806 sic
598 1780 683 1816 ergo
700 1769 789 1817 legis
806 1771 984 1817 accipiens
999 1772 1124 1815 verba,
1141 1782 1212 1807 non
1231 1771 1376 1818 ignora-

319 1831 375 1866 bis
396 1831 630 1866 intentionem
652 1830 727 1876 ejus
745 1836 853 1878 atquc
866 1832 1040 1869 virtutem
1057 1845 1065 1868 :
1085 1834 1198 1869 sedet
1214 1833 1375 1869 invenies

317 1896 481 1938 paratum
497 1891 677 1927 hominem
695 1902 760 1937 per
780 1892 881 1938 cujus
895 1903 1040 1928 manum
1058 1893 1180 1929 hircus
1196 1894 1319 1930 vivens
1338 1894 1374 1929 in

318 1966 477 1992 eremum
496 1956 672 1999 mittitur3
689 1955 855 1992 Christus
872 1956 970 1992 enim
989 1957 1065 2001 ipse
1088 1957 1210 1993 omnia
1242 1958 1297 1993 sui
1317 1968 1374 1994 sa-

318 2016 446 2052 crificii
465 2015 579 2051 sactus
599 2020 654 2051 est
673 2020 709 2051 et
732 2014 901 2051 sacerdos
923 2020 959 2050 et
980 2015 1210 2059 sacrificium,
1234 2021 1271 2052 et
1295 2015 1369 2052 cul—

319 2081 415 2110 trum
433 2080 468 2110 et
486 2075 618 2118 altare3
638 2074 714 2119 ipse
727 2080 784 2110 est
799 2079 834 2110 et
849 2080 1074 2120 praeparatus
1091 2076 1212 2120 homo,
1226 2081 1373 2123 paratus

319 2146 385 2181 pro
405 2136 508 2171 nobis
521 2136 565 2171 ad
579 2135 799 2181 passionem,
815 2136 864 2171 ita
879 2142 918 2171 ut
934 2136 1010 2182 ipse
1023 2147 1088 2183 per
1106 2137 1234 2173 isaiam
1254 2138 1369 2174 dieat:
1393 2129 1422 2170 C
1443 2130 1585 2169 rentur,
1607 2127 1701 2162 sicut
1719 2127 1778 2162 ille
1808 2127 1908 2163 dives
1925 2133 2166 2173 purpuratus,
2190 2134 2273 2175 pom
2292 2135 2444 2166 ¹1101'2ssm
2465 2131 2502 2167 5¹¹
2532 2167 2537 2183 ;.

322 2196 399 2243 Epo
417 2204 531 2233 autem
551 2208 620 2233 non
634 2197 893 2241 contradit-anu
909 2206 1099 2234 retrorsum
1115 2210 1184 2234 non
1201 2200 1284 2243 abii,
1297 2211 1374 2235 cor-

318 2275 383 2313 pus
399 2276 514 2300 meum
536 2266 615 2301 dedi
631 2266 915 2311 percutientibus,
931 2274 963 2302 et
980 2277 1084 2313 genas
1100 2278 1194 2303 meas
1213 2267 1369 2302 vellenti-

318 2331 402 2372 bus,
436 2328 563 2374 sociem
594 2341 707 2366 meam
739 2343 808 2368 non
844 2334 952 2369 averti
985 2334 1026 2369 ab
1055 2334 1313 2381 increpantibus
1340 2347 1372 2373 et

318 2390 586 2436 conspuentibus
604 2392 641 2427 in
659 2403 713 2427 me
733 2392 836 2440 (lsai.
858 2393 908 2442 L).
926 2394 980 2430 Ad
1006 2405 1112 2440 quem
1131 2402 1166 2431 et
1187 2397 1300 2434 David
1318 2398 1372 2435 di-

317 2449 367 2484 cit
405 2449 667 2487 incarnationis
696 2452 773 2498 ejus
806 2455 1019 2500 mysterium
1052 2456 1280 2501 significans,
1307 2467 1371 2503 per

315 2510 411 2555 quod
429 2517 592 2547 nostrum
609 2521 759 2557 regnum
778 2514 929 2559 adeptus
950 2520 1005 2551 est
1022 2527 1030 2550 ε
1052 2516 1224 2553 Dominus
1243 2529 1368 2564 reyne-

315 2570 374 2613 vit‚
398 2571 556 2607 decorem
575 2573 711 2617 induit,
739 2574 853 2610 induit
883 2575 1050 2612 Dominus
1077 2578 1317 2623 fortitudinem
1338 2588 1369 2617 et

315 2633 496 2677 praecinxit
516 2644 551 2668 se
566 2634 740 2670 virtutem.
762 2635 902 2671 Etenim
929 2637 1081 2682 firmavit
1105 2639 1220 2676 orbem
1243 2648 1366 2684 terroe,

315 2693 375 2738 qui
393 2703 462 2728 non
480 2696 767 2732 commovebitur.-
779 2704 904 2743 parata
919 2700 1016 2735 sedes
1031 2706 1091 2736 tua
1102 2709 1235 2739 extunc
1252 2704 1366 2751 (Psal.

317 2753 419 2800 xcn).
441 2753 608 2791 Christus
627 2765 713 2801 ergo
735 2758 969 2805 intelligibilis
991 2761 1114 2798 Aaron
1136 2766 1367 2811 semetipsum

317 2812 428 2847 etiam
448 2823 543 2849 nunc
570 2823 635 2859 per
660 2815 803 2851 haedum
821 2817 942 2852 vivum
969 2819 1185 2858 immolans:
1206 2824 1284 2869 ipse
1303 2835 1368 2871 per

316 2874 497 2911 hominem
516 2880 697 2921 paratum,
717 2875 792 2911 sive
808 2877 846 2912 in
866 2887 976 2914 manu
1001 2880 1159 2918 hominis
1176 2885 1314 2928 parati,
1333 2886 1369 2921 id

317 2942 386 2979 est,
406 2946 470 2982 per
488 2936 672 2982 propriam
701 2937 895 2981 virtutem3
923 2939 1002 2985 ipse
1028 2942 1124 2977 enim
1153 2954 1235 2979 cum
1260 2946 1307 2982 sit
1332 2951 1369 2982 et

317 2995 425 3032 homo
440 3001 600 3042 paratus,
615 3001 782 3033 ostensus
801 3002 871 3033 est.
883 2998 928 3034 Et
943 3001 1075 3036 emittit
1090 3002 1233 3040 hircum
1247 3007 1368 3043 viven-

318 3062 390 3093 tem
407 3055 445 3092 m
464 3056 714 3101 solitudinem,
732 3058 808 3094 Sive
830 3059 868 3094 in
889 3063 1022 3097 terram
1040 3062 1172 3099 inviam
1191 3071 1228 3102 et
1247 3067 1368 3104 deser·
1383 3032 1419 3071 D
1443 3036 1661 3073 sacrificium
1678 3038 1714 3074 in
1735 3047 1806 3085 quo
1826 3040 1927 3078 fraus
1953 3042 2001 3078 sit
2029 3042 2243 3088 oblationis,
2265 3054 2338 3082 non
2362 3046 2495 3082 sedni.-

319 3123 403 3162 tam‚
435 3119 531 3154 viam
563 3128 666 3155 suam
701 3123 738 3156 et
771 3119 1011 3158 immortalem
1041 3129 1077 3160 et
1106 3125 1366 3171 impassibilem

316 3178 555 3223 divinitatem,
586 3180 632 3216 ad
651 3180 749 3216 invia
765 3181 871 3217 nobis
890 3181 968 3218 loca
987 3189 1023 3219 et
1039 3184 1086 3220 ab
1110 3187 1208 3223 omni
1229 3189 1366 3224 malitia

315 3240 469 3282 deserta,
489 3240 687 3277 secundum
707 3241 803 3287 quod
815 3241 975 3280 loannes
993 3245 1070 3280 ait:
1093 3244 1222 3283 videns
1240 3248 1342 3286 Jcsus
1354 3277 1364 3294 ‚

315 3303 399 3350 quia
418 3302 537 3338 omnia
554 3301 651 3338 dedit
668 3301 700 3338 ei
717 3301 826 3338 Pater
851 3302 890 3340 in
905 3312 1032 3341 manus
1044 3332 1054 3349 ‚
1082 3313 1115 3342 et
1141 3307 1225 3354 qnia
1251 3319 1274 3344 a
1292 3309 1365 3346 Deo

265 3397 268 3401 ,
316 3363 431 3405 exivit,
449 3368 483 3399 et
498 3361 546 3398 ad
557 3362 671 3398 Deum
686 3362 797 3399 uadit.
817 3363 987 3410 Eaepiabit
1006 3367 1099 3402 enim
1124 3369 1287 3405 sacerdos
1309 3371 1369 3416 qui

317 3427 440 3458 unctus
460 3423 565 3468 suerit
577 3450 587 3468 ,
618 3429 651 3459 et
675 3423 777 3470 cnjus
795 3424 944 3462 initiata
965 3434 1104 3473 munus,
1119 3435 1159 3465 ut
1175 3430 1369 3468 sacerdotio

319 3482 488 3529 runcatur
500 3495 562 3531 pro
580 3490 679 3532 patre
697 3495 784 3530 suo,·
801 3487 879 3523 sive
900 3492 940 3524 ut
963 3488 1058 3526 Lxx
1075 3501 1084 3526 z
1103 3490 1366 3538 Βερνεσαὸίταν,

317 3541 458 3590 inquit,
478 3545 639 3581 sacerdos
667 3553 905 3595 quemcunque
930 3551 1094 3595 unxerit,
1118 3557 1150 3588 et
1174 3554 1368 3601 quicunque

317 3604 577 3641 mummolus
604 3606 725 3652 suerit,
751 3615 877 3646 munus
903 3618 988 3647 sues
1014 3619 1219 3652 consecrare
1242 3616 1291 3653 od
1302 3624 1366 3664 po-

318 3666 406 3700 trem
419 3673 544 3702 suum:
557 3669 598 3702 ut
611 3665 795 3705 Christum
808 3670 888 3707 sine
912 3671 1032 3718 aliqua
1048 3667 1231 3712 dubietate
1244 3681 1367 3714 osten-

319 3722 442 3768 'deret3
458 3725 544 3770 qnia
560 3725 659 3762 enim
675 3725 842 3766 Christus
857 3737 982 3776 patros
997 3735 1194 3771 seminum
1217 3733 1365 3774 carnem

321 3779 524 3818 Judaeorum
541 3785 774 3823 sacerdotum
787 3789 970 3836 principes
986 3793 1166 3839 hahebat,
1183 3795 1248 3833 filit
1267 3797 1364 3834 onitu

323 3845 361 3876 et
379 3841 447 3885 ipsi
467 3841 665 3888 Abrnham,
682 3845 775 3882 sicut
790 3853 826 3883 et
845 3847 1009 3888 Christus
1022 3851 1101 3898 fuit,
1122 3851 1362 3901 osssnditlen
1381 3887 1386 3890 .

1449 1273 1675 1309 subtiliorem
1697 1271 1823 1320 flgnrae
1838 1273 2168 1311 manifestationem
2183 1302 2193 1319 ,
2216 1276 2351 1321 semel,
2372 1277 2506 1324 inquit,

1450 1331 1487 1368 in
1507 1342 1603 1368 anno
1618 1331 1727 1368 faciet
1746 1333 1826 1376 hoc,
1847 1334 1943 1379 quod
1963 1334 2074 1370 semel
2088 1333 2225 1371 factum
2244 1341 2313 1379 est,
2333 1337 2508 1384 unigeniti

1448 1393 1668 1430 sacrificium
1699 1395 1891 1431 ostendere
1911 1395 2073 1442 cupiens,
2104 1396 2140 1433 in
2166 1403 2238 1443 quo
2263 1397 2399 1434 dictum
2423 1405 2505 1435 est:

1447 1453 1609 1490 Christus
1625 1455 1731 1491 semel
1745 1455 1883 1491 oblatus
1899 1456 1944 1491 ud
1961 1456 2152 1493 multorum
2170 1459 2410 1496 exhaurienda
2427 1471 2506 1506 pec-

1448 1520 1541 1558 cata,
1559 1516 1712 1556 secundo
1730 1516 1805 1551 sine
1823 1522 1964 1563 peccato
1981 1518 2160 1563 apparebit
2176 1521 2453 1566 exspectantibus
2469 1534 2506 1558 se

1445 1575 1483 1610 in
1505 1575 1654 1611 salutem
1674 1574 1800 1623 (Hebr.
1823 1576 1888 1624 tx).
1908 1576 2146 1614 Adamantius
2166 1579 2263 1615 enim
2284 1580 2321 1615 in
2341 1573 2519 1619 homeliis

1447 1647 1556 1683 super
1572 1636 1772 1673 Leviticum
1791 1637 1835 1674 de
1848 1638 1906 1674 his
1919 1639 2058 1675 duobus
2073 1639 2186 1677 hircis
2203 1641 2309 1678 aliter
2327 1642 2506 1690 interpre-
2534 1615 2540 1667 i

1446 1702 1544 1734 tatus
1578 1702 1645 1734 est.
1669 1698 1764 1734 Dicit
1787 1699 1884 1735 enim
1908 1698 2008 1735 illum
2038 1700 2181 1737 hircum
2209 1703 2271 1748 qui
2300 1703 2505 1743 immolatus
2535 1688 2540 1714 ⁸

1445 1764 1500 1795 est
1516 1759 1671 1795 Domino
1692 1764 1816 1806 typum
1843 1765 1967 1797 tenere
1995 1761 2139 1798 illorum
2157 1763 2220 1809 qui
2246 1764 2448 1810 salvantur,
2468 1772 2506 1803 et

1446 1821 1492 1856 ad
1509 1827 1648 1857 sortem
1665 1821 1807 1857 Domini
1822 1822 2018 1868 pertinent,
2042 1823 2136 1859 sicut
2153 1834 2290 1870 pauper
2309 1825 2369 1862 ille
2391 1826 2504 1864 Laza-
2530 1858 2533 1859 γ

1444 1893 1520 1926 rus,
1552 1883 1613 1928 qui
1644 1883 1680 1918 in
1713 1883 1795 1919 sinu
1827 1883 1982 1920 Abrahae
2006 1885 2052 1920 ab
2074 1885 2210 1931 angelis
2233 1887 2428 1924 translatus
2448 1894 2504 1925 est
2538 1899 2540 1901 ·

1446 1940 1545 1988 (Luc.
1566 1942 1656 1989 κη).
1676 1943 1767 1978 Eum
1786 1952 1872 1979 vero
1891 1943 2032 1979 hircum
2050 1944 2112 1990 qui
2130 1944 2167 1980 in
2187 1955 2348 1982 eremum
2375 1947 2501 1985 dimis-

1444 2013 1505 2039 sus
1525 2010 1591 2047 est,
1612 2006 1788 2051 reprobos
1806 2004 2025 2052 significare,
2040 2006 2097 2042 vel
2111 2007 2283 2053 populum
2297 2007 2501 2053 Judaicum,

1444 2066 1505 2110 qui
1527 2076 1592 2111 pro
1615 2067 1691 2103 suis
1707 2067 1867 2113 peccatis
1885 2077 1906 2102 a
1926 2073 2122 2114 conspectu
2144 2069 2286 2106 Domini
2305 2069 2411 2115 abjici
2428 2081 2503 2107 me-

1444 2184 1587 2221 inferno
1608 2187 1768 2232 sepultus
1787 2191 1856 2223 est.
1875 2187 2065 2224 Hominem
2087 2187 2234 2235 quidem
2251 2194 2417 2235 paratum
2438 2200 2503 2237 per
2532 2243 2533 2246 Ἴ

1444 2260 1552 2297 quem
1571 2251 1693 2287 hircus
1715 2262 1911 2299 apompeus
1937 2253 1975 2288 in
1995 2263 2159 2289 eremum
2189 2254 2317 2291 duetus
2340 2260 2410 2299 est,
2431 2255 2501 2291 Do-
2532 2247 2534 2259 ¹

1443 2312 1581 2348 minum
1612 2312 1839 2349 Salvatorem
1865 2313 1922 2349 vel
1951 2319 2096 2351 sanctos
2121 2315 2268 2362 angelos
2286 2316 2384 2363 ejuS,
2404 2315 2500 2352 unde

1445 2372 1574 2418 recipit
1591 2373 1743 2418 quisque
1759 2373 1879 2419 operis
1895 2374 1949 2410 sui
1969 2376 2172 2412 mercedem
2188 2376 2414 2423 condignam,
2426 2377 2502 2413 vult

1447 2431 1611 2478 intelligi.
1635 2431 1728 2467 Hinc
1755 2437 1790 2467 et
1819 2433 1945 2468 beatus
1963 2431 2177 2470 Ambrosius
2208 2435 2243 2470 in
2269 2436 2420 2481 epistola
2435 2446 2501 2473 sua

1442 2491 1488 2528 ad
1505 2491 1795 2538 symplicianum
1817 2493 1868 2528 ait
1887 2505 1894 2528 :
1917 2492 2020 2529 Sicut
2035 2494 2132 2529 enim
2154 2495 2224 2530 duo
2243 2500 2328 2531 sunt
2344 2495 2381 2531 in
2398 2506 2507 2543 agro„

1438 2556 1476 2589 et
1508 2563 1601 2589 unus
1629 2563 1755 2589 eorum
1786 2554 1998 2598 assumitur,
2031 2555 2122 2591 alius
2154 2556 2428 2603 derelinquitur,
2450 2558 2501 2595 ita

1440 2618 1525 2649 sunt
1548 2612 1618 2649 duo
1640 2613 1755 2657 hirci,
1785 2621 1879 2650 unus
1902 2615 1964 2660 qui
1981 2615 2026 2651 ad
2047 2615 2265 2652 sacrificium
2296 2622 2353 2653 est
2385 2619 2498 2663 utilis,

1439 2667 1531 2710 alius
1550 2674 1612 2719 qui
1628 2674 1665 2709 in
1684 2674 1867 2710 desertum
1886 2675 2081 2712 dimittitur
2098 2687 2106 2711 :
2128 2677 2197 2713 hoe
2214 2677 2304 2714 nulli
2322 2679 2417 2723 usui,
2435 2689 2500 2717 ne-

1438 2745 1508 2782 que
1528 2735 1702 2779 edendus,
1719 2745 1838 2782 neque
1858 2736 2079 2783 epulandus,
2101 2747 2122 2773 a
2142 2739 2371 2776 sacerdotum
2398 2740 2494 2777 liliis.

1437 2793 1543 2831 Sicut
1560 2797 1655 2831 enlin
1678 2806 1723 2831 ex
1741 2796 1798 2832 his
1822 2804 1901 2842 quae
1922 2793 2177 2835 alimentorum
2195 2803 2293 2843 sunt,
2312 2801 2408 2846 quod
2433 2802 2479 2838 bo

1437 2864 1524 2891 num
1540 2859 1596 2891 est
1618 2855 1752 2900 editur,
1773 2858 1869 2903 quod
1898 2857 2028 2895 inutile
2050 2864 2112 2895 aut
2133 2859 2267 2896 malum
2292 2860 2496 2908 projicitur,

1438 2914 1490 2950 ita
1507 2920 1544 2952 et
1557 2915 1651 2952 bona
1669 2923 1781 2963 opera
1799 2918 1999 2965 epulatoria
2020 2920 2191 2965 dicimus,
2208 2931 2288 2968 quae
2308 2923 2381 2962 sint
2402 2923 2480 2961 esui

1438 2971 1517 3012 Non
1552 2976 1709 3022 placebit
1742 2988 1829 3026 ergo
1855 2979 2008 3019 Domino
2041 2983 2072 3020 si
2099 2983 2293 3021 manducet
2325 2986 2497 3023 sacerdo

1441 3095 1677 3134 consessionis
1692 3098 1882 3137 sinceritas
1899 3113 1908 3137 z
1930 3106 1967 3138 et
1986 3102 2067 3139 ideo
2086 3103 2212 3141 hircus
2227 3104 2298 3141 iste
2314 3104 2352 3142 in
2369 3105 2476 3142 deser

1439 3155 1515 3192 tum
1532 3156 1767 3196 dimittendus
1790 3166 1846 3196 est
1862 3187 1872 3204 ‚
1890 3161 1951 3198 ubi
1976 3168 2192 3200 erraverunt
2215 3170 2338 3212 patres
2356 3166 2469 3202 nostri

1439 3218 1653 3254 erraverunt
1665 3218 1703 3254 in
1716 3220 1776 3263 eo,
1791 3225 1827 3256 et
1845 3229 1917 3257 non
1930 3227 2125 3268 potuerunt
2148 3225 2194 3261 ad
2212 3227 2483 3263 resurrectioni

1440 3276 1574 3312 terram
1595 3278 1798 3322 pervenire,
1818 3279 1882 3316 sed
1905 3281 2044 3317 interiit
2065 3293 2086 3318 a
2114 3289 2211 3321 terra
2234 3287 2410 3323 memoria
2440 3302 2467 3320 »η

1439 3337 1534 3371 rum.
1550 3334 1712 3382 Denique
1731 3338 1816 3374 sunt
1831 3338 2032 3385 epulatoria
2051 3351 2175 3388 opera.
2188 3344 2282 3382 Audi
2299 3358 2308 3382 z
2323 3347 2368 3383 Et
2385 3356 2474 3384 omn

1439 3395 1589 3434 sabbata
1607 3398 1716 3435 terrae
1733 3397 1838 3436 vohis
1855 3405 1961 3437 escae.
1976 3398 2189 3448 Epulatoria
2216 3405 2315 3442 enim
2334 3411 2371 3443 et
2396 3407 2469 3445 resa

1438 3458 1553 3496 'ctoria
1576 3458 1722 3511 'requies
1739 3459 1777 3495 in
1794 3459 1881 3504 Deo,
1905 3468 1987 3507 quae
2008 3461 2096 3500 facit
2117 3465 2227 3502 animi
2249 3467 2483 3514 tranquilli-.-

1428 3518 1525 3564 tem,
1539 3516 1635 3559 unde
1653 3519 1763 3557 etiam
1789 3525 1826 3557 et
1856 3531 1922 3559 nos
1940 3522 1976 3559 in
2009 3533 2175 3562 sermone
2205 3526 2479 3574 requiescam!

1437 3574 1511 3620 sed
1539 3581 1608 3618 nos
1639 3576 1865 3618 diversorum
1901 3587 2090 3622 anctorum
2127 3595 2256 3624 sensus
2290 3590 2409 3636 ponen

1432 3640 1541 3692 quem
1571 3642 1801 3697 potissimum
1835 3643 1945 3693 eligat
1973 3645 2119 3685 lectoris
2149 3648 2288 3696 judicio
2305 3637 2370 3688 ‘tle
2422 3659 2468 3684 s...

1431 3714 1594 3754 qurmus.
2352 3738 2356 3745 -
2451 3719 2458 3732 ²

1834 3752 1989 3793 CAPUT
2012 3757 2087 3794 vu.
2268 3782 2270 3786 ψ
2327 3790 2334 3793 .

1427 3797 1482 3836 De
1495 3799 1620 3836 statiis
1633 3809 1703 3836 non
1717 3799 1940 3838 immolandis
1954 3803 2023 3839 nisi
2051 3804 2099 3840 ad
2115 3805 2243 3843 ostium
2279 3824 2287 3845 z
2321 3819 2334 3836 s·
2388 3824 2389 3827 =

1476 3859 1579 3908 (Cn.
1599 3860 1708 3908 xvir.)
1729 3859 1778 3898 Et
1794 3860 1933 3901 cocum
1953 3870 2004 3902 est
2020 3864 2193 3906 nemim
2206 3866 2254 3911 ad
2268 3846 2417 3916 Moysis
2449 3887 2453 3893 ·
