2540 4016
325 176 393 222 619

319 326 408 362 ster,
429 317 501 354 nisi
537 315 615 361 eius
633 314 750 362 gratia
766 324 832 351 nos
861 313 1054 360 adiuverit.
1073 313 1152 359 lpse
1180 316 1237 350 est
1253 317 1291 350 at
1314 323 1373 350 sa·

318 379 446 416 cerdos
466 377 528 423 qui
545 385 612 412 nos
631 373 734 412 Patri
752 384 819 421 per
850 374 1071 411 oblationem
1089 374 1210 411 carnis
1226 384 1302 411 suae
1314 383 1372 411 re-

319 438 501 477 conciliat.
519 436 567 472 Et
582 434 664 471 ideo
681 444 791 471 omne
803 439 938 471 nostrae
951 432 1155 471 devotionis
1170 443 1302 472 munus
1317 434 1371 470 illi

318 505 374 537 est
390 496 628 540 offerendum,
659 501 849 543 quatenus,
867 506 935 542 per
953 495 1033 543 ejus
1056 495 1242 544 pietatem,
1277 496 1370 533 inte-

317 571 419 608 gram
436 559 580 596 veniam
598 557 773 604 consequi
793 567 1012 594 mereamur.

365 620 493 656 Omnes
513 629 649 666 quoque
665 617 829 664 primitioe
848 628 935 664 quas
965 617 1115 664 offerunt
1143 616 1209 663 filii
1238 614 1367 660 Israel,

316 681 360 717 ad
374 679 590 716 sacerdotem
606 679 792 725 pertinent,
813 683 844 713 et
857 677 1028 724 quidquid
1043 677 1190 723 offertur
1207 664 1229 712 a
1244 677 1365 721 sinqu-

315 742 357 777 lis
372 747 403 777 et
429 740 582 776 traditur
597 739 757 775 manibus
773 738 978 781 sacerdotis,
994 737 1103 783 ipsius
1119 737 1197 772 erit.
1217 736 1365 779 Omnes,

316 802 445 848 iuquit,
467 800 636 847 primitiae
673 809 763 845 quas
787 798 943 834 offerunt
973 797 1037 833 filii
1064 797 1189 840 lsrael,
1216 797 1286 833 hoc
1313 800 1368 832 est

315 862 494 909 primitias
524 862 628 898 bonae
643 860 840 896 voluntatis
866 859 1060 894 verborum
1076 864 1184 903 atque
1200 857 1385 903 operum,

316 934 405 969 quas
426 923 593 959 deferunt
612 921 674 957 tilii
694 921 876 963 Ecclesiae,
898 920 958 965 qui
975 924 1060 955 sunt
1086 919 1162 955 veri
1178 917 1365 961 Israelitae,

314 985 399 1029 quia
428 983 558 1019 mentis
583 982 715 1018 intuitu
745 982 790 1017 ad
812 982 924 1017 Deum
958 980 1082 1016 sedulo
1112 979 1304 1025 aspiciunt,
1321 978 1367 1014 ad

313 1043 542 1079 sacerdotem
576 1042 771 1087 pertinent,
800 1041 916 1085 ipsum
937 1040 1104 1075 videlicet
1125 1039 1363 1081 sacerdotem,

313 1102 375 1148 qui
393 1101 627 1147 semetipsum
645 1100 775 1136 obtulit
790 1099 889 1135 Patri
909 1110 975 1146 pro
995 1099 1112 1134 nobis.
1133 1099 1178 1134 Et
1191 1098 1366 1144 quidquid

313 1163 351 1199 in
371 1161 579 1198 sanctuario
610 1160 759 1196 offertur
788 1170 808 1195 a
829 1160 991 1206 singulis,
1016 1164 1052 1194 et
1072 1159 1226 1195 traditur
1245 1157 1362 1193 mani-
1382 1150 1414 1189 B

312 1223 380 1260 b'us
413 1222 624 1264 sacerdotis,
654 1222 767 1267 ipsius
781 1221 851 1257 erit
870 1220 1082 1262 sacerdotis,
1103 1219 1269 1255 videlicet
1296 1219 1365 1254 Do-

313 1283 404 1319 mini
436 1282 550 1318 nostri
581 1273 667 1318 Je'su
685 1282 834 1324 Christi,
853 1282 938 1326 quia
955 1281 998 1316 ad
1015 1280 1093 1325 ejus
1113 1280 1266 1326 gratiam
1284 1289 1366 1325 per-

317 1343 444 1379 tinebit
463 1341 638 1387 quidquid
669 1341 705 1376 in
737 1341 942 1376 sanctuario
977 1339 1134 1381 Domini,
1158 1340 1226 1374 hoc
1253 1338 1365 1373 estin

312 1402 473 1438 Ecclesia
487 1405 626 1443 sancta,
646 1400 799 1436 Domino
817 1399 965 1434 offertur
978 1409 998 1433 a
1013 1398 1177 1444 singulis,
1192 1398 1246 1433 vel
1265 1398 1367 1443 quid-

311 1463 397 1508 quid
411 1461 652 1499 communiter
666 1461 826 1497 oblatum
840 1459 950 1495 suerit
967 1460 1012 1494 ah
1027 1459 1207 1494 omnibus.

706 1533 856 1570 CAPUT
900 1533 959 1568 IX.

657 1582 708 1617 De
726 1581 798 1627 leqe
824 1580 1018 1626 zelotypiae.

361 1644 478 1691 (lum.)
497 1633 717 1689 Locutusqne
731 1649 779 1679 est
798 1643 968 1677 Dominus
986 1642 1031 1676 ad
1057 1640 1202 1687 Moysen
1218 1641 1335 1676 dicens
1354 1652 1365 1676 :

314 1704 469 1750 Loquere
498 1703 582 1749 filiis
606 1703 719 1739 Israel
751 1709 781 1738 et
798 1703 890 1737 dices
906 1701 951 1736 ad
969 1712 1025 1736 eos
1048 1710 1058 1734 :
1080 1700 1255 1746 Vircujus
1278 1712 1367 1736 usror

312 1765 494 1807 erraverit,
518 1765 752 1809 maritumque
779 1769 998 1798 contemnens
1017 1762 1197 1796 dormierit
1218 1773 1296 1796 cnm
1314 1761 1367 1797 al-

313 1832 385 1860 tero
402 1825 485 1866 viro,
507 1830 537 1859 et
556 1824 618 1858 hoc
638 1824 784 1857 maritus
799 1822 1089 1868 comprehendere
1111 1833 1179 1857 non
1203 1822 1364 1868 quiverit,

313 1884 371 1920 sed
390 1883 472 1918 latet
491 1883 716 1926 adulterium,
738 1889 768 1918 et
782 1883 923 1918 testibus
938 1883 1039 1927 arqui
1054 1893 1122 1917 non
1139 1888 1263 1927 potest,
1283 1883 1367 1928 quia

314 1949 444 1979 nonest
460 1944 598 1978 inventa
614 1943 650 1977 in
673 1948 805 1988 stupro,
833 1942 862 1976 si
881 1942 1023 1987 spiritus
1051 1941 1230 1987 zelotypia*
1253 1943 1368 1977 conci-

313 2006 437 2041 taverit
467 2007 579 2040 virum
609 2011 731 2039 contra
761 2014 903 2038 uxorem
921 2014 1035 2046 suam,
1058 2014 1134 2048 qua)
1159 2002 1209 2037 vel
1234 2002 1366 2048 polluta

640 222 643 226 .
751 178 793 216 Β.
818 176 989 216 RABANI
1013 177 1163 219 MAURI
1187 176 1404 216 ARCHIEP.
1429 177 1636 219 MOGUNT.
1659 181 1851 222 OPERUM
1875 183 1994 222 PARS
2018 185 2046 222 1.

321 258 503 298 confidere
532 254 718 299 debemus,
747 253 832 300 quia
855 253 947 291 nihil
961 253 1107 300 proficit
1123 257 1278 289 conatus
1306 263 1373 290 no·
1387 254 1563 300 Aattare,
1590 262 1623 292 et
1649 251 1710 297 sit?
1722 264 1844 325 potum
1861 260 1920 296 det
1937 234 2082 296 mulieri
2101 271 2210 308 aquas
2232 211 2483 303 Mimas.

1992 41 2036 86 ὃ

2413 189 2484 229 620

1439 315 1535 360 Quas
1557 328 1636 356 aum
1664 305 1822 363 biberit'f
1840 319 1872 355 si
1899 319 2034 366 polluta
2061 326 2112 356 est
2137 326 2171 357 et
2197 326 2391 370 contempto
2413 326 2466 362 vir

1435 376 1601 413 adulterii
1625 388 1699 422 rea,
1722 379 1984 424 pertransibunt
2007 390 2086 417 eam
2105 384 2207 428 aqu'oe
2219 382 2505 430 maledictionis,

1434 443 1468 475 et
1484 439 1609 484 inflato
1637 443 1753 474 ventre
1774 445 2022 486 computrescet
2047 441 2183 488 semum·
2206 443 2337 490 eritque
2361 445 2490 483 mulier

1434 499 1473 535 in
1489 499 1771 535 maledictionem
1794 506 1826 536 et
1840 501 1880 536 in
1901 502 2096 548 exemplum
2117 505 2212 540 omni
2223 504 2366 551 populo.
2384 505 2487 550 Quod

1435 561 1465 595 ai
1493 558 1628 605 polluta
1670 570 1740 594 non
1769 559 1888 605 fuerit,
1914 561 1980 595 erit
2006 561 2151 597 innoxia
2170 568 2204 598 et
2218 563 2321 609 saciet
2347 563 2487 604 liberos.
2519 555 2521 558 Α

1434 619 1511 654 Ista
1530 625 1580 655 est
1606 619 1662 655 lex
1683 619 1877 665 zelotypiae.
1903 619 1944 656 Si
1965 620 2187 658 declinaverit
2212 624 2340 661 mulier
2365 637 2387 661 a
2413 627 2488 663 viro
2520 618 2523 619 ⁷

1429 691 1515 724 suo,
1536 686 1569 716 et
1589 681 1620 716 si
1637 679 1772 726 polluta
1796 681 1917 726 fuerit,
1931 683 2147 729 maritasque
2166 684 2344 731 zelotypiae
2364 686 2495 732 spiritu

1434 740 1642 783 concitatus,
1666 739 1854 776 adduxerit
1869 751 1946 776 eam
1961 742 1999 778 in
2016 750 2198 789 conspectu
2213 744 2370 787 Domini,
2386 751 2419 781 et
2439 746 2490 791 se-

1434 802 1518 837 cerit
1535 802 1567 836 ei
1583 801 1746 837 sacerdos
1756 801 1864 847 juxta
1881 803 1998 837 omnia
2012 813 2089 849 quae
2103 805 2234 850 scripta
2251 811 2347 848 sunt,
2376 806 2487 840 mari-

1434 867 1489 896 tus
1506 861 1631 906 absque
1651 861 1752 907 culpa
1768 862 1848 904 erit,
1864 867 1895 897 et
1911 861 1974 897 illa
1989 863 2127 908 recipiet
2140 864 2360 909 iniquitatem
2372 876 2486 901 suam.

1434 923 1551 959 Verba
1580 932 1659 967 quae
1692 923 1828 967 scripta
1857 929 1941 958 sunt
1967 923 2054 959 dicit
2079 924 2222 960 mulieri
2249 935 2270 960 a
2297 926 2486 963 sacerdote

1434 982 1598 1025 dicenda,
1623 982 1767 1027 quando
1787 983 1832 1018 ad
1851 983 2094 1029 suspicionem
2125 985 2292 1021 adulterii
2311 995 2392 1021 eam
2411 996 2490 1022 ma-

1433 1042 1525 1078 ritus
1544 1041 1699 1077 adducit.
1714 1041 1781 1076 Det
1801 1052 1878 1077 eam
1896 1042 2068 1079 Dominus
2086 1045 2122 1079 in
2140 1045 2384 1090 maledictum,
2398 1051 2434 1082 et
2453 1047 2491 1082 in

1433 1105 1760 1137 exsecramentum.
1785 1100 1931 1137 Graecus
1957 1103 2064 1139 habet
2095 1105 2255 1153 ἐνόρκιον,
2287 1115 2358 1150 quo
2381 1107 2491 1142 verbo

1433 1163 1574 1198 videtur
1602 1161 1798 1207 significari
1829 1161 2074 1206 Juramentum
2095 1174 2158 1209 per
2189 1166 2490 1210 exsecrationem,

1435 1223 1532 1258 velut
1550 1223 1579 1258 si
1597 1222 1790 1268 quisquam
1810 1223 1907 1258 dieat
1924 1235 1932 1258 :
1953 1222 2012 1259 Sic
2031 1234 2103 1260 non
2126 1225 2216 1260 mihi
2239 1225 2325 1260 illud
2344 1231 2382 1261 et
2404 1226 2493 1263 illud

1435 1284 1643 1330 contingat;
1670 1284 1727 1319 vel
1757 1291 1855 1320 certe
1883 1284 1934 1320 ita
1957 1284 2056 1330 juret
2078 1298 2086 1321 :
2105 1286 2195 1322 Illud
2219 1291 2256 1323 et
2287 1287 2374 1323 illud
2402 1286 2492 1323 mihi

1437 1346 1636 1391 contingat,
1665 1345 1696 1380 si
1714 1341 1836 1381 secero
1856 1346 1914 1381 vel
1932 1356 2003 1382 non
2033 1345 2167 1382 secero.
2192 1346 2245 1382 lta
2272 1347 2329 1383 hic
2356 1347 2492 1383 dictum

1436 1410 1494 1440 est
1511 1418 1518 1440 :
1539 1406 1607 1440 Det
1626 1410 1662 1440 te
1678 1405 1854 1441 Dominus
1870 1406 1906 1440 in
1922 1406 2213 1443 maledictionem
2223 1407 2308 1442 etin
2323 1417 2492 1444 exsecra-

1434 1470 1615 1508 mentum;
1633 1470 1805 1510 tanquam
1826 1466 2021 1510 diceretur,
2036 1473 2076 1502 ut
2092 1468 2135 1503 de
2149 1473 2185 1503 te
2192 1468 2315 1512 jurent
2330 1480 2409 1514 quae
2428 1480 2493 1516 per

1435 1528 1725 1564 exsecrationem
1745 1529 1990 1574 jurabuntur:
2021 1529 2082 1566 Sic
2114 1541 2184 1567 non
2211 1533 2263 1567 eis
2293 1534 2491 1581 contingat,

1434 1594 1496 1623 aut
1523 1589 1592 1624 hoc
1614 1589 1668 1624 eis
1695 1589 1898 1635 contingat,
1929 1590 2000 1626 nisi
2025 1590 2111 1626 illud
2139 1591 2304 1629 fecerint.
2336 1594 2401 1630 Vir
2424 1596 2494 1632 iste

1434 1649 1535 1694 cujus
1554 1659 1645 1684 uxor
1662 1656 1847 1684 erraverat
1860 1655 2094 1686 contemnens
2114 1652 2298 1696 maritum,
2312 1659 2494 1699 pastorem

1436 1715 1542 1755 atque
1573 1710 1761 1746 doctorem
1798 1711 1979 1755 significat
2011 1712 2194 1749 Ecclesiae.
2235 1714 2334 1750 Uxor
2351 1726 2495 1762 quoquc

1435 1771 1526 1816 ejus,
1557 1772 1721 1807 subditus
1748 1777 1803 1808 est
1831 1773 2004 1819 quisque,
2035 1775 2097 1820 qui
2129 1777 2292 1822 magistri
2319 1778 2430 1814 verbo
2458 1779 2493 1814 in

1435 1832 1602 1868 centibus
1634 1833 1780 1868 obedire
1811 1834 1950 1877 debuit,
1983 1834 2077 1871 sicut
2104 1835 2196 1871 bona
2219 1847 2308 1872 uxor
2331 1837 2493 1883 legitimo

1436 1894 1664 1939 obtemperat
1683 1893 1775 1928 vim.
1810 1893 1882 1929 Sed
1901 1895 1928 1930 si
1950 1905 2016 1940 per
2035 1901 2280 1941 contemptum
2301 1898 2378 1933 haec
2402 1908 2494 1934 uxor

1437 1955 1481 1989 al)
1500 1953 1747 1997 hujuscemodi
1767 1963 1894 1990 errans
1911 1955 2118 1992 discesserit
2144 1966 2163 1991 a
2184 1957 2277 2001 viro,
2299 1963 2334 1994 et
2358 1958 2495 1994 adulte-

1437 2025 1515 2049 rum
1542 2015 1671 2059 quaerit
1702 2013 1924 2061 conjugium,
1952 2016 1988 2052 id
2008 2021 2074 2059 est,
2102 2017 2282 2053 htereticae
2314 2027 2352 2053 se
2375 2018 2494 2053 immi—

315 2074 365 2102 est
380 2067 431 2101 vel
448 2066 541 2111 sal-5⁶1
556 2066 752 2111 susl’lclfflffl
766 2065 952 2110 appetitur,
970 2064 1015 2098 “d
1029 2064 1243 2099 sacerdotem
1258 2064 1367 2099 addu-
1386 2051 1415 2092 C
1437 2076 1571 2111 scucrit
1593 2077 1778 2120 doctrinae,
1800 2082 1836 2112 et
1855 2078 1924 2113 hoc
1943 2078 2082 2114 crimen
2106 2078 2191 2114 licet
2210 2079 2282 2115 iton
2301 2079 2494 2115 manifeste

316 2133 366 2162 cet
386 2137 476 2170 eam,
497 2131 528 2160 et
550 2126 669 2169 offeret
688 2123 896 2158 oblationem
918 2134 980 2169 pro
996 2123 1074 2166 illa,
1096 2124 1266 2158 decimam
1286 2135 1369 2169 par-

315 2194 383 2223 tem
404 2186 471 2221 sati
498 2184 624 2229 farinae
644 2183 858 2218 ltordeucese.
891 2182 972 2217 Non
993 2183 1155 2228 infundet
1173 2194 1276 2228 super
1293 2194 1367 2218 eam

315 2247 442 2289 oleum,
481 2256 542 2280 nec
562 2245 711 2290 imponet
732 2244 824 2286 llius,
843 2243 925 2290 quia
952 2244 1165 2289 sacrificium
1190 2243 1368 2290 zelotypae

313 2314 377 2350 est,
413 2313 445 2342 et
471 2305 600 2341 oblatio
630 2305 840 2350 {mestiqans
876 2304 1102 2339 adulterium.
1142 2303 1271 2349 Offeret
1292 2315 1369 2339 eam

314 2367 475 2403 sacerdos
495 2394 504 2411 ‚
544 2372 577 2401 et
624 2370 751 2400 statuet
784 2375 902 2400 coram
937 2364 1111 2407 Domino;
1152 2371 1369 2411 assumetque

313 2438 441 2475 aquam
468 2431 627 2461 sanctam
655 2426 692 2460 in
725 2436 802 2460 vase
834 2424 948 2469 fictili,
982 2431 1014 2460 et
1045 2424 1245 2470 pauxillum
1264 2430 1367 2460 terrie

313 2489 356 2524 de
373 2488 570 2535 pavimento
597 2484 814 2521 tabernaculi
837 2486 947 2520 mittet
963 2485 998 2520 in
1015 2495 1103 2520 eam.
1124 2484 1279 2531 Cumque
1299 2492 1368 2521 ste-

314 2549 391 2585 terit
424 2547 549 2583 mulier
569 2547 605 2581 in
636 2551 821 2591 conspectu
839 2545 995 2587 Domini,
1020 2545 1247 2591 discooperiet
1268 2552 1370 2591 caput

314 2611 402 2656 ejus,
420 2615 452 2644 et
479 2613 582 2654 ponet
611 2617 714 2652 super
737 2617 863 2640 manus
880 2606 956 2651 ejus
976 2606 1190 2651 sacrificium
1210 2606 1370 2642 recorda-

315 2671 419 2707 tionis
449 2675 481 2704 et
515 2668 724 2703 oblationem
754 2666 946 2712 zelotypiae.
995 2667 1074 2713 Ipse
1101 2673 1217 2702 autem
1245 2668 1371 2702 tenebit

316 2741 426 2777 aquas
433 2729 685 2771 amarissimas,
697 2729 733 2762 in
742 2739 828 2773 quas
844 2739 922 2763 cum
937 2729 1172 2763 exsecratione
1185 2727 1371 2763 maledicta

318 2792 503 2838 conqessit,
534 2788 713 2835 adjurabit
741 2798 817 2822 eam
847 2794 878 2822 et
906 2787 1078 2824 dicetsSi
1103 2799 1172 2823 non
1194 2789 1371 2823 dormierit

318 2853 370 2888 vir
396 2850 530 2890 alienus
552 2855 677 2890 tecum,
698 2853 729 2882 et
754 2847 784 2882 si
807 2857 876 2881 non
891 2846 1023 2892 polluta
1045 2858 1079 2882 es
1098 2847 1231 2883 deserto
1253 2848 1371 2883 mariti

319 2912 434 2954 thoro,
453 2915 568 2946 nante
582 2908 749 2944 nocebunt
771 2919 869 2954 aqum
891 2908 966 2943 istm
985 2909 1214 2944 amarissimoe
1234 2909 1271 2944 in
1285 2921 1372 2955 qitas

319 2970 506 3006 maceaicta
532 2968 701 3014 conoessi.
736 2967 800 3003 Sin
825 2973 938 3002 autem
963 2967 1143 3003 declinasti
1172 2981 1193 3004 a
1218 2970 1289 3005 viro
1311 2976 1370 3006 tuo

320 3038 423 3079 atque
442 3030 576 3078 polluta
598 3040 647 3072 es,
669 3034 700 3064 et
717 3028 931 3063 concubuisti
957 3039 1036 3064 cum
1051 3030 1174 3073 altero,
1192 3029 1242 3065 bis
1264 3031 1372 3067 male-

320 3092 530 3129 dictionibus
551 3089 757 3136 snbjacebis.
775 3088 842 3124 Det
865 3095 897 3124 te
911 3089 1081 3126 Dominus
1100 3091 1137 3125 in
1156 3091 1370 3127 maledictio-

321 3165 399 3190 nem
422 3151 684 3198 eoeemplumque
707 3155 911 3186 cunctorum
931 3150 970 3186 in
990 3151 1116 3196 populo
1139 3163 1217 3187 suo.
1249 3152 1375 3188 Putre-

323 3227 416 3253 scere
443 3214 553 3261 saciat
577 3212 692 3258 femur
712 3217 823 3256 tuum,
853 3217 886 3247 et
923 3217 1113 3248 tumescens
1142 3219 1263 3248 uterus
1290 3219 1370 3248 tuus

332 3278 575 3323 iisrumpatnr.
590 3273 838 3320 Inyredientur
850 3283 950 3320 aquai
962 3272 1155 3309 maledictae
1169 3274 1206 3309 in
1220 3280 1294 3310 vent
1300 3286 1369 3310 rem

335 3341 438 3379 uum,
464 3341 497 3371 et
530 3339 628 3370 utero
656 3338 864 3369 tumescente
891 3338 1065 3379 putrescat
1095 3332 1220 3378 femur.
1249 3332 1295 3368 Et
1317 3345 1371 3369 re-

334 3396 503 3442 mondebit
522 3390 669 3433 mulier]-
682 3393 806 3436 Amen,
817 3404 931 3430 amen.
947 3392 1148 3440 Scribetque
1160 3394 1320 3431 sacerdos
1335 3395 1372 3430 in

326 3457 442 3494 libello
469 3458 538 3493 ista
561 3455 760 3500 maledicta,
776 3460 810 3491 et
827 3454 953 3492 delebit
965 3466 1007 3491 ea
1021 3455 1122 3502 aquis
1145 3456 1373 3492 amarissimis

326 3521 366 3556 in
381 3530 470 3567 anas
488 3518 674 3556 maledicta
692 3518 882 3566 conqcesit,
898 3523 931 3555 ct
950 3517 1048 3555 dabit
1073 3518 1104 3554 ei
1121 3517 1247 3554 bibere.
1277 3517 1375 3561 Quas

328 3591 408 3616 cnm
423 3580 637 3623 exhauserit,
660 3578 756 3616 tollet
781 3579 943 3616 sacerdos
965 3578 1009 3615 de
1031 3589 1140 3615 mann
1165 3579 1243 3626 ejus
1267 3579 1376 3615 sacri-

329 3639 448 3686 ficium
465 3638 662 3686 zelotypiae,
681 3643 715 3675 et
729 3637 875 3675 elevabit
891 3638 982 3674 illud
997 3649 1116 3675 caram
1127 3633 1293 3683 nohum,
1310 3638 1378 3674 im-

329 3707 498 3748 ponetque
521 3711 625 3748 super
642 3700 770 3745 altare,
792 3701 844 3738 ita
857 3700 1030 3736 duntaxat
1048 3706 1087 3737 nt
1098 3701 1198 3749 prius
1208 3697 1378 3748 pnoillum

333 3762 496 3804 sacrificii
515 3761 616 3799 tollat
632 3762 676 3798 de
697 3772 736 3798 eo
751 3762 844 3805 quod
867 3762 1023 3806 offertur,
1046 3768 1082 3804 et,
1095 3762 1257 3800 incendat
1277 3772 1380 3811 snper

1437 2142 1620 2182 appareat,
1643 2143 1763 2172 tamen
1785 2138 1822 2174 in
1843 2139 2083 2184 suspicionem
2102 2140 2201 2175 venit
2222 2141 2396 2187 magistro
2414 2140 2491 2176 zelo

1433 2197 1583 2243 justitiae
1601 2208 1765 2242 accenso,
1786 2200 1938 2235 adducet
1956 2210 2035 2236 eam
2054 2201 2099 2236 ad
2117 2201 2355 2244 sacerdotem,
2375 2200 2492 2246 ipsum

1436 2258 1605 2294 videlieet
1636 2259 1861 2295 sacerdotem
1895 2261 1953 2296 cui
1988 2271 2052 2307 per
2083 2260 2302 2307 Prophetam
2338 2260 2502 2296 dicitur:⁴

1440 2318 1490 2352 Tu
1515 2330 1548 2353 es
1571 2325 1733 2353 sacerdos
1753 2319 1788 2354 in
1811 2326 1995 2363 a’ternum,
2018 2321 2209 2356 secundum
2230 2322 2387 2357 ordinem
2403 2321 2495 2357 Mel-

1437 2378 1613 2413 chisedech
1636 2378 1750 2425 (Psal.
1771 2379 1864 2425 elx);
1890 2379 1966 2424 ejus
1980 2381 2116 2426 Judicio
2136 2387 2267 2417 cuncta
2287 2391 2492 2425 reservans,

1436 2448 1482 2474 ne
1502 2438 1596 2474 sorte
1617 2448 1692 2474 rem
1719 2439 1894 2474 incertam
1924 2446 2007 2475 ante
2028 2445 2170 2485 tempus
2192 2445 2317 2475 contra
2332 2440 2495 2486 Apostoli

1436 2506 1656 2546 praeceptum
1674 2500 1811 2545 judicet
1829 2500 1891 2545 qui
1910 2499 2002 2535 dixit
2019 2511 2027 2534 :
2050 2499 2169 2535 Nolite
2189 2506 2269 2535 ante
2288 2506 2422 2547 tempus
2435 2501 2496 2546 jtt·

1438 2559 1566 2601 dicare,
1586 2560 1811 2606 quoadusque
1833 2561 1948 2594 veniat
1978 2559 2165 2602 Dominus,
2190 2560 2249 2605 qui
2279 2559 2489 2596 illuminabit

1438 2618 1642 2654 abscondita
1666 2619 1900 2661 tenebrarum,
1924 2625 1955 2653 et
1978 2619 2218 2664 manifestabit
2243 2619 2390 2655 consilia
2416 2631 2495 2655 cor-

1437 2679 1535 2714 dium
1551 2678 1585 2726 (I
1605 2679 1769 2726 Cor.1v).
1795 2679 1840 2715 Et
1865 2679 1990 2716 offeret
2015 2680 2233 2717 oblationem
2252 2692 2318 2727 pro
2338 2682 2399 2717 illa
2430 2682 2493 2718 de-

1439 2739 1572 2775 cimam
1590 2744 1729 2785 partem
1754 2740 1823 2775 sati
1847 2739 1974 2776 farinae
1999 2736 2221 2776 hordeaceae.
2247 2740 2377 2775 Farina
2402 2749 2487 2787 ergo

1438 2799 1640 2836 hordeacea
1671 2800 1860 2836 scientiam
1892 2801 2025 2837 veteris
2062 2800 2151 2847 legis
2182 2800 2373 2847 significat.
2402 2800 2490 2845 Quae

1439 2862 1533 2897 hene
1552 2861 1687 2898 hordeo
1704 2862 1940 2906 assimilatur,
1957 2862 2041 2909 quia
2060 2862 2153 2898 sicut
2168 2862 2342 2898 hordeum
2359 2872 2494 2909 magno
2519 2888 2523 2889 ν

1442 2921 1565 2957 labore
1586 2933 1606 2957 a
1626 2923 1738 2969 paleis
1757 2929 1946 2970 purgatum
1964 2923 2006 2959 ad
2027 2922 2182 2959 farinam
2200 2923 2420 2969 perducitur,
2441 2924 2493 2960 ita
2516 2919 2524 2923 ’

1440 2981 1560 3018 littera
1598 2983 1686 3029 legis
1719 2985 1877 3020 contrita
1914 2984 2010 3020 mola
2050 2984 2298 3027 discretionis,
2336 2983 2491 3020 farinam

1440 3050 1568 3078 sensus
1595 3043 1769 3089 spiritalis
1795 3045 1940 3081 emittit.
1969 3045 2015 3080 Et
2039 3048 2139 3082 recte
2165 3044 2304 3081 decima
2319 3053 2403 3090 pars
2422 3043 2492 3080 sati
2518 3034 2523 3036 ”

1440 3100 1562 3138 offerri
1577 3101 1743 3147 jubetur;
1772 3114 1855 3139 nam
1874 3104 1932 3140 lex
1953 3104 2031 3151 ipsa
2051 3104 2175 3140 decem
2190 3103 2381 3150 praeceptis
2401 3112 2490 3140 con—

1440 3163 1525 3202 stat,
1557 3161 1660 3207 quus
1699 3161 1837 3197 decima
1867 3172 1953 3207 pars
1979 3163 2164 3210 quodlibet
2187 3161 2394 3199 mandatum
2419 3165 2489 3206 est,

1441 3227 1567 3258 contra
1620 3223 1717 3268 quod
1755 3233 1868 3269 prava
1906 3234 1997 3260 uxor
2036 3225 2152 3271 egisse
2198 3220 2487 3270 deprehenditur.

1440 3278 1598 3316 offertur
1621 3289 1709 3325 ergo
1728 3281 1807 3317 haec
1832 3281 1962 3317 mulier
1976 3290 2043 3327 per
2060 3283 2178 3318 virum
2203 3283 2382 3319 sacerdoli
2406 3290 2491 3320 oum

1438 3340 1619 3378 oblatione
1644 3341 1793 3377 decimae
1808 3342 1934 3388 partis,
1956 3351 2038 3378 cum
2057 3341 2192 3378 Christi
2206 3341 2343 3387 indicio
2362 3349 2491 3377 secun-

1441 3402 1525 3439 dum
1543 3401 1660 3448 legem
1677 3401 1850 3438 divinitus
1865 3402 1987 3437 datam
2004 3401 2207 3438 damnanda
2226 3405 2289 3436 aut
2304 3400 2490 3438 liberanda

1441 3465 1662 3499 reservatur.
1706 3459 1786 3497 Non
1826 3459 1952 3497 fundet
1993 3470 2102 3508 super
2139 3461 2232 3497 hanc
2267 3460 2488 3499 oblationem

1441 3521 1563 3559 oleum
1582 3530 1701 3568 neque
1715 3521 1800 3558 thus
1815 3525 1940 3567 ponet,
1959 3521 2046 3567 quia
2068 3520 2284 3557 sacrificium
2304 3519 2499 3568 :donum

1441 3586 1512 3620 est.
1529 3581 1646 3630 Igitur
1662 3588 1736 3618 non
1752 3581 1856 3618 decet
1881 3580 1962 3618 oleo
1984 3581 2199 3618 adulationis
2217 3581 2276 3618 vel
2294 3580 2403 3619 thum
2425 3583 2497 3618 sn:

1439 3643 1587 3691 perfluat
1617 3643 1831 3681 laudationis
1859 3650 2070 3691 peccantem
2098 3648 2291 3692 personam
2321 3642 2471 3683 mulceri

1441 3704 1520 3741 sive
1541 3695 1624 3741 oieb
1650 3703 1854 3740 indiscretae
1877 3704 2135 3742 misericordiae
2157 3695 2391 3752 atquem
2406 3702 2472 3741 tin

1445 3764 1557 3803 tionis
1583 3763 1798 3803 inordinatae
1823 3769 1888 3802 cor
1913 3764 2142 3814 impoenitens
2161 3765 2273 3812 liniri,
2294 3763 2358 3802 sod
2374 3761 2468 3812 mag'

2327 3879 2345 3890 κ
