2540 4016
293 197 385 236 1095

290 332 372 367 vitae
386 329 584 376 accipiunt,
605 327 853 366 indubitanter
873 329 952 375 ipsa
971 328 1184 374 praedicatio
1210 332 1350 364 saneto-

291 401 369 427 rum
389 389 567 435 signatur.
594 388 666 434 lpsi
692 388 789 424 enim
817 388 1006 434 possident
1037 387 1238 424 doctrinam
1269 397 1350 433 quae

290 455 432 488 constat
454 450 547 497 legis
574 448 776 497 Decalogo,
799 454 834 485 et
855 448 1058 495 quadrifido
1085 447 1271 495 Evangelii
1288 459 1351 484 nu-

290 522 402 554 mero,
425 511 529 557 quasi
553 511 673 547 decies
694 516 892 556 quaternas
916 511 1024 547 urbes
1051 510 1239 547 hahentes.
1261 509 1349 553 Qui-

289 575 356 609 bus
385 572 495 608 etiam
526 571 606 607 duae
641 571 876 617 adjiciuntur,
899 570 983 617 quia
1015 570 1190 606 nimirum
1222 575 1349 606 cuncta

291 643 370 678 quae
403 631 602 678 praedicant
633 631 763 667 morali
800 641 852 667 ac·
874 631 1029 678 mystico
1066 640 1175 666 sensu
1212 640 1352 665 annun-

291 692 400 728 tiant.

688 750 840 788 CAPUT
858 750 950 787 Xlll.

292 826 344 862 De
365 837 403 861 eo
422 825 514 872 quod
531 825 642 860 omnis
660 830 754 860 terra
773 822 943 859 Chanaan
963 822 1046 858 data
1074 828 1126 858 est
1153 835 1174 858 a
1189 822 1350 859 'Domino

339 872 452 908 Israel
480 872 517 907 in
544 872 794 918 possessionem
803 883 816 914 ;
844 877 875 906 et
902 869 1129 916 possederunt
1150 869 1249 906 illam
1274 881 1352 905 cum

340 931 437 965 pace.

341 992 458 1039 (lam.)
485 1006 496 1026 ‹
520 992 699 1039 Deditque
719 993 893 1029 Dominus
912 993 1036 1030 Israeli
1053 1003 1198 1029 omnem
1221 998 1355 1027 terram

298 1066 307 1084 ‹
342 1063 449 1098 quam
475 1053 690 1088 traditurum
711 1063 750 1088 se
774 1053 940 1098 patribus
959 1064 1082 1090 eorum
1099 1053 1299 1098 juraverat,
1321 1057 1355 1086 et

297 1125 308 1144 ι
340 1113 574 1157 possederunt
596 1113 708 1155 illam,
726 1118 835 1157 atque
851 1113 1105 1149 habitaverunt
1123 1113 1160 1148 in
1178 1123 1234 1148 ea.
1250 1113 1354 1147 Data-

298 1185 309 1206 ‹
342 1184 411 1219 quc
431 1179 486 1209 est
504 1174 549 1209 ab
572 1183 615 1209 eo
632 1184 703 1220 pax
723 1174 759 1208 in
779 1183 905 1210 omnes
926 1184 992 1220 per
1024 1174 1216 1209 circuitum
1234 1173 1353 1208 natio-
1376 1167 1405 1204 Β

298 1245 310 1267 ‹
341 1245 433 1270 nes:
456 1235 648 1280 nullusque
670 1235 722 1270 eis
748 1234 907 1269 hostium
936 1234 1108 1270 resistere
1138 1245 1248 1270 ausus
1277 1239 1350 1276 est,

298 1305 311 1327 ‹
342 1294 406 1330 sed
423 1294 544 1330 cuncti
577 1294 615 1328 in
644 1303 770 1329 eorum
800 1294 975 1330 ditionem
1007 1295 1145 1330 redacti
1174 1299 1271 1330 sunt.
1303 1294 1355 1329 Ne

298 1366 310 1387 ι
340 1365 451 1389 unum
472 1354 617 1400 quidem
637 1355 787 1390 verbum
808 1356 905 1399 quod
937 1355 1007 1391 illis
1039 1366 1078 1391 se
1100 1361 1356 1401 praestaturum

300 1427 312 1449 ι
343 1425 423 1450 esse
439 1415 670 1460 promiserat,
698 1416 843 1450 irritum
864 1415 956 1459 suit,
988 1416 1050 1451 sed
1081 1416 1190 1451 rebus
1216 1416 1354 1462 expleta

299 1487 311 1510 ι
341 1482 426 1512 sunt
454 1477 588 1512 omnia.
616 1489 627 1510 ›
653 1476 724 1523 (Em
749 1476 977 1523 Augustino.)
1007 1477 1135 1513 Merito
1169 1477 1354 1523 quaeritur,

296 1546 379 1572 cum
396 1536 507 1572 Israel
532 1547 605 1571 non
626 1536 740 1572 solum
760 1547 874 1582 usque
904 1538 948 1573 ad
975 1537 1070 1572 diem
1101 1538 1228 1573 mortis
1250 1536 1353 1579 Jesu,

297 1607 423 1632 verum
451 1597 562 1632 etiam
588 1603 714 1643 postea
747 1608 819 1633 non
852 1598 1090 1634 eradicaverit
1118 1604 1244 1644 gentes
1279 1608 1358 1643 quae

301 1660 436 1692 terram
466 1658 756 1702 repromissionis
780 1659 969 1702 tenebant,
991 1659 1156 1705 quamvis
1181 1669 1226 1694 ex
1254 1665 1358 1703 parte

302 1718 371 1753 illis
392 1717 577 1753 debellatis
599 1718 635 1753 in
655 1719 781 1754 eadem
803 1720 983 1764 promissa
1004 1720 1216 1755 haereditate
1244 1719 1360 1755 eonsi-

301 1784 458 1821 sterent;
474 1779 654 1824 quomodo
668 1779 940 1826 intelligendum
959 1781 1007 1815 sit
1022 1780 1118 1826 quod
1132 1780 1268 1815 dictum
1282 1785 1357 1815 est:

301 1839 346 1874 Et
368 1839 466 1874 dedit
483 1838 659 1874 Dominus
676 1839 786 1875 lsrael
807 1850 951 1876 omnem
971 1846 1105 1876 terram
1133 1850 1241 1885 quam
1256 1839 1359 1884 jura-

302 1907 405 1936 verat
423 1901 510 1936 dare
526 1901 689 1946 patribus
715 1912 854 1945 eorum,
877 1907 913 1936 et
936 1902 1240 1938 haereditaverunt
1257 1911 1336 1936 eam
1349 1929 1359 1944 ,

302 1967 338 1996 et
357 1962 612 1997 habitaverunt
632 1963 668 1997 in
687 1973 727 1997 ea
749 1974 756 1997 ε
778 1968 814 1997 et
837 1962 996 2007 requiem
1024 1962 1122 1997 dedit
1141 1961 1211 1997 illis
1241 1961 1362 1996 Domi-

302 2034 370 2058 nus
386 2023 422 2058 in
439 2024 605 2067 circuitu,
628 2025 721 2060 sicut
736 2023 922 2068 juraverat
938 2024 1103 2069 patribus
1122 2033 1248 2058 eorum
1264 2034 1272 2064 ;
1288 2033 1360 2058 non

304 2084 437 2118 restitit
452 2085 643 2129 quisquam
659 2090 743 2120 ante
758 2085 888 2120 faciem
904 2085 1045 2119 illorum
1060 2085 1104 2120 ab
1115 2085 1280 2120 omnibus
1294 2084 1362 2118 ini·
1380 2068 1410 2109 C

310 2142 416 2176 micis
434 2152 559 2177 eorum
578 2155 586 2177 :
606 2153 730 2178 omnes
746 2143 913 2178 inimicos
930 2153 1056 2178 eorum
1077 2143 1225 2178 tradidit
1246 2143 1363 2177 Domi-

307 2211 376 2237 nus
397 2202 434 2236 in
453 2211 583 2237 manus
604 2211 749 2245 eorum3
765 2214 835 2238 non
852 2203 985 2238 decidit
999 2213 1043 2238 ex
1060 2203 1228 2238 omnibus
1241 2203 1362 2239 verbis

309 2261 413 2296 bonis
440 2272 519 2306 quae
538 2262 681 2298 locutus
706 2268 761 2298 est
790 2263 962 2298 Dominus
983 2262 1066 2297 filiis
1089 2263 1219 2305 lsrael,
1241 2263 1362 2298 onmia

309 2320 547 2358 advenerunt.
570 2322 768 2368 Diligenter
794 2333 879 2369 ergo
908 2324 1077 2359 universa
1105 2323 1364 2359 consideranda

307 2386 404 2424 sunt,
426 2387 462 2417 et
480 2382 638 2427 primum
659 2383 851 2418 videndum
870 2382 965 2428 quod
982 2383 1142 2429 gentium
1162 2388 1257 2418 terra
1278 2394 1364 2428 pro-

308 2442 418 2478 missa
447 2442 494 2478 sit
516 2443 703 2478 Israelitis.
728 2443 872 2489 Septem
901 2443 1045 2488 quidem
1068 2449 1192 2489 gentes
1220 2444 1364 2479 assidue

306 2502 474 2538 videntur
492 2504 782 2546 commemorari,
800 2503 894 2539 sicut
909 2503 944 2538 in
965 2503 1088 2539 Exodo
1109 2503 1263 2550 legitur:
1289 2516 1300 2536 ‹
1321 2504 1365 2539 Et

309 2565 400 2601 dixit
419 2564 592 2599 Dominus
612 2565 657 2600 ad
679 2564 827 2611 Moysen
843 2574 852 2599 ι
873 2563 986 2607 Vade,
1003 2565 1155 2600 ascende
1174 2565 1257 2600 hinc
1272 2571 1311 2600 tu
1331 2570 1367 2600 et

319 2624 471 2670 populus
493 2628 590 2665 tuus,
611 2633 700 2668 quos
723 2622 879 2658 eduxisti
894 2623 937 2658 de
954 2629 1048 2659 terra
1065 2623 1224 2669 AEgypti,
1245 2624 1282 2659 in
1298 2629 1367 2659 ter-

314 2696 391 2720 ram
401 2694 507 2729 quam
518 2683 846 2727 juraviAhraham,
856 2685 1012 2728 etlsaac,
1029 2691 1065 2720 et
1081 2684 1205 2729 Jacob,
1219 2686 1342 2722 dicens
1356 2696 1365 2720 ε

315 2746 452 2782 Semini
467 2749 588 2781 vestro
602 2745 694 2780 dabo
713 2754 807 2788 eam,
819 2751 854 2781 et
865 2746 971 2781 simul
988 2746 1129 2781 mittam
1141 2753 1223 2782 ante
1238 2746 1368 2783 faciem

313 2814 412 2844 tuam
446 2807 612 2853 angelum
645 2817 766 2843 meum
795 2820 802 2842 z
832 2815 869 2843 ct
894 2809 1014 2855 ejiciet
1034 2809 1298 2854 Amorrhaeum,
1333 2816 1370 2846 et

314 2872 514 2913 (lethaeum,
523 2874 559 2905 et
566 2869 810 2913 pherezaeum,
827 2875 863 2905 et
878 2870 1124 2917 Gergezaeum,
1136 2878 1171 2908 et
1184 2872 1367 2916 Hevaeum,

316 2937 351 2967 et
365 2931 583 2972 Jebusaeum,
597 2935 634 2965 et
645 2929 884 2965 chananaeum
896 2930 1026 2977 (Emod.
1040 2931 1184 2977 xxxin).
1206 2946 1217 2965 ›
1236 2932 1368 2968 llarum

317 3000 403 3036 ergo
422 2995 560 3035 septem
586 2990 746 3032 gentium
771 2994 907 3024 terram
925 2989 1066 3025 videtur
1084 2990 1179 3026 Deus
1204 2993 1368 3036 patribus

317 3048 541 3094 promisisse.
579 3046 760 3091 Scriptum
792 3052 848 3082 est
881 3047 990 3082 etiam
1022 3048 1058 3082 in
1092 3049 1369 3087 Deuteronomio

318 3107 431 3143 multo
449 3106 681 3152 expressius:
707 3117 720 3139 ‹
747 3105 785 3141 Si
809 3111 928 3142 autem
950 3109 1147 3145 accesseris
1180 3111 1223 3146 ad
1249 3113 1369 3147 civita-

318 3172 391 3203 tem
407 3176 614 3212 expugnare
632 3176 731 3209 eam,
760 3171 797 3202 et
825 3168 1033 3203 evocaveris
1052 3179 1133 3204 eam
1152 3180 1234 3206 cum
1258 3183 1368 3218 pace,

321 3227 498 3274 siquidem
516 3226 668 3273 pacifica
685 3228 939 3273 responderint
970 3228 1035 3264 tibi
1052 3255 1062 3272 ,
1096 3237 1133 3264 et
1164 3232 1370 3275 aperuerint

320 3289 400 3331 tibi,
417 3287 535 3323 omnis
551 3287 704 3333 populus
732 3287 793 3333 qui
825 3287 960 3323 inventi
986 3286 1120 3323 suerint
1147 3288 1183 3323 in
1203 3289 1369 3333 civitate,

321 3354 428 3385 erunt
445 3349 508 3385 tibi
526 3348 707 3384 tributarii
722 3354 758 3384 et
774 3349 997 3386 obedientes.
1014 3348 1053 3385 Si
1068 3355 1187 3386 autem
1202 3361 1274 3386 non
1288 3352 1374 3386 obe-

322 3409 456 3444 dierint
474 3409 560 3453 tibi,
579 3415 616 3445 et
631 3409 785 3446 fecerim
803 3411 848 3446 ad
866 3416 900 3446 te
921 3410 1055 3447 bellum
1067 3438 1076 3454 ‚
1094 3411 1373 3448 circumsedebis

322 3478 419 3511 eam,
434 3474 471 3504 et
483 3469 602 3505 tradet
613 3479 694 3506 eam
710 3469 883 3506 Dominus
900 3470 938 3505 in
949 3481 1078 3506 manus
1092 3475 1173 3507 tuas
1189 3483 1198 3506 :
1215 3476 1252 3507 et
1266 3472 1376 3507 inter-

323 3528 424 3564 ticies
443 3537 551 3564 omne
568 3529 807 3565 masculinum
825 3529 902 3574 ejus
927 3530 964 3566 in
982 3540 1072 3566 nece
1089 3530 1222 3578 gladii,
1243 3534 1374 3577 praeter

323 3589 505 3626 mulieres.
527 3589 573 3625 Et
593 3590 866 3638 supellectilem,
884 3596 921 3627 et
939 3592 1061 3628 omnia
1075 3602 1220 3637 pecora,
1236 3597 1274 3629 et
1293 3602 1374 3629 om—

324 3650 383 3685 nia
395 3659 476 3696 quae
489 3649 624 3686 fuerint
642 3651 679 3686 in
692 3651 854 3695 civitate,
870 3657 907 3689 et
914 3652 1039 3690 omnia
1049 3653 1216 3690 utensilia
1236 3654 1375 3701 praeda·

325 3709 423 3746 beris
438 3709 505 3746 tibi
520 3722 530 3747 z
547 3716 585 3747 et
603 3711 688 3748 edes
702 3722 852 3749 omnem
868 3712 1126 3759 praedationem
1143 3714 1376 3751 inimicorum

328 3773 485 3814 tuorum,
493 3782 603 3818 quam
610 3773 782 3811 Dominus
790 3773 886 3812 Deus
895 3779 980 3811 tuus
991 3774 1095 3812 dabit
1102 3775 1181 3812 tibi.
1194 3774 1378 3814 Sicanios

1354 3866 1362 3875 ¹
1385 3859 1424 3879 *Ε-

1245 3879 1254 3888 t
1284 3880 1288 3882 ·
1315 3871 1390 3894 &Aa

718 195 759 231 Β.
786 193 959 231 RABANl
982 191 1130 230 Manat
1151 193 1367 232 ARGHOEP,
1392 190 1599 232 nomm.
1627 190 1819 231 orntum
1837 189 1964 232 PARS
1989 189 2016 226 l.

289 274 358 310 bus
376 270 628 317 fugitivorum,
648 270 741 307 alias
758 269 1002 315 quadraginta
1021 269 1111 306 duas
1139 269 1253 304 urbes
1275 268 1347 304 Le·
1363 268 1580 310 Aomnibus
1595 250 1808 305 civitatibus
1826 277 1906 313 quae
1932 265 2039 311 longe
2053 269 2139 301 sunt
2156 265 2179 300 a
2193 268 2229 299 te
2245 263 2373 306 valde,
2387 272 2468 312 w
2502 291 2506 295 .

2373 175 2503 236 tam&¹

1417 338 1491 365 non
1508 334 1594 366 sunt
1614 339 1635 364 a
1650 328 1858 365 civitatibus
1873 325 2032 373 gentium
2048 323 2214 359 istarum.
2238 322 2332 358 Ecce
2347 332 2394 358 au
2432 371 2435 373 Ι

1419 398 1463 424 ex
1484 388 1693 425 civitatibus
1710 388 1804 431 istis,
1823 396 1915 432 quas
1928 384 2102 420 Dominus
2118 383 2215 419 Deus
2226 387 2310 418 tuus
2326 381 2390 418 dat

1418 450 1634 492 hareditare
1665 455 1802 486 terram
1828 457 1955 483 eorum
1971 473 1982 490 ,
2002 456 2075 482 non
2103 444 2303 480 vivificabis
2327 453 2435 480 omne

1416 510 1559 552 vivum,
1591 509 1655 546 sed
1683 506 2012 544 anathematizabis
2030 516 2112 549 eos,
2129 505 2328 550 Cethaeum‚
2344 505 2501 551 Amoffl
2531 512 2535 515 ·

1418 572 1554 607 rhaeum
1569 597 1578 614 ‚
1613 575 1651 605 et
1681 569 1927 605 chananaeum
1941 594 1950 609 ,
1971 571 2008 603 et
2030 566 2282 608 Pherezaeum,
2305 570 2342 601 et
2366 560 2498 606 Jebue.
2523 610 2534 617 ,

1419 639 1551 673 saeum,
1570 633 1608 665 et
1625 628 1815 672 Hevaeum,
1836 632 1874 664 et
1900 626 2128 673 Gergesaeum
2142 654 2153 671 ,
2173 626 2477 672 quemadmodum
2494 656 2497 666 Α
2520 621 2535 673 j

1418 690 1602 727 mandavit
1617 689 1682 725 tibi
1697 689 1871 725 Dominus
1886 689 1982 724 Deus
1994 695 2077 724 tuus
2095 689 2213 735 (Dent.
2228 687 2306 735 xx).
2326 700 2339 722 ›
2355 688 2401 723 Et
2417 686 2477 723 hic
2499 682 2531 742 μ’

1419 750 1572 786 istarum
1596 754 1733 796 septem
1751 749 1911 795 gentium
1946 754 2080 784 terram
2098 749 2314 795 promissam
2343 748 2380 783 in
2405 749 2476 784 hat-
2523 738 2540 781 :l

1419 810 1588 853 reditate,
1610 820 1718 856 quam
1737 809 1925 845 debellatis
1950 819 2064 855 usque
2091 809 2378 845 internecionem
2407 809 2477 844 eis-
2525 799 2535 836 ἓ

1421 871 1502 906 dem
1523 870 1691 916 gentibus
1711 869 1882 905 Israelitae
1901 869 2142 914 possiderent,
2157 867 2389 904 manifestum
2407 873 2476 904 est.
2526 874 2531 916 g

1421 929 1578 966 Caeteras
1599 939 1685 965 vero
1705 939 1785 974 quae
1804 928 2034 974 longinquius
2052 933 2154 964 extra
2175 928 2266 964 istas
2281 933 2405 974 gentes
2428 928 2479 963 in-

1420 992 1645 1034 venirentur,
1667 991 1779 1025 voluit
1797 990 1875 1026 fieri
1897 990 2108 1026 tributarias
2127 1000 2268 1033 eorum,
2288 990 2319 1025 si
2334 999 2405 1026 non
2423 999 2480 1025 re-

1423 1053 1614 1095 sisterent;
1634 1052 1664 1088 si
1682 1057 1803 1087 autem
1820 1051 2052 1094 resisterent,
2071 1051 2182 1086 etiam
2201 1051 2297 1096 ipsas
2323 1049 2478 1086 interfici

1422 1120 1459 1150 et
1481 1115 1517 1149 in
1539 1113 1775 1159 perditionem
1797 1112 1897 1155 dari,
1924 1112 2084 1158 exceptis
2111 1112 2303 1157 pecoribus
2334 1117 2370 1146 et
2400 1120 2479 1156 quae

1424 1176 1461 1211 in
1480 1174 1639 1221 praedam
1662 1178 1807 1220 possent
1824 1173 1959 1209 venire.
1977 1173 2066 1208 Item
2084 1172 2156 1207 alio
2182 1172 2260 1207 loco
2290 1172 2327 1206 in
2350 1171 2479 1206 Deute-

1425 1235 1590 1271 ronomio
1615 1235 1665 1269 ita
1686 1234 1829 1279 legitur.
1855 1246 1866 1265 ‹
1892 1233 1938 1267 Et
1956 1233 2026 1268 erit
2045 1242 2128 1267 cum
2155 1231 2340 1267 induxerit
2357 1236 2393 1267 te
2410 1233 2480 1268 Do-

1424 1297 1543 1331 minus
1559 1295 1655 1329 Deus
1678 1299 1761 1328 tuus
1781 1293 1817 1327 in
1841 1298 1974 1328 terram
1992 1293 2028 1327 in
2047 1303 2156 1338 quam
2175 1293 2376 1329 transibitis
2405 1294 2480 1329 hae-

1426 1355 1587 1390 reditare
1601 1363 1696 1395 eam,
1718 1358 1754 1388 et
1773 1352 1965 1388 abstulerit
1988 1359 2112 1397 gentes
2130 1363 2280 1399 magnas
2297 1358 2333 1388 et
2349 1353 2480 1391 multas

1425 1425 1446 1449 a
1461 1418 1654 1460 conspectu
1674 1418 1757 1456 tuo;
1780 1412 1963 1448 Cethaeum
1982 1418 2018 1447 et
2035 1412 2266 1458 Gergezaeum
2279 1440 2288 1455 ,
2306 1419 2342 1448 et
2356 1413 2482 1448 Amor-

1426 1476 1577 1518 rhaeum,
1596 1480 1634 1510 et
1650 1474 1894 1516 Pherezaeum‚
1910 1479 1946 1508 et
1964 1473 2223 1517 Chananaeum,
2241 1479 2278 1509 et
2290 1473 2476 1517 Hevaeum,

1426 1540 1463 1571 et
1484 1535 1687 1570 Jebusaeum
1702 1562 1710 1577 ,
1731 1540 1869 1580 septem
1887 1539 2011 1580 gentes
2026 1544 2175 1580 magnas
2205 1539 2242 1569 et
2267 1534 2418 1577 multas,
2447 1539 2483 1570 et

1428 1596 1597 1632 fortiores
1617 1595 1719 1631 vobis
1739 1607 1746 1629 :
1774 1599 1809 1630 et
1831 1595 1947 1630 tradet
1961 1604 2022 1630 eas
2038 1593 2212 1629 Dominus
2231 1593 2327 1629 Deus
2347 1599 2429 1629 tuus
2447 1594 2481 1628 in

1427 1667 1557 1692 manus
1576 1662 1676 1699 tuas,
1694 1661 1729 1692 et
1747 1655 1928 1701 percuties
1959 1665 2040 1698 eos,
2064 1660 2101 1689 et
2131 1654 2344 1690 exterminio
2370 1660 2471 1690 exter

1427 1720 1583 1755 minabis
1599 1730 1672 1756 eos.
1693 1718 1771 1754 Non
1792 1718 1960 1763 dispones
1980 1717 2024 1752 ad
2045 1726 2106 1752 eos
2130 1721 2398 1758 testamentum,
2425 1724 2485 1750 ne-

1428 1790 1498 1825 que
1512 1779 1744 1815 misereberis
1759 1788 1899 1820 eorum,
1915 1787 2030 1823 neque
2042 1775 2482 1822 matrimoniojungamini

1430 1852 1512 1876 cum
1532 1842 1597 1876 eis.
1616 1841 1741 1875 Filiam
1764 1845 1862 1874 tuam
1881 1849 1952 1874 non
1971 1839 2075 1874 dabis
2093 1839 2167 1874 filio
2189 1837 2286 1883 ejus,
2307 1843 2343 1872 et
2373 1837 2484 1872 filiam
2539 1857 2540 1872 η

1429 1900 1505 1945 ejus
1523 1912 1592 1937 non
1615 1910 1736 1936 sumes
1759 1899 1832 1936 silio
1852 1905 1928 1942 tuo,
1948 1905 2016 1935 ete.
2039 1898 2158 1947 (Dent.
2187 1897 2266 1945 vn).
2289 1911 2300 1932 »
2331 1897 2487 1932 Proinde

1429 1960 1485 1995 his
1509 1966 1616 2005 atque
1638 1960 1717 1995 aliis
1745 1959 2015 2005 Scripturarum
2046 1958 2135 1994 locis
2164 1968 2258 2004 saepe
2286 1957 2487 1993 ostenditur

1430 2022 1559 2056 harum
1580 2027 1716 2066 septem
1734 2021 1893 2067 gentium
1915 2026 2029 2056 terras
2047 2020 2096 2055 ita
2112 2020 2294 2064 accepisse
2319 2020 2355 2054 in
2374 2019 2488 2053 haere-

1433 2083 1582 2118 ditatem
1598 2081 1691 2116 filios
1710 2081 1834 2122 Israel,
1856 2086 1895 2115 ut
1912 2090 1983 2115 non
2005 2090 2085 2115 cum
2106 2080 2158 2115 eis
2177 2079 2237 2124 qui
2256 2079 2400 2115 easdem
2416 2083 2489 2114 ter·
2539 2070 2540 2105 ἶ

1432 2154 1490 2178 ras
1512 2143 1694 2183 tenebant,
1714 2141 1775 2176 sed
1792 2151 1857 2186 pro
1882 2141 1935 2176 eis
1956 2140 2027 2175 illic
2051 2140 2269 2175 habitarent.
2296 2139 2488 2174 Verumta-
2539 2137 2540 2183 l

1435 2212 1517 2237 men
1537 2202 1573 2236 in
1591 2201 1723 2236 Genesi
1742 2210 1812 2235 non
1838 2200 1914 2235 istae
1936 2205 2076 2234 tantum
2100 2204 2238 2244 septem
2259 2203 2404 2244 gentes,
2426 2197 2490 2233 sed
2539 2224 2540 2227 η

1434 2261 1603 2297 undecim
1621 2261 1883 2306 promittuntur
1906 2260 2034 2295 semini
2053 2259 2219 2294 Abrahae.
2243 2257 2303 2293 Sic
2328 2258 2424 2293 enim
2439 2257 2490 2292 le-

1435 2322 1558 2367 gitur:
1588 2332 1599 2352 «
1622 2320 1660 2354 ln
1683 2319 1739 2355 die
1754 2319 1812 2354 illa
1841 2319 2016 2364 disposuit
2046 2319 2220 2354 Dominus
2250 2318 2344 2353 Deus
2374 2321 2488 2352 testa-

1433 2388 1595 2417 mentum
1616 2381 1660 2416 ad
1676 2380 1875 2422 Abraham,
1899 2380 2021 2416 dicens
2040 2392 2047 2414 :
2073 2379 2209 2415 Semini
2237 2384 2297 2414 tuo
2312 2379 2404 2414 dabo
2417 2384 2491 2413 ter·
2538 2373 2540 2411 ἶ

1435 2454 1511 2478 ram
1551 2443 1645 2477 hanc
1661 2470 1670 2485 ,
1705 2452 1723 2476 a
1762 2441 1907 2476 flumine
1935 2440 2081 2486 AEgypti
2118 2449 2232 2484 usque
2264 2438 2310 2473 ad
2341 2438 2488 2472 fluvium
2539 2471 2540 2484 χ

1434 2514 1602 2550 magnum
1624 2503 1852 2548 Euphratem
1873 2501 2019 2537 Cenaeos
2038 2506 2074 2535 et
2097 2500 2287 2535 Cenezaeos
2302 2526 2312 2542 ‚
2330 2503 2366 2534 et
2388 2498 2491 2534 Chel-

1435 2573 1613 2604 rnonceos,
1634 2567 1670 2598 et
1701 2562 1885 2604 Cethaeos‚
1908 2567 1943 2596 et
1963 2561 2196 2603 Pholemeos,
2222 2565 2258 2594 et
2286 2558 2432 2600 Raram,
2455 2563 2491 2594 et

1436 2623 1689 2665 Amorrhaeos,
1712 2627 1747 2658 et
1766 2622 2008 2664 Chananaeos‚
2032 2626 2068 2655 et
2094 2620 2264 2663 Hevaeos‘,
2292 2625 2329 2655 et
2357 2618 2491 2664 Gerge-

1438 2695 1544 2728 zaeos,
1562 2690 1598 2719 et
1615 2683 1798 2719 Jebusaeos
1815 2682 1916 2730 (Gen.
1933 2683 2008 2728 xv).
2032 2696 2043 2716 ι
2064 2681 2150 2726 Quae
2164 2682 2214 2716 ita
2229 2681 2381 2718 solvitur
2394 2691 2491 2725 qute-

1438 2746 1507 2781 stio
1521 2773 1530 2789 ,
1551 2751 1591 2780 ut
1617 2745 1860 2791 intelligamus
1887 2745 1980 2780 hanc
1995 2743 2223 2790 praecessisse
2244 2743 2487 2789 prophetiam,

1440 2806 1535 2853 quod
1550 2807 1587 2842 in
1607 2817 1650 2842 eo
1674 2806 1764 2842 fines
1783 2816 1907 2851 regum
1925 2805 2043 2841 suerat
2061 2809 2293 2850 porrecturus
2306 2809 2342 2840 et
2361 2803 2491 2838 dilata-

1439 2872 1543 2902 turus
1563 2866 1746 2908 Salomon,
1768 2866 1811 2901 de
1825 2876 1896 2910 quo
1917 2866 1967 2901 ita
1987 2866 2161 2910 scriptum
2184 2868 2262 2898 est:
2286 2874 2297 2895 ‹
2320 2863 2366 2898 Et
2384 2872 2491 2898 omne

1442 2927 1663 2973 propositum
1679 2926 1881 2962 Salomonis
1894 2927 1988 2973 quod
2003 2926 2244 2962 destinaverat
2261 2925 2438 2961 aedificare
2454 2925 2491 2959 in
2527 2926 2530 2927 ’

1440 2988 1654 3031 Jerusalem,
1671 2994 1706 3024 et
1720 2988 1872 3032 Libano,
1897 2993 1934 3024 et
1959 2988 1995 3023 in
2020 2988 2117 3024 omni
2137 2993 2235 3024 terra
2253 2985 2492 3034 possessionis
2518 3005 2521 3006 ν

1442 3059 1537 3092 suae;
1556 3049 1673 3084 omnis
1690 3049 1842 3094 populus
1870 3048 1931 3094 qui
1950 3048 2141 3084 derelictus
2166 3053 2222 3085 est
2249 3058 2270 3083 a
2289 3047 2433 3083 Cethaeo
2456 3051 2492 3082 et
2526 3039 2530 3041 ’

1440 3109 1665 3152 Amorrhaeo,
1683 3115 1719 3145 et
1731 3110 1936 3154 Pherezaeo,
1954 3115 1990 3146 et
2010 3109 2153 3152 Hevaeo,
2180 3113 2216 3145 et
2237 3107 2412 3149 Jebusaeo,
2431 3105 2494 3152 qui
2524 3122 2529 3125 -

1443 3182 1515 3207 non
1535 3176 1639 3206 erant
1657 3182 1701 3206 ex
1718 3171 1844 3214 lsrael,
1861 3171 1896 3206 id
1915 3175 1983 3214 est,
2007 3180 2051 3205 ex
2077 3170 2160 3206 filiis
2178 3179 2303 3205 eorum
2323 3169 2385 3214 qui
2403 3167 2494 3203 resi-

1443 3231 1503 3266 dui
1522 3238 1625 3266 erant
1646 3242 1729 3266 cum
1746 3232 1799 3267 eis
1822 3232 1857 3266 in
1877 3236 1974 3266 terra
1986 3256 1996 3272 ,
2014 3239 2105 3274 quos
2132 3238 2204 3264 non
2221 3237 2492 3263 consummave-

1442 3296 1524 3326 rant
1544 3291 1607 3326 filii
1622 3291 1744 3325 lsrael.
1759 3290 1803 3324 Et
1819 3289 2022 3335 subJugavit
2041 3298 2104 3323 eos
2127 3287 2297 3323 Salomon
2317 3287 2354 3321 in
2373 3286 2490 3322 tribu·
2525 3294 2536 3326 ἶ

1441 3357 1517 3388 tum
1535 3361 1650 3397 usque
1669 3351 1704 3386 in
1725 3351 1819 3386 diem
1845 3350 1939 3386 hane
1959 3348 2038 3396 (III
2054 3347 2138 3394 Req.
2159 3346 2226 3395 lx).
2253 3360 2265 3381 ›
2290 3347 2384 3383 Ecce
2402 3346 2492 3383 resi·
2529 3381 2535 3384 Α

1442 3413 1512 3449 dua
1533 3411 1746 3457 populorum
1763 3409 2055 3446 debellandorum
2076 3413 2183 3454 atque
2198 3407 2345 3444 omnino
2366 3417 2411 3444 ex
2426 3407 2491 3444 Dei

1441 3478 1621 3519 praecepto
1637 3470 1899 3516 perdendorum
1916 3467 2120 3515 subjugavit
2138 3467 2308 3504 Salomon
2322 3467 2361 3503 in
2375 3467 2492 3503 tribu-¹

1442 3654 1600 3702 possessi
1628 3657 1724 3690 sunt.
1751 3651 1862 3687 Paulo
1892 3655 1974 3696 post
2001 3655 2120 3687 autem
2149 3650 2199 3685 ita
2229 3649 2360 3696 legitur
2377 3659 2386 3684 :
2402 3658 2421 3683 -ι

1445 3718 1522 3750 erat
1551 3712 1738 3750 dominans
1769 3711 1807 3747 in
1843 3711 2010 3748 omnibus
2037 3709 2268 3758 regionibus,
2298 3714 2320 3745 a
2341 3708 2465 3744 flumin

1445 3784 1559 3823 usque
1577 3775 1623 3811 ad
1637 3778 1772 3810 terram
1789 3770 2018 3815 Philistum,
2036 3775 2074 3808 et
2085 3779 2201 3818 usque
2217 3770 2265 3807 ad
2273 3767 2423 3807 5·oeAE
2455 3820 2458 3823 Δ
