2540 4016
1599 0 1727 56 „-

130 154 198 198 us
742 150 1076 202 ExboSt'itoNES
1099 151 1145 194 ιΝ
1171 151 1437 196 LEVtthuM.
1465 179 1513 187 -
1536 160 1623 198 uu.
1652 161 1712 202 vt.
2237 172 2306 210 με,

122 235 212 280 mio,
233 236 294 286 qui
312 245 358 273 ex
377 235 491 278 nihilo
508 228 592 281 teci.
618 233 784 282 factaque
808 236 957 280 nutrivi,
979 241 1088 288 atque
1107 236 1185 271 haec
1201 233 1238 273 A
1253 235 1449 273 decidentia
1471 239 1708 285 conen-equetii,
1737 239 1799 276 sed
1819 246 2029 293 pauperibus
2057 254 2090 285 et
2116 252 2306 302 peregrinis

127 299 248 337 omnia
270 310 396 339 rursus
407 299 452 339 ad
470 297 704 345 indigentiam
724 298 886 344 redigere
906 298 1023 335 valeo.

175 358 216 396 Si
236 357 495 399 immolaverit&
519 358 670 397 hostiam
696 358 926 406 pacificorum
955 358 1120 403 Domino,
1143 364 1183 395 ut

127 419 172 454 sit
190 419 426 468 acceptabilis,
441 430 481 455 eo
500 419 556 455 die
569 430 637 467 quo
652 420 758 466 [uerit
777 419 976 464 immolata,
997 420 1182 456 comedetis

127 490 216 523 eam,
241 484 274 515 et
298 479 355 514 die
371 477 492 515 altero.
522 479 702 527 Quidquid
719 485 835 519 autem
855 480 1034 520 residuum
1059 480 1178 526 suerit,

125 539 160 574 in
175 539 266 574 diem
286 540 438 582 tertium,
459 540 538 586 ique
557 539 778 575 comburetis.
796 538 835 575 Si
853 540 929 586 quis
943 546 1019 586 post
1037 538 1180 576 biduum

124 598 310 634 comederit
327 611 370 635 ea:
391 611 432 636 ea
449 599 620 647 profanus
641 601 719 644 erit,
737 606 769 635 et
791 601 981 646 impietatis
1003 612 1081 636 reus
1100 612 1181 648 por-

123 658 210 692 tabit
233 658 452 705 iniquitatem
468 672 582 703 suam,
605 661 687 708 quia
704 667 866 697 sanctum
881 661 1022 696 Domini
1041 661 1179 708 polluit,

122 722 155 752 et
179 718 306 762 peribit
329 720 448 754 anima
465 719 527 754 illa
555 720 598 755 de
623 719 749 767 populo
777 731 852 756 suo.
882 720 954 768 (Ex
975 719 1178 766 Hesychio.)

122 775 247 813 Omnia
267 779 433 823 quidem,
455 787 494 815 ut
511 780 559 815 ita
581 780 713 823 dicam,
736 779 876 826 Moyses
897 779 984 826 legis
1005 779 1175 824 capitula,

120 838 176 874 bis
192 844 317 885 terque
330 840 460 886 populo
477 842 647 887 praecepit
666 854 673 876 :
692 840 870 886 frequenti
888 840 1083 876 traditione
1101 851 1177 876 me-

120 899 274 936 moriam
294 910 419 936 eorum
443 901 667 937 auditoribus
686 900 880 947 profligans
893 927 902 943 ,
925 899 1037 936 multo
1061 901 1176 946 magis

120 967 242 998 tamen
260 963 428 998 mandata
447 973 526 1008 quae
540 963 787 998 necessariora
804 968 900 1005 sunt,
922 963 1015 998 sicut
1033 968 1068 998 et
1081 973 1175 1008 prae-

119 1033 202 1059 sens
231 1023 439 1059 mandatum
455 1049 464 1065 ‚
497 1027 644 1068 propter
670 1023 764 1068 quod
783 1029 819 1059 et
846 1023 931 1059 illud
950 1034 1172 1070 proponens,

116 1084 256 1132 pridem
287 1093 368 1119 cum
394 1083 438 1119 de
463 1084 652 1120 sacrificiis
678 1085 907 1131 praeciperet,
938 1096 1020 1122 cum
1049 1092 1083 1122 et
1106 1097 1171 1123 nos

77 344 110 366 *U

1207 334 1214 341 ¹,
1255 297 1431 343 carpenda
1450 296 1602 334 dimittes
1627 308 1640 332 .·
1662 298 1739 346 qu
1766 300 1939 340 Dominus
1969 302 2061 345 Deus
2089 316 2208 350 neeges,
2235 311 2308 360 (Ex

1254 354 1462 406 Hesychia.)
1481 357 1567 395 Vult
1581 357 1767 405 legislator
1783 366 1824 395 ut
1840 371 1908 398 nos
1925 361 2082 401 invicem
2102 364 2306 419 diligamus,

1251 423 1506 466 amatoresque
1523 430 1724 468 pauperum
1745 432 1814 459 nos
1833 430 1915 459 esse
1932 423 2129 471 desiderat,
2150 434 2309 478 semper.

1249 489 1319 526 que
1339 479 1575 528 eleemosynae
1591 482 1747 527 studere,
1769 494 1866 519 nune
1884 484 2030 531 quidem
2057 486 2184 525 dantes
2201 495 2310 536 egeli-

1249 539 1357 584 tibus,
1376 552 1472 577 nunc
1492 547 1611 579 autem
1634 553 1706 579 non
1728 543 1913 591 exigentes
1932 555 2012 592 quae
2029 545 2134 584 nobis
2162 548 2303 593 debent,

1248 602 1312 638 sed
1346 607 1383 637 et
1408 603 1649 639 concedentes
1675 604 1729 640 eis
1757 604 1928 651 colligere
1957 616 2192 654 quascunque
2223 611 2309 647 reli-

1248 662 1351 708 quias
1368 662 1531 698 omnium
1544 663 1721 701 bonorum
1737 675 1817 712 quae
1832 676 1852 700 a
1864 665 1939 702 Deo
1956 670 2042 703 sunt
2057 668 2188 705 donata
2203 671 2307 708 nobis

1246 723 1461 768 repererint,
1485 727 1522 759 et
1550 723 1685 760 imitari
1710 735 1806 768 eum,
1824 726 1886 772 qui
1901 725 2051 763 donavit
2077 739 2149 765 non
2167 734 2306 769 tantum

1245 783 1540 828 misericordem,
1561 785 1623 821 sed
1643 790 1678 821 et
1696 786 1758 831 qui
1781 787 1901 822 multae
1918 787 2162 826 miserationis
2180 795 2236 826 est
2253 796 2307 827 at-

1245 853 1315 889 que
1339 844 1491 888 (licitur;
1513 850 1549 881 et
1566 851 1756 891 propterea
1778 852 1957 884 metentes
1978 854 2039 884 aut
2058 850 2206 886 omnino
2226 851 2305 887 vin—

1244 905 1464 950 demiantes,
1486 906 1619 943 iterare
1638 908 1765 943 eodem
1782 914 1945 955 tempore
1968 909 2082 956 ipsam
2099 921 2302 948 messuram

1243 966 1534 1013 vindemiamque
1568 978 1639 1005 non
1666 970 1852 1015 praecepit,
1885 971 1947 1006 sed
1970 981 2037 1008 nec
2061 982 2106 1008 ex
2129 977 2205 1009 toto
2226 983 2303 1010 me-

1243 1028 1331 1067 tere,
1356 1030 1418 1060 aut
1436 1026 1659 1063 vindemiare
1683 1029 1858 1070 sancivit,
1886 1029 1950 1065 sed
1970 1031 2176 1076 relinquere
2195 1042 2303 1078 quas-

1241 1085 1323 1121 dam
1345 1087 1550 1122 omnimode
1582 1090 1743 1134 pauperi,
1767 1094 1803 1125 et
1830 1091 2013 1137 proselyto
2043 1093 2086 1129 de
2120 1095 2300 1131 messione

114 1143 219 1190 plene
248 1144 292 1179 de
314 1144 382 1180 hoc
406 1144 442 1179 in
468 1145 585 1190 primo
608 1145 701 1181 libro
729 1145 834 1190 hujus
864 1146 1034 1183 Leviticae
1060 1148 1172 1184 inter-
1192 1129 1224 1169 Β
1242 1151 1278 1181 et
1299 1146 1479 1181 vindemia
1502 1147 1687 1192 reliquias,
1703 1154 1740 1184 et
1759 1149 1835 1185 Deo
1854 1151 1916 1195 qui
1935 1149 2075 1188 fructus
2091 1152 2187 1197 ipsos
2213 1154 2300 1190 oriri

113 1204 326 1251 pretationis
351 1204 588 1241 discussimus
611 1218 619 1240 :
644 1216 728 1242 ecce
755 1216 848 1242 nunc
876 1218 1003 1243 rursus
1024 1209 1169 1254 recapi-

115 1266 265 1310 tulavit,
286 1273 325 1302 ut
344 1272 379 1303 et
404 1277 470 1303 nos
494 1267 656 1304 breviter
676 1269 955 1314 recapitulemus
977 1279 1056 1314 quae
1087 1277 1171 1306 tunc

113 1327 290 1373 permulta
309 1327 479 1366 diximus.
506 1328 732 1365 Sacrificium
757 1330 853 1365 enim
872 1330 1026 1366 salutare
1042 1331 1170 1366 immo-

113 1384 180 1424 lari
198 1389 412 1435 praecipiens
427 1417 435 1433 ,
458 1390 575 1436 ipsum
594 1396 692 1425 recte
713 1390 851 1434 innuit,
881 1391 916 1426 in
936 1400 1006 1436 quo
1030 1401 1071 1426 ea
1091 1402 1170 1437 quae

111 1449 295 1496 pertinent
316 1450 360 1486 ad
379 1450 531 1486 salutem
551 1461 745 1496 operamur
765 1463 771 1484 :
794 1450 878 1485 huic
902 1456 1036 1493 autem,
1061 1456 1101 1486 ut
1123 1452 1170 1487 sit

112 1510 312 1556 placabilis,
334 1517 473 1558 oportet
493 1512 670 1548 immolari
695 1521 703 1547 :
724 1513 800 1548 haec
824 1513 947 1557 utique
962 1513 1169 1550 omnimodo

113 1578 372 1618 assequentes,
400 1584 479 1619 quae
519 1573 750 1620 acceptabilia
781 1574 853 1610 Deo
885 1581 982 1610 sunt.
1018 1575 1068 1610 De
1098 1585 1169 1621 quo

112 1633 201 1672 dixit
218 1633 364 1676 Paulus,
383 1644 463 1670 cum
484 1634 662 1679 quomodo
678 1640 860 1679 oporteret
880 1635 1024 1680 assequi
1045 1645 1165 1671 remo-

111 1700 186 1732 tam
214 1699 250 1730 et
273 1694 432 1740 quietam
461 1694 571 1729 vitam
599 1695 634 1730 in
654 1694 750 1731 omni
776 1695 909 1740 pietate
933 1701 968 1731 et
994 1695 1166 1742 pudicitia

111 1755 301 1792 Timotheo
324 1756 508 1799 scribens,
542 1756 698 1792 ostendit
720 1769 727 1790 :
749 1755 826 1791 Hoc
853 1757 979 1792 boumn
1010 1764 1042 1792 et
1070 1768 1167 1792 aece-

108 1822 205 1864 ptum
221 1828 338 1852 eoram
355 1815 536 1852 Salvatore
555 1823 671 1852 nostro
690 1817 778 1860 Deo,
793 1818 852 1864 qui
871 1829 986 1853 omnes
1007 1818 1165 1853 homines

108 1877 181 1915 vult
215 1876 328 1913 salvos
351 1877 448 1922 fieri,
479 1883 510 1912 et
543 1877 588 1912 ad
618 1877 830 1924 (catlitionem
861 1878 1018 1912 veritatis
1049 1879 1164 1913 venire

108 1936 145 1986 (Ι
172 1937 262 1974 Tim.
291 1937 345 1986 ιι).
380 1937 575 1978 Comedere
608 1943 728 1973 autem
754 1937 798 1974 de
827 1928 1007 1974 sacrificio
1037 1948 1079 1973 eo
1105 1937 1163 1973 die

109 2011 180 2048 quo
199 1999 423 2038 immolatum
439 2006 507 2043 est,
526 2006 562 2036 et
584 1999 665 2041 alio,
690 2005 759 2043 est,
782 2005 820 2034 ut
842 1999 876 2036 in
898 1999 1066 2045 praesenti
1087 2000 1160 2035 vita
1178 2028 1209 2070 C

108 2073 331 2111 quaecunque
349 2063 394 2099 ad
417 2062 568 2098 salutem
588 2061 793 2107 pertineant
811 2071 1001 2107 operemur
1023 2073 1031 2096 ε
1054 2061 1160 2097 hodie

109 2129 228 2160 autem
249 2128 285 2160 et
299 2123 495 2159 crastinum
516 2122 551 2158 in
569 2121 737 2168 praesenti
756 2120 886 2158 saeculo
898 2148 906 2164 ‚
926 2120 1045 2157 divina
1063 2120 1161 2156 Seri-

109 2188 213 2230 ptura
233 2183 324 2219 solet
336 2182 513 2230 accipere.
534 2181 583 2217 De
599 2192 668 2228 qua
685 2192 724 2217 re.
746 2187 874 2217 testem
888 2180 1061 2217 Jacobum
1077 2191 1161 2227 pro-

109 2245 284 2283 ducamus
315 2243 543 2287 scribentem,
572 2243 661 2278 Eece
691 2253 783 2278 nune
807 2242 865 2290 qui
896 2242 1025 2286 dicitis,
1057 2241 1160 2277 hodie

108 2312 169 2347 aut
179 2305 329 2342 crastino
343 2305 468 2341 ibimus
487 2305 522 2342 in
537 2304 635 2341 illam
650 2305 838 2348 civitatem,
855 2309 923 2340 etc.
939 2303 1076 2352 (Jacob.
1094 2304 1157 2351 1v).

107 2367 190 2405 Dies
215 2371 335 2403 autem
365 2367 467 2403 tertia
494 2366 576 2412 quia
600 2366 637 2401 in
663 2366 740 2411 ipsa
771 2376 790 2400 a
813 2365 964 2401 mortuis
986 2364 1160 2401 Dominus

107 2433 230 2466 noster
252 2427 467 2470 resurrexit,
493 2426 643 2473 figuram
662 2425 773 2462 futuri
792 2426 913 2462 saeculi
939 2431 975 2462 et
1000 2432 1160 2461 mortuo-

106 2500 186 2530 rum
214 2488 490 2528 resurrectionis
506 2487 614 2534 gerit,
634 2487 670 2523 in
691 2497 762 2534 quo
780 2485 856 2533 jam
877 2497 948 2522 non
972 2485 1055 2522 licet
1075 2495 1161 2531 ope-

107 2552 196 2595 rari,
213 2551 277 2588 sed
291 2552 352 2598 qui
369 2561 464 2593 nunc
482 2550 620 2596 operati
631 2554 716 2592 sunt
734 2549 809 2584 illic
822 2548 868 2584 ad
884 2547 1159 2584 retributionem

106 2612 270 2651 veniunt.
287 2610 355 2656 Qui
370 2621 454 2657 ergo
472 2611 524 2646 sic
534 2611 593 2646 hic
608 2609 709 2652 vivit,
726 2613 894 2652 tanquam
910 2603 984 2641 illic
996 2606 1160 2651 quaedam

105 2672 335 2720 praesentium
364 2675 579 2719 operaturus
608 2670 676 2712 sit,
703 2674 740 2704 et
759 2672 951 2714 propterea
971 2666 1159 2703 comedere

106 2732 212 2768 tertia
230 2731 287 2767 die
307 2729 525 2767 sacrificium
546 2728 780 2776 pacificorum
794 2755 803 2772 ,
832 2727 908 2764 sive
928 2726 1086 2763 salutare
1108 2726 1160 2763 di-

105 2793 213 2836 citur,
233 2801 323 2838 opus
341 2795 509 2826 attrectat
528 2799 548 2825 a
569 2789 772 2835 legislatore
789 2788 1024 2834 prohibitum,
1044 2787 1159 2822 virtu-

105 2859 178 2890 tem
196 2851 446 2900 imperfectam
466 2850 684 2897 relinquens,
712 2849 810 2886 velut
833 2849 919 2886 illuc
942 2854 1158 2894 operaturus

106 2915 166 2964 sit,
192 2919 229 2951 et
250 2912 356 2959 huJus
382 2906 599 2955 sacrificium
631 2911 834 2948 rectissime
868 2915 1052 2957 acceptum
1085 2920 1156 2946 non
1174 2927 1210 2968 D

106 2979 174 3018 est,
195 2984 263 3011 nec
277 2973 353 3011 vita
370 2977 533 3010 correcta
552 2976 607 3008 est
622 2999 631 3015 ,
652 2971 717 3008 sed
740 2971 802 3018 qui
817 2969 925 3007 talem
942 2969 1156 3016 sibimetipsi

105 3039 275 3081 operatur
289 3033 473 3076 virtutem,
495 3031 724 3078 iniquitatem
741 3040 845 3067 suam
868 3031 1039 3077 portabit,
1057 3030 1156 3077 prius

103 3094 251 3146 quidem
277 3093 484 3140 imperfecte
503 3103 672 3140 operans,
695 3091 826 3129 deinde
844 3097 884 3127 ut
902 3092 1073 3139 ingerens
1097 3102 1157 3128 ca-

105 3153 280 3191 lumniam
295 3152 425 3189 divinae
442 3148 526 3201 legi,
546 3157 582 3194 et
597 3152 725 3200 dogma
743 3151 984 3188 disseminans
1003 3151 1156 3198 impium

106 3219 214 3264 atque
231 3213 401 3252 alienum.
427 3212 546 3265 Hujus
568 3213 685 3249 anima
709 3212 832 3260 peribit
857 3212 898 3248 de
915 3211 1043 3260 populo
1065 3223 1155 3255 suo;

96 3270 144 3324 jn
165 3276 296 3325 populo
318 3280 440 3313 autem
459 3275 520 3322 qui
541 3274 699 3312 salvetur
718 3285 790 3312 non
810 3274 1052 3318 ordinabitur,
1073 3274 1157 3321 quia

105 3338 252 3387 reliquit
263 3337 511 3386 imperfectam
525 3336 652 3382 vitam,
667 3347 747 3390 quae
762 3346 844 3373 eum
861 3335 1002 3373 salvare
1015 3340 1158 3383 poterat

103 3399 139 3450 §i
154 3410 238 3441 flam
254 3404 553 3444 consummasset.

44 3459 57 3468 '
528 3456 678 3499 CAPUT
698 3458 740 3496 11.

102 3520 161 3574 ste
176 3532 369 3567 nannetum
386 3520 421 3566 el
433 3517 800 3603 perquzgztgpoecura
818 3523 970 3566 tempore
986 3518 1107 3555 messis
1127 3524 1159 3554 et

119 3615 375 3694 ὼῶιῡὴῼιω
387 3640 573 3684 messueris
583 3645 713 3688 seqetes
724 3644 826 3679 terroe
836 3645 992 3683 tuoe,non
1002 3639 1158 3675 tondebis

110 3700 285 3750 Qud
326 3753 331 3758 ⁸
358 3706 434 3754 um,
450 3711 556 3756 super
569 3699 696 3751 faciem
716 3687 832 3743 dirae,
858 3711 919 3736 uec
945 3706 1158 3736 remanentes

113 3759 230 3800 enicas
246 3769 287 3798 eo
389 3771 404 3809 ς
429 3758 537 3811 ireque
556 3765 594 3800 in
619 3761 720 3799 tinea
737 3763 800 3799 tua
813 3765 970 3798 racemos
988 3766 1020 3796 et
1043 3767 1156 3807 arana

4 3886 76 4016 Li

1240 1205 1345 1249 facit,
1368 1207 1586 1252 operatoriis
1605 1209 1804 1254 gratiarum
1825 1211 2028 1248 actionibus
2051 1223 2297 1259 compensare.

1239 1266 1389 1314 Mystice
1407 1277 1494 1312 ergo
1511 1278 1577 1314 per
1602 1279 1643 1304 ea
1660 1279 1739 1314 quae
1762 1281 1859 1306 nunc
1880 1271 1974 1307 dicta
1995 1278 2093 1316 sunt,
2116 1272 2300 1320 legislator

1239 1329 1446 1365 doctoribus
1477 1329 1682 1366 Judaeorum
1717 1333 1889 1378 praecepit
1923 1342 2151 1379 nequaquam
2187 1335 2297 1371 totius

1237 1389 1326 1434 legis
1356 1389 1687 1434 interpretationem
1720 1402 1782 1428 eos
1813 1398 2033 1436 attrectare,
2069 1395 2133 1430 sed
2167 1395 2296 1431 cedere

1237 1450 1399 1495 quaedam
1428 1452 1576 1496 pauperi
1605 1457 1640 1486 et
1662 1453 1866 1500 proselyto,
1893 1455 2103 1491 doctoribus
2127 1454 2295 1492 videlicet

1236 1510 1398 1555 gentium
1433 1522 1440 1545 :
1475 1510 1656 1557 Paupcres
1687 1513 1820 1549 etenim
1856 1514 1892 1549 hi
1924 1520 2019 1559 sunt,
2056 1516 2138 1561 quia
2165 1516 2294 1562 spiritu

1235 1581 1412 1617 pauperes
1439 1581 1519 1607 esse
1542 1573 1713 1617 praecepti
1738 1579 1840 1617 sunt,
1871 1575 1969 1610 etad
1988 1585 2051 1611 eos
2077 1575 2292 1611 dicebatur:

1235 1630 1336 1667 Beati
1349 1642 1519 1678 pauperes
1541 1632 1667 1678 spiritu
1681 1659 1691 1675 ,
1713 1634 1796 1679 quia
1826 1634 1979 1680 ipsorum
1997 1640 2047 1670 est
2067 1645 2210 1681 reanum
2230 1645 2294 1670 coe-

1234 1692 1348 1728 lorum
1375 1692 1517 1740 (Mutela.
1542 1691 1599 1740 v),·
1627 1693 1798 1739 proselyti
1821 1698 1942 1729 autem
1971 1698 2012 1729 ut
2037 1703 2135 1729 nunc
2159 1700 2291 1730 semet-

1233 1754 1330 1799 ipsos
1348 1755 1553 1800 cognationi
1575 1753 1729 1791 Abrahae
1746 1754 2023 1798 subinferentes,
2046 1760 2082 1790 et
2102 1755 2146 1790 ad
2171 1754 2286 1790 Deum

1234 1817 1460 1860 accedentes,
1477 1816 1584 1852 modo
1601 1825 1666 1862 per
1681 1816 1802 1852 fidem.
1819 1816 1914 1863 Ergo
1929 1817 1998 1851 hoc
2016 1816 2111 1861 quod
2130 1816 2260 1863 legitur
2277 1829 2285 1851 z

1233 1876 1315 1911 Non
1342 1877 1497 1919 occides,
1517 1888 1585 1912 non
1605 1876 1833 1920 adulterabis,
1861 1877 2012 1913 doceant
2031 1884 2066 1913 et
2080 1877 2287 1914 Judaeorum

1231 1937 1410 1979 doctores,
1429 1947 1650 1983 quaecunque
1661 1943 1780 1973 autem
1798 1938 2037 1974 neeessariam
2054 1940 2187 1975 habent
2203 1950 2290 1975 con-

1230 1997 1501 2042 templationem
1531 2002 1567 2033 et
1598 1998 1934 2044 interpretationem
1954 2026 1962 2042 ,
1997 1998 2108 2035 veluti
2134 2009 2178 2035 ea
2208 2010 2287 2045 qua„¹

1230 2064 1313 2094 sunt
1334 2059 1377 2095 de
1401 2059 1709 2103 mundationibus,
1726 2059 1770 2095 de
1790 2060 1978 2096 sacrificiis
1996 2066 2032 2095 et
2054 2061 2124 2096 alia
2141 2061 2286 2104 similia,

1228 2119 1438 2156 doctoribus
1455 2120 1626 2156 Ecclesiae
1641 2122 1783 2157 cedant.
1803 2121 1846 2156 Et
1858 2131 1937 2166 quae
1952 2121 2124 2157 decidunt
2137 2121 2179 2157 de
2192 2131 2288 2158 mes·-

1227 2191 1312 2219 sura
1335 2191 1483 2226 eorum,
1503 2183 1539 2218 id
1566 2188 1633 2227 est,
1657 2193 1879 2229 quaecunque
1902 2188 2057 2219 cernunt
2082 2193 2143 2219 eos
2171 2187 2271 2219 trans

1229 2243 1453 2290 gredientia,
1482 2254 1562 2290 quae
1585 2244 1753 2280 videlieet
1779 2245 1957 2290 ignorant.
1979 2244 2052 2281 Hos
2077 2254 2163 2291 ergo
2186 2255 2288 2281 race-

1227 2312 1306 2339 mos
1330 2303 1473 2340 sibimet
1488 2303 1656 2350 colligere
1672 2303 1784 2340 Judaei
1803 2305 1888 2340 etin
1905 2305 1979 2341 suis
1994 2305 2127 2340 divitiis
2145 2306 2288 2341 thesau—

1229 2367 1346 2402 rizare
1366 2377 1438 2402 non
1461 2371 1632 2412 possunt,
1654 2367 1739 2412 quia
1758 2377 1883 2403 eorum
1904 2367 2013 2402 vitam
2032 2367 2181 2402 minime
2201 2371 2284 2403 sunt

1229 2426 1348 2470 zelati,
1378 2428 1526 2473 pauperi
1552 2433 1672 2463 autem
1701 2437 1763 2463 eos
1788 2433 1823 2463 et
1850 2427 2033 2475 proselyto
2061 2427 2282 2472 relinquunt.

1227 2487 1420 2523 Nobiscum
1453 2487 1549 2523 enim
1580 2492 1663 2523 sunt
1686 2487 1888 2533 prophetae,
1920 2491 1956 2522 et
1993 2490 2168 2532 quotquot
2195 2486 2283 2534 justi

1229 2550 1322 2596 apud
1341 2548 1511 2597 populum
1533 2547 1724 2585 Judaicum
1753 2547 1911 2591 fuerunt,
1942 2548 2122 2582 intantum
2141 2550 2182 2583 ut
2204 2557 2282 2584 me-

1227 2612 1352 2647 moriae
1379 2621 1502 2647 eorum
1534 2621 1555 2646 a
1584 2610 1686 2646 nobis
1715 2609 1820 2645 annis
1848 2608 1997 2655 singulis
2031 2609 2281 2652 honorentur,

1228 2673 1323 2719 quod
1341 2673 1433 2718 apud
1444 2672 1524 2708 illos
1555 2681 1627 2707 non
1646 2670 1699 2714 fit,
1716 2675 1756 2706 ut
1773 2669 2021 2716 experimento
2045 2672 2284 2716 cognoscatur

1227 2734 1424 2770 veridicum
1440 2733 1602 2770 divinum
1620 2731 1818 2778 eloquium.

1639 2791 1791 2830 CAPUT
1815 2791 1872 2827 111.

1230 2855 1418 2891 Ponuntur
1445 2854 1612 2891 mandata
1627 2882 1637 2898 ,
1671 2859 1702 2889 et
1725 2854 1877 2900 exigitur
1893 2853 2030 2899 justum
2055 2852 2097 2889 de
2123 2852 2282 2899 proximo

1650 2900 1839 2947 judicium.

1274 2962 1392 3011 (lum.)
1430 2962 1514 2999 Non
1538 2962 1673 3008 facietis
1695 2962 1851 3008 furtum,
1874 2973 1944 2998 non
1967 2961 2197 3004 mentiemini,
2222 2970 2282 3011 nee

1227 3025 1373 3071 decipiet
1387 3024 1623 3072 unusquisque
1641 3024 1839 3070 proximum
1862 3033 1982 3066 suum,
2003 3033 2070 3058 non
2088 3021 2281 3068 perjurabis

1225 3087 1263 3123 in
1286 3087 1424 3122 nomine
1441 3097 1530 3122 meo.
1552 3084 1635 3121 Non
1659 3084 1791 3132 pollues
1812 3095 1935 3119 nomeu
1949 3083 2012 3119 Dei
2036 3083 2087 3118 tui
2107 3095 2118 3118 .-
2135 3093 2196 3128 eqo
2211 3081 2282 3115 Do-

1226 3148 1356 3182 minus.
1374 3146 1454 3194 (Ex
1473 3145 1704 3193 Auqustino.)
1733 3145 1822 3180 lllnd
1847 3145 1892 3180 de
1918 3144 2013 3179 furto
2039 3143 2195 3189 positum
2227 3146 2281 3176 est

1228 3209 1267 3244 in
1286 3208 1463 3255 Deealogo
1484 3219 1492 3243 :
1512 3207 1615 3252 Quod
1641 3211 1759 3242 autem
1777 3205 1886 3247 dicit,
1912 3213 2027 3248 nequo
2042 3200 2279 3243 mentiemini,

1213 3279 1347 3315 <neque
1373 3268 1590 3306 calumniam
1610 3267 1719 3303 faciet
1739 3264 1984 3309 unusquisque
2008 3260 2186 3306 proximo,
2213 3258 2280 3295 mi-

1229 3341 1310 3367 rum
1332 3331 1362 3366 si
1379 3340 1451 3366 uon
1468 3339 1512 3366 eo
1530 3332 1708 3375 praeeepto
1722 3325 1929 3362 continetur
1941 3322 2038 3367 quod
2052 3320 2102 3355 ibi
2123 3319 2279 3366 positum

1229 3398 1299 3436 est,
1324 3391 1447 3430 Neque
1471 3389 1600 3435 falsum
1620 3386 1855 3423 testimonium
1871 3384 1964 3418 dices
1980 3381 2147 3417 adversus
2161 3379 2264 3427 promi

1227 3462 1324 3487 mum
1339 3457 1451 3493 tuum,
1470 3449 1640 3495 quoniam
1660 3455 1778 3491 neque
1800 3443 1980 3480 calumnia
1997 3442 2075 3479 siue
2091 3440 2279 3479 mendacio

1229 3510 1310 3547 fieri
1329 3514 1470 3556 potest,
1499 3508 1595 3553 quod
1624 3506 1703 3542 falsi
1720 3503 1918 3541 testimonii
1941 3502 2176 3551 generalitate
2194 3513 2278 3540 eon-

1229 3571 1399 3608 cluditur.
1426 3569 1496 3605 Sed
1514 3573 1635 3603 utrum
1658 3568 1735 3603 haee
1756 3565 1875 3612 aliqua
1896 3565 2192 3612 compensatione
2213 3564 2278 3600 ad-

1230 3630 1405 3668 mittenda
1421 3629 1506 3671 sint,
1522 3638 1651 3674 magna
1665 3627 1818 3674 quaestio
1831 3631 1903 3670 est,
1919 3626 2013 3662 sicut
2032 3625 2077 3662 de
2092 3624 2278 3661 mandacio

1229 3701 1320 3739 pene
1345 3689 1511 3725 omnibus
1528 3688 1683 3731 videtur,
1711 3687 1807 3734 quod
1828 3686 1886 3723 ubi
1906 3694 2012 3722 nemo
2030 3685 2193 3728 laeditur,
2212 3695 2278 3732 pro

1227 3754 1344 3792 salute
1358 3751 1605 3788 mentiendum
1624 3755 1692 3786 est.
1721 3748 1851 3787 Utrum
1873 3756 1960 3798 ergo
1976 3747 2028 3786 itu
2045 3751 2087 3787 ο·
2097 3745 2145 3785 do
2157 3746 2278 3785 tuto?

1946 3910 1959 3928 Ι
