2540 4016
15 0 83 113 2!

15 247 17 251 ,
45 177 144 237 ω·

44 498 186 541 nemeti
217 496 322 545 panis
351 494 523 532 ferentes.
542 493 606 531 Isti
631 504 717 542 ergo
734 495 885 532 veniunt
914 495 959 531 ad
985 494 1108 533 lesum

47 570 137 600 mm
153 559 321 598 omnibus
341 557 580 594 vetustatibus
610 557 686 594 suis
716 562 753 594 et
773 563 879 594 orant
913 558 959 594 ab
978 567 1023 594 eo
1039 558 1110 595 hoc

52 626 194 660 tantum
213 625 254 656 ut
268 618 465 656 salventur.
483 618 523 654 ln
542 627 697 664 quorum
715 618 831 665 figura
851 617 922 655 tale
952 617 1043 654 mihi
1057 617 1110 654 vi-

54 683 160 721 detur
176 679 312 727 aliquid
328 679 481 716 ostendi.
501 678 594 715 Sunt
621 679 766 725 quidam
801 679 838 714 in
858 678 1019 714 Ecclesia
1037 686 1111 714 cre-

57 742 184 780 dentes
214 740 360 787 quidem
376 744 412 776 et
440 739 616 776 habentes
633 739 739 775 tidem
759 739 797 774 in
817 738 946 782 Deum,
977 743 1013 773 et
1052 746 1112 774 ac-

53 802 283 850 quiescentes
297 800 464 837 omnibus
487 800 617 837 divinis
639 800 841 846 praeceptis,
857 799 989 844 quique
1001 798 1111 834 etiam

35 871 142 910 ,erga
170 870 295 898 servos
328 860 394 897 Dei
433 860 592 907 religiosi
630 866 729 903 sunt,
757 864 795 896 et
815 858 952 895 servire
979 857 1031 893 eis
1051 867 1113 893 cu-

53 923 171 972 piunt,
199 923 263 959 sed
282 923 327 958 ad
341 927 510 958 ornatum
527 922 699 957 Ecclesiae
715 921 773 957 vel
800 918 1040 954 ministerium
1061 929 1113 954 sa—

54 984 103 1020 tis
121 984 256 1030 promti
275 988 312 1019 et
332 982 405 1028 apti
434 992 507 1018 non
532 986 629 1023 sunt,
651 981 688 1015 in
709 980 847 1015 actibus
868 978 942 1013 suis
976 983 1013 1013 ct
1031 988 1113 1014 con*

33 1043 261 1081 -versatione
295 1043 442 1089 propria
461 1041 607 1077 obsceni
629 1041 718 1076 satis
751 1044 786 1075 et
818 1040 915 1075 intus
951 1040 1111 1083 involuti,

56 1114 125 1141 nec
142 1103 289 1140 omnino
309 1103 529 1147 deponentes
552 1107 711 1136 veterem
730 1100 913 1135 hominem
928 1110 1008 1135 cum
1029 1099 1114 1135 acti-

55 237 63 241 ἱ
668 178 905 219 GOHBOENT.
929 178 979 218 IN
1001 179 1176 224 Lmnun
1198 178 1429 223 ῙΟΒῘΙΕΓ-
1449 186 1536 226 LlB.
1556 184 1602 225 it.

10 270 14 272 ·
46 261 159 311 §quae
174 259 374 306 gestatores
406 253 486 292 neri
503 253 806 299 condemnantur,
823 255 870 292 ab
891 255 1101 303 obsequium
1118 265 1155 306 Α
1168 259 1324 297 mereri?
1345 259 1506 308 Denique
1522 262 1580 299 vis
1593 270 1701 300 nosse
1717 268 1827 309 qnam
1843 259 1950 310 digna
1967 277 2054 316 erga
2067 278 2132 310 ως
2160 272 2208 311 21,

10 359 11 362 Ἴ
45 317 190 377 muli,
212 322 250 354 et
269 314 392 351 altaris
411 313 476 351 Dei
493 312 748 357 ministerium,
768 313 939 359 quoniam
960 316 1104 361 quidem

15 400 18 401 ν
44 378 138 424 hun
160 377 244 416 dolo
259 381 298 413 et
323 375 521 413 ealliditate
538 378 771 411 accesserunt
801 374 847 410 ad
872 374 965 412 tilios
982 375 1104 421 lsrael,

20 438 182 493 Sip-nnis
214 441 252 474 et
268 433 523 473 calceamentis
552 433 735 471 veteribus
769 433 899 478 induti,
918 439 956 471 et
986 434 1109 472 cibum

2110 194 2206 237 tota

1171 317 1256 356 lesu
1285 325 1432 367 propter
1459 320 1718 368 ignobilitatem
1745 321 1877 359 mentis
1902 332 2026 364 eornm
2051 331 2209 371 maino

1173 379 1380 426 dispensata>
1405 386 1474 425 est,
1501 382 1570 428 ipsi
1601 382 1726 418 dicunt
1753 381 1792 417 in
1811 383 2040 428 sequentibus
2053 397 2066 423 ι
2086 399 2101 423 e
2119 389 2211 434 Quia

1174 439 1378 477 audivimus
1390 448 1527 487 quanta
1543 442 1631 478 t'ecit
1647 441 1822 478 Dominus
1836 441 1939 478 vobis
1955 452 2020 490 per
2034 454 2134 483 mare
2142 448 2214 485 Ru-

1173 499 1293 544 brum,
1313 499 1402 536 etin
1430 501 1586 539 deserto.
1604 515 1617 537 ι
1636 502 1782 538 Etcum
1799 502 1976 547 dicerent,
1993 508 2030 540 et
2057 505 2151 542 scire
2180 513 2218 544 et

1176 559 1320 597 audisse
1338 569 1379 597 se
1399 559 1529 597 divinis
1559 561 1783 598 mirabilibus
1803 561 2018 606 faterentur,
2047 563 2138 600 nihil
2167 571 2217 602 ta—

1175 630 1259 658 men
1277 621 1347 657 fide
1365 621 1482 668 digne,
1499 621 1589 657 nihil
1604 627 1784 658 tantarum
1796 623 1970 659 virtutum
1985 624 2222 663 admiratione

1177 688 1385 728 gesserunt;
1402 689 1437 718 et
1452 683 1533 719 ideo
1545 683 1671 719 videns
1689 690 1878 731 angustum
1898 694 2024 720 eorum
2041 684 2224 730 exiguum-

1178 753 1247 789 que
1263 744 1486 790 propositum
1506 744 1542 779 in
1561 743 1642 788 fide,
1660 744 1943 781 moderationem
1967 755 2054 792 erga
2073 755 2135 782 eos
2149 745 2225 792 jus-

1178 804 1354 840 tissimam
1373 809 1507 847 servat,
1523 810 1563 840 ut
1582 804 1731 841 salutem
1745 810 1982 848 mererentur,
2000 805 2061 851 qui
2074 814 2224 851 parvum

1178 864 1263 900 licet
1280 863 1363 900 fidei
1382 865 1597 908 detulerunt,
1631 875 1697 902 nec
1716 870 1834 902 tamen
1854 876 2031 902 summam
2049 866 2148 912 regni
2168 867 2224 903 vel

1179 926 1355 962 libertatis
1374 927 1592 973 acciperent,
1609 938 1674 973 pro
1693 937 1735 964 eo
1755 929 1851 973 quod
1879 927 1966 964 fides
1987 938 2112 964 corum
2128 928 2226 965 nullo

1180 995 1327 1030 opernm
1346 986 1597 1022 nobilitaretur
1616 996 1776 1022 accessu.
1812 987 1986 1031 Quoniam
2019 987 2124 1023 fidem
2148 988 2226 1024 sine

1181 1045 1348 1090 operibus
1368 1050 1547 1080 mortuam
1577 1045 1702 1079 haberi
1735 1046 1943 1089 pronuntiat
1963 1045 2114 1082 lacobus
2130 1046 2223 1092 (Jac.

1182 1099 1516 1149 11).'Verumta1nen
1551 1105 1734 1140 sciendum
1753 1111 1808 1140 est
1830 1111 2002 1150 qnantum
2033 1107 2227 1151 figurarum

56 1166 126 1202 hus
144 1163 218 1200 suis
240 1174 249 1199 ε
267 1168 304 1198 et
325 1163 419 1198 sicut
448 1162 506 1197 isti
536 1161 666 1207 pannis
690 1166 726 1196 et
742 1161 996 1196 calceamentis
1015 1166 1115 1196 vcte-
1131 1161 1164 1200 B
1183 1173 1227 1199 ex
1248 1162 1453 1208 hujusmodi
1490 1164 1820 1200 adumbrationibus
1842 1165 2047 1208 edocemur,
2085 1165 2179 1210 quod
2199 1164 2231 1201 si

57 1223 159 1260 ribus
174 1222 320 1263 obtecti,
342 1226 473 1267 praeter
485 1221 554 1256 hoc
573 1221 668 1266 quod
688 1221 724 1255 in
752 1221 864 1256 Deum
888 1220 1051 1262 credunt,
1078 1224 1114 1254 ct

57 1292 143 1329 erga
159 1292 282 1318 servos
300 1281 364 1316 Dei
397 1280 454 1316 vel
491 1280 661 1316 Ecclesiae
690 1280 825 1315 cultum
849 1280 1017 1314 videntur
1035 1287 1114 1314 csse

58 1342 190 1385 devoti,
213 1342 299 1378 nihil
317 1341 527 1377 adhibentes
552 1340 813 1377 emendationis
841 1340 896 1376 vel
920 1340 1116 1375 innovatio-

58 1403 116 1440 nis
134 1403 172 1439 in
193 1403 369 1438 moribus.
389 1401 470 1437 istis
491 1411 576 1446 ergo
594 1400 698 1436 Jesus
727 1401 900 1437 Dominus
920 1405 1043 1436 noster
1063 1409 1116 1435 sa-

0 1492 1 1506 ,
58 1463 170 1500 lutem
188 1463 354 1498 concedit
373 1462 538 1507 quidem:
561 1462 623 1497 sed
643 1461 906 1506 quodammodo
927 1460 1022 1495 salus
1039 1459 1115 1505 ipsa

0 1509 1 1531 ³
60 1534 186 1562 eorum
205 1530 329 1560 notam
368 1530 438 1560 no'n
473 1524 592 1560 evadit
627 1523 796 1559 infamiae.
819 1523 953 1559 Similis
975 1532 1116 1569 quoque

0 1613 1 1620 ,
61 1584 169 1622 etiam
185 1584 222 1619 in
235 1583 356 1620 libello
371 1584 432 1629 qui
454 1583 654 1630 appellatur
672 1582 845 1625 Pastoris,
866 1583 909 1619 dc
926 1583 982 1618 his
1003 1582 1116 1629 figura

62 1645 294 1688 describitur,
316 1645 366 1680 ait
382 1644 479 1681 enim
499 1655 507 1679 ε
530 1656 542 1677 ‹
567 1644 652 1688 Quae
684 1650 738 1679 est
767 1643 874 1679 arbor
893 1653 971 1689 quae
998 1642 1117 1679 ulmus

62 1705 273 1754 appellatur,
309 1715 389 1751 quae
408 1704 564 1740 fructum
589 1714 661 1739 non
692 1703 817 1746 affert;
852 1707 971 1749 portat
996 1707 1118 1738 tamen

61 1769 186 1806 vitem.
207 1777 286 1814 quae
301 1765 406 1804 affert
420 1766 614 1813 plurimum
634 1765 804 1808 fructum,
821 1775 865 1801 ex
885 1774 927 1800 eo
946 1764 1041 1810 quod
1060 1763 1119 1798 ad-

63 1829 236 1867 miniculo
255 1834 312 1866 est
328 1828 406 1871 viti,
429 1838 508 1874 quae
533 1826 610 1872 ejus
641 1827 777 1863 viribus
797 1826 930 1868 nitens,
946 1824 1003 1860 vel
1025 1823 1120 1861 serre

63 1891 121 1927 vel
134 1899 281 1927 servare
299 1890 495 1936 plurimum
510 1888 690 1931 sructum;
717 1900 729 1922 ›
752 1887 860 1924 etiam
891 1886 1021 1929 ulmus,
1041 1896 1120 1931 quae

63 1950 286 1988 infructuosa
306 1956 376 1994 est,
399 1949 605 1986 necessaria
636 1947 777 1984 videtur
794 1952 831 1983 et
860 1946 958 1981 utilis
992 1955 1036 1980 ex
1052 1945 1122 1981 hoc

64 2011 144 2057 ipso
156 2011 252 2057 quod
265 2010 458 2046 fructuosae
474 2009 654 2045 deserviat
666 2007 744 2042 viti.
766 2006 852 2041 Tale
866 2005 999 2050 aliquid
1011 2005 1120 2040 etiam

65 2071 223 2118 intellige
241 2071 276 2106 in
296 2069 520 2112 Gabaonitis,
539 2068 600 2114 qui
618 2077 690 2103 non
707 2066 950 2112 deposuerunt
975 2065 1120 2110 quidem
1140 2058 1169 2099 C

63 2135 225 2168 veterem
243 2129 426 2166 hominem
462 2138 545 2164 cum
564 2127 703 2164 actibus
734 2126 822 2169 suis,
845 2125 1053 2161 ministrant
1073 2130 1125 2159 ta-

65 2200 149 2228 men
166 2190 316 2232 sanctis,
335 2194 372 2225 et
392 2188 569 2231 serviunt,
591 2193 624 2223 et
647 2187 781 2233 aliquid
802 2185 967 2221 utilitatis
986 2186 1124 2230 impen-

66 2251 156 2287 dunt
175 2261 183 2284 :
206 2254 242 2285 et
262 2249 324 2284 tali
348 2249 504 2294 quodam
535 2248 661 2284 ordine
686 2248 730 2283 ab
748 2246 833 2282 Jesu
855 2246 1008 2282 salutem
1040 2256 1124 2282 cum

63 2309 260 2357 iuramenti
280 2308 553 2355 interpositione
574 2308 787 2354 suscipiunt.
805 2307 879 2354 Ego
899 2306 1064 2343 nolebam
1087 2307 1123 2343 in

66 2371 350 2408 Gabaonitarum
369 2371 497 2407 ordine
514 2371 666 2407 salutem
685 2369 870 2415 consequi,
887 2379 954 2405 nec
985 2369 1022 2404 in
1036 2367 1124 2415 ligni

67 2433 264 2471 caesoribus
282 2433 339 2471 vel
355 2443 457 2480 aquae
474 2433 714 2481 gestatoribus
737 2432 934 2474 numerari,
950 2433 1011 2468 sed
1029 2432 1125 2467 intra

66 2493 247 2531 Israelitas
266 2504 436 2540 cuperem
470 2493 720 2530 haereditatem
742 2498 850 2529 terrae
875 2492 1125 2538 repromissio-

67 2555 125 2592 nis
159 2556 337 2603 acciperc.
372 2555 646 2592 Observandum
673 2565 759 2591 sane
796 2560 851 2590 est
881 2554 974 2599 quod
1008 2553 1126 2589 solent

67 2616 230 2653 haeretici
250 2616 409 2662 legentes
426 2616 522 2652 hunc
556 2615 673 2651 locum
692 2615 909 2651 calumniam
933 2614 1065 2656 saccre,
1087 2613 1124 2649 hi

69 2677 130 2722 qui
164 2675 276 2712 Vetus
294 2675 566 2711 Testamentum
591 2685 663 2711 non
691 2674 882 2721 recipiunt,
901 2679 937 2710 et
968 2673 1090 2708 dicunt
1114 2685 1122 2708 :

68 2734 160 2772 vide
183 2735 364 2780 quomodo
391 2734 481 2770 nihil
504 2734 718 2771 humilitatis
749 2734 873 2769 habuit
893 2732 995 2769 Jesus
1031 2732 1126 2768 filius

69 2795 182 2839 Nave,
201 2800 240 2832 ut
260 2795 467 2832 hominibus
483 2795 544 2841 qui
564 2795 608 2831 ad
630 2805 668 2831 se
692 2795 870 2841 supplices
885 2800 1059 2831 venerant
1073 2804 1128 2830 sa-

69 2855 182 2893 lutem
201 2856 416 2898 concedens,
437 2860 558 2892 notam
575 2856 628 2892 eis
648 2856 803 2892 infamiae
821 2862 856 2891 ct
871 2856 996 2902 jugum
1017 2855 1126 2891 servi-

70 2917 158 2953 tutis
176 2916 366 2962 infligeret.
384 2915 469 2952 Haec
486 2916 516 2951 si
542 2916 641 2952 audit
657 2916 777 2951 anima
797 2916 917 2951 minus
947 2916 1125 2950 instructa

1182 1224 1242 1269 qui
1275 1223 1366 1259 tales
1396 1230 1478 1260 sunt
1509 1225 1544 1259 in
1578 1224 1682 1260 nobis
1696 1235 1847 1271 quorum
1870 1225 1957 1261 sides
1987 1226 2054 1261 boc
2078 1230 2231 1261 tantum·

1182 1283 1288 1319 modo
1303 1283 1409 1319 habet
1426 1289 1465 1319 ut
1488 1284 1532 1320 ad
1550 1285 1737 1320 ecclesiam
1754 1286 1887 1328 veniat,
1908 1295 2016 1331 scqnc
2043 1285 2230 1328 inclinent,

1183 1343 1297 1379 officia
1321 1345 1526 1387 exhibeant,
1552 1355 1675 1382 servos
1701 1346 1763 1381 Dei
1793 1347 1980 1388 honorent,
2002 1346 2046 1382 ad
2063 1352 2230 1382 ornatum

1184 1413 1324 1448 quoquc
1349 1403 1471 1439 altaris
1502 1404 1558 1439 vel
1577 1405 1736 1441 ecclesiae
1766 1405 1900 1451 aliquid
1920 1404 2124 1449 conserant;
2159 1414 2231 1441 non

1186 1468 1303 1498 tamen
1336 1464 1470 1498 habent
1490 1464 1646 1500 studium
1674 1470 1714 1500 ut
1742 1466 1849 1501 etiam
1883 1475 2002 1501 mores
2022 1475 2105 1501 suos
2126 1475 2233 1502 exco-

1185 1522 1275 1565 lant,
1293 1528 1393 1558 actus
1410 1523 1611 1565 emendent,
1637 1524 1724 1560 vitia
1744 1525 1935 1570 deponant,
1951 1526 2154 1562 castitatem
2172 1536 2233 1562 co-

1186 1583 1272 1626 lant,
1307 1584 1530 1620 iracundiam
1566 1584 1750 1631 mitigent,
1793 1585 1980 1620 avaritiam
2009 1586 2207 1631 reprimant
2220 1612 2232 1629 ,

1186 1644 1420 1689 rapacitatem
1438 1644 1631 1688 refrenent,
1655 1645 1863 1691 maliloquia
1881 1650 1916 1681 et
1939 1646 2160 1691 stultiloquia
2177 1646 2236 1682 vel

1187 1705 1437 1748 scurrilitates,
1466 1710 1501 1741 ct
1517 1706 1816 1742 obtrectationum
1848 1716 1985 1743 venena
2002 1716 2046 1742 ex
2077 1716 2140 1743 ore
2172 1716 2237 1743 suo

1187 1766 1370 1808 amittant;
1391 1766 1505 1802 sciant
1524 1766 1604 1809 sibi,
1626 1767 1709 1813 quia
1743 1766 1831 1803 tales
1864 1772 1947 1803 sunt
1966 1767 2026 1813 qni
2044 1767 2236 1804 emendare

1189 1835 1227 1861 se
1247 1825 1387 1868 nolunt,
1413 1826 1442 1861 si
1464 1826 1499 1861 in
1528 1826 1584 1862 his
1612 1828 1784 1873 usquead
1820 1833 2040 1864 senectutem
2070 1827 2236 1864 ultimam

1188 1887 1432 1931 pervenerint,
1446 1892 1586 1932 partem
1601 1893 1805 1934 sortemque
1823 1889 1867 1924 ab
1887 1887 1971 1925 Jesu
1990 1888 2140 1924 Domino
2154 1898 2237 1925 cum

1190 1947 1399 1984 Gabaonitis
1420 1958 1499 1984 esse
1519 1949 1758 1986 tribuendam.
1776 1950 1847 1997 (Ex
1868 1950 2035 1996 Isidoro.)
2058 1949 2163 1985 Tales
2176 1949 2239 1996 igi-

1192 2014 1249 2044 tur
1263 2010 1509 2046 tantummodo
1527 2012 1631 2056 quasi
1650 2011 1827 2057 quoddam
1845 2012 1970 2047 salutis
1987 2012 2126 2057 signnm
2144 2011 2238 2046 intra

1191 2071 1379 2107 ecclesiam
1414 2072 1660 2118 temporaliter
1693 2071 1900 2118 perferunt;
1935 2072 2028 2106 inter
2060 2071 2240 2106 israelitas

1191 2138 1323 2175 autem,
1345 2133 1381 2168 id
1395 2138 1462 2175 est,
1491 2133 1584 2168 inter
1598 2138 1741 2168 sanctos
1764 2132 1841 2174 Dei,
1855 2141 2005 2178 regnum
2020 2136 2190 2166 aeternum
2205 2134 2242 2165 et

1191 2192 1396 2229 libertatem
1416 2193 1563 2229 minime
1586 2197 1865 2238 consequuntur.

1240 2251 1357 2298 (lain.)
1380 2265 1391 2285 ι
1415 2253 1457 2287 Ει
1476 2263 1546 2288 non
1566 2257 1823 2298 percusserunt
1839 2261 1913 2294 eos,
1932 2262 1974 2287 eo
2003 2251 2097 2296 quod
2122 2250 2243 2295 inras-

1196 2322 1208 2344 ‹
1232 2315 1311 2346 sent
1319 2311 1371 2346 cis
1381 2311 1562 2356 principes
1573 2310 1808 2345 multitudinis
1818 2311 1853 2345 in
1870 2310 2014 2345 nomine
2022 2310 2161 2345 Domini
2176 2309 2241 2347 Dei

1196 2383 1207 2405 ι
1231 2370 1353 2406 lsrael.
1391 2370 1625 2405 Murmuravit
1660 2370 1779 2414 itaque
1814 2380 1919 2405 omne
1954 2369 2082 2415 vulgus
2112 2373 2239 2404 contra

1196 2442 1207 2464 ι
1231 2429 1431 2475 principes;
1463 2430 1523 2475 qui
1545 2429 1804 2475 responderunt
1833 2429 1885 2464 cis
1911 2442 1919 2463 :
1940 2428 2141 2464 Juravimus
2168 2427 2239 2464 illis

1196 2504 1208 2525 ‹
1235 2492 1269 2527 in
1290 2491 1433 2527 nomine
1449 2490 1590 2527 Domini
1606 2490 1670 2527 Dei
1683 2490 1805 2533 lsrael,
1826 2495 1861 2525 ct
1879 2490 2012 2525 idcirco
2027 2500 2097 2525 non
2113 2499 2238 2535 possu-

1196 2565 1208 2585 ‹
1233 2561 1313 2587 mus
1345 2561 1407 2586 eos
1424 2551 1646 2598 contingere,
1668 2564 1679 2584 ›
1698 2556 1766 2586 ete.
1784 2550 1856 2597 (Ex
1874 2549 2097 2597 Augustino.)
2119 2548 2238 2593 Quaeri

1192 2616 1310 2658 potest
1340 2613 1517 2657 quomodo
1545 2611 1764 2657 jurationem
1795 2612 2004 2647 servandam
2024 2621 2103 2647 esse
2122 2610 2239 2646 eredi-

1193 2672 1323 2707 derunt
1341 2671 1479 2706 Hebraei
1493 2671 1713 2714 Gabaonitis,
1728 2670 1858 2716 quibus
1877 2671 1927 2706 ita
1941 2671 2149 2716 juraverant
2161 2676 2240 2706 tan-

1193 2741 1301 2777 quam
1316 2731 1358 2766 de
1375 2730 1569 2777 longinqua
1581 2735 1675 2766 terra
1684 2730 1924 2772 venientibus,
1938 2730 2029 2765 sicut
2044 2729 2091 2764 illi
2101 2728 2240 2764 mentiti

1193 2791 1348 2826 fuerant.
1366 2789 1535 2826 Sciebant
1548 2791 1641 2827 enim
1658 2801 1696 2827 se
1711 2790 1940 2826 debellandos
1957 2790 1985 2826 si
1997 2790 2176 2836 cognitum
2187 2798 2236 2825 es·

1195 2857 1249 2888 set
1261 2850 1421 2886 Hebraeis
1439 2851 1474 2886 in
1487 2861 1529 2887 ea
1540 2857 1635 2887 terra
1647 2861 1708 2887 eos
1723 2851 1896 2894 habitare,
1906 2861 2012 2896 quam
2027 2850 2241 2896 promissam

1196 2913 1350 2957 fuerant,
1362 2912 1560 2949 interfectis
1570 2914 1826 2956 babitantibus,
1838 2913 2026 2949 retenturi.
2038 2911 2239 2947 Mentienti-

70 2977 109 3013 in
129 2976 324 3022 Scripturis
355 2976 498 3019 divinis,
517 2975 694 3012 infirmari
724 2976 894 3012 continuo
918 2979 955 3012 et
985 2974 1126 3022 pericli·
1141 2959 1178 2999 D
1194 2976 1263 3011 hus
1280 2985 1365 3021 ergo
1389 2975 1483 3020 quod
1506 2975 1550 3010 de
1563 2974 1755 3020 longinqua
1775 2979 1870 3009 terra
1896 2973 1940 3008 ad
1967 2982 2028 3008 eos
2043 2972 2240 3014 venissent,

52 3038 139 3110 Ἰιειιῐῆ
163 3041 294 3082 potest,
312 3041 353 3071 ut
372 3036 526 3082 refugiat
556 3027 769 3072 catholicam
794 3036 915 3072 tidem.
933 3035 1012 3071 Non
1029 3035 1125 3071 enim

0 3123 2 3138 ι
53 3098 273 3158 3intelligunt
303 3106 430 3133 corum
465 3098 727 3144 subreptiones.
754 3097 858 3133 Jesus
876 3098 972 3134 enim
1002 3106 1126 3133 secun-

71 3158 156 3195 dum
187 3166 394 3193 mensuram
425 3157 508 3193 fidei
525 3158 685 3204 ipsorum
718 3163 928 3205 competens
958 3168 1042 3205 erga
1062 3168 1125 3195 eos

67 3219 244 3266 judicium
280 3218 408 3254 tenuit.
426 3217 539 3255 Porro
571 3224 691 3255 autem
714 3219 815 3255 Raab
838 3219 1024 3262 meretrix,
1047 3229 1125 3265 quae

71 3278 142 3314 fide
160 3278 298 3323 integra
317 3288 398 3314 cum
414 3278 512 3314 omni
537 3278 642 3315 domo
667 3288 731 3315 sua
751 3278 998 3325 exploratores
1015 3279 1128 3315 Israe-

72 3337 193 3375 liticos
211 3338 420 3384 plenissima
435 3338 625 3375 devotione
650 3339 822 3385 suscepit,
843 3344 879 3375 et
913 3350 956 3376 ex
987 3340 1126 3385 integro

73 3398 112 3435 in
127 3398 349 3436 consortium
363 3398 487 3446 populi
515 3399 798 3446 societatemque
818 3406 985 3446 suscepta
1000 3406 1073 3444 est;
1094 3405 1130 3436 ct

73 3458 250 3504 seriptum
266 3462 324 3495 est
343 3458 387 3494 de
401 3468 443 3494 ea
461 3458 546 3504 quia
567 3470 579 3493 ‹
598 3459 763 3505 apposita
783 3460 897 3495 estad
915 3458 1006 3495 filios
1020 3458 1129 3494 lsrael

74 3519 243 3566 usquein
262 3519 476 3556 hodiernum
496 3519 605 3556 diem.
630 3519 722 3556 »Isti
739 3530 826 3556 vero
849 3519 932 3565 quia
949 3529 1020 3554 non
1053 3523 1128 3554 tam

74 3579 279 3618 Israeliticae
309 3580 428 3627 gentis
459 3581 640 3617 consortia
675 3581 893 3622 dilexerunt,
912 3589 1021 3626 quam
1054 3587 1128 3614 suae

75 3640 290 3686 perditionis
303 3646 400 3678 metu
421 3640 604 3688 perterriti
621 3651 704 3677 cum
721 3640 915 3677 calliditate
938 3645 973 3676 et
1003 3637 1128 3674 fraude

77 3705 308 3737 accesserunt
337 3701 384 3738 ad
398 3699 536 3745 lesum,
554 3702 735 3748 quomodo
764 3706 957 3748 potuerunt
986 3699 1130 3736 liberta-

77 3766 152 3800 tem
173 3761 258 3798 vitae
272 3765 310 3799 et
326 3761 431 3810 regni
463 3762 687 3801 consortium
705 3762 796 3801 dolis
830 3762 1021 3801 servilibus
1050 3770 1130 3808 pro-

1192 3035 1406 3082 juraverunt
1424 3035 1476 3072 eis
1490 3034 1670 3071 israelitae.
1690 3035 1882 3081 Postquam
1896 3044 1980 3070 vero
1999 3039 2242 3080 cognoverunt

1197 3096 1245 3133 ibi
1261 3106 1322 3132 eos
1341 3095 1518 3139 habitare,
1537 3094 1597 3131 uhi
1614 3104 1740 3131 omnes
1768 3104 1857 3140 quos
1887 3094 2094 3129 invenerant
2118 3101 2241 3127 secun-

1197 3158 1281 3194 dum
1298 3157 1363 3193 Dei
1396 3161 1613 3203 praeceptum
1633 3155 1809 3191 debellare
1830 3154 2027 3198 oportebat,
2048 3151 2238 3187 noluerunt

1198 3223 1318 3253 tamen
1350 3216 1514 3264 frangere
1538 3216 1776 3262 J'urationem:
1798 3218 1833 3248 ct
1865 3212 1946 3247 licet
1974 3220 2035 3246 eos
2066 3210 2235 3245 mentitos

1197 3288 1277 3315 esse
1295 3278 1513 3318 didicissent,
1531 3283 1677 3321 parcere
1690 3272 1890 3306 maluerunt
1904 3279 2011 3306 causa
2024 3269 2231 3315 jurationis,

1197 3348 1278 3375 eum
1304 3341 1450 3383 possent
1465 3335 1586 3378 utique
1610 3332 1727 3367 dicere
1756 3335 1974 3374 setanquam
1998 3328 2067 3364 illis
2094 3327 2236 3373 jurasse

1197 3407 1288 3444 quos
1303 3406 1364 3431 eos
1383 3403 1462 3430 esse
1479 3391 1716 3433 crediderant,
1739 3389 1773 3425 id
1801 3394 1868 3432 cst,
1890 3388 1932 3423 de
1964 3387 2157 3434 longinquo
2176 3397 2236 3423 ve-

1196 3456 1355 3495 nientes;
1386 3461 1468 3488 cum
1498 3459 1584 3486 vero
1616 3449 1710 3484 aliud
1742 3452 1997 3494 cognoverunt,
2017 3452 2235 3493 praeceptum

1194 3515 1289 3551 circa
1319 3522 1380 3548 cos
1398 3510 1536 3546 Domini
1570 3508 1787 3554 implendum
1809 3513 1899 3551 erat,
1922 3514 1961 3543 ut
1978 3508 2082 3543 sicuti
2099 3507 2233 3550 caeteri,

1194 3576 1493 3620 expugnarentur.
1511 3570 1606 3605 Deus
1621 3576 1740 3604 autem
1759 3569 1825 3604 boc
1838 3568 2061 3614 approbavit,
2078 3577 2142 3603 nee
2155 3576 2236 3612 par·

1194 3633 1357 3670 centibus
1390 3629 1606 3671 succensuit,
1628 3628 1792 3674 quamvis
1811 3623 1892 3664 eun’t
1912 3636 1982 3663 non
2018 3627 2235 3672 interrogas-

1195 3698 1274 3730 sent
1294 3691 1439 3738 quinam
1460 3689 1509 3725 illi
1525 3693 1660 3728 essent,
1674 3694 1711 3724 et
1727 3689 1806 3724 ideo
1820 3697 1881 3724 eos
1899 3686 1950 3722 illi
1963 3686 2084 3722 fallere
2101 3685 2235 3722 valuis-

1196 3759 1286 3794 sent.
1306 3751 1408 3790 Unde
1424 3761 1496 3789 non
1522 3750 1724 3798 importune
1742 3749 1867 3796 utique
1883 3746 2053 3787 credendi
2078 3750 2175 3791 sunt,
2195 3749 2234 3787 et
