2540 4016
826 135 863 171 Ο

149 235 219 276 069

617 229 972 270 ENARRAnoNes
996 230 1044 267 IN
1069 200 1242 270 mentm
1267 227 1577 267 Nunenonnu.
1603 249 1650 255 —
1673 229 1758 266 ue.
1785 229 1828 267 11.

2241 238 2313 276 67⁰

149 312 336 359 sanguinis
359 310 496 350 Christi
513 309 698 358 signaculo
715 313 980 346 coruscantem.
999 307 1200 344 nabentem
1217 308 1252 348 A
1270 306 1413 355 (Mami.
1429 306 1510 354 ιω.)
1527 305 1605 342 Nisi
1619 307 1719 342 enim
1730 307 1969 352 essetquibus
1979 309 2037 346 vis
2046 311 2162 358 fieret,
2175 316 2245 353 „135
2257 325 2318 354 ρ’.

150 374 262 410 etiam
289 374 388 411 intus
419 371 590 409 distincta
618 379 751 418 grana,
779 370 874 406 sicut
902 368 1096 415 Apostolus
1126 369 1198 413 ait,

150 434 262 472 divisa
279 435 490 471 charismata
505 439 536 469 et
549 433 644 468 dona
658 431 812 478 Spiritus
826 430 938 467 sancti
951 430 1066 476 qratia
1080 429 1202 464 distri-

151 490 234 527 buta
252 491 289 539 (I
303 492 385 527 Gor.
404 489 486 537 ιιι).
501 490 639 535 Quibus
655 489 822 526 omnibus
839 487 1006 534 indiguos
1028 497 1068 524 se
1084 487 1202 523 incre-

151 551 224 588 duli
238 551 444 597 judicantes
455 578 466 595 ,
483 557 619 588 terram
631 550 754 586 carnis
767 547 904 586 Christi
924 547 1095 585 fluentem
1109 548 1202 584 lacte

150 614 188 645 et
206 610 332 654 melle,
355 611 519 656 accipere
538 621 609 646 non
633 613 864 651 meruerunt,
880 618 988 655 quam
1008 617 1072 654 per
1094 607 1201 644 tidem

150 671 245 708 servi
265 671 363 716 ejus,
383 672 420 708 id
437 677 513 715 est,
534 671 728 708 Christiani
746 671 868 716 populi
895 670 1079 706 consecuti
1103 675 1199 705 sunt.

149 733 201 769 De
210 731 312 777 cujus
321 733 483 769 doctrina
497 733 656 779 quotidie
672 732 924 769 dicitEcclesia
936 745 944 767 2
956 731 1071 774 Quam
1085 730 1202 766 dulcia

150 793 310 840 faucibus
328 794 413 829 meis
429 793 565 841 eloquia
582 799 657 837 tua,
673 804 777 839 super
789 791 857 828 mel
875 799 906 827 et
923 791 1042 837 [avum
1061 791 1114 825 ori
1126 801 1201 825 meo

150 852 266 902 (Psal.
282 853 423 901 cxviii).
440 854 564 890 Ficum
580 859 700 890 autem
715 863 820 899 quem
833 861 915 888 cum
930 851 1036 886 botro
1048 850 1092 885 de
1107 855 1202 885 terra

150 915 443 959 repromissionis
472 915 688 956 attulerunt,
716 912 908 958 imaginem
928 910 1017 956 legis
1039 910 1203 946 attulisse

150 974 367 1019 evangelicis
394 974 589 1010 edocemur
619 971 792 1016 exemplis
823 982 832 1005 z
866 970 960 1006 sicut
992 975 1028 1004 et
1059 969 1203 1004 botrum

150 1037 292 1068 constat
325 1032 476 1077 figuram
509 1031 707 1066 Salvatoris
739 1029 949 1071 ostendere,
969 1029 1202 1074 quemadmo-

150 1093 233 1128 dum
258 1093 293 1127 in
316 1091 474 1127 Canticis
492 1091 715 1126 canticorum
734 1091 896 1126 Ecclesia
924 1090 1012 1126 dicit
1032 1091 1075 1125 de
1096 1090 1202 1126 Chri-

149 1158 204 1189 sto
227 1162 236 1187 :
264 1151 394 1187 Frater
410 1163 506 1187 meus
527 1158 565 1187 ut
583 1152 700 1187 botrus
718 1152 813 1197 cypri
835 1151 951 1197 (Cant.
973 1150 1013 1197 1).
1031 1150 1120 1194 Quia
1139 1159 1204 1185 nec

1268 374 1351 404 sent
1364 369 1426 414 qui
1446 369 1530 405 inde
1547 368 1632 414 pelli
1646 372 1683 403 et
1698 367 1839 404 excludi
1859 369 2032 406 deberent
2041 397 2051 414 ‚
2066 383 2247 421 nunquam
2261 379 2317 416 di.

1267 433 1413 464 ceretur
1429 439 1497 476 per
1512 428 1587 464 vim
1605 427 1848 474 diripiendum
1864 436 1945 464 esse
1962 437 2113 474 regnum
2130 433 2316 474 odiorum,

1267 489 1314 526 Et
1331 489 1402 526 nisi
1431 494 1553 526 essent
1581 497 1664 525 cum
1687 488 1820 534 quibus
1850 487 1955 524 nohis
1969 493 2151 526 certamen
2168 498 2264 530 esset
2282 501 2320 532 et

1267 550 1429 597 praetium
1441 577 1450 594 ‚
1477 559 1664 596 nunquam
1683 548 1819 585 diceret
1837 547 2028 594 Apostolus
2053 561 2062 585 :
2090 549 2172 586 Non
2190 557 2242 588 eet
2259 564 2322 589 no-

1269 611 1320 647 bis
1346 609 1547 646 colluctatio
1572 610 1741 646 adversus
1768 620 1909 645 carnem
1935 615 1967 644 et
1998 611 2229 656 sanquinem,
2260 614 2323 651 sed

1269 671 1434 708 adversus
1459 671 1675 718 principatus
1702 676 1735 706 et
1760 675 1966 716 potestates,
1992 669 2174 706 adversum
2202 674 2324 708 mundi

1268 730 1374 776 hujus
1407 736 1556 766 rectores
1585 730 1805 780 tenebrarum
1834 730 1973 773 aarum,
1992 722 2157 766 adversus
2186 731 2327 778 spirita-

1270 790 1319 826 tia
1345 791 1507 837 nequitioe
1525 791 1562 826 in
1582 790 1787 826 caelestibus.
1809 789 1861 826 De
1879 790 2011 836 quibus
2027 790 2137 826 etiam
2156 790 2243 826 illud
2260 790 2326 827 Dei

1270 851 1420 895 dictum,
1455 861 1519 897 per
1547 851 1762 897 prophetam
1789 850 2058 897 intelligendum
2092 851 2246 895 videtur,
2265 852 2328 887 ubi

1272 913 1341 948 ait:
1356 913 1401 947 Et
1416 913 1608 948 inebriatus
1617 919 1665 948 est
1676 911 1814 959 qtadius
1829 922 1924 947 meus
1939 913 1976 947 in
1991 911 2075 947 coelo
2085 911 2175 959 (Isa.
2187 911 2326 958 xxxiv).

1271 972 1428 1008 Necesse
1457 978 1513 1008 est
1543 973 1640 1008 enim
1674 972 1854 1018 spiritales
1887 972 2077 1017 nequitias,
2097 972 2232 1018 quaein
2250 981 2328 1008 coe-

1271 1031 1423 1067 lestibns
1440 1042 1522 1068 esse
1536 1033 1718 1073 dicuntur,
1735 1033 1795 1077 qui
1816 1038 1900 1068 sunt
1917 1034 1993 1068 veri
2011 1034 2218 1076 Chananaei‚
2233 1034 2329 1069 vinci

1273 1100 1293 1124 a
1314 1095 1363 1131 tc,
1383 1095 1418 1125 et
1436 1090 1565 1136 expelli
1581 1091 1626 1126 de
1640 1091 1849 1126 coelestibus
1867 1092 1972 1134 locis,
1988 1098 2026 1127 ut
2043 1098 2081 1127 tu
2101 1102 2168 1137 pro
2181 1093 2252 1128 illis
2266 1094 2330 1128 ha-

1272 1148 1365 1183 bites
1382 1149 1443 1183 ihi.
1467 1148 1551 1184 Scio
1572 1154 1691 1184 tamen
1704 1150 1867 1196 gigantes
1881 1160 1943 1186 eos
1962 1161 2055 1186 esse.
2073 1150 2181 1197 Gigas
2201 1153 2331 1188 dicitur

148 1212 314 1249 Christus
333 1213 411 1248 sine
429 1212 505 1258 lege
519 1239 528 1254 ,
546 1223 612 1248 nec
630 1212 686 1247 lex
703 1212 780 1248 sine
798 1211 942 1247 Christo
963 1221 1041 1247 csse
1059 1211 1202 1253 poterit.
1224 1206 1255 1244 B
1274 1210 1404 1249 onmis,
1427 1211 1485 1255 qni
1503 1211 1692 1246 adversum
1712 1211 1824 1246 Deum
1850 1211 2002 1247 resistit.
2019 1211 2231 1257 Quicunque
2245 1223 2330 1258 ergo

149 1274 355 1319 Reum-sique
375 1275 610 1320 exploratores
633 1279 754 1315 terrm,
782 1279 859 1318 post
878 1272 1112 1319 quadraqinla
1133 1271 1205 1306 dies

149 1341 313 1369 venerunt
342 1334 386 1369 act
405 1333 549 1380 Moysen
571 1341 602 1369 et
622 1335 760 1372 Aaron,
780 1341 811 1369 et
836 1334 880 1368 ad
902 1345 1034 1369 omnem
1053 1334 1206 1378 filiorum

149 1394 263 1431 Israel
284 1396 475 1431 exercitum
495 1397 530 1430 in
551 1395 724 1430 desertum
745 1394 890 1431 Pharan
907 1396 998 1442 quod
1018 1402 1064 1431 est
1083 1397 1118 1431 in
1140 1395 1207 1430 Ca-

81 1499 93 1511 *
150 1455 224 1491 des.
251 1454 415 1491 Solitudo
441 1455 585 1490 Pharan
607 1455 730 1491 decem
754 1461 789 1491 et
810 1462 893 1491 octo
920 1457 1081 1492 continet
1106 1466 1207 1490 man-

151 1518 292 1559 siones,
320 1517 356 1551 in
386 1527 539 1561 quarum
571 1516 697 1551 ultima
729 1517 864 1552 reversi
890 1517 1136 1562 exploratores
1162 1517 1207 1551 ad

151 1577 314 1623 Moysen,
334 1578 631 1612 remintiaverunt
650 1588 730 1623 quae
747 1579 783 1613 in
804 1583 899 1613 erra
918 1579 1208 1624 repromissionis

151 1643 438 1683 conspexerant,
460 1643 685 1681 reportantes
704 1638 786 1673 inde
805 1638 946 1673 botrum
967 1639 1001 1673 in
1020 1646 1137 1681 vecte,
1160 1639 1209 1674 si-

151 1698 226 1734 mul
247 1709 328 1734 cum
351 1699 609 1744 malogranatis
627 1704 662 1733 ct
683 1699 759 1734 licis
782 1700 851 1735 loci
876 1700 982 1735 illius.
1007 1699 1092 1735 Inde
1113 1706 1148 1735 et
1172 1701 1206 1734 in

152 1760 384 1805 sequentibus
410 1762 583 1805 scriptum
610 1767 663 1797 est
692 1773 700 1796 ε
731 1759 887 1806 Profecti
912 1762 952 1796 de
980 1761 1206 1807 Asionglaber,

152 1826 391 1860 castrametati
407 1831 487 1860 sunt
503 1827 540 1860 in
555 1826 688 1861 deserto
707 1825 784 1867 Sin,
801 1826 864 1859 ltoc
878 1831 940 1867 est,
958 1824 1081 1859 cades.
1094 1825 1208 1860 Gades

152 1891 272 1922 autem
285 1914 294 1929 ‚
314 1898 386 1923 non
405 1893 444 1923 ut
461 1887 622 1933 plerique
640 1888 820 1923 :estimant
836 1891 959 1922 sancta
980 1887 1125 1929 dicitnr,
1146 1886 1207 1921 sed

151 1953 288 1982 mutata
307 1947 383 1983 sive
401 1947 585 1983 translata.
605 1947 643 1982 In
665 1949 731 1982 hac
751 1947 938 1982 mansione
957 1947 1111 1982 moritur
1132 1946 1207 1981 Ma-

151 2008 206 2044 ria
232 2012 269 2043 et
295 2008 486 2053 sepelitur;
517 2014 554 2044 et
578 2014 726 2054 propter
753 2019 866 2053 aquas
890 2008 1207 2050 contradictionis,

152 2067 291 2114 Moyses
305 2074 342 2104 et
358 2068 480 2104 Aaron
497 2067 683 2105 offendunt
699 2070 903 2114 Dominum,
922 2074 958 2106 et
972 2069 1209 2115 prohihentur

152 2129 307 2166 transire
322 2127 530 2166 Jordanem.

554 2189 705 2226 CAPUT
731 2190 793 2226 XI.

151 2248 205 2288 De
223 2261 402 2287 murmure
420 2250 538 2297 populi
562 2257 593 2286 et
611 2252 764 2287 vindicta
784 2252 825 2287 ob
847 2252 910 2287 hoc
927 2253 965 2287 in
983 2262 1040 2287 eos
1056 2251 1206 2298 prolata.

202 2311 317 2359 (lem.)
344 2312 535 2358 Locutique
561 2314 609 2348 eis
627 2319 658 2348 et
683 2314 776 2348 omni
794 2313 1027 2357 multitudini,
1053 2315 1211 2349 ostende-

153 2379 234 2408 runt
252 2373 387 2419 [ructus
407 2380 525 2417 terroe,
545 2380 576 2409 et
596 2381 825 2410 narraverunt
846 2375 997 2410 dicentes
1013 2384 1024 2408 :
1049 2374 1210 2410 Venimus

152 2432 189 2468 in
207 2439 337 2468 terram
358 2434 404 2469 ad
418 2445 524 2481 quam
547 2434 673 2469 misisti
694 2445 768 2478 nos,
791 2445 868 2481 quoe
889 2446 1006 2470 ret-era
1025 2436 1105 2481 fluit
1123 2435 1211 2469 lacte

153 2498 183 2528 et
202 2493 316 2535 melle,
336 2500 374 2529 ut
392 2505 434 2529 ex
453 2494 507 2529 his
529 2494 697 2540 [ructibus
722 2496 883 2541 cognosci
902 2501 1024 2540 potest.
1047 2495 1117 2530 Sed
1135 2494 1210 2529 cul-

153 2561 244 2589 tores
267 2554 477 2599 [ortissimos
500 2555 602 2590 habet
615 2582 625 2598 ‚
646 2562 679 2590 et
697 2556 798 2590 urbes
817 2555 966 2600 yrandes
985 2555 1087 2589 nimis
1111 2560 1213 2600 atque

152 2619 324 2648 muratas.
345 2612 495 2659 Stirpem
516 2614 636 2649 Enach
658 2615 807 2649 vidimus
831 2615 878 2648 ibi
892 2641 902 2657 ,
923 2619 959 2649 ct
979 2615 1131 2660 reliqua.
1162 2614 1213 2650 De

155 2674 445 2720 exploratoribus
482 2680 587 2710 terrae
616 2681 806 2718 narratur,
835 2676 895 2721 qui
912 2675 1010 2712 missi
1028 2677 1214 2711 renuntia-

153 2741 254 2780 rent,
284 2737 381 2783 quod
406 2742 506 2773 terra
532 2737 678 2782 quidem
705 2737 752 2773 slt
779 2737 872 2773 bona
903 2742 939 2773 et
969 2736 1210 2780 admirabilis,

154 2797 319 2834 habitent
343 2803 465 2833 autem
493 2798 529 2833 in
561 2807 603 2834 ea
635 2797 698 2833 filii
729 2798 928 2844 gigantum.
957 2797 1061 2834 Jesus
1093 2804 1213 2834 tamen

155 2869 227 2896 non
249 2858 435 2905 desperat,
469 2859 532 2896 sed
563 2859 751 2896 confirmat
773 2859 895 2906 populi
921 2859 1026 2896 tidem
1046 2870 1127 2896 cum
1147 2858 1216 2895 Ca-

154 2920 259 2967 leph,
283 2922 344 2967 qui
361 2926 417 2958 est
435 2921 590 2957 detribu
607 2920 697 2957 Juda
710 2948 719 2965 ,
738 2927 774 2957 et
798 2921 934 2957 dicunt.
959 2920 997 2957 Si
1017 2921 1131 2967 diliqit
1152 2932 1213 2956 nos

155 2981 249 3018 Deus
264 3009 274 3026 ‚
296 2982 493 3018 introducet
514 2994 577 3018 nos
609 2983 646 3018 in
667 2988 797 3017 terram
820 2982 922 3018 hanc.
948 2982 1035 3027 Quae
1055 2993 1141 3028 ergo
1159 2988 1214 3019 est

155 3048 254 3079 terra
286 3044 356 3079 ista
388 3043 586 3079 secundum
622 3043 819 3088 spiritalem
852 3042 1072 3079 intellectum
1090 3070 1099 3086 ,
1135 3053 1215 3089 quae

158 3109 254 3140 terra
287 3104 433 3149 quidem
462 3109 587 3140 sancta
619 3110 675 3141 est
703 3110 740 3141 et
768 3099 871 3140 terra
896 3106 989 3142 bona
1007 3133 1016 3150 ‚
1053 3106 1116 3142 sed
1148 3106 1214 3141 im-

155 3166 238 3212 pius
259 3164 464 3201 habitator?
482 3165 551 3210 Qui
573 3171 657 3202 sulit
677 3177 763 3213 ergo
782 3166 841 3202 isti
861 3167 997 3209 hostes,
1022 3167 1083 3213 qui
1112 3166 1215 3202 habi-

159 3230 236 3261 tant
255 3225 292 3261 in
311 3231 409 3261 terra
430 3231 654 3270 sanctorum,
673 3232 710 3262 et
728 3228 908 3273 quomodo
931 3226 1097 3272 ejiciendi
1116 3234 1212 3272 sunt,

157 3291 199 3322 ut
227 3286 299 3323 illis
320 3286 467 3333 ejectis,
502 3289 617 3325 sancti
644 3275 840 3326 succedant
863 3290 899 3325 in
920 3289 1039 3326 locum
1067 3290 1216 3326 eorum?

158 3344 365 3385 Redeamus
389 3347 438 3384 ad
464 3348 678 3396 Evangelia,
708 3351 898 3387 redeamus
923 3351 967 3387 ad
987 3351 1212 3398 Apostolum.

160 3406 354 3455 Evangelia
372 3410 511 3446 sanctis
533 3411 750 3457 promittent
772 3421 882 3458 regna
908 3411 1096 3448 coelorum.
1122 3411 1217 3457 Apo-

163 3467 275 3506 stolus
296 3469 387 3506 dicit
413 3482 423 3506 t
446 3468 581 3507 Nostra
608 3478 726 3508 autem
751 3472 964 3508 conversatio
990 3473 1028 3507 in
1047 3471 1142 3507 coetis
1165 3476 1216 3506 est

163 3526 310 3577 (Pmtp.
330 3529 457 3580 m).1n
471 3531 573 3568 eoelis
587 3540 674 3580 ergo
688 3533 788 3569 locus
804 3531 1040 3574 haereditatis,
1059 3531 1121 3576 qui
1137 3538 1217 3576 pro-

161 3588 321 3628 matur
335 3591 494 3636 sanctim
510 3592 549 3628 et
571 3593 856 3640 qutuputamus,
878 3591 973 3638 quod
992 3591 1029 3627 in
1052 3591 1110 3627 his
1127 3589 1218 3627 locis

165 3649 319 3694 qntffli
335 3652 600 3698 promittuntur
613 3653 736 3690 nullus
752 3663 824 3690 non
839 3653 1023 3689 habitator
1036 3651 1092 3694 sit,
1111 3661 1218 3698 quem

166 3706 448 3750 immite
457 3713 652 3762 pugnando
664 3715 865 3761 depellere?
878 3714 924 3751 Et
940 3713 1120 3760 quomodo
1133 3723 1220 3760 ergo

168 3766 260 3804 oleti
277 3767 454 3810 tout-1⁸
479 3783 492 3807 ε
519 3773 692 3809 mittebat
713 3771 864 3809 Imm
883 3773 1055 3820 Baptistae
1078 3783 1221 3820 requiem

166 3828 333 3867 celorum
348 3829 416 3868 vim
432 3832 578 3880 patitur,
595 3838 628 3870 et
646 3833 714 3870 vim
732 3833 895 3879 facientes
914 3833 1083 3881 diripiunt
1108 3833 1196 3870 illud
1206 3832 1222 3870 ?

1275 1271 1487 1306 adversatur
1501 1270 1574 1306 Deo
1588 1276 1621 1305 et
1643 1271 1846 1306 contrarius
1874 1276 1930 1307 est
1962 1271 2120 1314 veritati,
2153 1272 2247 1317 quod
2280 1271 2332 1307 illi

1273 1330 1523 1376 p1·incip·1.lite1·
1560 1329 1709 1373 faciunt,
1741 1331 1871 1366 merito
1890 1332 1990 1378 gigas
2015 1332 2230 1378 appellatur.
2251 1332 2331 1367 Tibi

1274 1402 1359 1437 ergo
1379 1397 1584 1437 praestatur,
1602 1398 1640 1427 ut
1663 1392 1785 1436 ejicias
1814 1393 1991 1439 gigantes,
2011 1399 2047 1430 et
2084 1394 2196 1430 intres
2216 1395 2250 1429 in
2275 1404 2332 1429 re-

1274 1465 1381 1501 gnum
1402 1465 1542 1491 coium.
1559 1454 1613 1490 An
1636 1466 1706 1490 non
1734 1456 1776 1491 de
1797 1456 1950 1501 quodam
1966 1467 2011 1492 ex
2042 1457 2128 1502 ipsis
2157 1457 2330 1502 scriptum

1274 1520 1349 1549 est:
1370 1515 1438 1557 Qui
1458 1515 1602 1560 accipiet
1618 1526 1637 1548 (ι
1658 1516 1796 1560 qiqante
1814 1514 1926 1557 spotia
1939 1515 1955 1549 1’
1969 1515 2020 1550 De
2035 1526 2106 1560 quo
2119 1515 2228 1551 etiam
2244 1515 2332 1551 dicit

1275 1574 1449 1610 Dominus
1470 1574 1505 1609 in
1524 1574 1717 1620 Evangelio
1738 1584 1746 1608 :
1768 1574 1880 1610 Nemo
1899 1581 2010 1620 potest
2029 1575 2175 1611 introire
2204 1576 2242 1610 in
2273 1575 2335 1610 do·

1274 1647 1370 1671 ntum
1393 1637 1506 1681 fortis,
1530 1643 1561 1672 et
1575 1637 1728 1683 diripere
1746 1648 1829 1672 vasa.
1849 1638 1941 1682 ejus,
1970 1637 2036 1671 nisi
2052 1637 2149 1683 prius
2165 1636 2333 1682 alliqave-

1275 1699 1321 1733 rit
1342 1699 1466 1744 sortem
1484 1699 1613 1745 (Marc.
1630 1700 1700 1746 ιιι).
1718 1698 1820 1735 Nunc
1830 1709 1915 1744 ergo
1933 1699 1970 1734 in
1989 1703 2159 1743 quantum
2182 1698 2217 1733 in
2234 1708 2334 1733 com-

1275 1760 1499 1804 parationem
1534 1760 1702 1794 humanae
1737 1764 1772 1794 et
1811 1759 2040 1795 daemoniacae
2074 1764 2226 1800 naturae,
2267 1767 2334 1793 nos

1276 1826 1424 1856 iocustae
1443 1831 1481 1855 su
1490 1831 1580 1863 mus,
1594 1826 1629 1856 et
1649 1820 1698 1855 illi
1719 1820 1903 1866 gigantes;
1925 1825 1960 1855 et
1983 1819 2161 1865 praecipue
2180 1819 2211 1856 si
2225 1818 2335 1855 dubia

1278 1881 1323 1915 sit
1355 1881 1442 1915 tides
1462 1887 1587 1916 nostra
1623 1886 1658 1916 et
1681 1881 1711 1916 si
1743 1890 1809 1916 nos
1828 1885 2031 1927 perterreat
2052 1879 2259 1923 infidelitas,
2281 1878 2335 1916 illi

1278 1951 1364 1977 vere
1381 1942 1544 1987 gigantes
1561 1947 1682 1984 erunt,
1703 1946 1739 1977 et
1754 1952 1820 1978 nos
1853 1942 2000 1978 locustae
2026 1951 2160 1977 sumus.
2192 1940 2230 1976 Si
2247 1950 2334 1976 vero

1278 2012 1471 2047 sequamur
1488 2001 1624 2044 Jesum,
1640 2007 1676 2037 et
1694 2002 1874 2038 credimus
1891 2003 2013 2038 verbis
2023 2001 2100 2047 ejus
2113 2012 2156 2038 ac
2172 2000 2241 2037 fide
2255 1999 2334 2046 ejus

1278 2064 1498 2109 repleamur,
1537 2069 1708 2108 tanquam
1749 2063 1839 2099 nihil
1873 2069 1980 2099 erunt
2009 2068 2174 2109 respectu
2206 2063 2334 2098 nostri.

1227 2110 1256 2151 C
1278 2124 1370 2160 Audi
1386 2125 1482 2160 enim
1500 2124 1679 2169 quomodo
1694 2133 1760 2159 nos
1787 2124 1956 2160 hortatur
1975 2129 2009 2159 et
2031 2124 2116 2159 dicit
2136 2134 2144 2158 :
2170 2122 2210 2159 Si
2241 2127 2336 2158 amat

1279 2196 1340 2220 nos
1359 2185 1546 2227 Dominus,
1569 2184 1763 2220 introducet
1796 2195 1859 2220 nos
1878 2184 1973 2219 D'eus
2005 2185 2040 2219 in
2078 2188 2206 2219 terram
2230 2183 2336 2227 lianc,

1277 2256 1355 2292 quse
1390 2245 1479 2280 bona
1516 2251 1578 2287 est,
1611 2250 1643 2279 ct
1678 2245 1814 2290 fructus
1852 2245 1927 2291 ejus
1957 2243 2140 2280 mirabilis.
2162 2243 2283 2291 Typus
2300 2245 2339 2281 et

1278 2305 1409 2351 figura,
1431 2316 1509 2350 quae
1528 2305 1713 2350 praecessit
1729 2305 1763 2340 in
1783 2305 1960 2351 patribus,
1981 2303 2181 2349 completur
2207 2304 2243 2338 in
2271 2312 2338 2339 no-

1278 2365 1348 2401 bis.
1373 2364 1566 2409 Ejeccrunt
1586 2364 1635 2399 illi
1649 2370 1786 2409 gentes,
1805 2370 1842 2399 et
1861 2369 2066 2400 consecutae
2088 2367 2170 2399 sunt
2186 2363 2338 2398 haeredi-

1282 2430 1390 2460 tatem
1410 2435 1555 2467 eorunm
1578 2425 1762 2460 consecuti
1786 2430 1868 2460 sunt
1889 2434 2033 2460 omnem
2052 2429 2185 2458 terram
2203 2421 2335 2459 Judaeae

1280 2491 1316 2521 et
1332 2484 1547 2527 Jerusalem,
1565 2489 1599 2519 et
1616 2484 1800 2520 civitatem
1819 2490 1853 2519 et
1875 2490 2034 2520 montem
2057 2482 2157 2518 Sion.
2186 2482 2270 2517 Haec
2298 2482 2336 2517 in

1281 2545 1350 2580 illis
1369 2544 1516 2590 impleta
1533 2551 1628 2580 sunt.
1660 2544 1714 2579 Ad
1746 2550 1781 2579 te
1810 2548 1931 2579 autem
1962 2543 2046 2588 quid
2073 2541 2228 2577 dicitur:
2252 2539 2335 2576 Non

1281 2605 1387 2648 enim,
1405 2605 1532 2649 inquit,
1555 2604 1748 2640 accessistis
1771 2603 1815 2638 ad
1831 2614 1885 2646 ea,
1902 2613 1979 2649 quoe
1994 2600 2143 2637 visibilia
2158 2606 2254 2643 sunt,
2275 2599 2335 2635 sed

1282 2667 1327 2703 ad
1346 2667 1547 2703 invisibilia.
1584 2667 1787 2703 Accessistis
1815 2667 1919 2708 enim,
1952 2665 2086 2711 inquit,
2119 2665 2165 2700 ad
2185 2669 2336 2700 montem

1282 2727 1346 2763 Dei
1363 2728 1517 2770 viventis,
1535 2734 1566 2762 et
1584 2727 1629 2762 ad
1647 2727 1818 2762 civitatem
1830 2724 2040 2768 Jerusalem,
2055 2730 2089 2759 et
2115 2723 2160 2760 ad
2179 2722 2338 2758 multita-

1283 2789 1399 2824 dinem
1415 2787 1619 2834 anqeloram
1637 2786 1761 2834 (Hebr.
1781 2786 1862 2833 xii).
1890 2785 1960 2822 Sed
1974 2791 2010 2821 et
2030 2785 2114 2821 alibi
2130 2784 2225 2821 idem
2243 2784 2337 2829 Apo-

1283 2849 1395 2886 stolus
1412 2848 1500 2884 dicit
1517 2860 1524 2882 :
1546 2846 1745 2882 Jerusalem
1763 2851 1892 2889 autem,
1910 2856 1987 2892 quae
2001 2854 2140 2880 sursum
2162 2849 2211 2879 est
2227 2842 2336 2878 libera

1283 2915 1347 2951 est,
1377 2919 1454 2955 quoe
1490 2914 1540 2944 est
1571 2913 1682 2943 mater
1715 2907 1869 2942 omnium
1907 2911 2107 2941 nostrorum
2139 2902 2235 2951 (Gal.
2270 2901 2335 2948 iv).

1286 2965 1322 3002 Si
1343 2965 1424 3012 quis
1438 2965 1557 3001 verbis
1574 2964 1736 3012 Apostoli
1757 2964 1911 3001 dicentis
1946 2961 2149 2998 Jerusalem
2164 2970 2245 2997 esse
2261 2968 2336 2996 coe-

1232 3010 1267 3049 D
1285 3026 1412 3062 lestcm
1428 3035 1500 3060 non
1518 3024 1769 3060 accommodat
1787 3023 1906 3065 fidem,
1929 3026 2049 3068 potest
2077 3026 2114 3056 et
2132 3021 2208 3056 haec
2228 3018 2338 3054 verba

1284 3093 1411 3125 nostra
1432 3095 1617 3123 recusare.
1635 3085 1675 3122 Si
1694 3095 1781 3122 vero
1797 3084 1919 3120 verbis
1938 3082 2036 3118 Pauli
2054 3081 2143 3117 fides
2162 3078 2337 3116 adhihen-

1284 3150 1329 3187 da
1354 3156 1422 3192 est,
1452 3155 1488 3185 et
1518 3147 1719 3184 Jerusalem
1748 3145 1932 3182 coelestem
1963 3152 2044 3179 esse
2073 3140 2263 3179 credimus,
2291 3136 2338 3173 ad

1284 3217 1409 3259 typum
1438 3216 1591 3246 terrenae
1611 3207 1732 3253 hujus.
1769 3206 1812 3242 Et
1840 3214 1920 3250 quae
1946 3203 2079 3248 scripta
2111 3200 2277 3235 videntur
2293 3198 2338 3234 de

1284 3273 1354 3309 hac
1374 3277 1517 3307 terrena
1537 3271 1582 3306 ad
1599 3269 1696 3304 illam
1716 3265 1899 3302 coelestem
1914 3261 2049 3297 rectius
2068 3257 2219 3305 spiritali
2233 3256 2338 3294 intel-

1286 3332 1435 3380 ligentia
1470 3329 1713 3367 conferemus.
1742 3323 1970 3360 Accessimus
1989 3329 2075 3365 ergo
2095 3319 2189 3354 sicut
2204 3315 2339 3354 Paulus

1287 3392 1374 3430 dicit
1387 3392 1433 3427 ad
1448 3389 1632 3426 coelestem
1647 3383 1863 3425 Jerusalem,
1873 3381 1952 3417 sine
1966 3378 2076 3415 dubio
2092 3377 2138 3414 ad
2152 3375 2336 3414 coelestem

1286 3451 1459 3490 Judaeam.
1490 3448 1535 3483 Et
1551 3447 1645 3483 sicut
1662 3444 1713 3480 illi
1741 3443 1784 3479 de
1817 3434 1982 3477 terrestri
2015 3437 2138 3476 Judaea
2151 3435 2339 3483 eiecerunt

1286 3509 1511 3548 Cliananaeos
1528 3511 1565 3542 et
1582 3505 1707 3540 Evaeos
1723 3507 1760 3538 et
1784 3500 1943 3548 reliquas
1961 3503 2100 3549 gentes,
2123 3498 2175 3535 ita
2202 3502 2240 3534 et
2253 3506 2336 3539 nos.

1287 3571 1349 3617 qui
1365 3568 1584 3605 accessimus
1597 3565 1643 3601 ad
1654 3568 1814 3600 montem
1829 3562 1906 3606 Dei,
1922 3567 1960 3599 et
1973 3561 2020 3599 ad
2033 3569 2145 3608 regna
2158 3557 2336 3602 coelestia,

1286 3638 1434 3667 necesse
1451 3634 1506 3664 est
1522 3632 1562 3663 ut
1577 3625 1798 3672 expellamus
1817 3623 1863 3660 de
1879 3622 1933 3659 eis
1957 3620 2162 3659 contrarias
2175 3622 2339 3666 potesta-

1287 3699 1357 3736 tes,
1375 3697 1411 3728 et
1425 3688 1600 3737 spiritalia
1622 3686 1792 3733 nequitiae
1812 3685 1848 3722 in
1868 3684 2092 3722 coelestibus.
2113 3681 2159 3718 Et
2176 3677 2338 3732 simitu

1286 3755 1470 3802 eiecerunt
1480 3750 1498 3788 J
1501 3752 1683 3788 ebusaeum
1695 3749 1739 3786 de
1751 3747 1968 3792 Jerusalem,
1978 3750 2017 3803 et
2027 3753 2108 3803 quae
2115 3742 2218 3792 prius
2227 3740 2339 3790 tetius

1286 3804 1442 3854 vocitata
1458 3811 1590 3858 suerat,
1607 3808 1836 3859 postmodum
1857 3805 2059 3847 Jerusalem
2071 3802 2250 3854 appellata
2264 3805 2337 3854 est,
