2540 4016
290 244 359 284 ⁴51

288 380 411 416 ciderit
432 378 560 418 bovem,
576 377 635 408 aut
655 378 759 408 ovem,
781 371 844 401 aut
864 375 1006 412 capram
1018 390 1028 407 ,
1043 364 1113 398 sive
1133 362 1170 398 in
1187 362 1329 406 castris,

287 443 358 478 sive
372 445 470 476 extra
484 441 609 476 castra,
627 437 659 467 et
677 439 745 465 non
765 425 926 462 obtulerit
945 425 991 461 ad
1009 425 1135 460 ostium
1166 424 1330 460 taberna-

288 501 359 536 culi
376 497 579 534 oblationem
594 489 758 531 Domino,
778 492 849 523 etc.
871 485 943 534 (Ex
956 485 1183 532 Augustino.)
1198 484 1277 521 Non
1288 486 1332 521 de

287 561 343 596 his
372 557 458 593 dicit
487 563 565 599 quae
595 549 810 586 occiduntur
827 547 874 582 ad
894 555 1002 582 usum
1026 545 1196 581 vescendi
1215 544 1273 582 vel
1300 544 1332 580 si

287 619 370 663 quid
389 614 494 656 aliud,
511 612 574 647 sed
593 611 636 646 de
656 607 855 645 sacrificiis.
872 606 1060 642 Prohibuit
1076 606 1173 642 enim
1189 605 1332 652 privata

286 675 472 717 sacrificia,
488 683 532 708 ne
549 671 615 707 sibi
627 669 777 715 quisque
789 667 1054 714 quodammodo
1068 666 1238 702 sacerdos
1252 675 1333 701 esse

287 738 432 779 audeat,
464 733 525 769 sed
543 732 626 767 illuc
648 728 795 771 offerat,
817 728 879 763 ubi
902 737 967 772 per
997 727 1222 762 sacerdotem
1246 724 1333 760 offe-

286 803 414 836 runtur
426 796 519 837 De0;
540 792 589 827 ita
606 791 701 825 enim
728 798 794 824 nec
815 787 918 822 vanis
943 786 1218 828 sacrificabunt,
1249 795 1333 820 nam

285 863 324 894 et
348 858 415 894 hoc
450 855 486 890 in
511 863 552 888 ea
584 848 841 886 consuetudine
865 846 1066 882 cavendum
1103 843 1332 890 praemonuit.

287 919 374 955 Cum
392 926 475 961 crgo
494 924 563 950 non
584 913 708 947 liceret
723 907 842 945 offerri
863 905 1039 942 sacrificia
1059 904 1130 940 nisi
1160 904 1195 939 in
1215 904 1336 939 taber-

286 977 431 1019 naculo,
451 974 507 1011 cui
532 972 704 1018 templum
734 974 857 1015 postea
877 966 1053 1003 successit
1071 978 1079 1000 :
1098 964 1192 1000 unde
1213 968 1249 1000 et
1271 973 1335 999 rex

285 1039 395 1076 lsrael
410 1037 598 1073 Jcroboam
616 1033 747 1068 vitulos
769 1031 889 1066 facere
905 1038 1014 1063 ausus
1033 1032 1108 1070 est,
1124 1025 1254 1072 quibus
1273 1035 1336 1071 po-

285 1100 390 1145 pulus
415 1095 647 1136 sacrificaret,
669 1103 714 1128 ne
729 1090 835 1136 hujus
857 1088 947 1134 legis
963 1087 1179 1123 necessitate
1202 1086 1335 1121 educe-

287 1165 412 1195 rentur
431 1157 472 1192 ab
492 1166 533 1191 eo
555 1154 614 1200 qui
630 1154 695 1188 sub
713 1161 823 1197 regno
842 1148 919 1194 ejus
935 1152 1061 1190 erant,
1081 1147 1164 1182 dum
1180 1149 1336 1192 pergunt

290 1220 528 1261 Hierusalem,
545 1217 634 1252 utin
654 1214 782 1259 templo
797 1212 860 1247 Dei
876 1210 1047 1246 offerrent
1061 1208 1237 1245 sacrificia
1256 1216 1335 1249 sua,
1355 1200 1387 1238 B
1407 1203 1621 1248 injustitiam
1640 1202 1861 1244 dolosorum,
1879 1201 1994 1236 virum
2011 1201 2102 1236 enim
2117 1201 2327 1247 sanquinum
2348 1206 2379 1236 et
2398 1201 2464 1235 do-

290 1283 325 1317 in
351 1291 420 1326 quo
448 1279 553 1321 sacto,
583 1287 603 1312 a
635 1275 784 1311 Domino
814 1272 1071 1308 condemnatus
1103 1270 1181 1306 est?
1211 1268 1339 1304 Merito

289 1341 461 1388 quaeritur
493 1338 670 1385 quomodo
702 1335 799 1370 licite
827 1331 1087 1369 sacrificaverit
1114 1330 1210 1366 Elias
1236 1335 1339 1365 extra

290 1402 459 1447 templum
480 1399 555 1441 Dei,
579 1397 721 1443 quando
742 1400 777 1431 ct
797 1395 915 1440 ignem
938 1394 981 1429 de
1000 1392 1091 1428 coelo
1110 1390 1337 1437 impetravit,

288 1467 323 1498 ct
338 1463 529 1508 prophetas
546 1458 803 1495 daemoniorum
820 1454 1000 1491 convicit?
1024 1452 1126 1495 Quod
1151 1451 1240 1486 mihi
1267 1459 1340 1485 non

288 1524 428 1559 videtur
449 1522 518 1557 alia
539 1521 678 1556 ratione
699 1517 857 1559 defendi,
873 1525 980 1561 quam
1005 1514 1064 1549 illa
1084 1523 1154 1558 qua
1176 1511 1341 1548 defendi-

290 1592 348 1621 tur
366 1590 400 1620 ct
421 1583 572 1618 Abrahae
600 1581 735 1616 sactum
749 1607 758 1623 ,
778 1579 871 1624 quod
898 1577 1012 1612 filium
1032 1576 1105 1611 Deo
1127 1576 1250 1621 jussus
1276 1584 1341 1609 vo-

287 1646 357 1680 luit
376 1644 574 1679 immolare.
591 1642 679 1677 Cum
696 1641 791 1675 enim
808 1640 910 1685 jubet
927 1638 986 1673 ille
1000 1638 1060 1683 qui
1079 1637 1192 1682 legem
1209 1635 1343 1671 cousti-

290 1705 360 1739 tuit
379 1703 511 1749 aliquid
537 1702 614 1737 fieri
635 1701 727 1746 quod
753 1700 787 1734 in
813 1699 889 1745 lege
909 1697 1115 1744 prohibuit,
1131 1696 1247 1742 jussio
1265 1696 1342 1741 ipsa

291 1775 356 1810 pro
387 1764 462 1809 lege
494 1763 656 1803 habetur,
690 1760 858 1807 quoniam
891 1764 1016 1795 auctor
1049 1764 1104 1794 est
1135 1758 1236 1804 legis.
1266 1757 1343 1793 Non

292 1825 388 1860 enim
417 1824 541 1859 deesse
570 1827 715 1869 possent
747 1821 920 1856 miracula
953 1820 1022 1855 alia
1047 1824 1178 1865 praeter
1206 1817 1344 1854 sacrist-

294 1884 390 1920 cium
409 1909 418 1927 ‚
445 1883 573 1928 quibus
593 1887 848 1928 superarentur
866 1885 903 1916 et
926 1880 1227 1915 convincerentur
1258 1887 1345 1924 pro-

294 1945 413 1989 phetae
430 1943 608 1985 lucorum,
629 1942 691 1977 sed
711 1941 858 1987 spiritus
877 1939 941 1974 Dei
960 1939 1020 1983 qui
1045 1938 1162 1972 suerat
1186 1939 1222 1972 in
1246 1938 1343 1981 Elia,

295 2004 468 2049 quidquid
489 2004 524 2038 in
544 2003 611 2037 hac
634 2013 674 2037 re
692 2001 789 2043 fecit,
810 2004 934 2035 contra
960 1999 1075 2045 legem
1101 2008 1180 2034 esse
1197 2009 1268 2035 non
1286 2008 1347 2044 po-

298 2070 378 2106 test,
395 2063 477 2107 quia
493 2062 595 2098 dator
615 2066 669 2096 est
687 2061 789 2106 legis.

692 2119 842 2155 CAPUT
866 2119 954 2154 VIII.

543 2180 593 2215 De
611 2180 777 2225 sanquine
795 2190 862 2213 non
880 2178 1102 2214 comedendo.

344 2241 460 2289 (luto.)
484 2241 595 2276 Homo
616 2240 755 2285 quilibet
777 2239 818 2274 dc
834 2239 935 2274 domo
959 2238 1074 2273 Israel
1100 2243 1131 2273 et
1151 2238 1192 2272 de
1210 2238 1349 2273 advenis

297 2306 355 2351 qui
372 2304 635 2350 percat·i11antui·
661 2301 749 2335 inter
769 2312 839 2343 eos,
871 2301 901 2334 si
931 2299 1113 2334 comederit
1133 2299 1348 2344 sanquinem,

297 2363 486 2408 obfirmabo
508 2362 632 2407 [aciem
648 2371 759 2395 meam
785 2366 904 2394 contra
921 2359 1074 2394 animam
1094 2357 1202 2400 itlius,
1220 2365 1249 2392 et
1276 2359 1350 2393 dis-

295 2425 438 2471 perdam
456 2433 531 2458 eam
549 2422 591 2457 (ie
604 2420 729 2468 populo
749 2432 826 2463 suo,
847 2421 928 2466 quia
947 2419 1063 2454 anima
1081 2418 1197 2453 carnis
1215 2418 1250 2452 in
1270 2429 1352 2453 san-

296 2484 398 2530 quine
414 2488 475 2524 est,
494 2488 524 2516 et
541 2492 600 2527 eqo
627 2481 707 2515 (ledi
724 2479 820 2514 illam
840 2479 930 2514 vobis
948 2484 984 2513 ut
1002 2489 1105 2523 super
1125 2477 1237 2512 altare
1254 2478 1290 2512 in
1311 2488 1350 2513 eo

297 2542 438 2588 expietis
458 2552 518 2587 pro
539 2540 720 2574 aninmbus
751 2539 882 2579 vestris,
905 2543 936 2572 et
964 2536 1106 2582 sanquis
1137 2547 1198 2582 pro
1226 2536 1351 2571 animae

297 2602 434 2648 piaculo
450 2602 506 2636 sit.
527 2600 666 2635 Idcirco
682 2599 754 2634 dixi
779 2598 860 2643 filiis
879 2596 1020 2632 Israel:
1040 2595 1162 2631 Omnis
1178 2596 1296 2631 anima
1310 2606 1352 2630 ea:

298 2664 392 2698 vobis
413 2673 478 2696 non
498 2661 647 2695 comedet
665 2661 883 2705 sanquinem,
901 2670 959 2693 nec
974 2669 1016 2692 ex
1030 2658 1170 2692 advenis
1183 2658 1240 2703 qui
1257 2668 1354 2703 pere-

300 2723 484 2769 yrinantur
499 2722 586 2754 inter
602 2731 671 2754 ros.
690 2719 760 2765 (Em
778 2718 980 2764 Hesychia.)
997 2718 1226 2764 Septuaginta
1244 2718 1353 2752 etiam

301 2781 484 2823 incedunt,
524 2778 650 2821 Homo,
672 2778 787 2821 homo,
808 2778 902 2823 quod
922 2778 1100 2823 quomodo
1118 2783 1281 2823 oporteat
1300 2778 1354 2813 in-

301 2843 410 2887 telligi
428 2842 591 2887 superius
614 2839 780 2875 diximus.
802 2840 895 2884 Ergo
913 2843 1054 2883 oportet
1071 2839 1231 2873 mandati
1250 2837 1354 2883 hujus

301 2902 409 2937 etiam
428 2901 582 2935 litteram
602 2898 780 2934 custodire
799 2903 833 2932 et
852 2897 1054 2932 nullatenus
1073 2897 1258 2932 comedere
1273 2908 1355 2932 san-

302 2958 445 3004 guinem
464 2957 554 2992 :hoe
572 2956 667 2991 enim
689 2961 724 2991 ει
749 2956 926 3001 apostolos
946 2955 1104 2991 invenies
1128 2957 1354 3002 praecepisse,

302 3018 444 3064 quando
467 3017 510 3052 de
528 3016 741 3061 quibusdam
761 3014 917 3050 Jutlaieis
937 3015 1247 3051 observationibus
1266 3027 1353 3051 eon-

303 3079 462 3115 tentione
479 3078 517 3114 in
532 3076 764 3113 Antiochensi
782 3076 942 3111 Ecclesia
965 3075 1057 3110 sacta
1088 3076 1132 3112 ad
1157 3086 1219 3112 eos
1243 3077 1355 3112 relata

302 3143 358 3173 est
371 3137 536 3182 quaestio,
558 3136 621 3182 qui
637 3135 752 3182 legem
767 3139 974 3181 posuerunt,
995 3134 1173 3171 solventes
1194 3137 1357 3182 quaestio-

301 3207 386 3234 nem
417 3198 509 3232 hanc
539 3203 575 3232 et
609 3195 819 3231 definientes
839 3207 847 3229 :
873 3194 992 3230 Visum
1022 3201 1072 3230 est
1106 3206 1184 3241 erqo
1210 3195 1357 3242 Spiritui

300 3262 437 3301 sancto,
460 3262 492 3291 et
517 3255 628 3299 nobis,
653 3253 738 3290 nihil
757 3254 906 3300 amplius
933 3255 1108 3301 imponere
1126 3255 1218 3290 vobis
1244 3257 1357 3291 oneris

301 3327 408 3364 quam
425 3316 499 3351 htec
514 3315 720 3357 necessaria,
751 3321 787 3349 ut
815 3314 1015 3349 abstineatis
1035 3325 1092 3349 vos
1111 3314 1154 3349 ab
1173 3314 1359 3350 immolatis

303 3374 571 3412 simulacrorum
588 3380 619 3409 et
638 3375 820 3420 sanquine,
835 3381 866 3408 et
883 3374 1068 3419 suffocato,
1085 3380 1115 3408 et
1130 3373 1360 3419 fornicatione

309 3434 400 3481 (Act.
418 3435 491 3481 xv).
513 3434 586 3482 [Ex
615 3433 841 3481 Augustino]
867 3433 980 3469 Vitale
1002 3433 1138 3479 aliquid
1154 3433 1260 3469 estin
1277 3444 1359 3469 san-

309 3494 429 3540 guine,
447 3493 528 3539 quia
545 3503 608 3539 per
626 3493 743 3539 ipsum
761 3491 918 3528 maxime
933 3491 969 3527 in
986 3491 1054 3528 hac
1076 3502 1186 3528 carne
1211 3492 1356 3536 vivitur,

310 3554 370 3600 qui
391 3554 427 3590 in
440 3554 606 3591 omnibus
617 3554 719 3590 venis
734 3564 800 3600 per
814 3554 977 3599 corporis
991 3558 1119 3590 cuncta
1133 3553 1353 3591 diffunditur.

309 3617 426 3664 Ipsam
444 3616 556 3652 vitam
588 3616 751 3662 corporis
775 3616 919 3652 vocavit
947 3615 1121 3660 animam,
1151 3626 1223 3652 non
1245 3616 1356 3652 vitam

310 3688 390 3722 quae
406 3677 536 3723 migrat
553 3686 598 3712 ex
617 3685 782 3722 corpore.
801 3676 865 3712 sed
881 3686 961 3721 qua:
974 3682 1091 3712 morte
1117 3675 1240 3712 finitur
1255 3686 1266 3719 ;
1286 3685 1356 3722 qua

311 3737 488 3788 locutione
501 3737 651 3773 dicimus
667 3737 775 3774 istam
792 3738 905 3774 vitam
920 3737 1154 3784 temporalem
1173 3728 1270 3787 esse,
1283 3747 1355 3774 non

315 3800 510 3841 oeternam;
531 3798 733 3844 mortalem,
761 3810 832 3838 non
853 3800 1106 3844 immortalem,
1124 3809 1195 3876 cr:
1225 3798 1358 3837 sisim-

719 233 762 270 B.
789 229 959 269 RARANI
983 225 1131 266 MAURI
1154 222 1368 263 ARCHIEP.

289 318 443 357 cundum
457 324 543 353 vero
559 313 713 350 litteram
730 306 817 343 illud
833 306 928 351 quod
944 305 1045 348 dicit,
1065 303 1260 350 quicunque
1279 311 1334 336 oc-
1349 301 1387 342 A
1401 300 1565 337 mortalis
1585 300 1714 336 animae
1733 305 1875 343 natura,
1897 309 1977 346 quae
1995 297 2115 335 ablata
2131 301 2187 334 est
2207 298 2252 334 ab
2268 294 2406 345 angelis

1399 360 1481 397 sinu
1501 360 1668 406 Abrahae,
1689 366 1726 398 et
1757 360 1815 397 cui
1839 360 1984 403 dicitur,
2018 359 2133 394 Hodie
2160 367 2294 393 mecum
2322 358 2391 394 eris
2417 359 2457 394 in
2492 340 2502 371 ‘.

1398 420 1581 467 paradiso,
1599 426 1635 457 et
1657 430 1737 467 quae
1769 420 1807 456 in
1829 419 2015 456 tormentis
2046 418 2196 454 ardebat
2223 416 2368 454 inferni.
2391 416 2458 454 Se-
2479 432 2483 436 ·
2522 412 2533 445 ’-

1403 480 1562 516 cundum
1579 479 1688 516 istam
1720 488 1806 524 ergo
1824 477 2123 525 significationem
2147 486 2217 522 qua
2246 475 2458 521 perhibetur
2516 486 2523 491 ·

1400 539 1521 575 anima
1547 539 1657 574 etiam
1685 538 1763 573 haec
1795 537 2002 584 temporalis
2032 537 2122 580 vita,
2154 536 2245 572 dixit
2276 535 2460 582 apostolus
2519 533 2522 540 ”

1400 598 1558 634 Paulus:
1586 598 1670 634 Non
1699 597 1791 633 enim
1821 597 1913 644 facio
1941 597 2097 632 animam
2125 607 2240 632 meam
2269 607 2312 643 pr
2377 596 2459 637 ‘am

1400 657 1486 692 mihi
1502 655 1596 702 (Act.
1614 655 1699 703 xx);
1733 656 1795 692 ubi
1816 666 1855 692 se
1881 655 2072 692 ostendere
2089 655 2202 691 voluit
2219 660 2253 691 et
2273 666 2307 691 m
2391 663 2461 702 ‘pa-

1402 722 1520 753 ratum
1538 726 1605 762 pro
1633 716 1829 763 Evangelio
1859 728 1867 751 :
1900 726 1984 751 nam
2011 715 2208 752 secundum
2227 715 2460 763 significatio-

1401 789 1484 815 nem
1503 788 1572 823 qua
1602 777 1720 813 anima
1744 778 1875 813 dicitur
1894 777 1955 812 illa
1973 787 2053 824 quae
2078 777 2209 824 migrat
2227 787 2272 813 ex
2292 785 2458 823 corpore,

1401 841 1517 888 magis
1540 851 1620 876 eam
1651 841 1849 886 pretiosam
1869 839 2038 884 faciebat,
2058 840 2117 876 cui
2137 845 2276 876 tantum
2291 841 2461 876 meritum
2517 850 2525 854 ”

1402 903 1650 948 conquirebat.
1693 902 1765 949 (Ex
1787 900 1993 948 Hesychia.)
2030 901 2212 938 Praeterea
2251 902 2461 948 sanguinem
2519 919 2523 938 ;

1402 964 1546 1010 quidem
1572 964 1718 1010 proprie
1739 963 1987 1006 homicidium,
2008 973 2153 998 omnem
2169 966 2288 998 autem
2318 961 2463 1008 sangui-

1402 1035 1484 1060 nem
1505 1034 1611 1060 omne
1638 1023 1838 1059 fraternum
1860 1023 1982 1059 odium
1998 1023 2265 1068 intelligamus:
2288 1021 2380 1064 Quia
2404 1020 2463 1068 qui

1403 1083 1475 1119 odit
1507 1082 1651 1127 fratrem
1670 1093 1773 1117 suum
1791 1082 1967 1118 homicida
1985 1087 2033 1117 est
2053 1082 2145 1117 sicut
2163 1080 2321 1118 ‚Ioannes
2350 1079 2463 1126 scrip·
2498 1115 2530 1132 ,ἢ

1404 1143 1452 1179 sit
1483 1142 1517 1190 (I
1535 1142 1642 1178 Joan.
1673 1142 1742 1190 ιιι).
1778 1142 1938 1178 Dicimus
1969 1151 2054 1187 ergo
2078 1151 2221 1178 omnem
2253 1143 2463 1189 sanguinem
2518 1135 2523 1137 ’

1394 221 1602 261 MOGUNT.
1629 221 1819 262 OPERUM
1843 222 1964 260 PARS
1986 222 2014 260 1.

1407 1263 1520 1299 losum
1539 1261 1797 1298 abominabitur
1810 1261 1981 1296 Dominus
2001 1258 2114 1308 (Psal.
2128 1259 2164 1307 v)
2180 1271 2190 1303 ;
2209 1266 2246 1296 et
2261 1261 2466 1307 quicunque

1406 1324 1654 1371 proximorum
1676 1327 1810 1358 nocent
1838 1322 1922 1357 vitae
1947 1331 2012 1368 per
2030 1319 2180 1358 msidias
2203 1321 2394 1368 quaslibet,
2416 1322 2462 1357 ita

1406 1391 1446 1421 ut
1472 1385 1665 1421 homicidio
1700 1384 1886 1430 sanguinis
1921 1388 2162 1430 comparetur.
2198 1383 2243 1418 Et
2276 1387 2466 1429 propterea

1408 1446 1453 1481 ab
1470 1445 1568 1481 omni
1605 1445 1777 1491 sanguine
1811 1443 1983 1479 abstineri
2015 1448 2168 1489 oportet,
2203 1443 2358 1479 scientes
2378 1443 2463 1488 quia

1409 1518 1517 1553 super
1536 1507 1674 1542 animas
1703 1517 1783 1551 quae
1815 1506 1923 1540 talem
1956 1504 2165 1550 sanguinem
2197 1504 2401 1547 comedunt,
2423 1505 2467 1540 de

1409 1570 1539 1615 quibus
1566 1568 1708 1604 dicebat
1738 1567 1875 1602 David:
1909 1565 1977 1608 Qui
2002 1565 2166 1601 devorant
2195 1564 2327 1610 plebem
2355 1575 2468 1600 meam

1410 1630 1500 1664 sicut
1519 1639 1632 1664 escam
1649 1627 1749 1673 panis
1771 1625 1885 1674 (Psal.
1902 1624 1999 1673 xm),
2019 1624 2149 1660 faciem
2178 1632 2280 1660 suam
2301 1623 2470 1659 obfirmat

1411 1689 1519 1731 Deus,
1544 1687 1710 1723 videlieet
1730 1686 1940 1733 Christum;
1964 1685 2039 1730 ipse
2063 1689 2118 1719 est
2136 1684 2232 1719 enim
2261 1683 2380 1729 imago
2397 1683 2467 1718 Pa-

1413 1749 1493 1791 tris,
1514 1748 1598 1794 quia
1625 1747 1684 1793 qui
1709 1747 1798 1782 vidit
1828 1745 1975 1787 Filium,
2010 1744 2107 1780 videt
2125 1748 2162 1779 ct
2191 1744 2360 1778 Patrem:
2393 1742 2470 1788 ipse

1413 1806 1647 1852 etiamjudex
1664 1811 1732 1850 est,
1756 1810 1793 1842 ει
1807 1804 2012 1841 necessario
2033 1803 2078 1839 ad
2097 1803 2390 1839 comminandum
2414 1802 2470 1838 his

1414 1869 1475 1914 qui
1492 1869 1670 1904 malorum
1691 1872 1775 1903 sunt
1799 1872 2025 1912 operatores,
2056 1864 2268 1912 disperdam,
2299 1864 2467 1910 ponitur;

1414 1930 1510 1975 quod
1526 1930 1747 1965 demonstrat
1763 1927 1874 1963 David
1889 1927 2011 1962 dicens
2028 1937 2035 1960 :
2058 1924 2183 1960 Vultus
2199 1931 2314 1959 autem
2327 1922 2471 1958 Domini

1415 2002 1518 2037 super
1539 1991 1704 2036 facientes
1737 1988 1845 2033 mala,
1876 1994 1913 2023 ut
1932 1987 2055 2034 perdat
2085 1987 2126 2022 de
2147 1993 2240 2022 terra
2266 1985 2470 2021 memoriam

1415 2063 1534 2087 eorum
1556 2050 1668 2097 (Psal.
1692 2049 1837 2096 xxxin).
1857 2049 1923 2085 Hic
1947 2048 2104 2084 animam
2122 2046 2332 2092 sanguinem
2352 2054 2472 2081 eome-

1368 2099 1397 2140 C
1420 2113 1562 2148 dentem
1580 2111 1699 2157 perdit
1717 2111 1760 2146 de
1783 2110 1913 2157 populo
1930 2109 2020 2155 eJus,
2042 2108 2087 2143 de
2104 2106 2285 2143 communi
2304 2105 2474 2141 videlicet

1415 2173 1600 2209 hominum
1627 2183 1770 2218 genere.
1813 2171 1916 2216 Quod
1949 2175 2069 2206 autem
2107 2169 2207 2211 dicit,
2243 2167 2324 2214 quia
2354 2167 2474 2202 anima

1418 2234 1529 2268 omnis
1546 2234 1661 2268 carnis
1676 2234 1712 2268 in
1731 2233 1900 2278 sanquine
1915 2237 1979 2274 est,
1992 2236 2023 2266 et
2041 2241 2101 2277 eqo
2116 2229 2196 2264 dedi
2215 2227 2315 2263 illum
2329 2226 2422 2262 vobis
2436 2230 2474 2260 ut

1417 2306 1521 2341 super
1538 2294 1649 2329 altare
1667 2295 1702 2329 in
1720 2305 1758 2329 eo
1778 2295 1920 2341 expietis
1948 2305 2011 2340 pro
2037 2293 2220 2328 animabus
2247 2291 2379 2333 vestris,
2398 2299 2476 2336 my-

1419 2355 1549 2391 sticum
1569 2354 1702 2390 Christi
1722 2355 1935 2400 sanguinem
1957 2353 2164 2400 significans
2184 2364 2192 2387 :
2215 2350 2361 2398 sanguis
2378 2349 2475 2385 enirn

1419 2415 1531 2461 ipsius
1549 2424 1614 2459 pro
1634 2415 1762 2449 animae
1780 2413 1924 2459 piaculo
1956 2413 2037 2448 erit.
2061 2412 2217 2456 Sanguis
2238 2421 2345 2456 super
2363 2410 2476 2446 altare

1420 2477 1464 2512 ad
1495 2476 1736 2522 expiationem
1769 2475 1971 2510 animarum
2003 2480 2228 2515 nostrarum,
2262 2481 2331 2517 pro
2356 2472 2477 2506 anima
2524 2467 2525 2503 ἶ

1419 2537 1580 2582 expians,
1602 2537 1662 2572 hic
1679 2542 1734 2572 est
1753 2538 1876 2582 utique
1896 2546 2004 2582 quem
2022 2535 2147 2571 effudit
2173 2543 2239 2580 pro
2267 2534 2370 2569 nobis
2388 2533 2478 2569 Cru-

1421 2597 1563 2639 cifixus,
1585 2602 1621 2632 ct
1649 2597 1892 2642 expiationem
1920 2596 1995 2631 sive
2028 2594 2322 2641 propitiationem
2354 2594 2477 2639 generi
2520 2590 2523 2592 ’

1420 2658 1577 2693 humano
1607 2657 1787 2703 praestitit,
1816 2656 1995 2701 priinitias
2014 2655 2182 2691 offerens.
2211 2655 2362 2700 Propter
2382 2654 2478 2700 quod

1421 2723 1517 2753 recte
1540 2717 1650 2752 dicit:
1672 2716 1716 2751 Et
1751 2717 1892 2761 sanquis
1914 2726 1976 2762 pro
1997 2716 2124 2750 animae
2151 2714 2290 2761 piaculo
2310 2715 2367 2749 sit.
2387 2713 2477 2749 Ani-
2518 2735 2522 2738 -

1421 2789 1480 2814 ma
1500 2778 1596 2814 enim
1616 2778 1693 2823 eius
1715 2776 1869 2823 primum
1887 2776 2045 2821 quidem,
2069 2785 2147 2820 quae
2164 2774 2208 2809 ab
2223 2783 2266 2809 eo
2286 2773 2475 2819 plasmata,

1422 2839 1551 2875 deinde
1584 2839 1666 2883 quia
1697 2843 1829 2873 nostra}
1858 2847 1939 2872 cam
1973 2836 2314 2873 consubstantialem
2348 2835 2478 2872 animae
2523 2823 2524 2827 ¹

1424 2909 1505 2933 cum
1531 2898 1783 2933 incarnaretur
1814 2898 1967 2944 accepit,
1991 2902 2031 2933 ut
2068 2898 2144 2943 ipse
2172 2907 2238 2943 pro
2263 2896 2366 2932 nobis
2394 2895 2478 2947 red·v
2507 2895 2517 2901 ⁴

1371 2990 1407 3028 D
1425 2956 1540 2999 deret,
1573 2966 1682 3002 quam
1714 2967 1779 2992 nos
1807 2957 2038 3001 debebamus,
2072 2962 2238 2994 mortem.
2274 2957 2364 3001 Quia
2393 2946 2515 3003 erga·

1425 3015 1589 3051 Christus
1606 3016 1816 3062 sanguinem
1833 3027 1937 3052 suum
1953 3018 1997 3053 ad
2015 3018 2255 3063 expiationem
2275 3017 2477 3052 animarum
2500 3026 2511 3031 ’

1425 3079 1632 3110 nostrarum
1645 3076 1756 3120 dedit,
1777 3082 1813 3112 et
1832 3077 1878 3112 ab
1897 3077 1994 3113 omni
2011 3087 2077 3114 nos
2097 3077 2291 3114 homicidio
2307 3077 2483 3123 omnique,
2504 3069 2520 3100 Ἰ

1425 3133 1494 3169 alia
1510 3134 1711 3180 iniquitate,
1729 3146 1809 3182 quae
1828 3136 2021 3172 homicidio
2036 3136 2200 3182 proxima
2225 3141 2295 3180 est,
2314 3137 2419 3173 docet
2438 3123 2478 3173 u!

1425 3194 1694 3231 abstineamus:
1731 3196 1932 3232 eommunis
1961 3197 2057 3232 enim
2091 3197 2149 3233 lex
2182 3202 2252 3241 est,
2282 3201 2319 3233 et
2352 3201 2476 3233 contra

1425 3264 1550 3290 omnes
1567 3255 1798 3290 extenditur:
1832 3255 1947 3290 Homo
1966 3257 2160 3303 quicunque
2184 3258 2226 3294 de
2250 3257 2333 3303 siliis
2363 3254 2478 3292 Israel
2498 3245 2521 3302 ,ᾗ

1429 3321 1460 3349 et
1478 3315 1520 3349 de
1534 3314 1674 3350 advenis
1689 3316 1748 3360 qui
1768 3316 2034 3360 peregrinamur
2045 3318 2138 3363 apud
2155 3328 2228 3360 vos,
2244 3319 2274 3354 εἰ
2300 3318 2488 3364 venatione,
2510 3308 2516 3309 ⁷

1427 3382 1530 3422 atque
1547 3375 1695 3421 aucupio
1715 3375 1839 3420 ceperit
1855 3375 1965 3420 seram
1983 3375 2033 3410 vel
2058 3386 2154 3411 avem
2178 3377 2301 3422 quibus
2329 3379 2416 3413 vesci
2436 3377 2461 3413 li
2475 3375 2477 3379 ’

1427 3438 1535 3472 citum
1566 3441 1630 3476 est,
1660 3434 1786 3481 fundat
1808 3434 2010 3480 sanquinem
2039 3435 2132 3481 ejus,
2164 3442 2196 3471 et
2226 3437 2358 3483 operiat
2386 3436 2490 3496 illruml

1427 3503 1532 3532 terra.
1551 3495 1678 3531 Anima
1691 3495 1783 3530 enim
1799 3495 1910 3530 omnis
1928 3496 2044 3535 carnis
2059 3497 2094 3531 in
2107 3498 2276 3543 sanquine
2289 3503 2338 3533 est
2351 3507 2365 3532 .·
2383 3497 2490 3546 und-135:

1426 3557 1501 3592 dixi
1518 3554 1603 3601 filiis
1623 3553 1758 3591 Israel:
1781 3554 1994 3600 Sanquinem
2013 3557 2180 3592 universoe
2195 3558 2311 3593 carnis
2330 3568 2400 3593 non
2412 3567 2458 3599 cov
2488 3575 2489 3580 =

1425 3618 1582 3662 mederis,
1601 3618 1684 3664 quia
1697 3617 1816 3652 anima
1830 3618 1944 3652 carnis
1961 3618 1998 3652 in
2015 3619 2182 3664 sanquine
2202 3625 2268 3663 est,
2282 3625 2315 3655 et
2328 3620 2408 3667 quic
2488 3603 2489 3606 Ἰ

1423 3690 1488 3727 que
1506 3678 1690 3728 comederit
1703 3677 1793 3721 illud
1810 3678 1985 3714 interibit:
2002 3679 2150 3716 Multum
2167 3691 2253 3717 cura
2269 3686 2324 3718 est
2340 3680 2415 3718 Deo

1423 3739 1634 3788 alterutrum
1653 3737 1756 3773 nobis
1774 3737 1921 3773 minime
1950 3748 2157 3776 noceamus.
2178 3739 2251 3789 (Ex
2269 3739 2440 3789 Hesqefflo

1422 3800 1617 3848 Propterea
1631 3798 1846 3848 percutienti
1863 3799 2059 3844 maxillam,
2080 3795 2172 3846 cedi,
2194 3808 2315 3839 etnon
2331 3788 2412 3846 catii
2434 3816 2447 3839 ι,

1599 3872 1606 3879 .
1624 3857 1627 3870 ³
1874 3854 1881 3859 ⁴
2254 3859 2255 3864 =
2337 3851 2347 3868 2
2373 3866 2382 3872 ..
2394 3848 2402 3864 -‘
