2540 4016
328 130 376 167 47
769 123 810 160 Β.
836 121 1006 160 RABANI
1030 120 1179 160 MAURI
1204 117 1655 159 Attamen—tuocum.
1682 119 1874 160 OPERUM
1900 120 2022 160 PARS
2047 122 2075 159 1.
2456 123 2503 162 48
2536 172 2540 184 1

325 209 423 244 sunt.
444 196 516 239 Hic
534 200 705 239 Ecclesiae
737 200 1029 237 Christianorum
1051 198 1234 246 praecipua
1265 198 1378 245 paga·
1394 201 1437 240 'A
1448 197 1587 235 dentem
1605 208 1668 246 pro
1685 199 1787 236 dente
1807 198 1938 247 (Exod.
1956 200 2049 248 xxi),
2061 199 2321 247 praecipiuntur
2337 201 2505 251 exigere3

324 276 456 303 norum
474 264 607 311 templa
621 267 824 301 cesserunt.
842 262 938 298 Sane
952 261 1052 304 illud,
1072 265 1112 295 ut
1133 258 1222 302 dixi,
1241 259 1382 295 denun-

322 325 487 363 tiandum
508 330 610 371 puto,
630 323 716 370 quia
734 322 827 359 sicut
845 321 1022 368 AEgyptus
1051 325 1134 366 post
1165 319 1233 355 has
1255 319 1382 361 decem

321 385 448 433 plagas
471 385 641 422 dimissos
670 382 840 419 nebraeos
870 379 1053 427 persequi,
1074 379 1307 416 molientibus
1330 378 1381 416 ir-

322 449 397 485 ruit
410 458 474 494 per
492 446 748 492 superductum
762 453 863 479 mare
893 447 1031 478 aeterna
1053 441 1212 488 perditio
1231 451 1242 477 ι
1265 441 1315 478 ita
1342 446 1380 479 et

321 519 389 546 nos
406 508 549 554 quidem
564 506 676 542 libere
689 503 977 550 peregrinantes,
996 507 1259 549 superventura
1268 511 1380 548 quan-

321 570 514 616 doquidem
547 565 752 614 persecutio
770 563 959 611 gentilium
986 568 1122 607 manet,
1142 563 1258 600 donec
1276 573 1378 599 mare

322 630 497 673 Rubrum,
527 628 563 664 id
581 632 650 669 est,
683 626 802 672 ignem
833 622 973 669 judicii,
1007 624 1086 671 ipso
1115 623 1270 660 Domino
1287 625 1378 661 duce

319 696 360 727 et
370 690 506 737 judice,
526 694 767 723 transeamus.
794 684 837 719 Ili
858 683 994 720 veroin
1013 694 1103 730 quos
1123 683 1377 731 AEgyptiorum

318 749 438 786 forma
460 745 736 788 transfunditur,
762 743 939 790 permissa
965 744 1011 779 ad
1033 751 1177 790 tempus
1196 748 1375 791 potestate

317 810 506 846 saevientes
522 807 743 854 gravissimis
759 806 905 852 quidem
919 805 1098 851 permissu
1116 806 1182 842 D'ei
1198 805 1376 843 Christia-

317 880 384 906 nos
413 869 632 906 cruciatibus
665 872 933 913 persequuntur
954 871 1233 903 :verumtamen
1267 867 1374 903 iidem

315 941 442 967 omnes
461 930 595 966 inimici
613 929 746 965 Christi
763 939 844 965 cum
861 938 945 975 rege
964 938 1030 964 suo
1046 927 1287 970 Antichristo,
1310 937 1373 964 ac·-

312 997 418 1038 cepto
436 997 562 1039 stagno
582 991 677 1039 ignis
695 991 835 1033 aeterni,
875 990 971 1036 quod
998 999 1129 1036 magna
1150 989 1372 1035 impediente

312 1054 466 1100 caligine
483 1055 568 1090 dum
599 1065 672 1091 non
704 1054 902 1097 videretur,
936 1053 1107 1096 intratur,
1147 1058 1365 1099 perpetuam

1447 263 1484 295 et
1500 259 1716 307 quandoque
1733 266 1857 298 tamen
1872 262 2055 299 revelante
2069 263 2187 309 gratia
2201 265 2357 309 percussi
2373 265 2410 301 in
2429 276 2508 302 ma-
2538 311 2540 314 Ι

1446 319 1571 356 xillum
1604 331 1732 366 unam,
1759 321 1908 359 alteram
1928 323 2099 370 jubentur
2115 324 2269 371 proebere
2286 323 2431 372 (Manli.
2454 325 2507 374 v).
2537 328 2540 341 ¹

1446 379 1539 423 Quia
1563 380 1662 417 enim
1678 391 1822 429 semper
1836 382 1917 429 plus
1941 383 1998 420 ira
2025 384 2062 420 in
2085 383 2244 420 vindicta
2267 384 2381 432 exigit
2397 395 2508 432 quam

1446 439 1579 486 injuria
1611 442 1756 489 accipit,
1778 443 1864 480 dum
1882 443 2025 482 discunt
2049 445 2145 481 mala
2169 455 2243 482 non
2272 430 2540 501 multiplicium}

1445 502 1620 547 reddere,
1636 503 1781 549 quando
1798 503 1981 541 discerent
2002 513 2046 541 ea
2071 510 2107 541 et
2122 505 2361 552 multiplicata
2379 510 2507 552 sponte
2534 510 2540 547 i

1444 563 1614 599 tolerare.
1634 564 1727 601 Hinc
1743 567 1914 612 estquod
1945 568 2110 604 eumdem
2141 568 2267 605 rudem
2292 568 2461 615 populum
2483 579 2505 605 a
2537 573 2540 580 “

1444 622 1660 668 quibusdam
1673 626 1870 670 prohibuit,
1886 628 2050 673 quaedam
2066 638 2152 666 vero
2166 630 2199 665 ei
2216 629 2254 665 in
2267 640 2336 666 usu
2351 630 2504 676 pristino

1444 682 1628 726 servavit;
1654 684 1717 720 sed
1736 684 1813 720 haec
1829 685 1907 731 ipsa
1926 691 2048 723 tamen
2065 688 2101 724 in
2125 688 2264 726 meliori
2286 690 2371 726 vitae
2387 691 2503 738 figura

1443 743 1657 789 composuit.
1676 742 1788 780 Bruta
1806 747 2152 792 namque-animalia
2169 749 2274 787 idolis
2291 750 2331 788 in
2345 750 2502 798 AEgypto

1442 805 1654 840 mactabant
1681 804 1787 851 eique
1811 805 1846 841 in
1871 816 1938 842 usu
1957 810 2186 852 postmodum
2219 811 2430 848 animalium
2447 811 2502 848 vi-

1442 863 1551 899 ctima
1570 863 1638 900 suit
1655 876 1662 899 :
1688 870 1727 900 ut
1746 865 1830 900 dum
1849 866 1894 902 de
1913 877 1980 902 usu
2005 877 2070 904 suo
2087 867 2222 914 aliquid
2247 871 2499 915 admitterent,

1442 924 1716 960 consolarentur
1735 925 1814 971 ejus
1837 925 1971 962 infirmi
1995 937 2060 973 per
2086 929 2156 965 hoc
2174 929 2271 975 quod
2289 931 2334 967 de
2348 941 2418 968 usn
2432 941 2500 969 suo

1441 984 1577 1031 aliquid
1593 986 1783 1022 haberent.
1804 986 1894 1023 Mira
1915 994 2035 1024 autem
2052 989 2322 1036 dispensatione
2341 992 2498 1038 consilii,

1441 1046 1536 1091 quod
1564 1046 1597 1082 ei
1617 1046 1791 1083 Dominus
1819 1047 1863 1083 de
1886 1050 2147 1086 consuetudine
2176 1051 2313 1087 carnali
2334 1052 2498 1098 retinuit,

311 1115 553 1161 perditionem
607 1114 872 1151 immortalibus
915 1113 1034 1151 arsuri
1076 1112 1263 1160 suppliciis
1305 1123 1371 1159 pa-
1389 1113 1420 1153 B
1439 1106 1509 1142 1¹⁰0
1524 1106 1561 1142 5¹¹
1578 1107 1691 1153 figura
1710 1108 1857 1154 spiritus
1875 1109 2059 1155 Ρθῑθῦῑῑΰδ
2078 1110 2199 1147 vertit·
2217 1110 2310 1155 Quid
2328 1111 2426 1148 essim
2441 1123 2500 1149 sa·

314 1175 428 1211 tientu
435 1185 464 1210 r.

697 1237 849 1275 CAPUT
873 1236 982 1273 XXII.

315 1315 524 1352 Mandatum
540 1315 682 1350 Domini
696 1325 756 1360 per
775 1313 917 1359 Moysen
933 1312 978 1347 ad
993 1311 1085 1357 filios
1101 1310 1216 1346 Israel
1232 1311 1368 1353 datum,

362 1371 398 1399 nt
420 1369 536 1410 petant
557 1374 578 1397 (ι
595 1362 719 1398 vicinis
738 1361 810 1396 suis
834 1366 866 1396 et
883 1359 1004 1395 amicis
1024 1370 1108 1395 vasa
1134 1369 1242 1393 aurea
1262 1364 1293 1393 et
1313 1368 1372 1391 ar-

360 1416 496 1456 qentea.

360 1484 512 1520 Locutus
530 1489 580 1520 est
599 1483 771 1519 Dominus
789 1482 833 1518 ad
853 1481 1011 1528 Moysen,
1034 1480 1175 1515 dicens:
1202 1478 1268 1514 Dic
1289 1488 1370 1524 &⁴90

313 1548 406 1583 onmi
432 1546 521 1593 plebi
548 1551 584 1580 ut
612 1544 760 1591 postulet
778 1544 831 1579 vir
851 1543 893 1578 ab
913 1543 1025 1578 amico
1053 1552 1132 1583 suo,
1153 1546 1184 1575 et
1207 1539 1333 1574 mulier
1350 1550 1372 1574 a

312 1608 425 1643 vicina
443 1618 524 1649 sua,
551 1617 634 1640 vasa
661 1615 769 1639 attrea
789 1609 820 1638 et
841 1609 1018 1649 argentea.
1038 1601 1143 1636 Dabit
1168 1606 1283 1634 autem
1300 1598 1372 1633 Do-

313 1669 428 1704 minus
443 1668 592 1710 qratiam
607 1665 733 1712 populo
748 1676 811 1700 suo
827 1675 944 1700 coram
959 1663 1135 1709 AEyypliis
1152 1660 1283 1707 (Ea-oct.
1303 1659 1369 1706 xi).

314 1727 395 1763 Non
415 1728 501 1763 hinc
525 1727 678 1773 quisque
697 1725 910 1761 sumendum
935 1722 1137 1768 exemplum
1159 1727 1289 1767 putare
1307 1720 1370 1755 de-

313 1788 374 1824 bet
396 1788 440 1823 ad
460 1786 731 1832 exspoliandum
753 1786 822 1820 isto
842 1784 948 1820 modo
968 1783 1186 1830 proximum.
1210 1780 1281 1827 (Ex
1299 1779 1372 1814 Au-

314 1851 488 1898 yustino.)
518 1850 594 1886 IIoc
622 1850 718 1885 enim
742 1849 836 1885 Deus
858 1848 987 1894 jussit,
1017 1847 1078 1893 qui
1108 1850 1256 1881 noverat
1286 1844 1372 1890 quid

313 1922 492 1958 quemque
511 1911 585 1958 pati
606 1915 811 1956 oporteret;
835 1919 902 1945 nec
926 1906 1253 1944 Israelitaesurtum
1274 1905 1371 1941 scce-

312 1981 414 2015 runt,
450 1974 514 2009 scd
547 1974 621 2008 Deo
651 1971 790 2016 jnbenti
829 1970 1069 2006 ministerium
1110 1968 1342 2014 praebuerunt
1360 1978 1367 2001 :

1440 1165 1576 1202 crificia
1596 1166 1739 1203 illorum
1771 1168 2000 1213 animalium,
2033 1169 2103 1206 nisi
2134 1169 2319 1217 Unigeniti
2344 1177 2499 1209 mortem

1441 1229 1654 1275 designant?
1678 1229 1772 1274 Quid
1799 1230 1979 1267 sacrificia
2006 1230 2150 1268 illorum
2176 1232 2408 1276 animalium,
2429 1234 2500 1270 nisi

1440 1290 1718 1326 exstinctionem
1736 1291 1893 1328 carnalis
1909 1292 1991 1328 vitae
2006 1297 2139 1328 nostrae
2153 1292 2380 1340 significant?
2399 1293 2502 1331 Unde

1439 1359 1525 1397 ergo
1541 1351 1778 1388 imbecillitati
1793 1352 1912 1399 populi
1928 1353 2028 1389 rudis
2043 1354 2337 1392 condescendens
2352 1354 2499 1399 dicitur,

1440 1412 1524 1448 inde
1542 1413 1575 1448 ei
1598 1423 1662 1459 per
1682 1414 1916 1451 obumbratas
1941 1415 2195 1463 allegoriarum
2219 1417 2358 1464 species
2383 1416 2501 1463 maior

1437 1470 1612 1510 fortitudo
1632 1473 1780 1519 spiritus
1797 1475 1997 1511 nuntiatur.

1818 1535 1972 1573 CAPUT
1995 1536 2119 1573 XXIII.

1589 1593 1641 1629 De
1660 1596 1840 1631 sanctione
1858 1595 2006 1632 Paschoe
2023 1598 2059 1632 in
2074 1603 2169 1632 terra
2189 1597 2349 1645 AEqyptt.

1487 1655 1585 1691 Dixit
1603 1667 1737 1702 quoque
1754 1656 1927 1692 Dominus
1941 1657 1987 1692 ad
2008 1657 2153 1704 Moysen
2169 1664 2200 1694 et
2215 1658 2334 1695 Aaron
2351 1659 2389 1694 in
2405 1665 2500 1696 terra

1440 1716 1615 1763 AEqypti:
1642 1716 1773 1753 Mensis
1795 1718 1858 1753 iste
1877 1719 1971 1753 vobis
1993 1719 2203 1765 principium
2220 1721 2405 1764 mensium,
2428 1721 2502 1767 pri-

1439 1787 1517 1812 mus
1545 1778 1609 1812 erit
1632 1779 1668 1812 in
1696 1777 1868 1813 naen-sibus
1896 1779 1992 1813 αηηὶ.
2019 1778 2219 1825 Loquimini
2237 1781 2283 1816 ad
2301 1785 2499 1820 universum

1440 1842 1564 1871 coetum
1582 1836 1736 1881 filiorum
1757 1836 1884 1881 Israel,
1906 1844 1937 1873 et
1958 1838 2063 1875 dicite
2081 1840 2156 1876 eis:
2173 1840 2316 1878 Decima
2333 1844 2390 1879 die
2404 1855 2500 1880 nten-

1438 1898 1487 1933 sis
1515 1898 1622 1943 hujus
1651 1898 1750 1933 tollat
1782 1901 2018 1946 unusquisque
2046 1912 2175 1947 nanum
2203 1914 2265 1948 per
2285 1903 2440 1949 santilias
2466 1910 2499 1942 el

1441 1958 1562 1994 domos
1578 1970 1674 1994 suas.
1697 1959 1762 1995 Sin
1780 1966 1895 1996 autem
1912 1961 2027 1996 minor
2046 1967 2094 1997 est
2110 1973 2276 2000 numerus
2292 1971 2330 2000 ut
2346 1966 2500 2012 sufficere

312 2034 617 2082 quemadmodum
651 2042 733 2067 cum
766 2031 932 2066 minister
959 2030 1091 2076 judicis
1126 2028 1258 2063 occidit
1286 2037 1369 2063 gum
1389 2010 1418 2052 C
1441 2030 1510 2054 non
1538 2021 1645 2066 possit
1676 2020 1722 2055 ad
1746 2021 1950 2056 vescendum
1982 2034 2131 2069 aqnum,
2165 2033 2318 2062 assumet
2349 2026 2500 2065 vicinum

312 2105 419 2142 quem
436 2094 547 2140 judex
561 2092 669 2138 Jussit
690 2092 827 2135 occidi,
847 2091 1010 2138 profecto
1030 2090 1060 2126 si
1086 2090 1122 2126 id
1139 2094 1265 2135 sponte
1287 2088 1367 2129 ssat,

313 2154 493 2191 homicida
515 2159 570 2190 est
589 2154 696 2190 etiam
716 2153 746 2188 si
770 2162 853 2188 eum
870 2151 1011 2187 occidat
1036 2159 1142 2195 quem
1169 2149 1236 2184 scit
1255 2147 1371 2184 occidui

314 2225 334 2250 a
347 2214 466 2260 judice
486 2213 665 2250 debuisse.
687 2213 751 2248 Est
769 2212 877 2248 etiam
902 2211 971 2247 ista
998 2208 1170 2245 nonnulla
1190 2207 1342 2253 quaestio
1360 2218 1367 2241 ι

315 2274 355 2310 Si
376 2285 539 2311 seorsum
559 2274 771 2310 habitabant
789 2272 930 2309 Hebraei
949 2271 986 2307 in
1007 2276 1105 2307 terra
1125 2269 1260 2306 Gessen
1275 2295 1283 2310 ,
1309 2267 1371 2303 ubi

311 2345 381 2371 nec
401 2335 515 2381 plagae
540 2334 673 2370 fiebant
703 2334 833 2380 quibus
854 2342 1002 2379 regnum
1021 2330 1220 2367 Phar'aonis
1237 2329 1372 2374 afflige-

313 2395 434 2439 batur,
456 2394 636 2442 quomodo
655 2395 743 2442 petit
769 2394 921 2440 quisque
939 2403 959 2428 a
979 2392 1145 2439 proximo
1168 2390 1226 2426 vel
1244 2399 1263 2424 a
1284 2399 1369 2434 pro-

312 2456 409 2491 xima
435 2464 585 2499 aurum,
618 2461 655 2492 et
685 2460 890 2502 argentum,
921 2458 957 2489 et
977 2459 1136 2494 vestem,
1168 2450 1371 2496 praesertim

311 2517 396 2562 quia
417 2517 476 2552 ubi
493 2516 648 2563 primum
666 2516 734 2551 hoc
753 2515 946 2551 mandatur
962 2523 1027 2560 per
1044 2512 1209 2558 Moysen,
1233 2510 1285 2546 sic
1303 2519 1369 2555 po-

311 2578 421 2614 situm
441 2583 496 2612 cst
515 2589 522 2611 :
549 2582 580 2611 et
598 2575 724 2611 mulier
739 2586 760 2610 a
779 2575 890 2610 vicina
915 2585 996 2616 sua,
1018 2580 1055 2608 ct
1072 2571 1290 2608 concellarIa
1315 2569 1371 2604 vel

313 2634 557 2675 concellania,
591 2634 622 2669 si
652 2634 702 2668 ita
721 2632 912 2669 dicendum
933 2638 1009 2675 est,
1037 2631 1094 2668 vel
1113 2629 1371 2667 cohabitatrice

315 2705 394 2730 sua.
419 2692 521 2730 Unde
542 2691 814 2738 intelligendum
844 2697 899 2727 est
925 2692 1035 2727 etiam
1061 2692 1098 2726 in
1120 2697 1217 2727 terra
1234 2690 1371 2727 Gessen

315 2765 387 2790 non
406 2754 501 2791 solos
521 2753 692 2789 Hebraeos
717 2751 918 2794 habitasse,
940 2752 1002 2787 sed
1021 2751 1074 2787 eis
1094 2752 1232 2796 aliquos
1256 2751 1371 2798 AEgy-

313 2817 408 2861 ptios
428 2815 463 2850 in
485 2814 544 2850 illa
565 2819 662 2849 terra
687 2811 952 2847 cohabitatores
973 2810 1107 2855 fuisse,
1128 2810 1172 2844 ad
1197 2820 1287 2855 quos
1304 2820 1370 2855 po-

315 2881 462 2912 tuerunt
477 2875 606 2910 merito
625 2873 857 2909 ssebraeorum
882 2873 990 2908 etiam
1013 2872 1071 2907 illa
1092 2871 1265 2907 beneficia
1287 2882 1370 2916 per-

1439 2092 1541 2116 suum
1559 2083 1618 2128 qui
1638 2082 1844 2128 conjunctus
1861 2089 1909 2118 est
1930 2084 2048 2119 domui
2069 2096 2143 2121 suoe
2157 2096 2169 2121 :
2184 2086 2290 2132 juxta
2315 2098 2500 2126 numerum

1440 2142 1637 2177 animarum
1657 2154 1734 2189 quoe
1752 2144 1906 2189 sulficere
1930 2151 2075 2190 possunt
2106 2146 2151 2181 ad
2178 2158 2274 2183 esum
2301 2149 2394 2195 aqni.
2419 2149 2499 2186 Eric

1439 2207 1555 2237 autem
1582 2213 1692 2248 aquus
1721 2203 1847 2249 absque
1874 2205 2033 2248 macula,
2066 2206 2264 2251 masculus,
2297 2209 2496 2246 anniculus.

1438 2262 1550 2298 Juaeta
1568 2274 1668 2309 quem
1690 2265 1795 2299 ritum
1817 2264 1944 2300 tolletis
1958 2272 1989 2301 et
2004 2253 2165 2302 haedum:
2180 2273 2213 2302 et
2227 2269 2406 2305 servabitis
2419 2280 2498 2306 eum

1439 2335 1546 2370 usque
1569 2325 1615 2359 ad
1632 2331 1795 2371 quartam
1819 2325 1988 2362 decimam
2015 2327 2105 2362 diem
2126 2329 2252 2364 mensis
2276 2329 2407 2375 hujus:
2433 2331 2499 2366 im-

1438 2383 1648 2430 molabitque
1665 2397 1743 2420 eum
1763 2386 1922 2422 universa
1939 2386 2125 2423 multitudo
2142 2388 2298 2433 filiorum
2319 2389 2433 2426 Israel
2451 2391 2498 2428 ad

1438 2455 1615 2490 vesperam
1634 2444 1764 2492 (Exod.
1786 2445 1868 2492 xii).
1890 2446 2020 2482 Mensis
2046 2448 2141 2483 enim
2165 2449 2228 2484 iste
2250 2449 2344 2486 vobis
2369 2451 2499 2497 princi-

1437 2504 1533 2550 pium
1553 2506 1738 2548 mensium,
1755 2506 1888 2552 primus
1903 2508 1968 2542 erit
1982 2508 2018 2542 in
2033 2508 2207 2544 mensibus
2225 2511 2322 2545 anni.
2338 2510 2497 2548 Mensem

1438 2565 1595 2609 primum
1611 2572 1717 2602 vocat
1732 2565 1842 2602 Nisan
1858 2568 2056 2604 secundum
2076 2568 2248 2606 Hebraeos
2262 2570 2298 2606 in
2311 2581 2382 2616 quo
2397 2581 2498 2609 crea-

1441 2633 1516 2663 tum
1533 2634 1590 2664 est
1609 2629 1741 2665 coelum
1759 2635 1794 2665 et
1810 2635 1923 2673 terra,
1943 2636 1980 2666 ct
1994 2631 2119 2667 mundi
2137 2632 2276 2668 exstitit
2295 2633 2495 2671 exordium.

1439 2687 1549 2733 Cujus
1567 2689 1701 2725 mensis
1716 2690 1967 2735 plenilunium,
1983 2697 2064 2736 post
2081 2692 2338 2736 aequinoctium
2353 2693 2498 2731 vernale

1440 2759 1584 2794 semper
1603 2749 1713 2785 debet
1731 2749 1869 2784 attendi
1889 2750 1925 2784 in
1952 2759 2012 2791 eo,
2031 2753 2068 2790 et
2091 2749 2193 2794 plebs
2211 2750 2458 2789 Israelitarum
2475 2763 2498 2791 a

1440 2809 1613 2844 servitute
1630 2807 1884 2854 AEgyptiorum
1910 2807 2062 2843 liberata
2088 2813 2157 2852 est,
2185 2815 2222 2845 et
2238 2820 2353 2857 genus
2371 2812 2499 2850 huma-

1441 2878 1526 2902 num
1544 2876 1609 2912 per
1625 2866 1759 2902 Christi
1780 2867 1991 2912 sanguinem
2012 2877 2032 2903 a
2056 2874 2233 2913 potestate
2259 2870 2392 2908 diaboli
2419 2882 2498 2910 ere-

315 2936 454 2978 venire‚
477 2940 517 2971 ut
537 2934 597 2971 hic
613 2944 675 2970 eos
698 2938 733 2968 et
750 2933 941 2978 diligerent
957 2933 1063 2968 iidem
1081 2931 1243 2977 AEgyptii
1263 2931 1372 2967 coha-
1387 2910 1424 2949 D
1441 2932 1542 2972 plum
1558 2931 1667 2971 atquc
1683 2926 1892 2962 translatum
1911 2932 1978 2963 esl-
1998 2928 2144 2964 Decima
2158 2929 2215 2967 die
2231 2931 2366 2968 mensis
2383 2941 2498 2994 agssus

306 2995 514 3038 humores,
534 3000 572 3031 et
599 2994 696 3040 quod
723 2993 894 3039 petebant
923 2991 1029 3028 facile
1050 2991 1368 3028 commendarent:

315 3063 386 3092 nec
403 3059 523 3090 tamen
542 3053 638 3090 Deus
651 3051 827 3098 iudicavit
852 3051 902 3086 ita
928 3050 1010 3086 illos
1039 3049 1178 3084 alienos
1196 3048 1308 3084 fuisse
1326 3048 1371 3084 ab

318 3115 461 3163 injuriis
477 3120 515 3152 et
536 3112 883 3151 contradictionibus
906 3122 998 3157 quas
1018 3110 1171 3156 populus
1197 3109 1262 3145 Dei
1291 3119 1375 3155 per-

318 3167 422 3219 tulit,
448 3181 489 3212 ut
513 3185 581 3212 nec
601 3174 671 3211 isto
689 3174 822 3210 damno
847 3172 1062 3213 ferirentur,
1083 3170 1145 3216 qui
1170 3170 1287 3216 plagis
1304 3169 1374 3206 illis

318 3236 571 3284 propterquod
586 3241 693 3272 terrae
705 3233 755 3270 illi
766 3233 982 3280 parcebatur
994 3230 1157 3278 percussi
1170 3239 1243 3266 non
1256 3234 1372 3265 erant.

320 3297 393 3343 (Ex
411 3294 610 3344 Gregorio.)
630 3293 697 3331 Hic
713 3302 856 3340 quoque
869 3291 1061 3339 diligenter
1074 3288 1375 3326 considerandum

320 3361 376 3393 est
394 3357 490 3403 quod
505 3360 646 3392 mentes
662 3353 746 3391 usui
758 3353 842 3390 vitae
857 3351 1013 3389 carnalis
1030 3350 1262 3395 inhaerentes,
1272 3348 1376 3386 evelli

322 3415 369 3453 ab
387 3416 520 3454 intimis
535 3426 607 3453 non
625 3419 798 3463 possunt,
823 3413 895 3452 nisi
922 3412 1102 3461 gradatim
1120 3411 1228 3449 ducta
1246 3410 1376 3458 praedi-

307 3477 466 3526 ·eatione
478 3478 680 3524 proficiant.
700 3476 794 3515 Eine
809 3476 944 3525 quippe
966 3480 1024 3514 est
1045 3474 1144 3523 quod
1159 3475 1199 3512 in
1218 3472 1375 3522 AEgypto

322 3538 465 3586 posius,
483 3539 545 3586 pio
555 3537 725 3585 iustoque
741 3537 1021 3583 moderamine,
1042 3536 1178 3575 latente
1205 3534 1374 3583 concupi-

306 3599 464 3638 -seentia
477 3598 776 3637 condescenditur
789 3627 800 3644 ,
828 3605 867 3638 et
887 3599 1097 3640 ,vicinorum
1112 3608 1262 3644 snorum
1275 3596 1375 3657 vall?

309 3657 1299 3714 mareis„neumisquesublatis,‹liscodcrejubemur.v
1341 3653 1372 3718 ι’

262 3767 266 3769 Β
310 3715 641 3761 mustitanum
652 3717 1014 3776 ductbacccptahoe
1025 3714 1372 3780 00⁸1&th

1430 3591 1500 3635 ,die
1513 3593 1649 3630 mensis
1666 3602 1783 3639 agnus
1802 3593 1954 3640 tollitur,
1974 3593 2162 3653 scd-‘put
2172 3631 2188 3645 ἶ,
2211 3637 2234 3650 -.
2298 3643 2305 3650 .

1431 3653 1488 3695 ‚ad
1501 3658 1670 3699 quartam
1682 3653 1861 3691 decimam
1874 3637 2389 3716 uiemmptbfflmwl

1442 2989 1576 3026 assumi
1588 2989 1734 3035 ⁸iubetur
1747 2994 1783 3025 et
1799 2990 1937 3026 servari
1952 3000 2066 3037 usque
2080 2991 2125 3028 ad
2138 2997 2305 3039 quartam
2317 2993 2496 3032 decimam

1442 3050 1538 3086 diem
1557 3050 1693 3086 mensis
1710 3048 1870 3094 ejusdem
1886 3051 1930 3087 ad
1950 3061 2154 3097 vesperam,
2169 3052 2277 3090 etsie
2294 3052 2494 3090 immolari:

1442 3111 1491 3147 ita
1512 3116 1549 3147 et
1570 3111 1789 3158 Redemptor
1807 3117 1930 3149 noster
1947 3113 2087 3149 decima
2110 3114 2188 3158 die,
2212 3114 2282 3151 hoe
2303 3119 2382 3159 est,
2411 3119 2496 3152 ante

1443 3170 1601 3217 quinque
1618 3170 1694 3207 dies
1713 3170 1859 3207 Paschae
1876 3171 2137 3220 lerosolymam
2157 3173 2319 3218 veniens,
2344 3173 2383 3210 in
2405 3179 2498 3218 tem-

1441 3230 1500 3277 plo
1523 3235 1631 3276 atque
1651 3230 1688 3266 in
1713 3236 1892 3268 conventu
1919 3233 2167 3270 insidiantium
2185 3231 2391 3270 Judaeorum
2412 3242 2495 3270 ver-

1441 3291 1526 3327 bum
1543 3290 1607 3327 Dei
1619 3292 1765 3335 docens,
1776 3292 1999 3337 exspectavit
2014 3298 2181 3340 quartam
2190 3292 2367 3330 decimam
2380 3291 2492 3338 diem,
2528 3306 2540 3317 ’-

1441 3350 1479 3387 in
1502 3360 1574 3396 quo
1596 3350 1734 3388 Pascha
1753 3351 1946 3399 mysticum
1975 3362 2059 3390 cum
2085 3350 2270 3399 discipulis
2297 3351 2374 3390 suis
2394 3351 2494 3405 celej-

1440 3411 1574 3455 brans,
1597 3422 1662 3459 per
1688 3410 1817 3448 ludam
1844 3412 2068 3459 proditorem
2083 3412 2122 3450 in
2139 3420 2269 3450 manus
2286 3409 2493 3455 «Iudaeorum
2525 3410 2540 3455 j

1442 3471 1595 3509 traditus
1612 3477 1682 3516 est,
1699 3477 1808 3520 atque
1825 3473 1992 3521 sequenti
2016 3473 2076 3512 die
2095 3473 2134 3510 in
2152 3481 2260 3529 cruce
2276 3476 2421 3534 φθείρῃ
2434 3480 2515 3532 ¹⁵27!

1442 3533 1647 3580 demptione
1669 3539 1794 3571 nostra
1821 3534 2042 3580 imumlatns.
2072 3533 2153 3587 Qu„
2295 3586 2300 3591 ᾖ
2330 3531 2431 3589 ,zm

2338 3600 2359 3629 r
2377 3601 2478 3645 ⁰⁵¹1...

1436 3711 1588 3763 *quidem
1609 3710 1746 3757 Christi
1765 3703 1892 3763 pinio
1917 3695 2511 3860 »amttath
