2540 4016
89 214 159 250 475

680 182 1016 242 mosa-ms
1038 199 1086 237 ιΝ
1108 198 1377 239 stmcun.
1404 219 1451 228 -
1474 203 1563 239 us.
1590 205 1651 242 vi.

2191 215 2262 253 4⁷4

90 288 248 331 auditus,
270 263 322 323 ad*
339 283 549 323 nutriendos
577 284 724 329 ventres
755 283 913 322 nostros,
949 281 1058 322 atque
1076 284 1143 310 ex-
1160 275 1198 316 A
1259 275 1411 322 Oportet
1426 276 1523 312 enim
1547 277 1773 314 sacerdotem
1794 278 2015 324 diligentiam
2038 286 2210 326 adhihere
2226 295 2265 327 et

88 350 189 397 plere
205 353 350 396 nostras
365 345 566 391 voluptates
585 340 675 378 alias
689 339 822 375 talibus
836 330 1144 384 exquisitionibus

89 411 288 457 cupientes.
322 407 453 452 Aperte
480 404 577 440 enim
606 399 852 446 intelligibiles
870 396 1087 445 pythonicos
1106 400 1144 431 et

88 482 220 518 pravos
245 470 490 506 incantatores
518 462 692 500 Romanis
724 459 887 497 scribens
913 457 1047 493 Paulus
1077 466 1143 492 vas

89 534 276 570 electionis
290 530 478 577 expressit.
503 527 677 573 Roqamus
701 529 816 559 autem
836 533 911 565 vos,
937 520 1078 566 fratres,
1103 524 1143 554 ut

89 594 271 631 observetis
289 603 347 628 eos
361 591 420 638 qui
447 587 676 624 dissensiones
691 585 780 619 inter
796 593 856 618 vos
874 586 908 617 et
933 577 1144 626 offendicula

88 660 215 699 praeter
231 653 426 687 doctrinam
436 659 541 696 quam
558 657 616 683 vos
631 644 801 681 didicistis
821 642 969 688 faciunt,
991 645 1023 674 et
1034 638 1143 674 decli-

89 720 169 751 nate
188 712 229 748 ab
244 713 305 747 eis.
323 711 391 755 Qui
406 715 524 746 autem
549 713 633 744 sunt
649 707 688 744 hi
711 706 749 741 in
764 702 1068 749 subsequentibus
1083 710 1146 736 ex-

88 774 247 822 planavit
268 785 275 808 :
305 772 352 808 Hi
377 772 469 807 enim
496 770 645 805 Domino
673 772 790 804 nostro
815 762 955 801 Christo
975 772 1044 796 non
1066 772 1144 799 ser—

88 837 197 877 viunt,
215 833 275 869 sed
292 843 354 868 suo
370 831 493 874 ventri,
520 836 553 865 et
569 841 630 876 per
646 827 764 863 dulces
787 832 962 860 sermones
982 825 1018 858 et
1039 820 1142 857 bene-

88 896 256 931 dictiones
276 893 444 929 seducunt
465 890 573 927 corda
598 890 832 924 innocentum.

486 962 636 1000 CAPUT
659 959 737 995 XV.

89 1029 270 1074 Quomodo
283 1027 477 1063 sacerdotes
491 1035 527 1058 se
542 1022 667 1057 habere
682 1018 827 1054 debeant
841 1017 878 1051 in
894 1021 1002 1051 morte
1016 1015 1143 1051 civium

191 1084 201 1091 ⁷
404 1078 436 1106 et
459 1068 625 1104 ducendis
641 1065 822 1102 uxoribus.

133 1134 238 1182 (Gn.
254 1133 346 1179 xxi.)
366 1131 533 1176 Dixitque
546 1128 717 1163 Dominus
736 1125 780 1160 ad
799 1124 944 1170 Moysen
960 1122 1143 1168 :Loquere

85 1197 130 1233 ad
149 1195 344 1232 sacerdotes
364 1192 456 1239 filios
483 1191 623 1233 Aaron,
645 1195 676 1223 et
697 1188 788 1222 dices
806 1186 850 1222 ad
872 1197 928 1220 eos
950 1194 960 1218 .·
981 1182 1036 1219 Ne
1054 1194 1140 1217 con·
1161 1170 1193 1210 B

84 1258 272 1294 taminetur
297 1253 458 1290 sacerdos
478 1253 515 1287 in
545 1249 714 1287 mortibus
740 1247 864 1283 civium
888 1256 1050 1286 suorum,
1075 1244 1141 1278 nisi

84 1323 219 1354 tantum
236 1316 274 1351 in
293 1311 559 1359 consanquineis
581 1315 640 1344 aut
663 1307 881 1355 propinquis,
905 1306 941 1340 id
962 1310 1022 1346 est,
1039 1314 1142 1349 super

82 1385 195 1426 patre,
213 1389 254 1412 ac
274 1381 399 1417 matre,
417 1380 449 1408 et
469 1372 558 1418 filio,
583 1376 615 1406 et
632 1369 724 1415 filia,
751 1368 860 1414 fratre
880 1376 1014 1413 quoque
1033 1370 1066 1400 et
1082 1375 1141 1398 so-

83 1451 160 1474 rore
190 1437 335 1483 virqine,
371 1445 447 1481 quoe
480 1443 549 1468 non
574 1437 623 1466 est
658 1435 765 1475 nupta
791 1429 865 1463 viro
887 1438 899 1462 .·
922 1425 981 1461 sed
1011 1435 1072 1459 nec
1104 1425 1142 1459 in

83 1499 238 1546 principe
266 1494 384 1543 populi
401 1495 455 1529 sui
481 1490 788 1528 contaminabitur.
823 1485 1059 1531 Septuaginta
1079 1493 1143 1518 au-

85 1565 173 1601 tem,
195 1568 264 1592 non
283 1554 457 1602 polluetur
474 1563 516 1587 ex
532 1550 644 1586 subito
662 1551 699 1583 in
718 1546 845 1594 populo
865 1557 927 1581 suo
949 1545 994 1579 ad
1022 1544 1143 1590 prosa-

85 1620 260 1654 nationem
294 1626 407 1651 suam.
438 1613 450 1659 (
473 1611 529 1647 Ex
562 1610 748 1655 Hesychia.
768 1607 780 1654 )
803 1607 937 1642 Littera
957 1606 1102 1651 quidem
1121 1614 1142 1639 a

84 1683 308 1713 mortuorum
333 1673 587 1720 pollutionibus
616 1670 741 1716 sugere
768 1667 974 1704 sacerdotes
1001 1675 1141 1711 praece-

82 1738 147 1784 pit,
169 1737 231 1772 sed
251 1747 321 1771 non
338 1736 415 1770 haec
432 1738 487 1769 est
513 1732 600 1778 legis
618 1731 782 1772 intentio,
806 1738 924 1773 neque
942 1728 986 1763 de
1003 1728 1072 1762 hoc
1090 1727 1142 1762 le-

83 1799 232 1845 gislator
250 1793 557 1841 loquiproposuit,
575 1792 636 1826 sed
656 1789 792 1835 aliquid
813 1788 929 1833 majus
947 1787 1139 1829 intellexit,

83 1865 118 1895 ct
137 1857 230 1903 quod
248 1856 355 1890 nimis
370 1854 412 1889 de
427 1851 675 1888 sacerdotibus
693 1849 900 1885 necessario
921 1849 1104 1883 diceretur
1125 1859 1133 1882 2

82 1919 165 1965 quia
183 1917 280 1953 enim
300 1916 396 1961 ipsos
425 1913 605 1959 inspicere
637 1910 779 1956 quando
806 1909 992 1955 negligunt
1017 1908 1140 1954 populi

80 1982 243 2024 peccata,
265 1975 397 2011 dicitur
432 1973 628 2009 secundum
655 1971 750 2016 quod
773 1971 809 2006 in
842 1969 935 2005 Osea
965 1970 1140 2014 scriptum

82 2042 136 2073 est
158 2048 165 2071 ε
184 2033 336 2070 Peccata
351 2031 469 2079 populi
486 2031 552 2066 mei
574 2029 764 2071 comedent,
795 2034 827 2063 et
845 2028 892 2063 ad
919 2028 1138 2074 iniquitatem

81 2107 201 2134 eorum
218 2095 441 2131 sublevabant
464 2092 599 2127 animas
617 2101 736 2126 eorum
757 2088 855 2136 (Ose.
875 2088 939 2136 lv).
962 2089 1040 2124 Non
1060 2088 1140 2134 qui-

82 2159 163 2194 dem
180 2156 301 2192 omnia
318 2163 541 2200 quaecunque
564 2152 718 2197 populus
747 2157 890 2196 peccat,
922 2151 1010 2196 ipsis
1034 2159 1141 2195 opor-

82 2223 134 2254 tet
154 2216 334 2261 imputari,
367 2214 429 2250 sed
460 2213 677 2249 intendenda
713 2217 769 2248 est
793 2212 852 2247 illa
878 2212 923 2247 ab
951 2210 1140 2247 Ezechicle

82 2279 255 2326 propheta
282 2277 375 2314 dicta
409 2276 536 2312 divisio
558 2287 565 2310 :
591 2274 661 2309 Fili
687 2275 850 2317 hominis,
888 2273 1141 2320 speculatorem

81 2339 161 2375 dedi
179 2345 211 2374 te
229 2338 348 2373 domui
372 2336 500 2380 Israel,
517 2344 549 2372 et
574 2336 694 2372 audies
712 2335 754 2370 de
780 2346 839 2370 ore
858 2346 933 2370 meo
954 2334 1093 2369 verbum
1107 2337 1140 2368 et

81 2399 304 2437 annuntiabis
333 2400 381 2434 eis
414 2409 455 2434 ex
487 2409 541 2433 me
562 2405 573 2430 :
594 2397 624 2432 si
657 2396 790 2431 dicente
818 2405 872 2430 me
899 2394 944 2430 ad
976 2393 1136 2439 impium,

80 2461 193 2498 Morte
220 2460 394 2502 morieris,
417 2469 486 2494 non
515 2457 776 2493 annuntiaveris
796 2456 840 2498 ei,
868 2465 976 2501 neque
1002 2453 1138 2488 locutus

81 2522 201 2567 fueris,
220 2526 258 2556 ut
278 2526 454 2556 avertatur
470 2530 491 2553 a
512 2520 568 2553 via
586 2529 650 2553 sua
668 2518 776 2563 impia
801 2522 833 2551 et
854 2516 956 2556 vivat,
978 2514 1051 2560 ipse
1073 2513 1139 2547 im-

79 2583 157 2629 pius
188 2582 226 2617 in
253 2582 435 2627 iniquitate
465 2592 530 2615 sua
556 2580 744 2620 morietur,
781 2578 986 2623 sanquinem
1020 2581 1137 2611 autem

80 2643 156 2690 ejus
171 2643 213 2678 de
232 2653 338 2677 manu
365 2647 427 2675 tua
443 2641 630 2686 requiram.
653 2638 694 2673 Si
713 2643 830 2672 autem
847 2643 883 2671 tu
908 2636 1137 2671 annuntiave-

82 2705 129 2739 ris
158 2703 276 2749 impio,
308 2707 339 2737 et
364 2700 422 2736 ille
446 2711 514 2735 non
542 2699 647 2745 suerit
673 2707 856 2733 conversus
889 2696 930 2731 ab
960 2697 1136 2742 impietate

80 2775 160 2806 sua,
180 2769 211 2798 ct
238 2763 293 2797 via
313 2773 378 2796 sua
407 2761 528 2806 impia,
550 2760 622 2805 ipse
642 2758 780 2805 quidem
807 2759 845 2792 in
868 2757 1051 2803 iniquitate
1069 2767 1134 2791 sua

81 2823 258 2864 morietur,
280 2827 317 2856 tu
334 2826 449 2856 autem
464 2819 618 2855 animam
634 2825 730 2852 tuam
741 2817 882 2852 salvasti
897 2815 1041 2863 (Ezech.
1060 2814 1131 2862 ιιι).

81 2883 156 2919 Hoc
174 2888 294 2918 autem
326 2881 500 2927 apertius,
536 2879 599 2915 sed
627 2882 663 2914 et
694 2877 872 2919 subtilius,
904 2877 940 2911 in
963 2875 1133 2922 praesenti

1209 336 1343 382 populo
1368 342 1410 373 ut
1432 347 1505 373 non
1521 342 1662 383 peccet,
1694 338 1756 376 sed
1781 339 1962 384 praecipue
1982 341 2103 379 domui
2130 357 2204 384 suae
2224 355 2263 386 et

1211 399 1398 441 cognatis;
1425 402 1575 443 propter
1601 397 1705 443 quod·
1715 397 1850 434 Paulus
1864 398 1915 433 ait
1940 398 2053 436 :Hoec
2065 407 2211 451 praecipe
2222 414 2265 444 ut

1208 457 1527 503 irreprehensibiles
1561 459 1645 493 sint.
1688 456 1730 494 Si
1767 458 1845 504 quis
1884 463 2002 494 autem
2034 471 2198 506 suorum,
2231 473 2265 502 et

1159 524 1164 532 ⁴
1211 518 1362 554 maxime
1374 519 1657 562 domesticorum,
1673 529 1796 554 curam
1808 529 1877 554 non
1894 519 2009 562 habet,
2027 519 2132 565 fidem
2150 532 2266 570 neqat,

1212 583 1246 613 et
1265 583 1317 613 est
1329 577 1463 622 infideli
1480 578 1633 613 deterior
1659 577 1702 623 (Ι
1718 577 1809 613 Tim.
1828 577 1880 626 v).
1907 579 1954 614 Et
1969 590 2096 616 rursus
2113 593 2121 616 :
2142 580 2182 618 Si
2201 594 2266 619 au·-

1211 644 1280 675 tem
1289 640 1366 686 quis
1380 651 1453 675 suoe
1470 640 1590 675 domui
1604 651 1751 686 proeesse
1765 640 1888 683 nescit,
1908 641 2080 687 quomodo
2099 641 2267 680 Ecclesiae

1212 699 1277 734 Dei
1306 710 1427 734 curam
1445 699 1609 734 habebit?
1627 699 1669 746 (I
1687 699 1776 734 Tim.
1797 700 1878 746 ιιι.)
1902 699 1942 735 ln
1957 699 2045 744 filio,
2063 706 2099 737 et
2120 701 2206 747 lilia,
2232 710 2269 740 et

1211 759 1339 803 fratre,
1366 765 1403 796 et
1422 770 1546 796 sorore
1564 759 1718 806 virgine,
1739 760 1907 796 videlicet
1931 761 2182 806 peccantibus,
2200 774 2266 799 ne-

1212 821 1370 857 cessario
1393 823 1562 858 sacerdos
1578 822 1765 868 polluitur,
1788 828 1828 859 ut
1845 829 1941 869 pote,
1964 825 2026 870 qui
2054 825 2160 861 debet
2175 836 2269 872 quo—

1211 884 1313 928 tidie,
1338 886 1401 921 sed
1420 890 1456 920 et
1481 885 1579 921 omni
1597 886 1700 930 hora,
1731 896 1775 923 ea
1801 897 1880 932 quae
1904 887 1950 923 ad
1976 887 2129 924 salutem
2159 889 2272 934 perti-

1212 950 1299 979 nent
1313 955 1375 981 eos
1393 946 1595 989 instituere,
1618 952 1653 982 et
1672 946 1822 993 vigilare
1843 947 1940 983 circa
1959 957 2021 984 eos
2038 952 2078 983 ut
2100 958 2171 984 non
2186 958 2271 994 pec-

1212 1010 1296 1040 cent
1314 1005 1399 1040 talia
1414 1016 1495 1051 quae
1520 1013 1638 1042 morte
1656 1015 1740 1043 sunt
1757 1008 1877 1053 digna.
1908 1007 1985 1044 Hoc
2005 1014 2126 1046 autem
2151 1010 2269 1055 ipsum

1212 1064 1305 1099 etin
1321 1070 1450 1106 matre,
1483 1070 1520 1102 et
1548 1065 1585 1100 in
1617 1071 1719 1110 patre
1744 1066 2018 1113 intelligendum
2048 1074 2116 1104 est.
2138 1068 2270 1106 Filium

1212 1124 1344 1169 quippe
1374 1125 1560 1159 doctorem
1585 1125 1702 1170 patris
1728 1126 1927 1171 matrisque
1959 1126 2196 1162 sacerdotalis
2214 1127 2271 1162 di-

1212 1185 1330 1231 gnitas
1358 1185 1446 1220 facit
1468 1197 1476 1219 ε
1497 1185 1622 1221 dicens
1653 1185 1798 1230 quidem
1827 1195 1989 1222 sororem
2018 1197 2098 1232 quae
2122 1197 2194 1223 non
2216 1193 2273 1224 est

1211 1250 1323 1291 nupta
1341 1246 1433 1288 viro,
1454 1245 1613 1281 ostendit
1628 1255 1693 1291 per
1714 1246 1808 1281 hanc
1831 1246 1915 1291 quia
1936 1247 1966 1282 si
1984 1248 2127 1294 cognati
2146 1258 2272 1284 sacer-

1212 1305 1306 1341 dotis
1336 1306 1550 1350 semetipsos
1583 1305 1842 1350 separaverint,
1874 1312 1909 1341 et
1934 1305 2062 1342 domus
2095 1307 2270 1352 quodam-

1211 1366 1319 1401 modo
1338 1366 1407 1400 alia
1434 1366 1648 1411 semetipsos
1669 1371 1878 1412 separantes
1897 1366 1984 1403 sacti
2004 1367 2154 1412 fuerint,
2186 1368 2270 1403 nul·

1211 1425 1282 1461 lam
1297 1426 1484 1471 patiuntur
1498 1427 1535 1462 in
1550 1427 1783 1472 peccantibus
1798 1427 1856 1463 his
1870 1428 2125 1474 pollutionem3
2154 1440 2270 1475 quan·

1211 1486 1273 1523 diu
1291 1492 1408 1523 autem
1430 1488 1483 1522 cis
1501 1488 1705 1532 adhaerent,
1726 1490 2006 1535 propinquitatis
2026 1497 2064 1527 et
2086 1493 2270 1538 cognatio-

1211 1548 1268 1584 nis
1300 1548 1414 1594 legem
1448 1549 1747 1593 custodientibus,
1790 1551 2108 1587 contaminationis
2143 1562 2270 1588 eorum

1210 1615 1309 1645 recte
1328 1610 1524 1655 participes
1554 1610 1769 1654 efficiuntur,
1798 1611 1882 1656 quia
1911 1622 1979 1647 nec
2008 1612 2174 1658 ignorare
2204 1623 2268 1648 eo-

1211 1681 1291 1706 rum
1310 1676 1471 1716 peccata,
1501 1676 1540 1706 ut
1558 1677 1643 1716 pote
1668 1672 1966 1716 cohabitantium,
1985 1678 2151 1719 possunt,
2172 1674 2268 1718 quod

1212 1732 1264 1767 eis
1290 1737 1326 1767 et
1346 1732 1666 1768 contaminationis
1684 1743 1830 1769 causam
1850 1733 1958 1779 parit.
1989 1733 2093 1771 Unde
2112 1743 2198 1781 ergo
2214 1734 2268 1769 di·

1211 1803 1297 1830 cens
1312 1794 1407 1839 quod
1422 1794 1459 1829 in
1479 1794 1535 1830 his
1551 1795 1898 1838 contaminarentur,
1924 1796 2185 1841 subsequenter
2205 1797 2267 1831 ad-

1211 1856 1314 1898 didit,
1340 1856 1537 1892 secundum
1565 1855 1810 1902 Septuaginta,
1840 1867 1910 1891 non
1939 1856 2124 1903 polluetur,
2150 1857 2269 1892 subito

1209 1917 1246 1952 in
1265 1918 1397 1963 populo
1422 1927 1488 1952 suo
1503 1918 1548 1952 ad
1576 1918 1864 1963 profanationem
1878 1918 1970 1964 ejus.
1999 1918 2091 1962 Quid
2118 1929 2183 1964 per
2199 1919 2268 1955 hoc

1210 1978 1308 2013 aliud
1324 1979 1508 2014 ostendit?
1526 1978 1596 2014 nisi
1616 1979 1701 2024 quia
1730 1979 1902 2024 polluitur
1925 1980 2069 2024 quidem
2092 1985 2128 2015 et
2146 1980 2181 2014 in
2200 1990 2265 2025 po-

1208 2038 1292 2083 pulo
1310 2043 1483 2084 peccante
1511 2039 1695 2080 sacerdos,
1716 2039 1778 2074 sed
1796 2049 1868 2074 non
1890 2040 2022 2075 subito.
2041 2039 2128 2083 Quae
2147 2046 2268 2075 autem

1211 2099 1388 2134 accedunt
1417 2099 1453 2134 in
1486 2099 1669 2134 extraneis
1690 2099 1817 2144 culpis,
1844 2101 1921 2135 haec
1942 2110 2015 2135 non
2035 2099 2131 2136 illico
2149 2110 2271 2136 sacer-

1210 2158 1330 2194 dotem
1363 2158 1624 2202 contaminant,
1659 2159 1722 2195 sed
1754 2160 1896 2205 quando
1922 2159 1990 2204 ipsi
2016 2160 2162 2205 quidem
2190 2170 2270 2206 per-

1210 2221 1410 2257 manserint
1429 2221 1467 2256 in
1496 2221 1671 2267 peccatis,
1692 2221 1900 2257 sacerdotes
1918 2227 2039 2258 autem
2057 2231 2119 2258 eos
2139 2232 2268 2258 curare

1208 2282 1446 2328 neglexerint.
1473 2282 1552 2318 Non
1572 2282 1706 2318 frustra
1733 2287 1854 2318 autem
1879 2282 2030 2325 addidit,
2049 2281 2268 2328 profanatio-

1206 2354 1296 2382 nem,
1323 2343 1386 2378 sed
1402 2342 1488 2378 illud
1505 2353 1571 2387 per
1586 2343 1655 2378 hoc
1674 2341 1825 2378 verbum
1849 2342 2004 2378 innuens
2021 2342 2105 2387 quia
2122 2341 2266 2386 quando

1207 2405 1378 2440 sacerdos
1404 2404 1590 2449 polluitur,
1627 2405 1822 2440 secundum
1855 2404 2063 2449 praedictam
2100 2413 2263 2446 causam,

1206 2465 1327 2509 populi
1359 2465 1543 2510 peccatis,
1570 2464 1756 2509 negligens
1790 2463 1958 2499 videlicet
1988 2468 2024 2498 et
2051 2473 2123 2498 non
2153 2472 2264 2508 agens

1205 2534 1286 2569 quae
1304 2523 1421 2559 modis
1446 2524 1615 2559 omnibus
1649 2524 1873 2558 sacerdotem
1905 2523 2107 2567 oportebat,
2138 2523 2263 2568 profa-

1204 2595 1288 2627 nus,
1316 2584 1352 2620 id
1381 2589 1450 2626 est,
1484 2584 1601 2620 nudus
1634 2583 1826 2620 sacerdotii
1862 2584 2049 2630 dignitate,
2082 2584 2263 2621 invenitur

1204 2653 1298 2679 unus
1330 2649 1366 2679 et
1394 2644 1471 2688 ipse
1501 2644 1545 2679 de
1570 2643 1696 2679 multis
1719 2655 1727 2679 ε
1748 2643 1889 2690 profani
1917 2643 2014 2679 enim
2036 2644 2073 2679 hi
2097 2644 2158 2690 qui
2186 2655 2261 2681 non

1204 2708 1288 2739 sunt
1321 2702 1536 2739 sanctificati
1571 2703 1754 2747 dicuntur,
1788 2709 1825 2739 et
1858 2703 2010 2738 multum
2038 2709 2151 2747 recte,
2175 2705 2259 2750 quia

1202 2773 1246 2800 ea
1281 2773 1361 2808 quae
1396 2767 1481 2798 sunt
1515 2763 1714 2799 sacerdotis
1746 2773 1820 2798 non
1853 2770 2016 2808 egerunt.
2054 2762 2258 2808 Sequitur:

1249 2824 1478 2872 (Eaeeodem.)
1489 2824 1572 2860 Non
1586 2824 1709 2860 radent
1724 2829 1826 2871 caput
1842 2835 1902 2859 nec
1918 2824 2075 2868 barbam,
2095 2835 2204 2871 neque
2222 2825 2259 2860 in

1201 2886 1364 2922 carnibus
1382 2886 1456 2920 suis
1473 2884 1603 2930 sacient
1637 2885 1823 2920 incisuras.
1847 2883 1951 2920 Vinci
1970 2894 1990 2919 a
2009 2885 2258 2921 sacerdotibus

81 2944 263 2991 legiSlatffl'
280 2942 446 2988 θΧΡΟὸὓῑῑ
468 2953 475 2976 ²
505 2940 549 2975 In
575 2938 770 2981 animabus,
800 2938 927 2983 iss‘lffit’
961 2947 1030 2971 ''0'‘
1050 2947 1184 3002 ⁶⁰⁷¹⁷⁴D
1201 2947 1311 2982 etiam
1338 2947 1524 2982 tristitiam
1549 2957 1629 2992 quae
1648 2947 1692 2982 de
1718 2951 1836 2982 morte
1865 2946 1957 2982 solet
1991 2945 2167 2988 accidere,
2198 2945 2258 2982 lex

81 3006 294 3041 taminentur
312 3005 402 3039 inter
427 3003 514 3038 cives
546 3011 640 3042 suos,
669 3000 705 3035 in
730 2999 873 3044 quibus,
893 2998 929 3033 in
949 2997 1132 3044 peccanti-

80 3066 146 3102 bus
163 3065 344 3106 videlicet,
372 3073 452 3109 quae
483 3061 682 3108 pollutione
717 3060 956 3106 complentur,
988 3065 1025 3094 et
1053 3058 1133 3095 aliis

80 3126 224 3173 quidem
240 3123 436 3160 sccundum
451 3122 624 3167 quosdam
642 3119 768 3156 modos
784 3119 992 3166 pollutionis
1013 3124 1133 3155 aucto⁴

80 3197 137 3222 res
156 3186 259 3228 liunt,
284 3184 440 3219 maxime
457 3189 577 3218 tamen
606 3180 852 3218 sacerdotibus
866 3185 901 3217 et
926 3181 1132 3217 doctoribus

79 3246 220 3292 quando
247 3255 308 3281 eos
339 3244 587 3290 neglexerunt.
627 3241 870 3277 Verumtamen
898 3242 935 3276 in
966 3241 1034 3283 his,
1066 3242 1130 3284 ait,

80 3317 148 3341 non
165 3305 419 3341 contaminetur
435 3304 472 3338 in
490 3302 659 3338 mortibus
682 3302 807 3338 civium
825 3313 982 3345 suorum,
1006 3302 1040 3337 id
1059 3308 1129 3345 est,

79 3366 221 3412 quando
253 3364 342 3401 nihil
374 3363 509 3400 inventi
542 3363 678 3399 fuerint
707 3361 802 3408 quod
832 3362 886 3398 cis
915 3362 1132 3408 expediebat

79 3427 271 3463 omisisse}
290 3425 352 3462 scd
372 3425 440 3471 ipsi
458 3424 603 3470 quidem
631 3423 727 3469 quod
746 3423 790 3459 ad
810 3433 849 3459 se
876 3423 1052 3469 pertinuit
1080 3422 1131 3458 l'e-

81 3485 187 3530 cisse,
202 3492 239 3522 et
257 3486 323 3522 Dei
349 3485 464 3532 legem
489 3484 721 3531 praedicasse,
750 3482 801 3518 illi
822 3488 943 3519 autem
963 3483 1129 3518 nolentes

80 3546 225 3599 ohedire
241 3554 395 3584 mortem
418 3546 562 3582 sibimet
580 3545 828 3581 conduxerunt
856 3544 1125 3580 inobedientia:

81 3617 152 3644 non
173 3619 258 3656 ergo
277 3609 315 3646 in
331 3609 388 3646 his
408 3609 446 3646 hi
469 3609 530 3656 qui
555 3613 716 3655 praesunt
742 3607 966 3654 polluuntur,
995 3608 1059 3644 sed
1089 3608 1127 3644 in

81 3662 269 3717 propinquo
290 3676 323 3707 et
345 3671 503 3718 proximo
531 3681 616 3714 suo,
641 3671 679 3707 in
705 3676 804 3717 patre
823 3676 856 3706 et
874 3671 913 3706 in
935 3675 1061 3714 matre,
1090 3670 1127 3705 in

82 3725 164 3771 filiis
181 3732 215 3763 et
229 3726 369 3786 filiabus
381 3757 392 3775 ‚
417 3730 456 3767 in
473 3731 582 3778 fratre
597 3735 630 3768 et
652 3741 771 3768 sorore
798 3730 944 3778 virgine,
960 3741 1039 3778 quoe
1055 3740 1125 3767 non

81 3791 131 3823 est
147 3793 254 3834 nupta
269 3788 354 3826 viic.
753 3785 758 3788 '
774 3786 781 3790 “

1201 3013 1300 3044 recte
1319 3008 1495 3054 praecipit,
1516 3013 1556 3043 ut
1573 3012 1658 3053 pote
1683 3007 1744 3052 qui
1768 3011 1805 3043 et
1824 3006 1892 3052 ipsi
1911 3015 2011 3051 spem
2027 3006 2111 3042 vitae
2127 3004 2257 3041 futurae

1199 3068 1335 3104 habent
1358 3073 1394 3103 et
1411 3068 1584 3113 populum
1613 3068 1756 3103 docent.
1779 3066 1850 3103 Sed
1878 3071 1981 3102 extra
2001 3067 2080 3102 hacc
2098 3076 2170 3103 non
2196 3075 2256 3101 so-

1200 3129 1273 3164 lum
1302 3128 1338 3164 in
1354 3128 1510 3175 propriis
1534 3128 1694 3174 peccatis
1713 3127 1863 3172 vigilare
1879 3136 1953 3167 eos,
1977 3131 2013 3161 et
2032 3130 2171 3160 mentes
2189 3125 2252 3159 ha-

1199 3190 1286 3226 bere
1311 3199 1432 3233 sanas,
1454 3189 1517 3225 sed
1536 3189 1647 3224 etiam
1678 3188 1714 3223 in
1746 3187 1893 3229 alienis,
1924 3186 1962 3221 in
1980 3186 2037 3221 his
2053 3195 2133 3230 quae
2156 3194 2252 3220 nunc

1199 3250 1295 3286 dicta
1324 3255 1408 3285 sunt
1441 3249 1626 3285 evidenter
1662 3247 1845 3294 praecepit.
1885 3245 2071 3289 Quomodo
2102 3248 2249 3287 autem,

1199 3310 1298 3346 disce
1321 3321 1329 3343 ε
1355 3314 1515 3354 caputet
1538 3308 1648 3343 barba
1674 3306 1858 3352 sapientiae
1880 3309 1935 3340 est
1954 3307 1990 3339 et
2019 3301 2250 3348 perfectionis

1198 3374 1332 3405 nostrae
1341 3369 1503 3414 signum;
1521 3373 1668 3412 propter
1681 3366 1776 3411 quod
1789 3370 1897 3410 caput
1915 3369 2076 3399 nostrum
2091 3363 2248 3410 appella-

1197 3434 1258 3465 tur
1277 3429 1454 3471 Christus,
1485 3429 1522 3463 in
1539 3437 1609 3472 quo
1630 3435 1758 3471 sapere
1785 3425 1956 3460 debemus
1975 3424 2132 3460 maxima
2151 3435 2247 3470 quae-

1197 3501 1268 3535 que
1287 3494 1396 3534 atque
1413 3487 1572 3533 perfecta
1586 3512 1595 3528 ,
1627 3490 1718 3520 tcste
1742 3483 1854 3520 Paulo
1867 3511 1877 3526 ,
1905 3484 1967 3530 qui
1990 3485 2076 3521 dicit
2095 3497 2104 3520 ε
2126 3484 2244 3521 Donec

1196 3557 1422 3584 occurramus
1439 3555 1555 3581 omnes
1574 3544 1612 3578 in
1630 3543 1742 3578 virum
1755 3542 1966 3589 perlectum,
1993 3549 2026 3579 et
2045 3555 2244 3580 mensuram

1194 3607 1307 3643 oetatis
1335 3603 1559 3651 plenitudinis
1577 3600 1708 3638 Christi
1734 3601 1876 3649 (Ephee.
1899 3602 1964 3651 iv).
1983 3602 2095 3639 Recte
2121 3607 2242 3640 autem

1193 3673 1231 3705 et
1247 3667 1360 3703 barba
1382 3663 1560 3712 significat
1582 3662 1842 3710 perfectionem
1871 3665 2078 3711 sapientiae,
2098 3665 2183 3711 quia
2202 3666 2240 3702 in

1193 3727 1250 3764 his
1280 3725 1342 3773 qui
1367 3724 1412 3761 ad
1426 3722 1624 3770 iuvenilem
1650 3728 1828 3761 venerunt
1856 3729 2013 3768 aetatem,
2042 3729 2080 3762 et
2109 3724 2243 3762 intelli-

1191 3798 1276 3836 gere
1292 3787 1370 3836 jam
1382 3795 1464 3834 quae
1480 3789 1567 3825 sunt
1585 3784 1687 3824 utilia
1704 3785 1908 3825 valentibus
1933 3786 2047 3825 barba
2063 3787 2239 3826 nascitur.
