<?xml version="1.0" encoding="UTF-8"?>
<!DOCTYPE html PUBLIC "-//W3C//DTD XHTML 1.0 Transitional//EN"
    "http://www.w3.org/TR/xhtml1/DTD/xhtml1-transitional.dtd">
<html xmlns="http://www.w3.org/1999/xhtml" xml:lang="en" lang="en">
 <head>
  <title>
</title>
<meta http-equiv="Content-Type" content="text/html;charset=utf-8" />
  <meta name='ocr-system' content='tesseract 3.04.00' />
  <meta name='ocr-capabilities' content='ocr_page ocr_carea ocr_par ocr_line ocrx_word'/>
</head>
<body>
  <div class='ocr_page' id='page_1' title='image "./patrologiae00unknuoft_0496.png"; bbox 0 0 2540 4016; ppageno 0'>
   <div class='ocr_carea' id='block_1_1' title="bbox 298 193 368 230">
    <p class='ocr_par' dir='ltr' id='par_1_1' title="bbox 298 193 368 230">
     <span class='ocr_line' id='line_1_1' title="bbox 298 193 368 230; baseline -0.029 0"><span class='ocrx_word' id='word_1_1' title='bbox 298 193 368 230; x_wconf 63' lang='lat'>929</span> 
     </span>
    </p>
   </div>
   <div class='ocr_carea' id='block_1_2' title="bbox 287 319 1354 1166">
    <p class='ocr_par' dir='ltr' id='par_1_2' title="bbox 287 319 1354 1166">
     <span class='ocr_line' id='line_1_2' title="bbox 295 319 1350 370; baseline -0.007 -8"><span class='ocrx_word' id='word_1_2' title='bbox 295 326 361 362; x_wconf 89' lang='lat' dir='ltr'>dit.</span> <span class='ocrx_word' id='word_1_3' title='bbox 381 323 456 365; x_wconf 76' lang='lat' dir='ltr'>Hos</span> <span class='ocrx_word' id='word_1_4' title='bbox 471 332 562 370; x_wconf 84' lang='lat' dir='ltr'>ergo</span> <span class='ocrx_word' id='word_1_5' title='bbox 572 332 701 360; x_wconf 89' lang='lat' dir='ltr'>omnes</span> <span class='ocrx_word' id='word_1_6' title='bbox 710 322 815 368; x_wconf 73' lang='lat' dir='ltr'>iuxta</span> <span class='ocrx_word' id='word_1_7' title='bbox 832 321 1030 358; x_wconf 85' lang='lat' dir='ltr'>vindictam</span> <span class='ocrx_word' id='word_1_8' title='bbox 1048 319 1113 356; x_wconf 87' lang='lat' dir='ltr'>Dei</span> <span class='ocrx_word' id='word_1_9' title='bbox 1131 319 1170 355; x_wconf 93' lang='lat' dir='ltr'>in</span> <span class='ocrx_word' id='word_1_10' title='bbox 1186 323 1350 357; x_wconf 83' lang='lat' dir='ltr'>extrema</span> 
     </span>
     <span class='ocr_line' id='line_1_3' title="bbox 294 382 1351 431; baseline -0.007 -6"><span class='ocrx_word' id='word_1_11' title='bbox 294 387 644 428; x_wconf 68' lang='lat' dir='ltr'>ultionemnsumet,</span> <span class='ocrx_word' id='word_1_12' title='bbox 668 394 758 431; x_wconf 88' lang='lat' dir='ltr'>quos</span> <span class='ocrx_word' id='word_1_13' title='bbox 771 395 869 423; x_wconf 87' lang='lat' dir='ltr'>nunc</span> <span class='ocrx_word' id='word_1_14' title='bbox 898 382 1098 421; x_wconf 75' lang='lat' dir='ltr'>admonitio</span> <span class='ocrx_word' id='word_1_15' title='bbox 1115 387 1153 419; x_wconf 88' lang='lat' dir='ltr'>et</span> <span class='ocrx_word' id='word_1_16' title='bbox 1168 382 1351 428; x_wconf 77' lang='lat' dir='ltr'><strong>correptio</strong></span> 
     </span>
     <span class='ocr_line' id='line_1_4' title="bbox 287 443 1351 495; baseline -0.008 -9"><span class='ocrx_word' id='word_1_17' title='bbox 287 460 315 486; x_wconf 88' lang='lat' dir='ltr'>a</span> <span class='ocrx_word' id='word_1_18' title='bbox 331 448 493 495; x_wconf 77' lang='lat' dir='ltr'>peccatis</span> <span class='ocrx_word' id='word_1_19' title='bbox 523 458 597 485; x_wconf 89' lang='lat' dir='ltr'>non</span> <span class='ocrx_word' id='word_1_20' title='bbox 623 446 781 485; x_wconf 79' lang='lat' dir='ltr'><strong>cohibet.</strong></span> <span class='ocrx_word' id='word_1_21' title='bbox 805 458 819 480; x_wconf 88' lang='lat'><strong>‹</strong></span> <span class='ocrx_word' id='word_1_22' title='bbox 840 445 886 481; x_wconf 90' lang='lat' dir='ltr'>Et</span> <span class='ocrx_word' id='word_1_23' title='bbox 919 444 1010 482; x_wconf 84' lang='lat' dir='ltr'>dixit</span> <span class='ocrx_word' id='word_1_24' title='bbox 1031 456 1039 480; x_wconf 90' lang='lat'>:</span> <span class='ocrx_word' id='word_1_25' title='bbox 1063 444 1219 483; x_wconf 78' lang='lat' dir='ltr'>Ubinam</span> <span class='ocrx_word' id='word_1_26' title='bbox 1238 443 1351 480; x_wconf 81' lang='lat' dir='ltr'>sunt?</span> 
     </span>
     <span class='ocr_line' id='line_1_5' title="bbox 292 504 1346 546; baseline -0.006 -1"><span class='ocrx_word' id='word_1_27' title='bbox 292 508 446 546; x_wconf 86' lang='lat' dir='ltr'>Cessare</span> <span class='ocrx_word' id='word_1_28' title='bbox 462 507 595 546; x_wconf 86' lang='lat' dir='ltr'>faciam</span> <span class='ocrx_word' id='word_1_29' title='bbox 620 516 672 544; x_wconf 84' lang='lat' dir='ltr'>ex</span> <span class='ocrx_word' id='word_1_30' title='bbox 699 505 907 544; x_wconf 88' lang='lat' dir='ltr'>hominibus</span> <span class='ocrx_word' id='word_1_31' title='bbox 933 504 1147 546; x_wconf 66' lang='lat' dir='ltr'>memoriam</span> <span class='ocrx_word' id='word_1_32' title='bbox 1163 513 1310 545; x_wconf 68' lang='lat' dir='ltr'>=aarum.</span> <span class='ocrx_word' id='word_1_33' title='bbox 1331 517 1346 542; x_wconf 71' lang='grc' dir='ltr'><strong><em>ι</em></strong></span> 
     </span>
     <span class='ocr_line' id='line_1_6' title="bbox 294 565 1349 615; baseline -0.006 -9"><span class='ocrx_word' id='word_1_34' title='bbox 294 568 535 615; x_wconf 82' lang='lat' dir='ltr'>Interrogatio</span> <span class='ocrx_word' id='word_1_35' title='bbox 565 567 631 604; x_wconf 91' lang='lat' dir='ltr'>Dei</span> <span class='ocrx_word' id='word_1_36' title='bbox 665 577 738 604; x_wconf 90' lang='lat' dir='ltr'>non</span> <span class='ocrx_word' id='word_1_37' title='bbox 757 571 815 604; x_wconf 85' lang='lat' dir='ltr'>est</span> <span class='ocrx_word' id='word_1_38' title='bbox 834 565 1052 614; x_wconf 75' lang='lat' dir='ltr'>ignorantia,</span> <span class='ocrx_word' id='word_1_39' title='bbox 1067 565 1349 612; x_wconf 60' lang='lat' dir='ltr'>-sedeonreptia</span> 
     </span>
     <span class='ocr_line' id='line_1_7' title="bbox 288 627 1352 677; baseline -0.007 -8"><span class='ocrx_word' id='word_1_40' title='bbox 288 630 408 677; x_wconf 86' lang='lat' dir='ltr'>Hujus</span> <span class='ocrx_word' id='word_1_41' title='bbox 430 630 623 670; x_wconf 78' lang='lat' dir='ltr'>sententiae</span> <span class='ocrx_word' id='word_1_42' title='bbox 648 629 891 676; x_wconf 76' lang='lat' dir='ltr'>expletionem</span> <span class='ocrx_word' id='word_1_43' title='bbox 924 627 1031 665; x_wconf 84' lang='lat' dir='ltr'>facile</span> <span class='ocrx_word' id='word_1_44' title='bbox 1057 628 1270 674; x_wconf 81' lang='lat' dir='ltr'>dignoscere</span> <span class='ocrx_word' id='word_1_45' title='bbox 1288 636 1352 672; x_wconf 92' lang='lat' dir='ltr'>po-</span> 
     </span>
     <span class='ocr_line' id='line_1_8' title="bbox 295 686 1350 739; baseline -0.008 -9"><span class='ocrx_word' id='word_1_46' title='bbox 295 698 380 737; x_wconf 88' lang='lat' dir='ltr'>test,</span> <span class='ocrx_word' id='word_1_47' title='bbox 403 692 467 739; x_wconf 92' lang='lat' dir='ltr'>qui</span> <span class='ocrx_word' id='word_1_48' title='bbox 491 691 634 731; x_wconf 82' lang='lat' dir='ltr'>Judaeos</span> <span class='ocrx_word' id='word_1_49' title='bbox 664 691 764 727; x_wconf 83' lang='lat' dir='ltr'>videt</span> <span class='ocrx_word' id='word_1_50' title='bbox 792 699 815 726; x_wconf 85' lang='lat' dir='ltr'>a</span> <span class='ocrx_word' id='word_1_51' title='bbox 842 695 940 726; x_wconf 85' lang='lat' dir='ltr'>terra</span> <span class='ocrx_word' id='word_1_52' title='bbox 963 688 1257 735; x_wconf 85' lang='lat' dir='ltr'>repromissionis</span> <span class='ocrx_word' id='word_1_53' title='bbox 1275 686 1350 731; x_wconf 80' lang='lat' dir='ltr'>eie-</span> 
     </span>
     <span class='ocr_line' id='line_1_9' title="bbox 295 749 1352 799; baseline -0.007 -9"><span class='ocrx_word' id='word_1_54' title='bbox 295 760 375 791; x_wconf 90' lang='lat' dir='ltr'>ctos</span> <span class='ocrx_word' id='word_1_55' title='bbox 407 759 443 790; x_wconf 86' lang='lat' dir='ltr'>ct</span> <span class='ocrx_word' id='word_1_56' title='bbox 460 763 527 799; x_wconf 89' lang='lat' dir='ltr'>per</span> <span class='ocrx_word' id='word_1_57' title='bbox 545 758 660 789; x_wconf 90' lang='lat' dir='ltr'>totum</span> <span class='ocrx_word' id='word_1_58' title='bbox 676 752 801 789; x_wconf 90' lang='lat' dir='ltr'>orbem</span> <span class='ocrx_word' id='word_1_59' title='bbox 823 751 1020 796; x_wconf 87' lang='lat' dir='ltr'>dispersos.</span> <span class='ocrx_word' id='word_1_60' title='bbox 1039 749 1267 786; x_wconf 78' lang='lat' dir='ltr'>Generaliter</span> <span class='ocrx_word' id='word_1_61' title='bbox 1290 758 1352 784; x_wconf 88' lang='lat' dir='ltr'>au-</span> 
     </span>
     <span class='ocr_line' id='line_1_10' title="bbox 295 808 1352 858; baseline -0.005 -10"><span class='ocrx_word' id='word_1_62' title='bbox 295 817 367 848; x_wconf 88' lang='lat' dir='ltr'>tem</span> <span class='ocrx_word' id='word_1_63' title='bbox 390 813 557 849; x_wconf 89' lang='lat' dir='ltr'>omnibus</span> <span class='ocrx_word' id='word_1_64' title='bbox 582 810 851 858; x_wconf 87' lang='lat' dir='ltr'>peccatoribus,</span> <span class='ocrx_word' id='word_1_65' title='bbox 869 815 906 846; x_wconf 91' lang='lat' dir='ltr'>et</span> <span class='ocrx_word' id='word_1_66' title='bbox 936 809 1262 855; x_wconf 79' lang='lat' dir='ltr'>impoenitentibus,</span> <span class='ocrx_word' id='word_1_67' title='bbox 1283 808 1352 843; x_wconf 92' lang='lat' dir='ltr'>hoc</span> 
     </span>
     <span class='ocr_line' id='line_1_11' title="bbox 295 868 1353 917; baseline -0.004 -9"><span class='ocrx_word' id='word_1_68' title='bbox 295 873 458 909; x_wconf 87' lang='lat' dir='ltr'>futurum</span> <span class='ocrx_word' id='word_1_69' title='bbox 488 873 667 916; x_wconf 81' lang='lat' dir='ltr'>imminet,</span> <span class='ocrx_word' id='word_1_70' title='bbox 686 872 783 917; x_wconf 87' lang='lat' dir='ltr'>quod</span> <span class='ocrx_word' id='word_1_71' title='bbox 799 872 844 907; x_wconf 89' lang='lat' dir='ltr'>de</span> <span class='ocrx_word' id='word_1_72' title='bbox 875 876 1084 907; x_wconf 85' lang='lat' dir='ltr'>sanctorum</span> <span class='ocrx_word' id='word_1_73' title='bbox 1105 875 1204 905; x_wconf 89' lang='lat' dir='ltr'>terra</span> <span class='ocrx_word' id='word_1_74' title='bbox 1228 868 1353 904; x_wconf 89' lang='lat' dir='ltr'>tollen-</span> 
     </span>
     <span class='ocr_line' id='line_1_12' title="bbox 296 931 1353 978; baseline -0.006 -8"><span class='ocrx_word' id='word_1_75' title='bbox 296 935 371 978; x_wconf 77' lang='lat' dir='ltr'>t&#39;ur,</span> <span class='ocrx_word' id='word_1_76' title='bbox 392 940 427 970; x_wconf 88' lang='lat' dir='ltr'>et</span> <span class='ocrx_word' id='word_1_77' title='bbox 445 934 619 970; x_wconf 86' lang='lat' dir='ltr'>memoria</span> <span class='ocrx_word' id='word_1_78' title='bbox 639 943 766 970; x_wconf 88' lang='lat' dir='ltr'>eorum</span> <span class='ocrx_word' id='word_1_79' title='bbox 800 933 836 968; x_wconf 89' lang='lat' dir='ltr'>in</span> <span class='ocrx_word' id='word_1_80' title='bbox 863 937 960 968; x_wconf 89' lang='lat' dir='ltr'>coetu</span> <span class='ocrx_word' id='word_1_81' title='bbox 983 931 1182 967; x_wconf 89' lang='lat' dir='ltr'>electorum</span> <span class='ocrx_word' id='word_1_82' title='bbox 1199 940 1271 965; x_wconf 90' lang='lat' dir='ltr'>non</span> <span class='ocrx_word' id='word_1_83' title='bbox 1287 940 1353 965; x_wconf 91' lang='lat' dir='ltr'>nu-</span> 
     </span>
     <span class='ocr_line' id='line_1_13' title="bbox 294 991 1354 1042; baseline -0.006 -10"><span class='ocrx_word' id='word_1_84' title='bbox 294 1001 468 1032; x_wconf 84' lang='lat' dir='ltr'>meretur.</span> <span class='ocrx_word' id='word_1_85' title='bbox 486 995 588 1033; x_wconf 90' lang='lat' dir='ltr'>Unde</span> <span class='ocrx_word' id='word_1_86' title='bbox 621 1006 687 1042; x_wconf 88' lang='lat' dir='ltr'>per</span> <span class='ocrx_word' id='word_1_87' title='bbox 721 994 952 1031; x_wconf 90' lang='lat' dir='ltr'>Psalmistam</span> <span class='ocrx_word' id='word_1_88' title='bbox 987 993 1023 1028; x_wconf 90' lang='lat' dir='ltr'>in</span> <span class='ocrx_word' id='word_1_89' title='bbox 1055 991 1354 1038; x_wconf 87' lang='lat' dir='ltr'>quinquagesimo</span> 
     </span>
     <span class='ocr_line' id='line_1_14' title="bbox 289 1054 1354 1103; baseline -0.002 -13"><span class='ocrx_word' id='word_1_90' title='bbox 289 1057 412 1103; x_wconf 81' lang='lat' dir='ltr'>primo</span> <span class='ocrx_word' id='word_1_91' title='bbox 430 1057 585 1103; x_wconf 85' lang='lat' dir='ltr'>psalmo,</span> <span class='ocrx_word' id='word_1_92' title='bbox 601 1057 710 1102; x_wconf 88' lang='lat' dir='ltr'>capiti</span> <span class='ocrx_word' id='word_1_93' title='bbox 727 1056 890 1092; x_wconf 88' lang='lat' dir='ltr'>omnium</span> <span class='ocrx_word' id='word_1_94' title='bbox 907 1055 1128 1100; x_wconf 85' lang='lat' dir='ltr'>iniquorum,</span> <span class='ocrx_word' id='word_1_95' title='bbox 1147 1054 1354 1089; x_wconf 82' lang='lat' dir='ltr'>simulcum</span> 
     </span>
     <span class='ocr_line' id='line_1_15' title="bbox 291 1117 1354 1166; baseline -0.007 -9"><span class='ocrx_word' id='word_1_96' title='bbox 291 1125 371 1159; x_wconf 73' lang='lat' dir='ltr'>toto</span> <span class='ocrx_word' id='word_1_97' title='bbox 392 1130 543 1166; x_wconf 89' lang='lat' dir='ltr'>corpore</span> <span class='ocrx_word' id='word_1_98' title='bbox 561 1128 667 1166; x_wconf 86' lang='lat' dir='ltr'>poena</span> <span class='ocrx_word' id='word_1_99' title='bbox 686 1119 893 1165; x_wconf 77' lang='lat' dir='ltr'>praedicitur</span> <span class='ocrx_word' id='word_1_100' title='bbox 914 1117 1050 1160; x_wconf 86' lang='lat' dir='ltr'>sutura,</span> <span class='ocrx_word' id='word_1_101' title='bbox 1078 1126 1159 1152; x_wconf 90' lang='lat' dir='ltr'>cum</span> <span class='ocrx_word' id='word_1_102' title='bbox 1182 1121 1354 1161; x_wconf 87' lang='lat' dir='ltr'>supputa·-</span> 
     </span>
    </p>
   </div>
   <div class='ocr_carea' id='block_1_3' title="bbox 294 1173 2481 1227">
    <p class='ocr_par' dir='ltr' id='par_1_3' title="bbox 294 1173 2481 1227">
     <span class='ocr_line' id='line_1_16' title="bbox 294 1173 2481 1227; baseline -0.002 -11"><span class='ocrx_word' id='word_1_103' title='bbox 294 1180 343 1216; x_wconf 89' lang='lat' dir='ltr'>tis</span> <span class='ocrx_word' id='word_1_104' title='bbox 358 1181 508 1227; x_wconf 80' lang='lat' dir='ltr'>singulis</span> <span class='ocrx_word' id='word_1_105' title='bbox 522 1179 710 1226; x_wconf 83' lang='lat' dir='ltr'>speciebus</span> <span class='ocrx_word' id='word_1_106' title='bbox 726 1180 897 1216; x_wconf 89' lang='lat' dir='ltr'>vitiorum</span> <span class='ocrx_word' id='word_1_107' title='bbox 915 1178 1153 1215; x_wconf 88' lang='lat' dir='ltr'>subinfertur:</span> <span class='ocrx_word' id='word_1_108' title='bbox 1171 1190 1183 1210; x_wconf 67' lang='grc' dir='ltr'><em>α</em></span> <span class='ocrx_word' id='word_1_109' title='bbox 1201 1177 1355 1222; x_wconf 77' lang='lat' dir='ltr'>Propter</span> <span class='ocrx_word' id='word_1_110' title='bbox 1373 1173 1406 1213; x_wconf 89' lang='lat' dir='ltr'>B</span> <span class='ocrx_word' id='word_1_111' title='bbox 1425 1175 1482 1210; x_wconf 89' lang='lat' dir='ltr'>rii.</span> <span class='ocrx_word' id='word_1_112' title='bbox 1503 1175 1604 1211; x_wconf 84' lang='lat' dir='ltr'>Unde</span> <span class='ocrx_word' id='word_1_113' title='bbox 1621 1176 1750 1221; x_wconf 63' lang='lat' dir='ltr'>Sti-pius</span> <span class='ocrx_word' id='word_1_114' title='bbox 1769 1175 1911 1221; x_wconf 84' lang='lat' dir='ltr'>legitur,</span> <span class='ocrx_word' id='word_1_115' title='bbox 1932 1176 2029 1221; x_wconf 90' lang='lat' dir='ltr'>quod</span> <span class='ocrx_word' id='word_1_116' title='bbox 2043 1176 2208 1212; x_wconf 85' lang='lat' dir='ltr'>hostibus</span> <span class='ocrx_word' id='word_1_117' title='bbox 2228 1174 2342 1212; x_wconf 82' lang='lat' dir='ltr'>Judaei</span> <span class='ocrx_word' id='word_1_118' title='bbox 2356 1176 2481 1212; x_wconf 79' lang='lat' dir='ltr'>traditi</span> 
     </span>
    </p>
   </div>
   <div class='ocr_carea' id='block_1_4' title="bbox 291 1238 1397 3839">
    <p class='ocr_par' dir='ltr' id='par_1_4' title="bbox 291 1238 1357 1398">
     <span class='ocr_line' id='line_1_17' title="bbox 292 1238 1357 1286; baseline -0.006 -7"><span class='ocrx_word' id='word_1_119' title='bbox 292 1249 338 1286; x_wconf 68' lang='lat' dir='ltr'>,ea</span> <span class='ocrx_word' id='word_1_120' title='bbox 358 1241 522 1277; x_wconf 87' lang='lat' dir='ltr'>destruet</span> <span class='ocrx_word' id='word_1_121' title='bbox 542 1245 578 1276; x_wconf 88' lang='lat' dir='ltr'>te</span> <span class='ocrx_word' id='word_1_122' title='bbox 597 1240 693 1276; x_wconf 87' lang='lat' dir='ltr'>Deus</span> <span class='ocrx_word' id='word_1_123' title='bbox 711 1239 748 1274; x_wconf 92' lang='lat' dir='ltr'>in</span> <span class='ocrx_word' id='word_1_124' title='bbox 778 1239 907 1282; x_wconf 81' lang='lat' dir='ltr'>finem3</span> <span class='ocrx_word' id='word_1_125' title='bbox 932 1238 1061 1275; x_wconf 84' lang='lat' dir='ltr'>evellet</span> <span class='ocrx_word' id='word_1_126' title='bbox 1077 1244 1124 1281; x_wconf 89' lang='lat' dir='ltr'>te,</span> <span class='ocrx_word' id='word_1_127' title='bbox 1146 1243 1182 1274; x_wconf 91' lang='lat' dir='ltr'>et</span> <span class='ocrx_word' id='word_1_128' title='bbox 1202 1238 1357 1285; x_wconf 88' lang='lat' dir='ltr'>emigra-</span> 
     </span>
     <span class='ocr_line' id='line_1_18' title="bbox 291 1294 1355 1342; baseline -0.002 -5"><span class='ocrx_word' id='word_1_129' title='bbox 291 1300 349 1341; x_wconf 75' lang='lat' dir='ltr'>bit</span> <span class='ocrx_word' id='word_1_130' title='bbox 366 1306 402 1336; x_wconf 88' lang='lat' dir='ltr'>te</span> <span class='ocrx_word' id='word_1_131' title='bbox 420 1301 464 1337; x_wconf 88' lang='lat' dir='ltr'>dc</span> <span class='ocrx_word' id='word_1_132' title='bbox 484 1300 717 1336; x_wconf 87' lang='lat' dir='ltr'>tabernaculo</span> <span class='ocrx_word' id='word_1_133' title='bbox 739 1304 812 1342; x_wconf 86' lang='lat' dir='ltr'>tuo,</span> <span class='ocrx_word' id='word_1_134' title='bbox 838 1294 883 1335; x_wconf 87' lang='lat' dir='ltr'>et&#39;</span> <span class='ocrx_word' id='word_1_135' title='bbox 898 1300 1057 1335; x_wconf 88' lang='lat' dir='ltr'>radicem</span> <span class='ocrx_word' id='word_1_136' title='bbox 1084 1305 1181 1335; x_wconf 88' lang='lat' dir='ltr'>tuam</span> <span class='ocrx_word' id='word_1_137' title='bbox 1196 1300 1240 1335; x_wconf 89' lang='lat' dir='ltr'>de</span> <span class='ocrx_word' id='word_1_138' title='bbox 1259 1305 1355 1335; x_wconf 87' lang='lat' dir='ltr'>terra</span> 
     </span>
     <span class='ocr_line' id='line_1_19' title="bbox 297 1360 547 1398; baseline -0.008 -3"><span class='ocrx_word' id='word_1_139' title='bbox 297 1360 508 1398; x_wconf 82' lang='lat' dir='ltr'>viventium.</span> <span class='ocrx_word' id='word_1_140' title='bbox 535 1373 547 1393; x_wconf 73' lang='lat' dir='ltr'>i&gt;</span> 
     </span>
    </p>

    <p class='ocr_par' dir='ltr' id='par_1_5' title="bbox 292 1419 1397 3839">
     <span class='ocr_line' id='line_1_20' title="bbox 346 1419 1357 1468; baseline 0 -13"><span class='ocrx_word' id='word_1_141' title='bbox 346 1434 359 1455; x_wconf 77' lang='grc' dir='ltr'><strong><em>ι</em></strong></span> <span class='ocrx_word' id='word_1_142' title='bbox 381 1421 452 1457; x_wconf 85' lang='lat' dir='ltr'>Sed</span> <span class='ocrx_word' id='word_1_143' title='bbox 469 1426 618 1468; x_wconf 86' lang='lat' dir='ltr'>propter</span> <span class='ocrx_word' id='word_1_144' title='bbox 647 1421 741 1456; x_wconf 88' lang='lat' dir='ltr'>iram</span> <span class='ocrx_word' id='word_1_145' title='bbox 778 1420 1007 1456; x_wconf 89' lang='lat' dir='ltr'>inimicorum</span> <span class='ocrx_word' id='word_1_146' title='bbox 1039 1419 1176 1461; x_wconf 90' lang='lat' dir='ltr'>distuli,</span> <span class='ocrx_word' id='word_1_147' title='bbox 1198 1429 1245 1454; x_wconf 89' lang='lat' dir='ltr'>ne</span> <span class='ocrx_word' id='word_1_148' title='bbox 1263 1419 1357 1456; x_wconf 82' lang='lat' dir='ltr'>forte</span> 
     </span>
     <span class='ocr_line' id='line_1_21' title="bbox 299 1479 1357 1527; baseline 0.001 -12"><span class='ocrx_word' id='word_1_149' title='bbox 299 1495 312 1515; x_wconf 76' lang='grc' dir='ltr'>ι</span> <span class='ocrx_word' id='word_1_150' title='bbox 338 1481 567 1527; x_wconf 79' lang='lat' dir='ltr'>superbirent</span> <span class='ocrx_word' id='word_1_151' title='bbox 586 1481 711 1516; x_wconf 87' lang='lat' dir='ltr'>hostes</span> <span class='ocrx_word' id='word_1_152' title='bbox 727 1490 853 1516; x_wconf 89' lang='lat' dir='ltr'>eorum</span> <span class='ocrx_word' id='word_1_153' title='bbox 877 1485 914 1515; x_wconf 90' lang='lat' dir='ltr'>et</span> <span class='ocrx_word' id='word_1_154' title='bbox 937 1480 1099 1516; x_wconf 79' lang='lat' dir='ltr'>dicerent</span> <span class='ocrx_word' id='word_1_155' title='bbox 1119 1491 1127 1514; x_wconf 89' lang='lat'>:</span> <span class='ocrx_word' id='word_1_156' title='bbox 1147 1479 1273 1516; x_wconf 89' lang='lat' dir='ltr'>Manus</span> <span class='ocrx_word' id='word_1_157' title='bbox 1292 1491 1357 1516; x_wconf 88' lang='lat' dir='ltr'>no-</span> 
     </span>
     <span class='ocr_line' id='line_1_22' title="bbox 299 1539 1356 1583; baseline 0.002 -8"><span class='ocrx_word' id='word_1_158' title='bbox 299 1553 312 1575; x_wconf 80' lang='lat'><strong>«</strong></span> <span class='ocrx_word' id='word_1_159' title='bbox 339 1547 414 1577; x_wconf 85' lang='lat' dir='ltr'>stra</span> <span class='ocrx_word' id='word_1_160' title='bbox 435 1541 592 1583; x_wconf 80' lang='lat' dir='ltr'>excelsa,</span> <span class='ocrx_word' id='word_1_161' title='bbox 610 1546 647 1576; x_wconf 90' lang='lat' dir='ltr'>et</span> <span class='ocrx_word' id='word_1_162' title='bbox 667 1551 736 1576; x_wconf 88' lang='lat' dir='ltr'>non</span> <span class='ocrx_word' id='word_1_163' title='bbox 754 1541 849 1576; x_wconf 87' lang='lat' dir='ltr'>Deus</span> <span class='ocrx_word' id='word_1_164' title='bbox 880 1539 967 1576; x_wconf 85' lang='lat' dir='ltr'>fecit</span> <span class='ocrx_word' id='word_1_165' title='bbox 984 1541 1062 1576; x_wconf 83' lang='lat' dir='ltr'>haec</span> <span class='ocrx_word' id='word_1_166' title='bbox 1077 1541 1212 1576; x_wconf 80' lang='lat' dir='ltr'>onmia.</span> <span class='ocrx_word' id='word_1_167' title='bbox 1239 1553 1250 1575; x_wconf 71' lang='grc' dir='ltr'><strong><em>ι</em></strong></span> <span class='ocrx_word' id='word_1_168' title='bbox 1274 1540 1356 1577; x_wconf 88' lang='lat' dir='ltr'>ldeo</span> 
     </span>
     <span class='ocr_line' id='line_1_23' title="bbox 297 1600 1356 1646; baseline -0.001 -8"><span class='ocrx_word' id='word_1_169' title='bbox 297 1601 395 1638; x_wconf 83' lang='lat' dir='ltr'>enim</span> <span class='ocrx_word' id='word_1_170' title='bbox 428 1601 604 1638; x_wconf 83' lang='lat' dir='ltr'>Dominus</span> <span class='ocrx_word' id='word_1_171' title='bbox 640 1611 734 1646; x_wconf 70' lang='lat' dir='ltr'>saepe</span> <span class='ocrx_word' id='word_1_172' title='bbox 772 1600 933 1646; x_wconf 82' lang='lat' dir='ltr'>priorem</span> <span class='ocrx_word' id='word_1_173' title='bbox 969 1601 1141 1646; x_wconf 83' lang='lat' dir='ltr'>populum</span> <span class='ocrx_word' id='word_1_174' title='bbox 1170 1601 1356 1637; x_wconf 86' lang='lat' dir='ltr'>tolerando</span> 
     </span>
     <span class='ocr_line' id='line_1_24' title="bbox 296 1663 1357 1712; baseline -0.003 -11"><span class='ocrx_word' id='word_1_175' title='bbox 296 1664 483 1712; x_wconf 83' lang='lat' dir='ltr'>sustinuit,</span> <span class='ocrx_word' id='word_1_176' title='bbox 500 1674 546 1699; x_wconf 88' lang='lat' dir='ltr'>ne</span> <span class='ocrx_word' id='word_1_177' title='bbox 567 1669 692 1710; x_wconf 84' lang='lat' dir='ltr'>gentes</span> <span class='ocrx_word' id='word_1_178' title='bbox 724 1664 777 1699; x_wconf 89' lang='lat' dir='ltr'>eis</span> <span class='ocrx_word' id='word_1_179' title='bbox 809 1663 984 1706; x_wconf 81' lang='lat' dir='ltr'>confines,</span> <span class='ocrx_word' id='word_1_180' title='bbox 1005 1672 1138 1698; x_wconf 90' lang='lat' dir='ltr'>nomen</span> <span class='ocrx_word' id='word_1_181' title='bbox 1173 1667 1209 1698; x_wconf 89' lang='lat' dir='ltr'>et</span> <span class='ocrx_word' id='word_1_182' title='bbox 1230 1668 1357 1708; x_wconf 88' lang='lat' dir='ltr'>poten-</span> 
     </span>
     <span class='ocr_line' id='line_1_25' title="bbox 294 1723 1358 1772; baseline -0.003 -11"><span class='ocrx_word' id='word_1_183' title='bbox 294 1725 385 1766; x_wconf 84' lang='lat' dir='ltr'>tiam</span> <span class='ocrx_word' id='word_1_184' title='bbox 401 1726 479 1772; x_wconf 87' lang='lat' dir='ltr'>ejus</span> <span class='ocrx_word' id='word_1_185' title='bbox 497 1726 807 1772; x_wconf 80' lang='lat' dir='ltr'>blasphemarent.</span> <span class='ocrx_word' id='word_1_186' title='bbox 839 1725 942 1761; x_wconf 87' lang='lat' dir='ltr'>Unde</span> <span class='ocrx_word' id='word_1_187' title='bbox 956 1730 992 1760; x_wconf 93' lang='lat' dir='ltr'>et</span> <span class='ocrx_word' id='word_1_188' title='bbox 1013 1723 1154 1770; x_wconf 73' lang='lat' dir='ltr'>Moyses</span> <span class='ocrx_word' id='word_1_189' title='bbox 1173 1724 1217 1759; x_wconf 89' lang='lat' dir='ltr'>ad</span> <span class='ocrx_word' id='word_1_190' title='bbox 1237 1723 1358 1760; x_wconf 85' lang='lat' dir='ltr'>Domi-</span> 
     </span>
     <span class='ocr_line' id='line_1_26' title="bbox 292 1785 1358 1832; baseline -0.002 -10"><span class='ocrx_word' id='word_1_191' title='bbox 292 1795 384 1822; x_wconf 46' lang='lat' dir='ltr'>*num</span> <span class='ocrx_word' id='word_1_192' title='bbox 405 1797 471 1832; x_wconf 89' lang='lat' dir='ltr'>pro</span> <span class='ocrx_word' id='word_1_193' title='bbox 491 1791 640 1831; x_wconf 86' lang='lat' dir='ltr'>peccato</span> <span class='ocrx_word' id='word_1_194' title='bbox 655 1785 766 1822; x_wconf 87' lang='lat' dir='ltr'>Israel</span> <span class='ocrx_word' id='word_1_195' title='bbox 793 1786 1053 1831; x_wconf 76' lang='lat' dir='ltr'>indignantem,</span> <span class='ocrx_word' id='word_1_196' title='bbox 1075 1791 1110 1820; x_wconf 89' lang='lat' dir='ltr'>et</span> <span class='ocrx_word' id='word_1_197' title='bbox 1142 1795 1204 1821; x_wconf 87' lang='lat' dir='ltr'>eos</span> <span class='ocrx_word' id='word_1_198' title='bbox 1222 1785 1358 1830; x_wconf 88' lang='lat' dir='ltr'>disper-</span> 
     </span>
     <span class='ocr_line' id='line_1_27' title="bbox 300 1844 1359 1891; baseline -0.002 -9"><span class='ocrx_word' id='word_1_199' title='bbox 300 1846 385 1882; x_wconf 87' lang='lat' dir='ltr'>dere</span> <span class='ocrx_word' id='word_1_200' title='bbox 408 1845 589 1882; x_wconf 83' lang='lat' dir='ltr'>volentem</span> <span class='ocrx_word' id='word_1_201' title='bbox 617 1845 668 1881; x_wconf 87' lang='lat' dir='ltr'>ait</span> <span class='ocrx_word' id='word_1_202' title='bbox 693 1858 700 1881; x_wconf 89' lang='lat'>:</span> <span class='ocrx_word' id='word_1_203' title='bbox 740 1858 751 1879; x_wconf 71' lang='grc' dir='ltr'>α</span> <span class='ocrx_word' id='word_1_204' title='bbox 790 1845 856 1888; x_wconf 88' lang='lat' dir='ltr'>Ne,</span> <span class='ocrx_word' id='word_1_205' title='bbox 874 1856 1009 1891; x_wconf 80' lang='lat' dir='ltr'>qnaeso,</span> <span class='ocrx_word' id='word_1_206' title='bbox 1042 1845 1208 1888; x_wconf 84' lang='lat' dir='ltr'>Domine,</span> <span class='ocrx_word' id='word_1_207' title='bbox 1237 1844 1359 1880; x_wconf 86' lang='lat' dir='ltr'>dicant</span> 
     </span>
     <span class='ocr_line' id='line_1_28' title="bbox 295 1906 1358 1954; baseline -0.003 -11"><span class='ocrx_word' id='word_1_208' title='bbox 295 1906 460 1954; x_wconf 65' lang='lat' dir='ltr'>AEgyptii</span> <span class='ocrx_word' id='word_1_209' title='bbox 480 1918 488 1942; x_wconf 90' lang='lat'><strong>:</strong></span> <span class='ocrx_word' id='word_1_210' title='bbox 510 1906 645 1943; x_wconf 88' lang='lat' dir='ltr'>Callide</span> <span class='ocrx_word' id='word_1_211' title='bbox 663 1907 786 1942; x_wconf 81' lang='lat' dir='ltr'>eduxit</span> <span class='ocrx_word' id='word_1_212' title='bbox 801 1916 878 1949; x_wconf 81' lang='lat' dir='ltr'>cos,</span> <span class='ocrx_word' id='word_1_213' title='bbox 901 1911 940 1941; x_wconf 89' lang='lat' dir='ltr'>ut</span> <span class='ocrx_word' id='word_1_214' title='bbox 961 1906 1183 1942; x_wconf 82' lang='lat' dir='ltr'>interficeret</span> <span class='ocrx_word' id='word_1_215' title='bbox 1200 1906 1236 1941; x_wconf 91' lang='lat' dir='ltr'>in</span> <span class='ocrx_word' id='word_1_216' title='bbox 1254 1915 1358 1941; x_wconf 91' lang='lat' dir='ltr'>mon-</span> 
     </span>
     <span class='ocr_line' id='line_1_29' title="bbox 299 1967 1357 2013; baseline -0.004 -8"><span class='ocrx_word' id='word_1_217' title='bbox 299 1968 411 2011; x_wconf 87' lang='lat' dir='ltr'>tibus,</span> <span class='ocrx_word' id='word_1_218' title='bbox 436 1974 472 2003; x_wconf 88' lang='lat' dir='ltr'>et</span> <span class='ocrx_word' id='word_1_219' title='bbox 490 1968 626 2004; x_wconf 86' lang='lat' dir='ltr'>deleret</span> <span class='ocrx_word' id='word_1_220' title='bbox 645 1978 665 2004; x_wconf 89' lang='lat' dir='ltr'>c</span> <span class='ocrx_word' id='word_1_221' title='bbox 685 1974 794 2004; x_wconf 85' lang='lat' dir='ltr'>terra.</span> <span class='ocrx_word' id='word_1_222' title='bbox 818 1968 1037 2013; x_wconf 80' lang='lat' dir='ltr'>Requiescat</span> <span class='ocrx_word' id='word_1_223' title='bbox 1057 1967 1110 2002; x_wconf 87' lang='lat' dir='ltr'>ira</span> <span class='ocrx_word' id='word_1_224' title='bbox 1132 1973 1204 2008; x_wconf 84' lang='lat' dir='ltr'>tua,</span> <span class='ocrx_word' id='word_1_225' title='bbox 1223 1971 1259 2002; x_wconf 88' lang='lat' dir='ltr'>et</span> <span class='ocrx_word' id='word_1_226' title='bbox 1280 1971 1357 2002; x_wconf 86' lang='lat' dir='ltr'>esto</span> 
     </span>
     <span class='ocr_line' id='line_1_30' title="bbox 297 2027 1357 2075; baseline 0 -12"><span class='ocrx_word' id='word_1_227' title='bbox 297 2028 485 2075; x_wconf 83' lang='lat' dir='ltr'>placabilis</span> <span class='ocrx_word' id='word_1_228' title='bbox 521 2039 628 2074; x_wconf 85' lang='lat' dir='ltr'>super</span> <span class='ocrx_word' id='word_1_229' title='bbox 660 2029 856 2074; x_wconf 79' lang='lat' dir='ltr'>nequitiam</span> <span class='ocrx_word' id='word_1_230' title='bbox 887 2027 1008 2074; x_wconf 87' lang='lat' dir='ltr'>populi</span> <span class='ocrx_word' id='word_1_231' title='bbox 1052 2028 1115 2063; x_wconf 91' lang='lat' dir='ltr'>tui.</span> <span class='ocrx_word' id='word_1_232' title='bbox 1150 2028 1357 2064; x_wconf 79' lang='lat' dir='ltr'>Recordare</span> 
     </span>
     <span class='ocr_line' id='line_1_31' title="bbox 296 2089 1357 2135; baseline 0 -11"><span class='ocrx_word' id='word_1_233' title='bbox 296 2089 495 2132; x_wconf 69' lang='lat' dir='ltr'>Abraham,</span> <span class='ocrx_word' id='word_1_234' title='bbox 516 2089 617 2125; x_wconf 84' lang='lat' dir='ltr'>Isaac</span> <span class='ocrx_word' id='word_1_235' title='bbox 634 2095 669 2125; x_wconf 85' lang='lat' dir='ltr'>ct</span> <span class='ocrx_word' id='word_1_236' title='bbox 688 2091 812 2134; x_wconf 82' lang='lat' dir='ltr'>lsrael,</span> <span class='ocrx_word' id='word_1_237' title='bbox 841 2101 1031 2126; x_wconf 73' lang='lat' dir='ltr'>servorum</span> <span class='ocrx_word' id='word_1_238' title='bbox 1051 2095 1208 2133; x_wconf 83' lang='lat' dir='ltr'>tuorum,</span> <span class='ocrx_word' id='word_1_239' title='bbox 1226 2089 1357 2135; x_wconf 87' lang='lat' dir='ltr'>quibus</span> 
     </span>
     <span class='ocr_line' id='line_1_32' title="bbox 294 2149 1358 2196; baseline 0 -12"><span class='ocrx_word' id='word_1_240' title='bbox 294 2149 429 2196; x_wconf 83' lang='lat' dir='ltr'>jurasti</span> <span class='ocrx_word' id='word_1_241' title='bbox 454 2159 520 2195; x_wconf 86' lang='lat' dir='ltr'>per</span> <span class='ocrx_word' id='word_1_242' title='bbox 549 2150 776 2196; x_wconf 86' lang='lat' dir='ltr'>temetipsum</span> <span class='ocrx_word' id='word_1_243' title='bbox 803 2151 926 2187; x_wconf 87' lang='lat' dir='ltr'>dicens</span> <span class='ocrx_word' id='word_1_244' title='bbox 943 2163 950 2186; x_wconf 91' lang='lat'><strong>:</strong></span> <span class='ocrx_word' id='word_1_245' title='bbox 970 2151 1214 2196; x_wconf 82' lang='lat' dir='ltr'>Multiplicabo</span> <span class='ocrx_word' id='word_1_246' title='bbox 1234 2160 1358 2185; x_wconf 87' lang='lat' dir='ltr'>semen</span> 
     </span>
     <span class='ocr_line' id='line_1_33' title="bbox 301 2211 1357 2255; baseline -0.002 -7"><span class='ocrx_word' id='word_1_247' title='bbox 301 2216 462 2249; x_wconf 76' lang='lat' dir='ltr'>,vestrum</span> <span class='ocrx_word' id='word_1_248' title='bbox 499 2211 592 2247; x_wconf 88' lang='lat' dir='ltr'>sicut</span> <span class='ocrx_word' id='word_1_249' title='bbox 637 2211 760 2247; x_wconf 84' lang='lat' dir='ltr'>stellas</span> <span class='ocrx_word' id='word_1_250' title='bbox 787 2212 889 2255; x_wconf 79' lang='lat' dir='ltr'>coeli3</span> <span class='ocrx_word' id='word_1_251' title='bbox 923 2217 959 2248; x_wconf 88' lang='lat' dir='ltr'>et</span> <span class='ocrx_word' id='word_1_252' title='bbox 982 2213 1189 2248; x_wconf 80' lang='lat' dir='ltr'>universam</span> <span class='ocrx_word' id='word_1_253' title='bbox 1222 2217 1357 2247; x_wconf 87' lang='lat' dir='ltr'>terram</span> 
     </span>
     <span class='ocr_line' id='line_1_34' title="bbox 299 2269 1358 2317; baseline 0.002 -12"><span class='ocrx_word' id='word_1_254' title='bbox 299 2269 394 2305; x_wconf 87' lang='lat' dir='ltr'>hauc</span> <span class='ocrx_word' id='word_1_255' title='bbox 413 2270 457 2306; x_wconf 88' lang='lat' dir='ltr'>de</span> <span class='ocrx_word' id='word_1_256' title='bbox 473 2281 543 2316; x_wconf 87' lang='lat' dir='ltr'>qua</span> <span class='ocrx_word' id='word_1_257' title='bbox 561 2270 701 2306; x_wconf 87' lang='lat' dir='ltr'>locutus</span> <span class='ocrx_word' id='word_1_258' title='bbox 723 2281 800 2307; x_wconf 83' lang='lat' dir='ltr'>snm</span> <span class='ocrx_word' id='word_1_259' title='bbox 813 2272 906 2307; x_wconf 81' lang='lat' dir='ltr'>dabo</span> <span class='ocrx_word' id='word_1_260' title='bbox 925 2272 1052 2307; x_wconf 85' lang='lat' dir='ltr'>semini</span> <span class='ocrx_word' id='word_1_261' title='bbox 1072 2277 1207 2315; x_wconf 72' lang='lat' dir='ltr'>vestro,</span> <span class='ocrx_word' id='word_1_262' title='bbox 1223 2278 1259 2307; x_wconf 91' lang='lat' dir='ltr'>et</span> <span class='ocrx_word' id='word_1_263' title='bbox 1275 2282 1358 2317; x_wconf 84' lang='lat' dir='ltr'>pos-</span> 
     </span>
     <span class='ocr_line' id='line_1_35' title="bbox 300 2328 1358 2376; baseline 0.002 -11"><span class='ocrx_word' id='word_1_264' title='bbox 300 2328 466 2365; x_wconf 84' lang='lat' dir='ltr'>sidebitis</span> <span class='ocrx_word' id='word_1_265' title='bbox 489 2339 570 2364; x_wconf 90' lang='lat' dir='ltr'>eam</span> <span class='ocrx_word' id='word_1_266' title='bbox 597 2340 750 2376; x_wconf 85' lang='lat' dir='ltr'>semper.</span> <span class='ocrx_word' id='word_1_267' title='bbox 779 2331 1017 2376; x_wconf 85' lang='lat' dir='ltr'>Placatusque</span> <span class='ocrx_word' id='word_1_268' title='bbox 1046 2337 1101 2367; x_wconf 87' lang='lat' dir='ltr'>est</span> <span class='ocrx_word' id='word_1_269' title='bbox 1122 2331 1294 2367; x_wconf 87' lang='lat' dir='ltr'>Dominus</span> <span class='ocrx_word' id='word_1_270' title='bbox 1313 2342 1358 2367; x_wconf 89' lang='lat' dir='ltr'>nc</span> 
     </span>
     <span class='ocr_line' id='line_1_36' title="bbox 299 2389 1357 2436; baseline 0.002 -11"><span class='ocrx_word' id='word_1_271' title='bbox 299 2389 437 2427; x_wconf 84' lang='lat' dir='ltr'>faceret</span> <span class='ocrx_word' id='word_1_272' title='bbox 458 2391 615 2435; x_wconf 90' lang='lat' dir='ltr'>malum,</span> <span class='ocrx_word' id='word_1_273' title='bbox 635 2391 728 2436; x_wconf 83' lang='lat' dir='ltr'>qnod</span> <span class='ocrx_word' id='word_1_274' title='bbox 748 2391 887 2427; x_wconf 83' lang='lat' dir='ltr'>locutus</span> <span class='ocrx_word' id='word_1_275' title='bbox 925 2392 1040 2427; x_wconf 82' lang='lat' dir='ltr'>fuerat</span> <span class='ocrx_word' id='word_1_276' title='bbox 1070 2392 1113 2426; x_wconf 85' lang='lat' dir='ltr'>ad</span> <span class='ocrx_word' id='word_1_277' title='bbox 1148 2392 1357 2428; x_wconf 87' lang='lat' dir='ltr'>universum</span> 
     </span>
     <span class='ocr_line' id='line_1_37' title="bbox 300 2450 1358 2499; baseline 0.003 -13"><span class='ocrx_word' id='word_1_278' title='bbox 300 2450 472 2497; x_wconf 87' lang='lat' dir='ltr'>populum</span> <span class='ocrx_word' id='word_1_279' title='bbox 499 2462 603 2487; x_wconf 91' lang='lat' dir='ltr'>suum</span> <span class='ocrx_word' id='word_1_280' title='bbox 631 2451 762 2499; x_wconf 70' lang='lat' dir='ltr'>(Emod.</span> <span class='ocrx_word' id='word_1_281' title='bbox 795 2451 926 2499; x_wconf 78' lang='lat' dir='ltr'>xxxii).</span> <span class='ocrx_word' id='word_1_282' title='bbox 968 2466 978 2486; x_wconf 75' lang='lat' dir='ltr'>i</span> <span class='ocrx_word' id='word_1_283' title='bbox 1011 2451 1186 2487; x_wconf 72' lang='lat' dir='ltr'>Similiter</span> <span class='ocrx_word' id='word_1_284' title='bbox 1222 2457 1258 2488; x_wconf 86' lang='lat' dir='ltr'>et</span> <span class='ocrx_word' id='word_1_285' title='bbox 1291 2462 1358 2489; x_wconf 89' lang='lat' dir='ltr'>nos</span> 
     </span>
     <span class='ocr_line' id='line_1_38' title="bbox 302 2512 1357 2561; baseline 0.004 -14"><span class='ocrx_word' id='word_1_286' title='bbox 302 2512 446 2557; x_wconf 88' lang='lat' dir='ltr'>quando</span> <span class='ocrx_word' id='word_1_287' title='bbox 466 2514 751 2559; x_wconf 75' lang='lat' dir='ltr'>peccaverimus,</span> <span class='ocrx_word' id='word_1_288' title='bbox 789 2519 938 2560; x_wconf 84' lang='lat' dir='ltr'>propter</span> <span class='ocrx_word' id='word_1_289' title='bbox 962 2524 1129 2560; x_wconf 86' lang='lat' dir='ltr'>magnam</span> <span class='ocrx_word' id='word_1_290' title='bbox 1158 2515 1357 2561; x_wconf 89' lang='lat' dir='ltr'>potentiam</span> 
     </span>
     <span class='ocr_line' id='line_1_39' title="bbox 301 2571 1358 2621; baseline 0.006 -16"><span class='ocrx_word' id='word_1_291' title='bbox 301 2581 404 2606; x_wconf 86' lang='lat' dir='ltr'>suam</span> <span class='ocrx_word' id='word_1_292' title='bbox 439 2577 474 2607; x_wconf 91' lang='lat' dir='ltr'>et</span> <span class='ocrx_word' id='word_1_293' title='bbox 508 2571 820 2618; x_wconf 80' lang='lat' dir='ltr'>longanimitatem</span> <span class='ocrx_word' id='word_1_294' title='bbox 852 2574 1026 2616; x_wconf 83' lang='lat' dir='ltr'>sustinet,</span> <span class='ocrx_word' id='word_1_295' title='bbox 1067 2574 1193 2610; x_wconf 86' lang='lat' dir='ltr'>nolens</span> <span class='ocrx_word' id='word_1_296' title='bbox 1238 2575 1358 2621; x_wconf 85' lang='lat' dir='ltr'>perire</span> 
     </span>
     <span class='ocr_line' id='line_1_40' title="bbox 303 2634 1358 2680; baseline 0.005 -15"><span class='ocrx_word' id='word_1_297' title='bbox 303 2640 544 2676; x_wconf 83' lang='lat' dir='ltr'>qnemquam3</span> <span class='ocrx_word' id='word_1_298' title='bbox 569 2634 631 2669; x_wconf 89' lang='lat' dir='ltr'>sed</span> <span class='ocrx_word' id='word_1_299' title='bbox 649 2644 774 2669; x_wconf 89' lang='lat' dir='ltr'>omnes</span> <span class='ocrx_word' id='word_1_300' title='bbox 785 2634 903 2670; x_wconf 78' lang='lat' dir='ltr'>salvos</span> <span class='ocrx_word' id='word_1_301' title='bbox 918 2634 1009 2677; x_wconf 84' lang='lat' dir='ltr'>fieri,</span> <span class='ocrx_word' id='word_1_302' title='bbox 1028 2635 1122 2670; x_wconf 89' lang='lat' dir='ltr'>etad</span> <span class='ocrx_word' id='word_1_303' title='bbox 1138 2635 1358 2680; x_wconf 83' lang='lat' dir='ltr'>agnitionem</span> 
     </span>
     <span class='ocr_line' id='line_1_41' title="bbox 303 2691 1356 2741; baseline 0.007 -16"><span class='ocrx_word' id='word_1_304' title='bbox 303 2691 468 2727; x_wconf 88' lang='lat' dir='ltr'>veritatis</span> <span class='ocrx_word' id='word_1_305' title='bbox 481 2693 685 2738; x_wconf 79' lang='lat' dir='ltr'>pervenire.</span> <span class='ocrx_word' id='word_1_306' title='bbox 702 2693 719 2728; x_wconf 87' lang='lat' dir='ltr'>J</span> <span class='ocrx_word' id='word_1_307' title='bbox 725 2701 809 2730; x_wconf 81' lang='lat' dir='ltr'>uxta</span> <span class='ocrx_word' id='word_1_308' title='bbox 822 2695 906 2730; x_wconf 88' lang='lat' dir='ltr'>illud</span> <span class='ocrx_word' id='word_1_309' title='bbox 916 2695 1093 2741; x_wconf 81' lang='lat' dir='ltr'>Apostoli,</span> <span class='ocrx_word' id='word_1_310' title='bbox 1113 2696 1209 2741; x_wconf 85' lang='lat' dir='ltr'>quod</span> <span class='ocrx_word' id='word_1_311' title='bbox 1225 2695 1268 2731; x_wconf 87' lang='lat' dir='ltr'>ad</span> <span class='ocrx_word' id='word_1_312' title='bbox 1284 2695 1356 2732; x_wconf 82' lang='lat' dir='ltr'>Ro-</span> 
     </span>
     <span class='ocr_line' id='line_1_42' title="bbox 306 2751 1355 2800; baseline 0.005 -13"><span class='ocrx_word' id='word_1_313' title='bbox 306 2761 434 2787; x_wconf 88' lang='lat' dir='ltr'>manos</span> <span class='ocrx_word' id='word_1_314' title='bbox 466 2751 629 2788; x_wconf 75' lang='lat' dir='ltr'>seribens</span> <span class='ocrx_word' id='word_1_315' title='bbox 660 2753 708 2788; x_wconf 88' lang='lat' dir='ltr'>ait</span> <span class='ocrx_word' id='word_1_316' title='bbox 731 2767 737 2789; x_wconf 91' lang='lat'>:</span> <span class='ocrx_word' id='word_1_317' title='bbox 760 2767 771 2787; x_wconf 71' lang='grc' dir='ltr'><strong>α</strong></span> <span class='ocrx_word' id='word_1_318' title='bbox 798 2755 995 2791; x_wconf 76' lang='lat' dir='ltr'>Existiinas</span> <span class='ocrx_word' id='word_1_319' title='bbox 1019 2762 1155 2800; x_wconf 85' lang='lat' dir='ltr'>autem,</span> <span class='ocrx_word' id='word_1_320' title='bbox 1184 2767 1205 2791; x_wconf 92' lang='lat' dir='ltr'>o</span> <span class='ocrx_word' id='word_1_321' title='bbox 1234 2757 1355 2799; x_wconf 87' lang='lat' dir='ltr'>homo,</span> 
     </span>
     <span class='ocr_line' id='line_1_43' title="bbox 306 2810 1358 2862; baseline 0.006 -17"><span class='ocrx_word' id='word_1_322' title='bbox 306 2810 367 2856; x_wconf 89' lang='lat' dir='ltr'>qui</span> <span class='ocrx_word' id='word_1_323' title='bbox 382 2810 524 2857; x_wconf 85' lang='lat' dir='ltr'>judicas</span> <span class='ocrx_word' id='word_1_324' title='bbox 542 2821 603 2847; x_wconf 88' lang='lat' dir='ltr'>eos</span> <span class='ocrx_word' id='word_1_325' title='bbox 626 2813 686 2858; x_wconf 89' lang='lat' dir='ltr'>qui</span> <span class='ocrx_word' id='word_1_326' title='bbox 715 2813 798 2848; x_wconf 86' lang='lat' dir='ltr'>talia</span> <span class='ocrx_word' id='word_1_327' title='bbox 828 2821 952 2861; x_wconf 81' lang='lat' dir='ltr'>agunt,</span> <span class='ocrx_word' id='word_1_328' title='bbox 981 2821 1016 2851; x_wconf 89' lang='lat' dir='ltr'>et</span> <span class='ocrx_word' id='word_1_329' title='bbox 1033 2815 1122 2851; x_wconf 88' lang='lat' dir='ltr'>facis</span> <span class='ocrx_word' id='word_1_330' title='bbox 1144 2826 1202 2859; x_wconf 87' lang='lat' dir='ltr'>ea,</span> <span class='ocrx_word' id='word_1_331' title='bbox 1221 2817 1304 2862; x_wconf 84' lang='lat' dir='ltr'>quia</span> <span class='ocrx_word' id='word_1_332' title='bbox 1320 2821 1358 2851; x_wconf 90' lang='lat' dir='ltr'>tu</span> 
     </span>
     <span class='ocr_line' id='line_1_44' title="bbox 302 2869 1358 2920; baseline 0.006 -15"><span class='ocrx_word' id='word_1_333' title='bbox 302 2869 453 2918; x_wconf 80' lang='lat' dir='ltr'>effugies</span> <span class='ocrx_word' id='word_1_334' title='bbox 483 2870 658 2916; x_wconf 86' lang='lat' dir='ltr'>judicium</span> <span class='ocrx_word' id='word_1_335' title='bbox 679 2872 764 2908; x_wconf 84' lang='lat' dir='ltr'>Dei?</span> <span class='ocrx_word' id='word_1_336' title='bbox 790 2873 844 2909; x_wconf 86' lang='lat' dir='ltr'>An</span> <span class='ocrx_word' id='word_1_337' title='bbox 880 2874 1022 2910; x_wconf 82' lang='lat' dir='ltr'>divitias</span> <span class='ocrx_word' id='word_1_338' title='bbox 1041 2875 1211 2911; x_wconf 87' lang='lat' dir='ltr'>bonitatis</span> <span class='ocrx_word' id='word_1_339' title='bbox 1229 2874 1306 2920; x_wconf 87' lang='lat' dir='ltr'>ejus</span> <span class='ocrx_word' id='word_1_340' title='bbox 1323 2879 1358 2911; x_wconf 89' lang='lat' dir='ltr'>et</span> 
     </span>
     <span class='ocr_line' id='line_1_45' title="bbox 298 2931 1379 2981; baseline 0.006 -16"><span class='ocrx_word' id='word_1_341' title='bbox 298 2931 486 2979; x_wconf 72' lang='lat' dir='ltr'>vpatientiae</span> <span class='ocrx_word' id='word_1_342' title='bbox 505 2938 541 2968; x_wconf 89' lang='lat' dir='ltr'>et</span> <span class='ocrx_word' id='word_1_343' title='bbox 558 2932 840 2979; x_wconf 82' lang='lat' dir='ltr'>longanimitatis</span> <span class='ocrx_word' id='word_1_344' title='bbox 855 2935 1069 2978; x_wconf 85' lang='lat' dir='ltr'>contemnis,</span> <span class='ocrx_word' id='word_1_345' title='bbox 1090 2935 1261 2981; x_wconf 84' lang='lat' dir='ltr'>ignoraus</span> <span class='ocrx_word' id='word_1_346' title='bbox 1273 2947 1358 2981; x_wconf 80' lang='lat' dir='ltr'>quo-</span> <span class='ocrx_word' id='word_1_347' title='bbox 1375 2963 1379 2966; x_wconf 88' lang='lat'>.</span> 
     </span>
     <span class='ocr_line' id='line_1_46' title="bbox 306 2991 1397 3040; baseline 0.005 -15"><span class='ocrx_word' id='word_1_348' title='bbox 306 2991 402 3026; x_wconf 87' lang='lat' dir='ltr'>niam</span> <span class='ocrx_word' id='word_1_349' title='bbox 434 2992 640 3037; x_wconf 81' lang='lat' dir='ltr'>benignitas</span> <span class='ocrx_word' id='word_1_350' title='bbox 678 2993 740 3028; x_wconf 89' lang='lat' dir='ltr'>Dei</span> <span class='ocrx_word' id='word_1_351' title='bbox 775 2995 824 3040; x_wconf 30' lang='lat' dir='ltr'>ad.</span> <span class='ocrx_word' id='word_1_352' title='bbox 851 2995 1103 3039; x_wconf 85' lang='lat' dir='ltr'>poenitentiam</span> <span class='ocrx_word' id='word_1_353' title='bbox 1131 2999 1165 3030; x_wconf 84' lang='lat' dir='ltr'>tc</span> <span class='ocrx_word' id='word_1_354' title='bbox 1189 2996 1358 3031; x_wconf 80' lang='lat' dir='ltr'>adducit?</span> <span class='ocrx_word' id='word_1_355' title='bbox 1394 3004 1397 3005; x_wconf 71' lang='grc'>’</span> 
     </span>
     <span class='ocr_line' id='line_1_47' title="bbox 300 3052 1355 3104; baseline 0.006 -15"><span class='ocrx_word' id='word_1_356' title='bbox 300 3052 511 3089; x_wconf 84' lang='lat' dir='ltr'>Secundum</span> <span class='ocrx_word' id='word_1_357' title='bbox 534 3054 704 3090; x_wconf 90' lang='lat' dir='ltr'>duritiam</span> <span class='ocrx_word' id='word_1_358' title='bbox 724 3060 843 3090; x_wconf 88' lang='lat' dir='ltr'>autem</span> <span class='ocrx_word' id='word_1_359' title='bbox 859 3061 958 3091; x_wconf 86' lang='lat' dir='ltr'>tuam</span> <span class='ocrx_word' id='word_1_360' title='bbox 973 3061 1009 3091; x_wconf 87' lang='lat' dir='ltr'>ct</span> <span class='ocrx_word' id='word_1_361' title='bbox 1028 3057 1258 3103; x_wconf 87' lang='lat' dir='ltr'>impoenitens</span> <span class='ocrx_word' id='word_1_362' title='bbox 1279 3070 1355 3104; x_wconf 85' lang='lat' dir='ltr'>cor,</span> 
     </span>
     <span class='ocr_line' id='line_1_48' title="bbox 305 3114 1357 3165; baseline 0.006 -16"><span class='ocrx_word' id='word_1_363' title='bbox 305 3114 531 3163; x_wconf 83' lang='lat' dir='ltr'>thesaurizas</span> <span class='ocrx_word' id='word_1_364' title='bbox 548 3114 614 3150; x_wconf 89' lang='lat' dir='ltr'>tibi</span> <span class='ocrx_word' id='word_1_365' title='bbox 634 3115 724 3155; x_wconf 89' lang='lat' dir='ltr'>iram</span> <span class='ocrx_word' id='word_1_366' title='bbox 742 3115 776 3150; x_wconf 91' lang='lat' dir='ltr'>in</span> <span class='ocrx_word' id='word_1_367' title='bbox 797 3115 854 3151; x_wconf 91' lang='lat' dir='ltr'>die</span> <span class='ocrx_word' id='word_1_368' title='bbox 873 3116 937 3152; x_wconf 83' lang='lat' dir='ltr'>irae</span> <span class='ocrx_word' id='word_1_369' title='bbox 964 3122 1000 3152; x_wconf 90' lang='lat' dir='ltr'>ct</span> <span class='ocrx_word' id='word_1_370' title='bbox 1027 3118 1357 3165; x_wconf 80' lang='lat' dir='ltr'>revelationisjusti</span> 
     </span>
     <span class='ocr_line' id='line_1_49' title="bbox 304 3173 1359 3226; baseline 0.005 -16"><span class='ocrx_word' id='word_1_371' title='bbox 304 3173 430 3219; x_wconf 79' lang='lat' dir='ltr'>iudicii</span> <span class='ocrx_word' id='word_1_372' title='bbox 446 3174 524 3218; x_wconf 87' lang='lat' dir='ltr'>Dei,</span> <span class='ocrx_word' id='word_1_373' title='bbox 550 3181 587 3212; x_wconf 88' lang='lat' dir='ltr'>et</span> <span class='ocrx_word' id='word_1_374' title='bbox 616 3180 747 3212; x_wconf 80' lang='lat' dir='ltr'>caetera</span> <span class='ocrx_word' id='word_1_375' title='bbox 768 3174 882 3223; x_wconf 87' lang='lat' dir='ltr'>(Rom.</span> <span class='ocrx_word' id='word_1_376' title='bbox 904 3175 958 3223; x_wconf 90' lang='lat'>11).</span> <span class='ocrx_word' id='word_1_377' title='bbox 972 3175 1025 3212; x_wconf 88' lang='lat' dir='ltr'>Ac</span> <span class='ocrx_word' id='word_1_378' title='bbox 1040 3188 1087 3212; x_wconf 88' lang='lat' dir='ltr'>ne</span> <span class='ocrx_word' id='word_1_379' title='bbox 1102 3177 1194 3214; x_wconf 88' lang='lat' dir='ltr'>sorte</span> <span class='ocrx_word' id='word_1_380' title='bbox 1210 3180 1359 3226; x_wconf 81' lang='lat' dir='ltr'>maligni</span> 
     </span>
     <span class='ocr_line' id='line_1_50' title="bbox 305 3235 1357 3289; baseline 0.003 -18"><span class='ocrx_word' id='word_1_381' title='bbox 305 3236 456 3282; x_wconf 84' lang='lat' dir='ltr'>spiritus</span> <span class='ocrx_word' id='word_1_382' title='bbox 474 3235 648 3289; x_wconf 78' lang='lat' dir='ltr'>glorietur</span> <span class='ocrx_word' id='word_1_383' title='bbox 665 3236 702 3271; x_wconf 93' lang='lat' dir='ltr'>in</span> <span class='ocrx_word' id='word_1_384' title='bbox 722 3235 927 3282; x_wconf 85' lang='lat' dir='ltr'>perditione</span> <span class='ocrx_word' id='word_1_385' title='bbox 947 3242 1070 3274; x_wconf 87' lang='lat' dir='ltr'>nostra</span> <span class='ocrx_word' id='word_1_386' title='bbox 1087 3237 1130 3273; x_wconf 91' lang='lat' dir='ltr'>de</span> <span class='ocrx_word' id='word_1_387' title='bbox 1147 3237 1357 3274; x_wconf 86' lang='lat' dir='ltr'>fortitudine</span> 
     </span>
     <span class='ocr_line' id='line_1_51' title="bbox 304 3294 1357 3343; baseline 0.002 -12"><span class='ocrx_word' id='word_1_388' title='bbox 304 3305 383 3339; x_wconf 87' lang='lat' dir='ltr'>sna,</span> <span class='ocrx_word' id='word_1_389' title='bbox 401 3294 505 3341; x_wconf 87' lang='lat' dir='ltr'>quasi</span> <span class='ocrx_word' id='word_1_390' title='bbox 525 3294 717 3331; x_wconf 77' lang='lat' dir='ltr'>victoriam</span> <span class='ocrx_word' id='word_1_391' title='bbox 741 3294 880 3332; x_wconf 85' lang='lat' dir='ltr'>viribus</span> <span class='ocrx_word' id='word_1_392' title='bbox 895 3295 971 3332; x_wconf 91' lang='lat' dir='ltr'>suis</span> <span class='ocrx_word' id='word_1_393' title='bbox 993 3296 1254 3343; x_wconf 88' lang='lat' dir='ltr'>percepissent,</span> <span class='ocrx_word' id='word_1_394' title='bbox 1275 3307 1357 3333; x_wconf 91' lang='lat' dir='ltr'>cum</span> 
     </span>
     <span class='ocr_line' id='line_1_52' title="bbox 303 3354 1359 3404; baseline 0.002 -13"><span class='ocrx_word' id='word_1_395' title='bbox 303 3355 374 3392; x_wconf 86' lang='lat' dir='ltr'>hoc</span> <span class='ocrx_word' id='word_1_396' title='bbox 387 3366 530 3401; x_wconf 88' lang='lat' dir='ltr'>semper</span> <span class='ocrx_word' id='word_1_397' title='bbox 548 3360 700 3400; x_wconf 86' lang='lat' dir='ltr'>certent,</span> <span class='ocrx_word' id='word_1_398' title='bbox 726 3361 767 3391; x_wconf 92' lang='lat' dir='ltr'>ut</span> <span class='ocrx_word' id='word_1_399' title='bbox 783 3356 1003 3392; x_wconf 88' lang='lat' dir='ltr'>sententiam</span> <span class='ocrx_word' id='word_1_400' title='bbox 1018 3354 1194 3393; x_wconf 87' lang='lat' dir='ltr'>Altissimi</span> <span class='ocrx_word' id='word_1_401' title='bbox 1209 3367 1359 3404; x_wconf 87' lang='lat' dir='ltr'>perver-</span> 
     </span>
     <span class='ocr_line' id='line_1_53' title="bbox 307 3415 1360 3465; baseline 0.004 -15"><span class='ocrx_word' id='word_1_402' title='bbox 307 3421 398 3460; x_wconf 88' lang='lat' dir='ltr'>tant,</span> <span class='ocrx_word' id='word_1_403' title='bbox 413 3416 475 3465; x_wconf 85' lang='lat' dir='ltr'>qui</span> <span class='ocrx_word' id='word_1_404' title='bbox 499 3417 668 3453; x_wconf 49' lang='lat' dir='ltr'>*homines</span> <span class='ocrx_word' id='word_1_405' title='bbox 687 3417 846 3454; x_wconf 83' lang='lat' dir='ltr'>decrevit</span> <span class='ocrx_word' id='word_1_406' title='bbox 859 3417 980 3453; x_wconf 91' lang='lat' dir='ltr'>locum</span> <span class='ocrx_word' id='word_1_407' title='bbox 1007 3415 1230 3464; x_wconf 87' lang='lat' dir='ltr'>perditorum</span> <span class='ocrx_word' id='word_1_408' title='bbox 1254 3417 1360 3464; x_wconf 85' lang='lat' dir='ltr'>spiri-</span> 
     </span>
     <span class='ocr_line' id='line_1_54' title="bbox 305 3471 1360 3526; baseline 0.004 -15"><span class='ocrx_word' id='word_1_409' title='bbox 305 3481 406 3512; x_wconf 87' lang='lat' dir='ltr'>tuum</span> <span class='ocrx_word' id='word_1_410' title='bbox 424 3476 462 3512; x_wconf 91' lang='lat' dir='ltr'>in</span> <span class='ocrx_word' id='word_1_411' title='bbox 485 3476 587 3514; x_wconf 86' lang='lat' dir='ltr'>coelis</span> <span class='ocrx_word' id='word_1_412' title='bbox 615 3478 814 3524; x_wconf 78' lang='lat' dir='ltr'>possidere.</span> <span class='ocrx_word' id='word_1_413' title='bbox 840 3490 852 3513; x_wconf 90' lang='lat'>‹</span> <span class='ocrx_word' id='word_1_414' title='bbox 874 3477 970 3515; x_wconf 89' lang='lat' dir='ltr'>Gens</span> <span class='ocrx_word' id='word_1_415' title='bbox 993 3477 1199 3523; x_wconf 75' lang='lat' dir='ltr'>Iudaeorum</span> <span class='ocrx_word' id='word_1_416' title='bbox 1223 3471 1360 3526; x_wconf 84' lang='lat' dir='ltr'>absque</span> 
     </span>
     <span class='ocr_line' id='line_1_55' title="bbox 306 3528 1358 3591; baseline 0 -17"><span class='ocrx_word' id='word_1_417' title='bbox 306 3536 459 3574; x_wconf 89' lang='lat' dir='ltr'>consilio</span> <span class='ocrx_word' id='word_1_418' title='bbox 478 3542 534 3574; x_wconf 87' lang='lat' dir='ltr'>est</span> <span class='ocrx_word' id='word_1_419' title='bbox 550 3543 586 3580; x_wconf 85' lang='lat' dir='ltr'>ct</span> <span class='ocrx_word' id='word_1_420' title='bbox 616 3538 696 3574; x_wconf 90' lang='lat' dir='ltr'>sine</span> <span class='ocrx_word' id='word_1_421' title='bbox 726 3528 918 3587; x_wconf 84' lang='lat' dir='ltr'>prudentia</span> <span class='ocrx_word' id='word_1_422' title='bbox 938 3551 946 3574; x_wconf 91' lang='lat'><strong>:</strong></span> <span class='ocrx_word' id='word_1_423' title='bbox 975 3539 1114 3577; x_wconf 85' lang='lat' dir='ltr'>utinam</span> <span class='ocrx_word' id='word_1_424' title='bbox 1132 3542 1300 3586; x_wconf 88' lang='lat' dir='ltr'>saperent</span> <span class='ocrx_word' id='word_1_425' title='bbox 1315 3547 1358 3591; x_wconf 72' lang='lat' dir='ltr'>ac</span> 
     </span>
     <span class='ocr_line' id='line_1_56' title="bbox 306 3597 1358 3650; baseline 0.001 -15"><span class='ocrx_word' id='word_1_426' title='bbox 306 3597 505 3636; x_wconf 80' lang='lat' dir='ltr'>novissima</span> <span class='ocrx_word' id='word_1_427' title='bbox 513 3599 757 3650; x_wconf 82' lang='lat' dir='ltr'>providerent.</span> <span class='ocrx_word' id='word_1_428' title='bbox 780 3612 792 3634; x_wconf 82' lang='lat'><strong>)</strong></span> <span class='ocrx_word' id='word_1_429' title='bbox 816 3598 913 3636; x_wconf 89' lang='lat' dir='ltr'>Gens</span> <span class='ocrx_word' id='word_1_430' title='bbox 935 3597 1142 3637; x_wconf 81' lang='lat' dir='ltr'>Judaeorum</span> <span class='ocrx_word' id='word_1_431' title='bbox 1157 3609 1224 3636; x_wconf 90' lang='lat' dir='ltr'>nec</span> <span class='ocrx_word' id='word_1_432' title='bbox 1236 3609 1307 3636; x_wconf 89' lang='lat' dir='ltr'>non</span> <span class='ocrx_word' id='word_1_433' title='bbox 1322 3600 1358 3636; x_wconf 81' lang='lat' dir='ltr'>et</span> 
     </span>
     <span class='ocr_line' id='line_1_57' title="bbox 308 3651 1358 3710; baseline 0.001 -15"><span class='ocrx_word' id='word_1_434' title='bbox 308 3659 502 3710; x_wconf 84' lang='lat' dir='ltr'>impiorum</span> <span class='ocrx_word' id='word_1_435' title='bbox 523 3660 602 3701; x_wconf 85' lang='lat' dir='ltr'>sine</span> <span class='ocrx_word' id='word_1_436' title='bbox 618 3651 770 3701; x_wconf 73' lang='lat' dir='ltr'>consilio</span> <span class='ocrx_word' id='word_1_437' title='bbox 790 3659 918 3698; x_wconf 85' lang='lat' dir='ltr'>salutis</span> <span class='ocrx_word' id='word_1_438' title='bbox 936 3667 1004 3703; x_wconf 83' lang='lat' dir='ltr'>est,</span> <span class='ocrx_word' id='word_1_439' title='bbox 1031 3659 1115 3705; x_wconf 84' lang='lat' dir='ltr'>quia</span> <span class='ocrx_word' id='word_1_440' title='bbox 1135 3660 1171 3695; x_wconf 92' lang='lat' dir='ltr'>in</span> <span class='ocrx_word' id='word_1_441' title='bbox 1197 3660 1358 3710; x_wconf 81' lang='lat' dir='ltr'>futurum</span> 
     </span>
     <span class='ocr_line' id='line_1_58' title="bbox 309 3719 1357 3771; baseline -0.003 -13"><span class='ocrx_word' id='word_1_442' title='bbox 309 3720 376 3760; x_wconf 75' lang='lat' dir='ltr'>sibi</span> <span class='ocrx_word' id='word_1_443' title='bbox 396 3720 598 3767; x_wconf 65' lang='lat' dir='ltr'>&#39;providere</span> <span class='ocrx_word' id='word_1_444' title='bbox 624 3719 804 3764; x_wconf 81' lang='lat' dir='ltr'>nesciunt,</span> <span class='ocrx_word' id='word_1_445' title='bbox 821 3724 998 3771; x_wconf 82' lang='lat' dir='ltr'>quatenus</span> <span class='ocrx_word' id='word_1_446' title='bbox 1017 3719 1266 3760; x_wconf 83' lang='lat' dir='ltr'>imminentem</span> <span class='ocrx_word' id='word_1_447' title='bbox 1292 3726 1357 3766; x_wconf 87' lang='lat' dir='ltr'>pro</span> 
     </span>
     <span class='ocr_line' id='line_1_59' title="bbox 302 3772 1357 3839; baseline 0.002 -24"><span class='ocrx_word' id='word_1_448' title='bbox 302 3772 468 3839; x_wconf 52' lang='lat' dir='ltr'>peccatis</span> <span class='ocrx_word' id='word_1_449' title='bbox 481 3781 559 3822; x_wconf 84' lang='lat' dir='ltr'>suis</span> <span class='ocrx_word' id='word_1_450' title='bbox 573 3779 727 3822; x_wconf 78' lang='lat' dir='ltr'>evadant</span> <span class='ocrx_word' id='word_1_451' title='bbox 749 3779 959 3826; x_wconf 80' lang='lat' dir='ltr'>vindictam,</span> <span class='ocrx_word' id='word_1_452' title='bbox 979 3783 1015 3817; x_wconf 92' lang='lat' dir='ltr'>et</span> <span class='ocrx_word' id='word_1_453' title='bbox 1033 3778 1262 3831; x_wconf 78' lang='lat' dir='ltr'>infernalium</span> <span class='ocrx_word' id='word_1_454' title='bbox 1277 3788 1357 3839; x_wconf 60' lang='lat' dir='ltr'>pm-</span> 
     </span>
    </p>
   </div>
   <div class='ocr_carea' id='block_1_5' title="bbox 291 182 2446 311">
    <p class='ocr_par' dir='ltr' id='par_1_6' title="bbox 291 182 2446 311">
     <span class='ocr_line' id='line_1_60' title="bbox 750 182 1404 224; baseline -0.008 0"><span class='ocrx_word' id='word_1_455' title='bbox 750 188 790 224; x_wconf 86' lang='lat' dir='ltr'>B.</span> <span class='ocrx_word' id='word_1_456' title='bbox 822 185 991 223; x_wconf 81' lang='lat' dir='ltr'>RABANI</span> <span class='ocrx_word' id='word_1_457' title='bbox 1017 184 1164 222; x_wconf 75' lang='lat' dir='ltr'>MAURl</span> <span class='ocrx_word' id='word_1_458' title='bbox 1189 182 1404 221; x_wconf 76' lang='lat' dir='ltr'>ARCHIEP.</span> 
     </span>
     <span class='ocr_line' id='line_1_61' title="bbox 291 251 2446 311; baseline 0.002 -15"><span class='ocrx_word' id='word_1_459' title='bbox 291 267 468 306; x_wconf 79' lang='lat' dir='ltr'>lactente,</span> <span class='ocrx_word' id='word_1_460' title='bbox 481 262 670 305; x_wconf 77' lang='lat' dir='ltr'>hebetem3</span> <span class='ocrx_word' id='word_1_461' title='bbox 687 263 725 298; x_wconf 86' lang='lat' dir='ltr'>in</span> <span class='ocrx_word' id='word_1_462' title='bbox 742 270 828 298; x_wconf 90' lang='lat' dir='ltr'>sene</span> <span class='ocrx_word' id='word_1_463' title='bbox 846 261 988 308; x_wconf 82' lang='lat' dir='ltr'>pigrum</span> <span class='ocrx_word' id='word_1_464' title='bbox 996 266 1034 296; x_wconf 88' lang='lat' dir='ltr'>et</span> <span class='ocrx_word' id='word_1_465' title='bbox 1050 259 1212 296; x_wconf 83' lang='lat' dir='ltr'>inutilem</span> <span class='ocrx_word' id='word_1_466' title='bbox 1227 264 1350 295; x_wconf 84' lang='lat' dir='ltr'>osten·</span> <span class='ocrx_word' id='word_1_467' title='bbox 1368 259 1405 300; x_wconf 68' lang='lat' dir='ltr'>A</span> <span class='ocrx_word' id='word_1_468' title='bbox 1419 269 1548 299; x_wconf 70' lang='lat' dir='ltr'>narum</span> <span class='ocrx_word' id='word_1_469' title='bbox 1578 268 1752 300; x_wconf 77' lang='lat' dir='ltr'>aeternnm</span> <span class='ocrx_word' id='word_1_470' title='bbox 1776 262 1952 311; x_wconf 75' lang='lat' dir='ltr'>effugiant</span> <span class='ocrx_word' id='word_1_471' title='bbox 1989 262 2213 298; x_wconf 63' lang='lat' dir='ltr'>cruciatum.-</span> <span class='ocrx_word' id='word_1_472' title='bbox 2234 273 2248 296; x_wconf 83' lang='grc' dir='ltr'>ι</span> <span class='ocrx_word' id='word_1_473' title='bbox 2277 263 2426 308; x_wconf 56' lang='lat' dir='ltr'>Quorno</span> <span class='ocrx_word' id='word_1_474' title='bbox 2444 251 2446 253; x_wconf 39' lang='grc'><strong><em>’</em></strong></span> 
     </span>
    </p>
   </div>
   <div class='ocr_carea' id='block_1_6' title="bbox 1373 2071 2523 2132">
    <p class='ocr_par' dir='ltr' id='par_1_7' title="bbox 1373 2071 2523 2132">
     <span class='ocr_line' id='line_1_62' title="bbox 1373 2071 2523 2132; baseline -0.001 -12"><span class='ocrx_word' id='word_1_475' title='bbox 1373 2071 1407 2113; x_wconf 78' lang='lat' dir='ltr'>C</span> <span class='ocrx_word' id='word_1_476' title='bbox 1427 2084 1614 2121; x_wconf 87' lang='lat' dir='ltr'>beneficiis</span> <span class='ocrx_word' id='word_1_477' title='bbox 1625 2094 1766 2130; x_wconf 81' lang='lat' dir='ltr'>semper</span> <span class='ocrx_word' id='word_1_478' title='bbox 1781 2084 1999 2120; x_wconf 81' lang='lat' dir='ltr'>exstiterunt</span> <span class='ocrx_word' id='word_1_479' title='bbox 2013 2084 2175 2130; x_wconf 82' lang='lat' dir='ltr'>ingratae.</span> <span class='ocrx_word' id='word_1_480' title='bbox 2194 2083 2296 2119; x_wconf 86' lang='lat' dir='ltr'>Unde</span> <span class='ocrx_word' id='word_1_481' title='bbox 2309 2083 2421 2118; x_wconf 85' lang='lat' dir='ltr'>Isaias</span> <span class='ocrx_word' id='word_1_482' title='bbox 2438 2082 2484 2119; x_wconf 83' lang='lat' dir='ltr'>de</span> <span class='ocrx_word' id='word_1_483' title='bbox 2511 2114 2523 2132; x_wconf 20' lang='grc' dir='ltr'><strong>ᾖ</strong></span> 
     </span>
    </p>
   </div>
   <div class='ocr_carea' id='block_1_7' title="bbox 2413 233 2540 4016">
    <p class='ocr_par' dir='ltr' id='par_1_8' title="bbox 2413 233 2540 4016">
     <span class='ocr_line' id='line_1_63' title="bbox 2413 233 2540 415; baseline 0 -78"><span class='ocrx_word' id='word_1_484' title='bbox 2413 233 2540 415; x_wconf 95' lang='lat' dir='ltr'>   </span> 
     </span>
     <span class='ocr_line' id='line_1_64' title="bbox 2413 415 2540 539; baseline 0 -58"><span class='ocrx_word' id='word_1_485' title='bbox 2413 415 2540 539; x_wconf 95' lang='lat' dir='ltr'>   </span> 
     </span>
     <span class='ocr_line' id='line_1_65' title="bbox 2417 539 2540 599; baseline 0 0"><span class='ocrx_word' id='word_1_486' title='bbox 2417 539 2540 599; x_wconf 95' lang='lat' dir='ltr'>  </span> 
     </span>
     <span class='ocr_line' id='line_1_66' title="bbox 2477 599 2540 649; baseline 0 0"><span class='ocrx_word' id='word_1_487' title='bbox 2477 599 2540 649; x_wconf 95' lang='lat' dir='ltr'>  </span> 
     </span>
     <span class='ocr_line' id='line_1_67' title="bbox 2436 649 2540 786; baseline 0 0"><span class='ocrx_word' id='word_1_488' title='bbox 2436 649 2540 786; x_wconf 95' lang='lat' dir='ltr'>   </span> 
     </span>
     <span class='ocr_line' id='line_1_68' title="bbox 2478 786 2540 882; baseline 0 0"><span class='ocrx_word' id='word_1_489' title='bbox 2478 786 2540 882; x_wconf 95' lang='lat' dir='ltr'>   </span> 
     </span>
     <span class='ocr_line' id='line_1_69' title="bbox 2478 882 2540 1091; baseline 0 0"><span class='ocrx_word' id='word_1_490' title='bbox 2478 882 2540 1091; x_wconf 95' lang='lat' dir='ltr'>     </span> 
     </span>
     <span class='ocr_line' id='line_1_70' title="bbox 2480 1091 2540 1146; baseline 0 0"><span class='ocrx_word' id='word_1_491' title='bbox 2480 1091 2540 1146; x_wconf 95' lang='lat' dir='ltr'>  </span> 
     </span>
     <span class='ocr_line' id='line_1_71' title="bbox 2481 1146 2540 1254; baseline 0 0"><span class='ocrx_word' id='word_1_492' title='bbox 2481 1146 2540 1254; x_wconf 95' lang='lat' dir='ltr'>   </span> 
     </span>
     <span class='ocr_line' id='line_1_72' title="bbox 2482 1254 2540 1393; baseline 0 -59"><span class='ocrx_word' id='word_1_493' title='bbox 2482 1254 2540 1393; x_wconf 95' lang='lat' dir='ltr'>    </span> 
     </span>
     <span class='ocr_line' id='line_1_73' title="bbox 2478 1393 2540 1514; baseline 0 0"><span class='ocrx_word' id='word_1_494' title='bbox 2478 1393 2540 1514; x_wconf 95' lang='lat' dir='ltr'>   </span> 
     </span>
     <span class='ocr_line' id='line_1_74' title="bbox 2482 1514 2540 1667; baseline 0 0"><span class='ocrx_word' id='word_1_495' title='bbox 2482 1514 2540 1667; x_wconf 95' lang='lat' dir='ltr'>   </span> 
     </span>
     <span class='ocr_line' id='line_1_75' title="bbox 2479 1667 2540 1791; baseline 0 -96"><span class='ocrx_word' id='word_1_496' title='bbox 2479 1667 2540 1791; x_wconf 95' lang='lat' dir='ltr'>    </span> 
     </span>
     <span class='ocr_line' id='line_1_76' title="bbox 2487 1791 2540 1846; baseline 0 2170"><span class='ocrx_word' id='word_1_497' title='bbox 2487 1791 2540 1846; x_wconf 95' lang='lat' dir='ltr'> </span> 
     </span>
     <span class='ocr_line' id='line_1_77' title="bbox 2482 1846 2540 1998; baseline 0 0"><span class='ocrx_word' id='word_1_498' title='bbox 2482 1846 2540 1998; x_wconf 95' lang='lat' dir='ltr'>   </span> 
     </span>
     <span class='ocr_line' id='line_1_78' title="bbox 2482 1998 2540 2120; baseline 0 -88"><span class='ocrx_word' id='word_1_499' title='bbox 2482 1998 2540 2120; x_wconf 95' lang='lat' dir='ltr'>    </span> 
     </span>
     <span class='ocr_line' id='line_1_79' title="bbox 2484 2120 2540 2178; baseline 0 0"><span class='ocrx_word' id='word_1_500' title='bbox 2484 2120 2540 2178; x_wconf 95' lang='lat' dir='ltr'>  </span> 
     </span>
     <span class='ocr_line' id='line_1_80' title="bbox 2484 2178 2540 2301; baseline 0 -89"><span class='ocrx_word' id='word_1_501' title='bbox 2484 2178 2540 2301; x_wconf 95' lang='lat' dir='ltr'>    </span> 
     </span>
     <span class='ocr_line' id='line_1_81' title="bbox 2483 2301 2540 2461; baseline 0 -38"><span class='ocrx_word' id='word_1_502' title='bbox 2483 2301 2540 2461; x_wconf 95' lang='lat' dir='ltr'>    </span> 
     </span>
     <span class='ocr_line' id='line_1_82' title="bbox 2481 2461 2540 2603; baseline 0 0"><span class='ocrx_word' id='word_1_503' title='bbox 2481 2461 2540 2603; x_wconf 95' lang='lat' dir='ltr'>   </span> 
     </span>
     <span class='ocr_line' id='line_1_83' title="bbox 2481 2603 2540 2665; baseline 0 0"><span class='ocrx_word' id='word_1_504' title='bbox 2481 2603 2540 2665; x_wconf 95' lang='lat' dir='ltr'>  </span> 
     </span>
     <span class='ocr_line' id='line_1_84' title="bbox 2480 2665 2540 2847; baseline 0 0"><span class='ocrx_word' id='word_1_505' title='bbox 2480 2665 2540 2847; x_wconf 95' lang='lat' dir='ltr'>     </span> 
     </span>
     <span class='ocr_line' id='line_1_85' title="bbox 2482 2847 2540 2965; baseline 0 0"><span class='ocrx_word' id='word_1_506' title='bbox 2482 2847 2540 2965; x_wconf 95' lang='lat' dir='ltr'>   </span> 
     </span>
     <span class='ocr_line' id='line_1_86' title="bbox 2487 2965 2540 3003; baseline 0 1013"><span class='ocrx_word' id='word_1_507' title='bbox 2487 2965 2540 3003; x_wconf 95' lang='lat' dir='ltr'> </span> 
     </span>
     <span class='ocr_line' id='line_1_87' title="bbox 2458 3003 2540 3151; baseline 0 0"><span class='ocrx_word' id='word_1_508' title='bbox 2458 3003 2540 3151; x_wconf 95' lang='lat' dir='ltr'>   </span> 
     </span>
     <span class='ocr_line' id='line_1_88' title="bbox 2483 3151 2540 3200; baseline 0 0"><span class='ocrx_word' id='word_1_509' title='bbox 2483 3151 2540 3200; x_wconf 95' lang='lat' dir='ltr'>  </span> 
     </span>
     <span class='ocr_line' id='line_1_89' title="bbox 2480 3200 2540 3364; baseline 0 0"><span class='ocrx_word' id='word_1_510' title='bbox 2480 3200 2540 3364; x_wconf 95' lang='lat' dir='ltr'>   </span> 
     </span>
     <span class='ocr_line' id='line_1_90' title="bbox 2413 3364 2540 3504; baseline 0 0"><span class='ocrx_word' id='word_1_511' title='bbox 2413 3364 2540 3504; x_wconf 95' lang='lat' dir='ltr'>   </span> 
     </span>
     <span class='ocr_line' id='line_1_91' title="bbox 2437 3504 2540 3664; baseline 0 -96"><span class='ocrx_word' id='word_1_512' title='bbox 2437 3504 2540 3664; x_wconf 95' lang='lat' dir='ltr'>   </span> 
     </span>
     <span class='ocr_line' id='line_1_92' title="bbox 2413 3664 2540 4016; baseline 0 0"><span class='ocrx_word' id='word_1_513' title='bbox 2413 3664 2540 4016; x_wconf 95' lang='lat' dir='ltr'>   </span> 
     </span>
    </p>
   </div>
   <div class='ocr_carea' id='block_1_8' title="bbox 1430 182 2050 224">
    <p class='ocr_par' dir='ltr' id='par_1_9' title="bbox 1430 182 2050 224">
     <span class='ocr_line' id='line_1_93' title="bbox 1430 182 2050 224; baseline 0 -3"><span class='ocrx_word' id='word_1_514' title='bbox 1430 182 1635 222; x_wconf 65' lang='grc' dir='ltr'>ΙΘΕΗΝΤ.</span> <span class='ocrx_word' id='word_1_515' title='bbox 1658 185 1855 223; x_wconf 75' lang='lat' dir='ltr'>01&gt;an</span> <span class='ocrx_word' id='word_1_516' title='bbox 1872 184 1997 224; x_wconf 70' lang='lat' dir='ltr'>PARS</span> <span class='ocrx_word' id='word_1_517' title='bbox 2022 186 2050 222; x_wconf 87' lang='lat'>1.</span> 
     </span>
    </p>
   </div>
   <div class='ocr_carea' id='block_1_9' title="bbox 1410 320 2520 1161">
    <p class='ocr_par' dir='ltr' id='par_1_10' title="bbox 1410 320 2520 1161">
     <span class='ocr_line' id='line_1_94' title="bbox 1422 320 2449 368; baseline 0.003 -11"><span class='ocrx_word' id='word_1_518' title='bbox 1422 331 1437 353; x_wconf 80' lang='grc' dir='ltr'><strong><em>ι</em></strong></span> <span class='ocrx_word' id='word_1_519' title='bbox 1453 322 1850 368; x_wconf 70' lang='lat' dir='ltr'>-peisequebatunnus</span> <span class='ocrx_word' id='word_1_520' title='bbox 1874 321 1986 364; x_wconf 71' lang='lat' dir='ltr'>mille,</span> <span class='ocrx_word' id='word_1_521' title='bbox 2002 325 2044 358; x_wconf 73' lang='lat' dir='ltr'>et</span> <span class='ocrx_word' id='word_1_522' title='bbox 2063 321 2144 358; x_wconf 84' lang='lat' dir='ltr'>-duo</span> <span class='ocrx_word' id='word_1_523' title='bbox 2158 320 2331 368; x_wconf 67' lang='lat' dir='ltr'>tugerent</span> <span class='ocrx_word' id='word_1_524' title='bbox 2342 323 2392 360; x_wconf 70' lang='lat' dir='ltr'>de</span> <span class='ocrx_word' id='word_1_525' title='bbox 2402 337 2413 356; x_wconf 65' lang='grc' dir='ltr'><em>ν</em></span> <span class='ocrx_word' id='word_1_526' title='bbox 2422 338 2449 355; x_wconf 21' lang='grc' dir='ltr'>ιη.</span> 
     </span>
     <span class='ocr_line' id='line_1_95' title="bbox 1422 381 2451 427; baseline 0 -7"><span class='ocrx_word' id='word_1_527' title='bbox 1422 393 1437 416; x_wconf 71' lang='grc' dir='ltr'>ι</span> <span class='ocrx_word' id='word_1_528' title='bbox 1457 381 1586 421; x_wconf 76' lang='lat' dir='ltr'>millia.</span> <span class='ocrx_word' id='word_1_529' title='bbox 1601 381 1729 419; x_wconf 77' lang='lat' dir='ltr'>Nonne</span> <span class='ocrx_word' id='word_1_530' title='bbox 1756 382 1857 425; x_wconf 68' lang='lat' dir='ltr'>«ideo,</span> <span class='ocrx_word' id='word_1_531' title='bbox 1881 381 1970 427; x_wconf 84' lang='lat' dir='ltr'>quia</span> <span class='ocrx_word' id='word_1_532' title='bbox 1990 381 2089 419; x_wconf 86' lang='lat' dir='ltr'>Dens</span> <span class='ocrx_word' id='word_1_533' title='bbox 2112 392 2202 418; x_wconf 88' lang='lat' dir='ltr'>suns</span> <span class='ocrx_word' id='word_1_534' title='bbox 2213 382 2451 420; x_wconf 56' lang='lat' dir='ltr'>vendiditm</span> 
     </span>
     <span class='ocr_line' id='line_1_96' title="bbox 1422 440 2442 491; baseline 0.005 -15"><span class='ocrx_word' id='word_1_535' title='bbox 1422 453 1436 476; x_wconf 76' lang='grc' dir='ltr'>ι</span> <span class='ocrx_word' id='word_1_536' title='bbox 1459 442 1682 480; x_wconf 72' lang='lat' dir='ltr'>et=Dominus</span> <span class='ocrx_word' id='word_1_537' title='bbox 1698 440 1876 478; x_wconf 82' lang='lat' dir='ltr'>conclusit</span> <span class='ocrx_word' id='word_1_538' title='bbox 1899 441 2008 478; x_wconf 63' lang='lat' dir='ltr'>illos?</span> <span class='ocrx_word' id='word_1_539' title='bbox 2025 455 2044 479; x_wconf 67' lang='lat' dir='ltr'>s</span> <span class='ocrx_word' id='word_1_540' title='bbox 2065 441 2277 489; x_wconf 79' lang='lat' dir='ltr'>Quicunque</span> <span class='ocrx_word' id='word_1_541' title='bbox 2286 445 2442 491; x_wconf 73' lang='lat' dir='ltr'>magni</span> 
     </span>
     <span class='ocr_line' id='line_1_97' title="bbox 1411 504 2479 551; baseline 0.002 -9"><span class='ocrx_word' id='word_1_542' title='bbox 1411 504 1540 545; x_wconf 73' lang='lat' dir='ltr'>dinem</span> <span class='ocrx_word' id='word_1_543' title='bbox 1557 504 1624 541; x_wconf 83' lang='lat' dir='ltr'>Dei</span> <span class='ocrx_word' id='word_1_544' title='bbox 1651 504 1832 541; x_wconf 87' lang='lat' dir='ltr'>veraciter</span> <span class='ocrx_word' id='word_1_545' title='bbox 1847 504 2030 551; x_wconf 69' lang='lat' dir='ltr'>agnoseit,</span> <span class='ocrx_word' id='word_1_546' title='bbox 2057 505 2253 542; x_wconf 54' lang='lat' dir='ltr'>&amp;meritum</span> <span class='ocrx_word' id='word_1_547' title='bbox 2269 516 2378 543; x_wconf 86' lang='lat' dir='ltr'>suum</span> <span class='ocrx_word' id='word_1_548' title='bbox 2412 522 2417 539; x_wconf 80' lang='lat' dir='ltr'>t</span> <span class='ocrx_word' id='word_1_549' title='bbox 2436 522 2441 539; x_wconf 74' lang='lat'>2</span> <span class='ocrx_word' id='word_1_550' title='bbox 2460 519 2479 544; x_wconf 49' lang='lat' dir='ltr'>.ss</span> 
     </span>
     <span class='ocr_line' id='line_1_98' title="bbox 1410 564 2475 614; baseline 0.004 -15"><span class='ocrx_word' id='word_1_551' title='bbox 1410 574 1463 604; x_wconf 59' lang='lat' dir='ltr'><em>a</em></span> <span class='ocrx_word' id='word_1_552' title='bbox 1476 564 1698 604; x_wconf 60' lang='lat' dir='ltr'>&#39;infirmitate</span> <span class='ocrx_word' id='word_1_553' title='bbox 1727 565 1898 610; x_wconf 77' lang='lat' dir='ltr'>potentiae</span> <span class='ocrx_word' id='word_1_554' title='bbox 1918 564 2111 610; x_wconf 49' lang='lat' dir='ltr'>ipsium&amp;</span> <span class='ocrx_word' id='word_1_555' title='bbox 2125 566 2370 611; x_wconf 58' lang='lat' dir='ltr'>vermismone</span> <span class='ocrx_word' id='word_1_556' title='bbox 2383 566 2400 614; x_wconf 61' lang='grc' dir='ltr'><em>ᾖ</em></span> <span class='ocrx_word' id='word_1_557' title='bbox 2412 572 2475 599; x_wconf 52' lang='grc' dir='ltr'><em>Μ</em></span> 
     </span>
     <span class='ocr_line' id='line_1_99' title="bbox 1412 624 2484 674; baseline 0.002 -11"><span class='ocrx_word' id='word_1_558' title='bbox 1412 624 1543 670; x_wconf 42' lang='lat' dir='ltr'>,iudicii</span> <span class='ocrx_word' id='word_1_559' title='bbox 1558 625 1640 671; x_wconf 87' lang='lat' dir='ltr'>ejus</span> <span class='ocrx_word' id='word_1_560' title='bbox 1670 626 1817 663; x_wconf 88' lang='lat' dir='ltr'>evenire</span> <span class='ocrx_word' id='word_1_561' title='bbox 1851 626 2047 663; x_wconf 74' lang='lat' dir='ltr'>manifeste</span> <span class='ocrx_word' id='word_1_562' title='bbox 2062 628 2255 674; x_wconf 81' lang='lat' dir='ltr'>probabit:</span> <span class='ocrx_word' id='word_1_563' title='bbox 2273 629 2358 674; x_wconf 87' lang='lat' dir='ltr'>quia</span> <span class='ocrx_word' id='word_1_564' title='bbox 2375 629 2484 666; x_wconf 71' lang='lat' dir='ltr'>nulle</span> 
     </span>
     <span class='ocr_line' id='line_1_100' title="bbox 1419 678 2482 737; baseline 0.002 -13"><span class='ocrx_word' id='word_1_565' title='bbox 1419 686 1528 725; x_wconf 84' lang='lat' dir='ltr'>modo</span> <span class='ocrx_word' id='word_1_566' title='bbox 1559 686 1639 724; x_wconf 82' lang='lat' dir='ltr'>fieri</span> <span class='ocrx_word' id='word_1_567' title='bbox 1663 693 1800 733; x_wconf 86' lang='lat' dir='ltr'>posset,</span> <span class='ocrx_word' id='word_1_568' title='bbox 1813 689 1909 734; x_wconf 88' lang='lat' dir='ltr'>quod</span> <span class='ocrx_word' id='word_1_569' title='bbox 1933 699 2025 726; x_wconf 80' lang='lat' dir='ltr'>unus</span> <span class='ocrx_word' id='word_1_570' title='bbox 2055 694 2337 737; x_wconf 74' lang='lat' dir='ltr'>persequeretur</span> <span class='ocrx_word' id='word_1_571' title='bbox 2356 678 2482 735; x_wconf 78' lang='lat' dir='ltr'>mille,²·</span> 
     </span>
     <span class='ocr_line' id='line_1_101' title="bbox 1421 747 2448 795; baseline 0.006 -12"><span class='ocrx_word' id='word_1_572' title='bbox 1421 753 1457 784; x_wconf 90' lang='lat' dir='ltr'>et</span> <span class='ocrx_word' id='word_1_573' title='bbox 1479 748 1550 784; x_wconf 89' lang='lat' dir='ltr'>duo</span> <span class='ocrx_word' id='word_1_574' title='bbox 1567 747 1737 795; x_wconf 82' lang='lat' dir='ltr'>fugarent</span> <span class='ocrx_word' id='word_1_575' title='bbox 1759 748 1885 786; x_wconf 90' lang='lat' dir='ltr'>decem</span> <span class='ocrx_word' id='word_1_576' title='bbox 1897 750 2025 795; x_wconf 84' lang='lat' dir='ltr'>millia,</span> <span class='ocrx_word' id='word_1_577' title='bbox 2045 751 2116 788; x_wconf 82' lang='lat' dir='ltr'>nisi</span> <span class='ocrx_word' id='word_1_578' title='bbox 2129 751 2303 789; x_wconf 87' lang='lat' dir='ltr'>Dominus</span> <span class='ocrx_word' id='word_1_579' title='bbox 2319 761 2387 789; x_wconf 85' lang='lat' dir='ltr'>eos</span> <span class='ocrx_word' id='word_1_580' title='bbox 2399 757 2448 788; x_wconf 83' lang='lat' dir='ltr'>tr</span> 
     </span>
     <span class='ocr_line' id='line_1_102' title="bbox 1416 810 2486 858; baseline 0.001 -8"><span class='ocrx_word' id='word_1_581' title='bbox 1416 810 1585 853; x_wconf 63' lang='lat' dir='ltr'>didisset,</span> <span class='ocrx_word' id='word_1_582' title='bbox 1601 814 1638 846; x_wconf 91' lang='lat' dir='ltr'>et</span> <span class='ocrx_word' id='word_1_583' title='bbox 1655 821 1785 847; x_wconf 81' lang='lat' dir='ltr'>exosos</span> <span class='ocrx_word' id='word_1_584' title='bbox 1802 812 2026 858; x_wconf 88' lang='lat' dir='ltr'>projiciendo</span> <span class='ocrx_word' id='word_1_585' title='bbox 2042 813 2078 849; x_wconf 88' lang='lat' dir='ltr'>in</span> <span class='ocrx_word' id='word_1_586' title='bbox 2096 823 2226 850; x_wconf 86' lang='lat' dir='ltr'>manus</span> <span class='ocrx_word' id='word_1_587' title='bbox 2249 813 2486 851; x_wconf 83' lang='lat' dir='ltr'>inimicorum·</span> 
     </span>
     <span class='ocr_line' id='line_1_103' title="bbox 1421 871 2491 911; baseline 0.004 -4"><span class='ocrx_word' id='word_1_588' title='bbox 1421 871 1666 908; x_wconf 87' lang='lat' dir='ltr'>concluderet.</span> <span class='ocrx_word' id='word_1_589' title='bbox 1692 885 1705 906; x_wconf 83' lang='lat'><strong>«</strong></span> <span class='ocrx_word' id='word_1_590' title='bbox 1728 872 1807 909; x_wconf 90' lang='lat' dir='ltr'>Non</span> <span class='ocrx_word' id='word_1_591' title='bbox 1835 879 1892 909; x_wconf 84' lang='lat' dir='ltr'>est</span> <span class='ocrx_word' id='word_1_592' title='bbox 1926 873 2023 909; x_wconf 89' lang='lat' dir='ltr'>enim</span> <span class='ocrx_word' id='word_1_593' title='bbox 2046 873 2142 911; x_wconf 87' lang='lat' dir='ltr'>Deus</span> <span class='ocrx_word' id='word_1_594' title='bbox 2171 878 2297 910; x_wconf 83' lang='lat' dir='ltr'>noster</span> <span class='ocrx_word' id='word_1_595' title='bbox 2315 878 2357 909; x_wconf 91' lang='lat' dir='ltr'>ut</span> <span class='ocrx_word' id='word_1_596' title='bbox 2375 873 2491 911; x_wconf 69' lang='lat' dir='ltr'>Deus!</span> 
     </span>
     <span class='ocr_line' id='line_1_104' title="bbox 1421 932 2494 978; baseline 0.003 -10"><span class='ocrx_word' id='word_1_597' title='bbox 1421 941 1548 968; x_wconf 90' lang='lat' dir='ltr'>eorum</span> <span class='ocrx_word' id='word_1_598' title='bbox 1568 944 1575 967; x_wconf 93' lang='lat'>:</span> <span class='ocrx_word' id='word_1_599' title='bbox 1598 936 1634 967; x_wconf 92' lang='lat' dir='ltr'>et</span> <span class='ocrx_word' id='word_1_600' title='bbox 1654 932 1793 968; x_wconf 92' lang='lat' dir='ltr'>inimici</span> <span class='ocrx_word' id='word_1_601' title='bbox 1824 933 1939 969; x_wconf 88' lang='lat' dir='ltr'>nostri</span> <span class='ocrx_word' id='word_1_602' title='bbox 1973 938 2056 970; x_wconf 90' lang='lat' dir='ltr'>sunt</span> <span class='ocrx_word' id='word_1_603' title='bbox 2085 932 2239 978; x_wconf 84' lang='lat' dir='ltr'>judices.</span> <span class='ocrx_word' id='word_1_604' title='bbox 2266 947 2279 968; x_wconf 64' lang='grc' dir='ltr'><em>ι</em></span> <span class='ocrx_word' id='word_1_605' title='bbox 2303 933 2494 971; x_wconf 53' lang='lat' dir='ltr'>Dominum</span> 
     </span>
     <span class='ocr_line' id='line_1_105' title="bbox 1421 992 2512 1040; baseline 0.002 -12"><span class='ocrx_word' id='word_1_606' title='bbox 1421 992 1519 1028; x_wconf 89' lang='lat' dir='ltr'>enim</span> <span class='ocrx_word' id='word_1_607' title='bbox 1549 993 1644 1028; x_wconf 90' lang='lat' dir='ltr'>Deus</span> <span class='ocrx_word' id='word_1_608' title='bbox 1676 999 1799 1030; x_wconf 90' lang='lat' dir='ltr'>noster</span> <span class='ocrx_word' id='word_1_609' title='bbox 1818 1004 1931 1030; x_wconf 83' lang='lat' dir='ltr'>verax</span> <span class='ocrx_word' id='word_1_610' title='bbox 1948 999 1984 1030; x_wconf 91' lang='lat' dir='ltr'>et</span> <span class='ocrx_word' id='word_1_611' title='bbox 1999 994 2117 1040; x_wconf 87' lang='lat' dir='ltr'>justus</span> <span class='ocrx_word' id='word_1_612' title='bbox 2145 999 2214 1038; x_wconf 92' lang='lat' dir='ltr'>est,</span> <span class='ocrx_word' id='word_1_613' title='bbox 2240 994 2336 1030; x_wconf 89' lang='lat' dir='ltr'>idola</span> <span class='ocrx_word' id='word_1_614' title='bbox 2355 998 2480 1030; x_wconf 80' lang='lat' dir='ltr'>autem</span> <span class='ocrx_word' id='word_1_615' title='bbox 2505 1000 2512 1003; x_wconf 81' lang='grc'><strong><em>·</em></strong></span> 
     </span>
     <span class='ocr_line' id='line_1_106' title="bbox 1422 1052 2520 1099; baseline 0.003 -12"><span class='ocrx_word' id='word_1_616' title='bbox 1422 1053 1597 1099; x_wconf 85' lang='lat' dir='ltr'>gentium,</span> <span class='ocrx_word' id='word_1_617' title='bbox 1627 1052 1717 1088; x_wconf 88' lang='lat' dir='ltr'>falsa</span> <span class='ocrx_word' id='word_1_618' title='bbox 1753 1059 1788 1089; x_wconf 89' lang='lat' dir='ltr'>et</span> <span class='ocrx_word' id='word_1_619' title='bbox 1826 1054 1977 1089; x_wconf 89' lang='lat' dir='ltr'>inutilia.</span> <span class='ocrx_word' id='word_1_620' title='bbox 2001 1054 2103 1097; x_wconf 82' lang='lat' dir='ltr'>Quod</span> <span class='ocrx_word' id='word_1_621' title='bbox 2123 1055 2233 1090; x_wconf 89' lang='lat' dir='ltr'>etiam</span> <span class='ocrx_word' id='word_1_622' title='bbox 2265 1065 2337 1091; x_wconf 91' lang='lat' dir='ltr'>non</span> <span class='ocrx_word' id='word_1_623' title='bbox 2360 1054 2478 1090; x_wconf 86' lang='lat' dir='ltr'>solum</span> <span class='ocrx_word' id='word_1_624' title='bbox 2510 1064 2520 1090; x_wconf 60' lang='lat'>,1</span> 
     </span>
     <span class='ocr_line' id='line_1_107' title="bbox 1424 1114 2520 1161; baseline 0.002 -11"><span class='ocrx_word' id='word_1_625' title='bbox 1424 1115 1553 1158; x_wconf 88' lang='lat' dir='ltr'>nostri,</span> <span class='ocrx_word' id='word_1_626' title='bbox 1578 1124 1704 1150; x_wconf 78' lang='lat' dir='ltr'>verum</span> <span class='ocrx_word' id='word_1_627' title='bbox 1726 1114 1836 1150; x_wconf 89' lang='lat' dir='ltr'>etiam</span> <span class='ocrx_word' id='word_1_628' title='bbox 1861 1121 2070 1151; x_wconf 88' lang='lat' dir='ltr'>nostrorum</span> <span class='ocrx_word' id='word_1_629' title='bbox 2091 1115 2293 1161; x_wconf 87' lang='lat' dir='ltr'>approbant</span> <span class='ocrx_word' id='word_1_630' title='bbox 2311 1116 2480 1152; x_wconf 79' lang='lat' dir='ltr'>adversa·</span> <span class='ocrx_word' id='word_1_631' title='bbox 2518 1124 2520 1127; x_wconf 80' lang='grc'>’</span> 
     </span>
    </p>
   </div>
   <div class='ocr_carea' id='block_1_10' title="bbox 1423 1235 2524 2070">
    <p class='ocr_par' dir='ltr' id='par_1_11' title="bbox 1423 1235 2524 2070">
     <span class='ocr_line' id='line_1_108' title="bbox 1423 1235 2507 1281; baseline -0.001 -9"><span class='ocrx_word' id='word_1_632' title='bbox 1423 1246 1490 1281; x_wconf 88' lang='lat' dir='ltr'>pro</span> <span class='ocrx_word' id='word_1_633' title='bbox 1507 1235 1717 1271; x_wconf 78' lang='lat' dir='ltr'>infidelitate</span> <span class='ocrx_word' id='word_1_634' title='bbox 1743 1241 1850 1280; x_wconf 86' lang='lat' dir='ltr'>atque</span> <span class='ocrx_word' id='word_1_635' title='bbox 1866 1235 2040 1279; x_wconf 87' lang='lat' dir='ltr'>injustitia</span> <span class='ocrx_word' id='word_1_636' title='bbox 2060 1245 2124 1270; x_wconf 92' lang='lat' dir='ltr'>sua</span> <span class='ocrx_word' id='word_1_637' title='bbox 2140 1236 2271 1271; x_wconf 88' lang='lat' dir='ltr'>merito</span> <span class='ocrx_word' id='word_1_638' title='bbox 2289 1237 2336 1272; x_wconf 89' lang='lat' dir='ltr'>ab</span> <span class='ocrx_word' id='word_1_639' title='bbox 2353 1236 2409 1271; x_wconf 83' lang='lat' dir='ltr'>eis</span> <span class='ocrx_word' id='word_1_640' title='bbox 2421 1246 2483 1272; x_wconf 82' lang='lat' dir='ltr'>ar·-</span> <span class='ocrx_word' id='word_1_641' title='bbox 2503 1251 2507 1259; x_wconf 87' lang='lat'>=</span> 
     </span>
     <span class='ocr_line' id='line_1_109' title="bbox 1423 1294 2509 1343; baseline 0 -11"><span class='ocrx_word' id='word_1_642' title='bbox 1423 1301 1634 1343; x_wconf 85' lang='lat' dir='ltr'>guerentur‚</span> <span class='ocrx_word' id='word_1_643' title='bbox 1656 1295 1749 1330; x_wconf 87' lang='lat' dir='ltr'>sicut</span> <span class='ocrx_word' id='word_1_644' title='bbox 1782 1294 1958 1330; x_wconf 86' lang='lat' dir='ltr'>Jcremias</span> <span class='ocrx_word' id='word_1_645' title='bbox 1990 1294 2025 1329; x_wconf 87' lang='lat' dir='ltr'>in</span> <span class='ocrx_word' id='word_1_646' title='bbox 2049 1294 2385 1331; x_wconf 80' lang='lat' dir='ltr'>Lamentationihus</span> <span class='ocrx_word' id='word_1_647' title='bbox 2404 1294 2482 1332; x_wconf 65' lang='lat' dir='ltr'>suis</span> <span class='ocrx_word' id='word_1_648' title='bbox 2503 1315 2509 1323; x_wconf 67' lang='lat'>,</span> 
     </span>
     <span class='ocr_line' id='line_1_110' title="bbox 1425 1356 2482 1400; baseline 0 -8"><span class='ocrx_word' id='word_1_649' title='bbox 1425 1358 1512 1393; x_wconf 89' lang='lat' dir='ltr'>dicit</span> <span class='ocrx_word' id='word_1_650' title='bbox 1531 1368 1540 1391; x_wconf 71' lang='grc' dir='ltr'>ε</span> <span class='ocrx_word' id='word_1_651' title='bbox 1564 1369 1576 1388; x_wconf 85' lang='lat'>‹</span> <span class='ocrx_word' id='word_1_652' title='bbox 1599 1356 1777 1392; x_wconf 84' lang='lat' dir='ltr'>Viderunt</span> <span class='ocrx_word' id='word_1_653' title='bbox 1796 1365 1875 1390; x_wconf 87' lang='lat' dir='ltr'>eam</span> <span class='ocrx_word' id='word_1_654' title='bbox 1891 1356 2028 1400; x_wconf 91' lang='lat' dir='ltr'>hostes,</span> <span class='ocrx_word' id='word_1_655' title='bbox 2055 1362 2092 1392; x_wconf 89' lang='lat' dir='ltr'>et</span> <span class='ocrx_word' id='word_1_656' title='bbox 2110 1356 2314 1393; x_wconf 85' lang='lat' dir='ltr'>deriserunt</span> <span class='ocrx_word' id='word_1_657' title='bbox 2331 1357 2482 1393; x_wconf 68' lang='lat' dir='ltr'>sabbata</span> 
     </span>
     <span class='ocr_line' id='line_1_111' title="bbox 1425 1417 2484 1465; baseline -0.001 -11"><span class='ocrx_word' id='word_1_658' title='bbox 1425 1418 1502 1463; x_wconf 88' lang='lat' dir='ltr'>ejus</span> <span class='ocrx_word' id='word_1_659' title='bbox 1529 1417 1647 1465; x_wconf 71' lang='lat' dir='ltr'>(Tin-e.</span> <span class='ocrx_word' id='word_1_660' title='bbox 1670 1417 1710 1464; x_wconf 85' lang='grc' dir='ltr'>ι).</span> <span class='ocrx_word' id='word_1_661' title='bbox 1734 1430 1746 1452; x_wconf 81' lang='lat'>1&gt;</span> <span class='ocrx_word' id='word_1_662' title='bbox 1769 1417 1860 1453; x_wconf 87' lang='lat' dir='ltr'>Hinc</span> <span class='ocrx_word' id='word_1_663' title='bbox 1879 1418 1975 1453; x_wconf 89' lang='lat' dir='ltr'>enim</span> <span class='ocrx_word' id='word_1_664' title='bbox 1990 1419 2094 1454; x_wconf 85' lang='lat' dir='ltr'>nobis</span> <span class='ocrx_word' id='word_1_665' title='bbox 2109 1428 2335 1464; x_wconf 89' lang='lat' dir='ltr'>summopere</span> <span class='ocrx_word' id='word_1_666' title='bbox 2352 1427 2484 1454; x_wconf 83' lang='lat' dir='ltr'>caven·</span> 
     </span>
     <span class='ocr_line' id='line_1_112' title="bbox 1426 1478 2478 1524; baseline -0.001 -9"><span class='ocrx_word' id='word_1_667' title='bbox 1426 1479 1508 1515; x_wconf 89' lang='lat' dir='ltr'>dum</span> <span class='ocrx_word' id='word_1_668' title='bbox 1530 1484 1597 1519; x_wconf 89' lang='lat' dir='ltr'>est,</span> <span class='ocrx_word' id='word_1_669' title='bbox 1619 1488 1664 1514; x_wconf 91' lang='lat' dir='ltr'>ne</span> <span class='ocrx_word' id='word_1_670' title='bbox 1678 1478 1801 1514; x_wconf 88' lang='lat' dir='ltr'>hostes</span> <span class='ocrx_word' id='word_1_671' title='bbox 1822 1479 1956 1515; x_wconf 87' lang='lat' dir='ltr'>nostris</span> <span class='ocrx_word' id='word_1_672' title='bbox 1983 1478 2086 1514; x_wconf 88' lang='lat' dir='ltr'>malis</span> <span class='ocrx_word' id='word_1_673' title='bbox 2116 1479 2253 1515; x_wconf 89' lang='lat' dir='ltr'>nostris</span> <span class='ocrx_word' id='word_1_674' title='bbox 2276 1478 2478 1524; x_wconf 84' lang='lat' dir='ltr'>provocati,</span> 
     </span>
     <span class='ocr_line' id='line_1_113' title="bbox 1425 1538 2518 1586; baseline 0.001 -12"><span class='ocrx_word' id='word_1_675' title='bbox 1425 1539 1461 1574; x_wconf 89' lang='lat' dir='ltr'>in</span> <span class='ocrx_word' id='word_1_676' title='bbox 1477 1538 1737 1584; x_wconf 87' lang='lat' dir='ltr'>blasphemiam</span> <span class='ocrx_word' id='word_1_677' title='bbox 1757 1544 1883 1574; x_wconf 87' lang='lat' dir='ltr'>contra</span> <span class='ocrx_word' id='word_1_678' title='bbox 1903 1539 2019 1574; x_wconf 90' lang='lat' dir='ltr'>Deum</span> <span class='ocrx_word' id='word_1_679' title='bbox 2045 1544 2250 1586; x_wconf 86' lang='lat' dir='ltr'>erumpant,</span> <span class='ocrx_word' id='word_1_680' title='bbox 2277 1549 2361 1575; x_wconf 90' lang='lat' dir='ltr'>cum</span> <span class='ocrx_word' id='word_1_681' title='bbox 2380 1539 2483 1576; x_wconf 85' lang='lat' dir='ltr'>vide-</span> <span class='ocrx_word' id='word_1_682' title='bbox 2516 1582 2518 1585; x_wconf 17' lang='lat' dir='ltr'>v</span> 
     </span>
     <span class='ocr_line' id='line_1_114' title="bbox 1426 1598 2482 1644; baseline 0.001 -10"><span class='ocrx_word' id='word_1_683' title='bbox 1426 1599 1499 1634; x_wconf 88' lang='lat' dir='ltr'>rint</span> <span class='ocrx_word' id='word_1_684' title='bbox 1517 1608 1582 1634; x_wconf 90' lang='lat' dir='ltr'>nos</span> <span class='ocrx_word' id='word_1_685' title='bbox 1618 1602 1822 1643; x_wconf 83' lang='lat' dir='ltr'>superatos,</span> <span class='ocrx_word' id='word_1_686' title='bbox 1853 1598 1953 1633; x_wconf 88' lang='lat' dir='ltr'>etad</span> <span class='ocrx_word' id='word_1_687' title='bbox 1981 1598 2135 1634; x_wconf 91' lang='lat' dir='ltr'>nihilum</span> <span class='ocrx_word' id='word_1_688' title='bbox 2154 1604 2302 1644; x_wconf 84' lang='lat' dir='ltr'>propter</span> <span class='ocrx_word' id='word_1_689' title='bbox 2331 1603 2482 1644; x_wconf 81' lang='lat' dir='ltr'>peccata</span> 
     </span>
     <span class='ocr_line' id='line_1_115' title="bbox 1426 1660 2515 1709; baseline 0.002 -14"><span class='ocrx_word' id='word_1_690' title='bbox 1426 1665 1550 1696; x_wconf 89' lang='lat' dir='ltr'>nostra</span> <span class='ocrx_word' id='word_1_691' title='bbox 1577 1660 1756 1704; x_wconf 86' lang='lat' dir='ltr'>redactos,</span> <span class='ocrx_word' id='word_1_692' title='bbox 1773 1660 1841 1696; x_wconf 90' lang='lat' dir='ltr'>hoc</span> <span class='ocrx_word' id='word_1_693' title='bbox 1858 1660 1982 1695; x_wconf 88' lang='lat' dir='ltr'>virtuti</span> <span class='ocrx_word' id='word_1_694' title='bbox 2005 1670 2080 1696; x_wconf 81' lang='lat' dir='ltr'>suae</span> <span class='ocrx_word' id='word_1_695' title='bbox 2095 1665 2273 1703; x_wconf 86' lang='lat' dir='ltr'>asserant,</span> <span class='ocrx_word' id='word_1_696' title='bbox 2295 1660 2390 1706; x_wconf 88' lang='lat' dir='ltr'>quod</span> <span class='ocrx_word' id='word_1_697' title='bbox 2406 1670 2479 1697; x_wconf 88' lang='lat' dir='ltr'>non</span> <span class='ocrx_word' id='word_1_698' title='bbox 2511 1707 2515 1709; x_wconf 14' lang='grc' dir='ltr'>λ</span> 
     </span>
     <span class='ocr_line' id='line_1_116' title="bbox 1426 1719 2521 1767; baseline -0.001 -10"><span class='ocrx_word' id='word_1_699' title='bbox 1426 1731 1490 1757; x_wconf 89' lang='lat' dir='ltr'>sua</span> <span class='ocrx_word' id='word_1_700' title='bbox 1507 1721 1684 1767; x_wconf 86' lang='lat' dir='ltr'>potentia,</span> <span class='ocrx_word' id='word_1_701' title='bbox 1711 1721 1772 1756; x_wconf 85' lang='lat' dir='ltr'>sed</span> <span class='ocrx_word' id='word_1_702' title='bbox 1786 1720 1922 1765; x_wconf 69' lang='lat' dir='ltr'>judicio</span> <span class='ocrx_word' id='word_1_703' title='bbox 1938 1721 2081 1757; x_wconf 90' lang='lat' dir='ltr'>Domini</span> <span class='ocrx_word' id='word_1_704' title='bbox 2098 1719 2284 1756; x_wconf 89' lang='lat' dir='ltr'>redactum</span> <span class='ocrx_word' id='word_1_705' title='bbox 2301 1724 2368 1756; x_wconf 90' lang='lat' dir='ltr'>est.</span> <span class='ocrx_word' id='word_1_706' title='bbox 2390 1731 2407 1754; x_wconf 72' lang='grc' dir='ltr'><strong><em>ε</em></strong></span> <span class='ocrx_word' id='word_1_707' title='bbox 2430 1719 2483 1756; x_wconf 79' lang='lat' dir='ltr'>De</span> <span class='ocrx_word' id='word_1_708' title='bbox 2517 1750 2521 1751; x_wconf 17' lang='grc' dir='ltr'><em>γ</em></span> 
     </span>
     <span class='ocr_line' id='line_1_117' title="bbox 1426 1779 2523 1824; baseline -0.003 -6"><span class='ocrx_word' id='word_1_709' title='bbox 1426 1782 1532 1818; x_wconf 72' lang='lat' dir='ltr'>vinea</span> <span class='ocrx_word' id='word_1_710' title='bbox 1547 1781 1644 1818; x_wconf 90' lang='lat' dir='ltr'>enim</span> <span class='ocrx_word' id='word_1_711' title='bbox 1663 1781 1918 1824; x_wconf 84' lang='lat' dir='ltr'>Sodomorum,</span> <span class='ocrx_word' id='word_1_712' title='bbox 1944 1781 2049 1819; x_wconf 82' lang='lat' dir='ltr'>vinea</span> <span class='ocrx_word' id='word_1_713' title='bbox 2077 1790 2216 1823; x_wconf 88' lang='lat' dir='ltr'>eorum,</span> <span class='ocrx_word' id='word_1_714' title='bbox 2239 1781 2335 1817; x_wconf 89' lang='lat' dir='ltr'>etde</span> <span class='ocrx_word' id='word_1_715' title='bbox 2356 1779 2487 1815; x_wconf 72' lang='lat' dir='ltr'>subur·</span> <span class='ocrx_word' id='word_1_716' title='bbox 2521 1808 2523 1810; x_wconf 93' lang='lat'>.</span> 
     </span>
     <span class='ocr_line' id='line_1_118' title="bbox 1426 1835 2524 1883; baseline -0.004 -4"><span class='ocrx_word' id='word_1_717' title='bbox 1426 1842 1530 1879; x_wconf 87' lang='lat' dir='ltr'>banis</span> <span class='ocrx_word' id='word_1_718' title='bbox 1561 1841 1786 1878; x_wconf 82' lang='lat' dir='ltr'>Gomorrhae.</span> <span class='ocrx_word' id='word_1_719' title='bbox 1805 1841 1891 1878; x_wconf 84' lang='lat' dir='ltr'>Uvae</span> <span class='ocrx_word' id='word_1_720' title='bbox 1921 1851 2045 1877; x_wconf 86' lang='lat' dir='ltr'>eorum</span> <span class='ocrx_word' id='word_1_721' title='bbox 2064 1851 2134 1877; x_wconf 85' lang='lat' dir='ltr'>uva</span> <span class='ocrx_word' id='word_1_722' title='bbox 2160 1840 2269 1883; x_wconf 83' lang='lat' dir='ltr'>fellis,</span> <span class='ocrx_word' id='word_1_723' title='bbox 2300 1845 2336 1876; x_wconf 87' lang='lat' dir='ltr'>et</span> <span class='ocrx_word' id='word_1_724' title='bbox 2357 1840 2484 1876; x_wconf 85' lang='lat' dir='ltr'>botrus</span> <span class='ocrx_word' id='word_1_725' title='bbox 2508 1835 2524 1880; x_wconf 67' lang='grc' dir='ltr'>ξ</span> 
     </span>
     <span class='ocr_line' id='line_1_119' title="bbox 1427 1901 2524 1948; baseline -0.001 -10"><span class='ocrx_word' id='word_1_726' title='bbox 1427 1903 1692 1939; x_wconf 85' lang='lat' dir='ltr'>amarissimus.</span> <span class='ocrx_word' id='word_1_727' title='bbox 1715 1916 1726 1937; x_wconf 71' lang='lat' dir='ltr'>i</span> <span class='ocrx_word' id='word_1_728' title='bbox 1747 1902 1849 1948; x_wconf 80' lang='lat' dir='ltr'>Saepe</span> <span class='ocrx_word' id='word_1_729' title='bbox 1873 1903 1909 1939; x_wconf 94' lang='lat' dir='ltr'>in</span> <span class='ocrx_word' id='word_1_730' title='bbox 1935 1903 2132 1948; x_wconf 84' lang='lat' dir='ltr'>Scripturis</span> <span class='ocrx_word' id='word_1_731' title='bbox 2151 1903 2270 1939; x_wconf 85' lang='lat' dir='ltr'>sacris</span> <span class='ocrx_word' id='word_1_732' title='bbox 2290 1901 2483 1948; x_wconf 79' lang='lat' dir='ltr'>Synagoga</span> <span class='ocrx_word' id='word_1_733' title='bbox 2521 1902 2524 1906; x_wconf 80' lang='grc'><em>“</em></span> 
     </span>
     <span class='ocr_line' id='line_1_120' title="bbox 1426 1962 2482 2009; baseline -0.003 -10"><span class='ocrx_word' id='word_1_734' title='bbox 1426 1963 1481 1999; x_wconf 85' lang='lat' dir='ltr'>vel</span> <span class='ocrx_word' id='word_1_735' title='bbox 1499 1962 1699 1999; x_wconf 83' lang='lat' dir='ltr'>Jerusalem</span> <span class='ocrx_word' id='word_1_736' title='bbox 1726 1963 1889 1999; x_wconf 81' lang='lat' dir='ltr'>Sodomae</span> <span class='ocrx_word' id='word_1_737' title='bbox 1915 1968 1951 1999; x_wconf 88' lang='lat' dir='ltr'>et</span> <span class='ocrx_word' id='word_1_738' title='bbox 1975 1962 2188 1999; x_wconf 83' lang='lat' dir='ltr'>Gomorrhae</span> <span class='ocrx_word' id='word_1_739' title='bbox 2210 1965 2482 2009; x_wconf 62' lang='lat' dir='ltr'>comparantur,</span> 
     </span>
     <span class='ocr_line' id='line_1_121' title="bbox 1427 2022 2482 2070; baseline -0.002 -11"><span class='ocrx_word' id='word_1_740' title='bbox 1427 2025 1511 2070; x_wconf 89' lang='lat' dir='ltr'>qnia</span> <span class='ocrx_word' id='word_1_741' title='bbox 1530 2025 1622 2060; x_wconf 90' lang='lat' dir='ltr'>sicut</span> <span class='ocrx_word' id='word_1_742' title='bbox 1637 2025 1730 2060; x_wconf 87' lang='lat' dir='ltr'>male</span> <span class='ocrx_word' id='word_1_743' title='bbox 1748 2025 1817 2060; x_wconf 82' lang='lat' dir='ltr'>illae</span> <span class='ocrx_word' id='word_1_744' title='bbox 1835 2026 1956 2060; x_wconf 80' lang='lat' dir='ltr'>abusae</span> <span class='ocrx_word' id='word_1_745' title='bbox 1972 2029 2055 2060; x_wconf 86' lang='lat' dir='ltr'>sunt</span> <span class='ocrx_word' id='word_1_746' title='bbox 2070 2025 2176 2060; x_wconf 90' lang='lat' dir='ltr'>donis</span> <span class='ocrx_word' id='word_1_747' title='bbox 2189 2024 2268 2066; x_wconf 90' lang='lat' dir='ltr'>Dei,</span> <span class='ocrx_word' id='word_1_748' title='bbox 2280 2024 2331 2059; x_wconf 89' lang='lat' dir='ltr'>sic</span> <span class='ocrx_word' id='word_1_749' title='bbox 2347 2027 2384 2058; x_wconf 89' lang='lat' dir='ltr'>et</span> <span class='ocrx_word' id='word_1_750' title='bbox 2402 2022 2482 2058; x_wconf 85' lang='lat' dir='ltr'>istae</span> 
     </span>
    </p>
   </div>
   <div class='ocr_carea' id='block_1_11' title="bbox 1424 2143 2523 3851">
    <p class='ocr_par' dir='ltr' id='par_1_12' title="bbox 1424 2143 2524 3835">
     <span class='ocr_line' id='line_1_122' title="bbox 1424 2143 2514 2189; baseline -0.002 -10"><span class='ocrx_word' id='word_1_751' title='bbox 1424 2145 1498 2185; x_wconf 81' lang='lat' dir='ltr'>illis</span> <span class='ocrx_word' id='word_1_752' title='bbox 1520 2145 1570 2181; x_wconf 85' lang='lat' dir='ltr'>ait</span> <span class='ocrx_word' id='word_1_753' title='bbox 1589 2157 1596 2180; x_wconf 74' lang='grc' dir='ltr'>ε</span> <span class='ocrx_word' id='word_1_754' title='bbox 1619 2157 1631 2179; x_wconf 87' lang='lat'>‹</span> <span class='ocrx_word' id='word_1_755' title='bbox 1658 2144 1734 2180; x_wconf 86' lang='lat' dir='ltr'>Nisi</span> <span class='ocrx_word' id='word_1_756' title='bbox 1752 2144 1926 2181; x_wconf 90' lang='lat' dir='ltr'>Dominus</span> <span class='ocrx_word' id='word_1_757' title='bbox 1947 2145 2172 2180; x_wconf 79' lang='lat' dir='ltr'>exercituum</span> <span class='ocrx_word' id='word_1_758' title='bbox 2197 2143 2404 2189; x_wconf 85' lang='lat' dir='ltr'>reliquisset</span> <span class='ocrx_word' id='word_1_759' title='bbox 2419 2151 2484 2178; x_wconf 79' lang='lat' dir='ltr'>no-</span> <span class='ocrx_word' id='word_1_760' title='bbox 2511 2153 2514 2155; x_wconf 61' lang='grc'><strong>’</strong></span> 
     </span>
     <span class='ocr_line' id='line_1_123' title="bbox 1425 2202 2523 2251; baseline -0.004 -9"><span class='ocrx_word' id='word_1_761' title='bbox 1425 2205 1481 2242; x_wconf 87' lang='lat' dir='ltr'>bis</span> <span class='ocrx_word' id='word_1_762' title='bbox 1513 2215 1649 2249; x_wconf 88' lang='lat' dir='ltr'>semen,</span> <span class='ocrx_word' id='word_1_763' title='bbox 1675 2206 1778 2251; x_wconf 84' lang='lat' dir='ltr'>quasi</span> <span class='ocrx_word' id='word_1_764' title='bbox 1807 2204 1964 2241; x_wconf 87' lang='lat' dir='ltr'>Sodoma</span> <span class='ocrx_word' id='word_1_765' title='bbox 1990 2204 2209 2242; x_wconf 81' lang='lat' dir='ltr'>fuissemus:</span> <span class='ocrx_word' id='word_1_766' title='bbox 2229 2209 2266 2241; x_wconf 91' lang='lat' dir='ltr'>et</span> <span class='ocrx_word' id='word_1_767' title='bbox 2279 2203 2382 2250; x_wconf 86' lang='lat' dir='ltr'>quasi</span> <span class='ocrx_word' id='word_1_768' title='bbox 2404 2202 2484 2239; x_wconf 82' lang='lat' dir='ltr'>Go-</span> <span class='ocrx_word' id='word_1_769' title='bbox 2522 2227 2523 2230; x_wconf 52' lang='lat'><em>=</em></span> 
     </span>
     <span class='ocr_line' id='line_1_124' title="bbox 1426 2264 2514 2303; baseline -0.004 0"><span class='ocrx_word' id='word_1_770' title='bbox 1426 2268 1574 2303; x_wconf 80' lang='lat' dir='ltr'>mori-ha</span> <span class='ocrx_word' id='word_1_771' title='bbox 1596 2267 1734 2302; x_wconf 88' lang='lat' dir='ltr'>similes</span> <span class='ocrx_word' id='word_1_772' title='bbox 1758 2266 1967 2303; x_wconf 83' lang='lat' dir='ltr'>fuissemus.</span> <span class='ocrx_word' id='word_1_773' title='bbox 1998 2266 2129 2302; x_wconf 86' lang='lat' dir='ltr'>Audite</span> <span class='ocrx_word' id='word_1_774' title='bbox 2161 2266 2312 2302; x_wconf 88' lang='lat' dir='ltr'>verbum</span> <span class='ocrx_word' id='word_1_775' title='bbox 2338 2264 2484 2300; x_wconf 80' lang='lat' dir='ltr'>Domini</span> <span class='ocrx_word' id='word_1_776' title='bbox 2506 2284 2514 2295; x_wconf 59' lang='lat'><em>2</em></span> 
     </span>
     <span class='ocr_line' id='line_1_125' title="bbox 1426 2325 2522 2374; baseline 0.001 -12"><span class='ocrx_word' id='word_1_777' title='bbox 1426 2327 1607 2373; x_wconf 85' lang='lat' dir='ltr'>principes</span> <span class='ocrx_word' id='word_1_778' title='bbox 1622 2327 1873 2370; x_wconf 88' lang='lat' dir='ltr'>Sodomorum,</span> <span class='ocrx_word' id='word_1_779' title='bbox 1893 2328 2041 2364; x_wconf 87' lang='lat' dir='ltr'>auribus</span> <span class='ocrx_word' id='word_1_780' title='bbox 2057 2328 2202 2374; x_wconf 84' lang='lat' dir='ltr'>percipe</span> <span class='ocrx_word' id='word_1_781' title='bbox 2212 2327 2327 2374; x_wconf 86' lang='lat' dir='ltr'>legem</span> <span class='ocrx_word' id='word_1_782' title='bbox 2341 2325 2485 2363; x_wconf 84' lang='lat' dir='ltr'>Domini</span> <span class='ocrx_word' id='word_1_783' title='bbox 2504 2338 2522 2351; x_wconf 31' lang='grc' dir='ltr'>’ν</span> 
     </span>
     <span class='ocr_line' id='line_1_126' title="bbox 1426 2386 2521 2436; baseline -0.003 -11"><span class='ocrx_word' id='word_1_784' title='bbox 1426 2389 1541 2425; x_wconf 87' lang='lat' dir='ltr'>nostri</span> <span class='ocrx_word' id='word_1_785' title='bbox 1555 2389 1706 2436; x_wconf 84' lang='lat' dir='ltr'>populus</span> <span class='ocrx_word' id='word_1_786' title='bbox 1724 2389 1948 2433; x_wconf 75' lang='lat' dir='ltr'>Gomorrhae,</span> <span class='ocrx_word' id='word_1_787' title='bbox 1970 2394 2039 2425; x_wconf 88' lang='lat' dir='ltr'>etc.</span> <span class='ocrx_word' id='word_1_788' title='bbox 2060 2388 2150 2436; x_wconf 70' lang='lat' dir='ltr'>(Iso,</span> <span class='ocrx_word' id='word_1_789' title='bbox 2168 2388 2210 2436; x_wconf 85' lang='grc' dir='ltr'>ι).</span> <span class='ocrx_word' id='word_1_790' title='bbox 2227 2402 2241 2423; x_wconf 78' lang='grc' dir='ltr'><strong><em>ι</em></strong></span> <span class='ocrx_word' id='word_1_791' title='bbox 2255 2387 2370 2427; x_wconf 74' lang='lat' dir='ltr'>vinea</span> <span class='ocrx_word' id='word_1_792' title='bbox 2385 2386 2483 2424; x_wconf 85' lang='lat' dir='ltr'>enim</span> <span class='ocrx_word' id='word_1_793' title='bbox 2517 2407 2521 2411; x_wconf 64' lang='lat'>&lt;</span> 
     </span>
     <span class='ocr_line' id='line_1_127' title="bbox 1426 2447 2484 2496; baseline -0.005 -8"><span class='ocrx_word' id='word_1_794' title='bbox 1426 2451 1583 2494; x_wconf 89' lang='lat' dir='ltr'>Domini,</span> <span class='ocrx_word' id='word_1_795' title='bbox 1604 2451 1697 2487; x_wconf 90' lang='lat' dir='ltr'>sieut</span> <span class='ocrx_word' id='word_1_796' title='bbox 1716 2450 1753 2486; x_wconf 91' lang='lat' dir='ltr'>in</span> <span class='ocrx_word' id='word_1_797' title='bbox 1770 2451 1897 2488; x_wconf 88' lang='lat' dir='ltr'>codem</span> <span class='ocrx_word' id='word_1_798' title='bbox 1917 2451 2092 2496; x_wconf 87' lang='lat' dir='ltr'>propheta</span> <span class='ocrx_word' id='word_1_799' title='bbox 2121 2450 2295 2496; x_wconf 85' lang='lat' dir='ltr'>scriptum</span> <span class='ocrx_word' id='word_1_800' title='bbox 2322 2454 2391 2491; x_wconf 76' lang='lat' dir='ltr'>est,</span> <span class='ocrx_word' id='word_1_801' title='bbox 2419 2447 2484 2484; x_wconf 80' lang='lat' dir='ltr'>do-</span> 
     </span>
     <span class='ocr_line' id='line_1_128' title="bbox 1426 2507 2482 2556; baseline -0.006 -8"><span class='ocrx_word' id='word_1_802' title='bbox 1426 2522 1508 2548; x_wconf 90' lang='lat' dir='ltr'>mus</span> <span class='ocrx_word' id='word_1_803' title='bbox 1544 2510 1654 2547; x_wconf 86' lang='lat' dir='ltr'>lsrael</span> <span class='ocrx_word' id='word_1_804' title='bbox 1673 2510 1742 2546; x_wconf 86' lang='lat' dir='ltr'>fuit</span> <span class='ocrx_word' id='word_1_805' title='bbox 1771 2522 1780 2546; x_wconf 89' lang='lat'>:</span> <span class='ocrx_word' id='word_1_806' title='bbox 1809 2520 1888 2556; x_wconf 82' lang='lat' dir='ltr'>quae</span> <span class='ocrx_word' id='word_1_807' title='bbox 1913 2515 1997 2547; x_wconf 90' lang='lat' dir='ltr'>tunc</span> <span class='ocrx_word' id='word_1_808' title='bbox 2024 2510 2060 2546; x_wconf 90' lang='lat' dir='ltr'>iu</span> <span class='ocrx_word' id='word_1_809' title='bbox 2078 2508 2172 2545; x_wconf 87' lang='lat' dir='ltr'>sellis</span> <span class='ocrx_word' id='word_1_810' title='bbox 2201 2507 2482 2545; x_wconf 83' lang='lat' dir='ltr'>amaritudinem</span> 
     </span>
     <span class='ocr_line' id='line_1_129' title="bbox 1427 2568 2515 2616; baseline -0.005 -8"><span class='ocrx_word' id='word_1_811' title='bbox 1427 2581 1602 2608; x_wconf 77' lang='lat' dir='ltr'>conversa</span> <span class='ocrx_word' id='word_1_812' title='bbox 1627 2575 1695 2613; x_wconf 89' lang='lat' dir='ltr'>est,</span> <span class='ocrx_word' id='word_1_813' title='bbox 1717 2571 1861 2616; x_wconf 88' lang='lat' dir='ltr'>quando</span> <span class='ocrx_word' id='word_1_814' title='bbox 1885 2575 2039 2606; x_wconf 88' lang='lat' dir='ltr'>mortem</span> <span class='ocrx_word' id='word_1_815' title='bbox 2060 2568 2194 2605; x_wconf 82' lang='lat' dir='ltr'>Christi</span> <span class='ocrx_word' id='word_1_816' title='bbox 2223 2568 2481 2605; x_wconf 81' lang='lat' dir='ltr'>meditabatur,</span> <span class='ocrx_word' id='word_1_817' title='bbox 2511 2586 2515 2587; x_wconf 31' lang='grc' dir='ltr'><em>ν</em></span> 
     </span>
     <span class='ocr_line' id='line_1_130' title="bbox 1429 2627 2481 2676; baseline -0.006 -8"><span class='ocrx_word' id='word_1_818' title='bbox 1429 2631 1533 2668; x_wconf 89' lang='lat' dir='ltr'>Unde</span> <span class='ocrx_word' id='word_1_819' title='bbox 1549 2636 1584 2667; x_wconf 92' lang='lat' dir='ltr'>et</span> <span class='ocrx_word' id='word_1_820' title='bbox 1600 2630 1667 2676; x_wconf 88' lang='lat' dir='ltr'>ipsi</span> <span class='ocrx_word' id='word_1_821' title='bbox 1684 2630 1721 2666; x_wconf 91' lang='lat' dir='ltr'>in</span> <span class='ocrx_word' id='word_1_822' title='bbox 1736 2640 1842 2666; x_wconf 87' lang='lat' dir='ltr'>cruce</span> <span class='ocrx_word' id='word_1_823' title='bbox 1852 2629 2037 2676; x_wconf 87' lang='lat' dir='ltr'>pendenti,</span> <span class='ocrx_word' id='word_1_824' title='bbox 2058 2633 2198 2665; x_wconf 89' lang='lat' dir='ltr'>acetum</span> <span class='ocrx_word' id='word_1_825' title='bbox 2215 2627 2298 2665; x_wconf 81' lang='lat' dir='ltr'>reue</span> <span class='ocrx_word' id='word_1_826' title='bbox 2315 2627 2481 2672; x_wconf 81' lang='lat' dir='ltr'>mistum,</span> 
     </span>
     <span class='ocr_line' id='line_1_131' title="bbox 1428 2689 2507 2737; baseline -0.002 -11"><span class='ocrx_word' id='word_1_827' title='bbox 1428 2691 1603 2727; x_wconf 88' lang='lat' dir='ltr'>arundine</span> <span class='ocrx_word' id='word_1_828' title='bbox 1644 2694 1908 2737; x_wconf 86' lang='lat' dir='ltr'>porrexerunt,</span> <span class='ocrx_word' id='word_1_829' title='bbox 1949 2696 1989 2726; x_wconf 92' lang='lat' dir='ltr'>ut</span> <span class='ocrx_word' id='word_1_830' title='bbox 2022 2689 2060 2725; x_wconf 91' lang='lat' dir='ltr'>in</span> <span class='ocrx_word' id='word_1_831' title='bbox 2095 2699 2138 2726; x_wconf 91' lang='lat' dir='ltr'>eo</span> <span class='ocrx_word' id='word_1_832' title='bbox 2171 2689 2481 2727; x_wconf 69' lang='lat' dir='ltr'>demonstraretur</span> <span class='ocrx_word' id='word_1_833' title='bbox 2503 2694 2507 2695; x_wconf 52' lang='lat'><em>⁷</em></span> 
     </span>
     <span class='ocr_line' id='line_1_132' title="bbox 1428 2748 2518 2799; baseline -0.005 -10"><span class='ocrx_word' id='word_1_834' title='bbox 1428 2752 1580 2789; x_wconf 84' lang='lat' dir='ltr'>scientia</span> <span class='ocrx_word' id='word_1_835' title='bbox 1605 2751 1708 2798; x_wconf 84' lang='lat' dir='ltr'>legis,</span> <span class='ocrx_word' id='word_1_836' title='bbox 1740 2762 1848 2797; x_wconf 85' lang='lat' dir='ltr'>quarn</span> <span class='ocrx_word' id='word_1_837' title='bbox 1878 2751 1947 2797; x_wconf 86' lang='lat' dir='ltr'>ipsi</span> <span class='ocrx_word' id='word_1_838' title='bbox 1980 2755 2116 2787; x_wconf 87' lang='lat' dir='ltr'>rectam</span> <span class='ocrx_word' id='word_1_839' title='bbox 2154 2748 2486 2796; x_wconf 81' lang='lat' dir='ltr'>acceperunt,felle</span> <span class='ocrx_word' id='word_1_840' title='bbox 2506 2779 2518 2799; x_wconf 50' lang='lat'><em>3</em></span> 
     </span>
     <span class='ocr_line' id='line_1_133' title="bbox 1428 2808 2510 2856; baseline -0.005 -8"><span class='ocrx_word' id='word_1_841' title='bbox 1428 2812 1575 2849; x_wconf 83' lang='lat' dir='ltr'>malitiae</span> <span class='ocrx_word' id='word_1_842' title='bbox 1607 2822 1679 2847; x_wconf 80' lang='lat' dir='ltr'>suae</span> <span class='ocrx_word' id='word_1_843' title='bbox 1703 2812 1838 2847; x_wconf 87' lang='lat' dir='ltr'>habere</span> <span class='ocrx_word' id='word_1_844' title='bbox 1864 2817 2095 2856; x_wconf 87' lang='lat' dir='ltr'>corruptam,</span> <span class='ocrx_word' id='word_1_845' title='bbox 2128 2809 2399 2848; x_wconf 87' lang='lat' dir='ltr'>cum·datorem</span> <span class='ocrx_word' id='word_1_846' title='bbox 2430 2808 2480 2844; x_wconf 90' lang='lat' dir='ltr'>lc-</span> <span class='ocrx_word' id='word_1_847' title='bbox 2506 2822 2510 2824; x_wconf 89' lang='grc'><em>·</em></span> 
     </span>
     <span class='ocr_line' id='line_1_134' title="bbox 1428 2872 2495 2922; baseline -0.004 -10"><span class='ocrx_word' id='word_1_848' title='bbox 1428 2876 1482 2922; x_wconf 84' lang='lat' dir='ltr'>gis</span> <span class='ocrx_word' id='word_1_849' title='bbox 1500 2876 1545 2912; x_wconf 87' lang='lat' dir='ltr'>ad</span> <span class='ocrx_word' id='word_1_850' title='bbox 1561 2886 1599 2912; x_wconf 91' lang='lat' dir='ltr'>sc</span> <span class='ocrx_word' id='word_1_851' title='bbox 1615 2875 1819 2912; x_wconf 85' lang='lat' dir='ltr'>venientem</span> <span class='ocrx_word' id='word_1_852' title='bbox 1837 2875 1997 2922; x_wconf 91' lang='lat' dir='ltr'>recipere</span> <span class='ocrx_word' id='word_1_853' title='bbox 2015 2874 2218 2918; x_wconf 87' lang='lat' dir='ltr'>noluerunt,</span> <span class='ocrx_word' id='word_1_854' title='bbox 2237 2873 2384 2920; x_wconf 87' lang='lat' dir='ltr'>insuper</span> <span class='ocrx_word' id='word_1_855' title='bbox 2402 2872 2495 2909; x_wconf 75' lang='lat' dir='ltr'>iri-i·-</span> 
     </span>
     <span class='ocr_line' id='line_1_135' title="bbox 1430 2934 2513 2980; baseline -0.001 -8"><span class='ocrx_word' id='word_1_856' title='bbox 1430 2942 1596 2973; x_wconf 87' lang='lat' dir='ltr'>taverunt</span> <span class='ocrx_word' id='word_1_857' title='bbox 1610 2942 1646 2972; x_wconf 89' lang='lat' dir='ltr'>et</span> <span class='ocrx_word' id='word_1_858' title='bbox 1666 2936 1882 2973; x_wconf 83' lang='lat' dir='ltr'>afflixerunt.</span> <span class='ocrx_word' id='word_1_859' title='bbox 1913 2936 2041 2980; x_wconf 88' lang='lat' dir='ltr'>Aliter,</span> <span class='ocrx_word' id='word_1_860' title='bbox 2067 2935 2136 2973; x_wconf 86' lang='lat' dir='ltr'>hac</span> <span class='ocrx_word' id='word_1_861' title='bbox 2160 2935 2339 2974; x_wconf 82' lang='lat' dir='ltr'>sententia</span> <span class='ocrx_word' id='word_1_862' title='bbox 2356 2940 2393 2971; x_wconf 89' lang='lat' dir='ltr'>et</span> <span class='ocrx_word' id='word_1_863' title='bbox 2409 2934 2490 2977; x_wconf 64' lang='lat' dir='ltr'>hae-3</span> <span class='ocrx_word' id='word_1_864' title='bbox 2507 2970 2513 2971; x_wconf 15' lang='lat' dir='ltr'>a</span> 
     </span>
     <span class='ocr_line' id='line_1_136' title="bbox 1429 2992 2507 3046; baseline -0.004 -14"><span class='ocrx_word' id='word_1_865' title='bbox 1429 2996 1625 3032; x_wconf 84' lang='lat' dir='ltr'>reticornm</span> <span class='ocrx_word' id='word_1_866' title='bbox 1638 2996 1798 3041; x_wconf 87' lang='lat' dir='ltr'>nequitia</span> <span class='ocrx_word' id='word_1_867' title='bbox 1817 2995 2029 3042; x_wconf 89' lang='lat' dir='ltr'>percutitur,</span> <span class='ocrx_word' id='word_1_868' title='bbox 2047 2994 2107 3040; x_wconf 90' lang='lat' dir='ltr'>qui</span> <span class='ocrx_word' id='word_1_869' title='bbox 2126 2993 2210 3034; x_wconf 88' lang='lat' dir='ltr'>licet</span> <span class='ocrx_word' id='word_1_870' title='bbox 2232 2993 2359 3040; x_wconf 81' lang='lat' dir='ltr'>gratiae</span> <span class='ocrx_word' id='word_1_871' title='bbox 2377 2992 2507 3046; x_wconf 59' lang='lat' dir='ltr'>spiri-3j</span> 
     </span>
     <span class='ocr_line' id='line_1_137' title="bbox 1428 3053 2473 3102; baseline -0.003 -10"><span class='ocrx_word' id='word_1_872' title='bbox 1428 3056 1511 3092; x_wconf 84' lang='lat' dir='ltr'>talis</span> <span class='ocrx_word' id='word_1_873' title='bbox 1526 3067 1546 3091; x_wconf 85' lang='lat' dir='ltr'>a</span> <span class='ocrx_word' id='word_1_874' title='bbox 1565 3057 1700 3092; x_wconf 88' lang='lat' dir='ltr'>sanctis</span> <span class='ocrx_word' id='word_1_875' title='bbox 1715 3055 2010 3102; x_wconf 79' lang='lat' dir='ltr'>praedicatoribus</span> <span class='ocrx_word' id='word_1_876' title='bbox 2026 3065 2158 3102; x_wconf 84' lang='lat' dir='ltr'>purum</span> <span class='ocrx_word' id='word_1_877' title='bbox 2174 3053 2473 3102; x_wconf 76' lang='lat' dir='ltr'>dogmaprimitu</span> 
     </span>
     <span class='ocr_line' id='line_1_138' title="bbox 1427 3113 2458 3164; baseline -0.003 -10"><span class='ocrx_word' id='word_1_878' title='bbox 1427 3118 1646 3164; x_wconf 87' lang='lat' dir='ltr'>acceperint,</span> <span class='ocrx_word' id='word_1_879' title='bbox 1669 3118 1737 3163; x_wconf 86' lang='lat' dir='ltr'>ipsi</span> <span class='ocrx_word' id='word_1_880' title='bbox 1758 3122 1875 3154; x_wconf 88' lang='lat' dir='ltr'>tamen</span> <span class='ocrx_word' id='word_1_881' title='bbox 1891 3116 2079 3153; x_wconf 85' lang='lat' dir='ltr'>erroribus</span> <span class='ocrx_word' id='word_1_882' title='bbox 2102 3116 2176 3157; x_wconf 86' lang='lat' dir='ltr'>suis</span> <span class='ocrx_word' id='word_1_883' title='bbox 2193 3115 2281 3154; x_wconf 92' lang='lat' dir='ltr'>illud</span> <span class='ocrx_word' id='word_1_884' title='bbox 2296 3113 2500 3161; x_wconf 70' lang='lat' dir='ltr'>maculer</span> 
     </span>
     <span class='ocr_line' id='line_1_139' title="bbox 1427 3175 2499 3224; baseline -0.002 -10"><span class='ocrx_word' id='word_1_885' title='bbox 1427 3189 1499 3215; x_wconf 90' lang='lat' dir='ltr'>non</span> <span class='ocrx_word' id='word_1_886' title='bbox 1518 3178 1834 3224; x_wconf 87' lang='lat' dir='ltr'>pertimescebant,</span> <span class='ocrx_word' id='word_1_887' title='bbox 1857 3182 1894 3218; x_wconf 89' lang='lat' dir='ltr'>et</span> <span class='ocrx_word' id='word_1_888' title='bbox 1915 3178 1995 3219; x_wconf 88' lang='lat' dir='ltr'>ideo</span> <span class='ocrx_word' id='word_1_889' title='bbox 2015 3177 2181 3218; x_wconf 85' lang='lat' dir='ltr'>doctrina</span> <span class='ocrx_word' id='word_1_890' title='bbox 2196 3186 2324 3218; x_wconf 83' lang='lat' dir='ltr'>eorum</span> <span class='ocrx_word' id='word_1_891' title='bbox 2342 3181 2421 3219; x_wconf 73' lang='lat' dir='ltr'>mla</span> <span class='ocrx_word' id='word_1_892' title='bbox 2441 3175 2499 3217; x_wconf 77' lang='lat' dir='ltr'>in</span> 
     </span>
     <span class='ocr_line' id='line_1_140' title="bbox 1427 3227 2494 3281; baseline 0 -9"><span class='ocrx_word' id='word_1_893' title='bbox 1427 3237 1521 3273; x_wconf 80' lang='lat' dir='ltr'>fellis</span> <span class='ocrx_word' id='word_1_894' title='bbox 1540 3243 1576 3275; x_wconf 88' lang='lat' dir='ltr'>ct</span> <span class='ocrx_word' id='word_1_895' title='bbox 1596 3237 1767 3273; x_wconf 87' lang='lat' dir='ltr'>absinthii</span> <span class='ocrx_word' id='word_1_896' title='bbox 1788 3236 2068 3275; x_wconf 76' lang='lat' dir='ltr'>amaritudinem</span> <span class='ocrx_word' id='word_1_897' title='bbox 2098 3245 2272 3274; x_wconf 71' lang='lat' dir='ltr'>conversa</span> <span class='ocrx_word' id='word_1_898' title='bbox 2282 3240 2354 3277; x_wconf 60' lang='lat' dir='ltr'>nst.</span> <span class='ocrx_word' id='word_1_899' title='bbox 2380 3247 2393 3268; x_wconf 83' lang='lat'><strong>‹</strong></span> <span class='ocrx_word' id='word_1_900' title='bbox 2413 3227 2494 3281; x_wconf 68' lang='lat' dir='ltr'>Fet,</span> 
     </span>
     <span class='ocr_line' id='line_1_141' title="bbox 1428 3284 2504 3341; baseline -0.002 -8"><span class='ocrx_word' id='word_1_901' title='bbox 1428 3296 1626 3333; x_wconf 85' lang='lat' dir='ltr'>draconum</span> <span class='ocrx_word' id='word_1_902' title='bbox 1642 3296 1766 3331; x_wconf 86' lang='lat' dir='ltr'>vinum</span> <span class='ocrx_word' id='word_1_903' title='bbox 1784 3305 1924 3339; x_wconf 89' lang='lat' dir='ltr'>eorum,</span> <span class='ocrx_word' id='word_1_904' title='bbox 1940 3301 1977 3331; x_wconf 87' lang='lat' dir='ltr'>et</span> <span class='ocrx_word' id='word_1_905' title='bbox 1998 3305 2176 3333; x_wconf 85' lang='lat' dir='ltr'>venenum</span> <span class='ocrx_word' id='word_1_906' title='bbox 2197 3295 2362 3341; x_wconf 75' lang='lat' dir='ltr'>aspidum</span> <span class='ocrx_word' id='word_1_907' title='bbox 2381 3295 2480 3333; x_wconf 87' lang='lat' dir='ltr'>insa·</span> <span class='ocrx_word' id='word_1_908' title='bbox 2498 3284 2504 3312; x_wconf 58' lang='lat'>³</span> 
     </span>
     <span class='ocr_line' id='line_1_142' title="bbox 1427 3343 2490 3405; baseline -0.002 -15"><span class='ocrx_word' id='word_1_909' title='bbox 1427 3355 1559 3393; x_wconf 89' lang='lat' dir='ltr'>nabile.</span> <span class='ocrx_word' id='word_1_910' title='bbox 1585 3367 1597 3390; x_wconf 72' lang='grc' dir='ltr'><strong><em>ι</em></strong></span> <span class='ocrx_word' id='word_1_911' title='bbox 1622 3354 1755 3400; x_wconf 84' lang='lat' dir='ltr'>Aperte</span> <span class='ocrx_word' id='word_1_912' title='bbox 1773 3353 1979 3390; x_wconf 74' lang='lat' dir='ltr'>Iudaeorum</span> <span class='ocrx_word' id='word_1_913' title='bbox 1999 3353 2150 3400; x_wconf 86' lang='lat' dir='ltr'>perfidia</span> <span class='ocrx_word' id='word_1_914' title='bbox 2168 3360 2204 3393; x_wconf 88' lang='lat' dir='ltr'>et</span> <span class='ocrx_word' id='word_1_915' title='bbox 2223 3355 2440 3394; x_wconf 79' lang='lat' dir='ltr'>haereticorn</span> <span class='ocrx_word' id='word_1_916' title='bbox 2462 3343 2490 3405; x_wconf 69' lang='grc' dir='ltr'>ι </span> 
     </span>
     <span class='ocr_line' id='line_1_143' title="bbox 1427 3412 2483 3465; baseline -0.002 -12"><span class='ocrx_word' id='word_1_917' title='bbox 1427 3415 1586 3453; x_wconf 75' lang='lat' dir='ltr'>versutia</span> <span class='ocrx_word' id='word_1_918' title='bbox 1603 3415 1799 3453; x_wconf 83' lang='lat' dir='ltr'>draconum</span> <span class='ocrx_word' id='word_1_919' title='bbox 1818 3412 1892 3450; x_wconf 88' lang='lat' dir='ltr'>felli</span> <span class='ocrx_word' id='word_1_920' title='bbox 1911 3418 1948 3449; x_wconf 89' lang='lat' dir='ltr'>et</span> <span class='ocrx_word' id='word_1_921' title='bbox 1979 3414 2145 3462; x_wconf 85' lang='lat' dir='ltr'>aspidum</span> <span class='ocrx_word' id='word_1_922' title='bbox 2171 3424 2310 3458; x_wconf 85' lang='lat' dir='ltr'>veneno</span> <span class='ocrx_word' id='word_1_923' title='bbox 2331 3425 2460 3465; x_wconf 79' lang='lat' dir='ltr'>compa</span> <span class='ocrx_word' id='word_1_924' title='bbox 2482 3419 2483 3422; x_wconf 78' lang='grc'>’</span> 
     </span>
     <span class='ocr_line' id='line_1_144' title="bbox 1427 3474 2451 3525; baseline 0.001 -12"><span class='ocrx_word' id='word_1_925' title='bbox 1427 3481 1568 3520; x_wconf 86' lang='lat' dir='ltr'>rantur,</span> <span class='ocrx_word' id='word_1_926' title='bbox 1593 3474 1678 3523; x_wconf 87' lang='lat' dir='ltr'>quia</span> <span class='ocrx_word' id='word_1_927' title='bbox 1697 3474 1791 3511; x_wconf 85' lang='lat' dir='ltr'>sieut</span> <span class='ocrx_word' id='word_1_928' title='bbox 1811 3478 1996 3525; x_wconf 85' lang='lat' dir='ltr'>serpentes</span> <span class='ocrx_word' id='word_1_929' title='bbox 2014 3474 2292 3514; x_wconf 86' lang='lat' dir='ltr'>amaritudinem</span> <span class='ocrx_word' id='word_1_930' title='bbox 2315 3481 2353 3511; x_wconf 88' lang='lat' dir='ltr'>et</span> <span class='ocrx_word' id='word_1_931' title='bbox 2367 3485 2405 3514; x_wconf 77' lang='lat' dir='ltr'>v·</span> <span class='ocrx_word' id='word_1_932' title='bbox 2426 3489 2451 3518; x_wconf 72' lang='grc'>,-</span> 
     </span>
     <span class='ocr_line' id='line_1_145' title="bbox 1431 3533 2474 3591; baseline -0.002 -17"><span class='ocrx_word' id='word_1_933' title='bbox 1431 3535 1569 3574; x_wconf 85' lang='lat' dir='ltr'>numin</span> <span class='ocrx_word' id='word_1_934' title='bbox 1598 3545 1637 3572; x_wconf 89' lang='lat' dir='ltr'>se</span> <span class='ocrx_word' id='word_1_935' title='bbox 1653 3533 1853 3578; x_wconf 89' lang='lat' dir='ltr'>occultant,</span> <span class='ocrx_word' id='word_1_936' title='bbox 1879 3539 2055 3580; x_wconf 88' lang='lat' dir='ltr'>quatenus</span> <span class='ocrx_word' id='word_1_937' title='bbox 2084 3535 2248 3576; x_wconf 87' lang='lat' dir='ltr'>incautos</span> <span class='ocrx_word' id='word_1_938' title='bbox 2284 3534 2474 3591; x_wconf 63' lang='grc' dir='ltr'>ἰωρωνὶ’</span> 
     </span>
     <span class='ocr_line' id='line_1_146' title="bbox 1429 3592 2473 3640; baseline -0.006 -5"><span class='ocrx_word' id='word_1_939' title='bbox 1429 3597 1572 3640; x_wconf 67' lang='lat' dir='ltr'>laedant,</span> <span class='ocrx_word' id='word_1_940' title='bbox 1594 3596 1647 3632; x_wconf 84' lang='lat' dir='ltr'>sie</span> <span class='ocrx_word' id='word_1_941' title='bbox 1663 3599 1699 3632; x_wconf 86' lang='lat' dir='ltr'>et</span> <span class='ocrx_word' id='word_1_942' title='bbox 1711 3593 1824 3637; x_wconf 76' lang='lat' dir='ltr'>Judaei</span> <span class='ocrx_word' id='word_1_943' title='bbox 1839 3598 1876 3630; x_wconf 90' lang='lat' dir='ltr'>et</span> <span class='ocrx_word' id='word_1_944' title='bbox 1897 3594 2058 3632; x_wconf 86' lang='lat' dir='ltr'>haeretici</span> <span class='ocrx_word' id='word_1_945' title='bbox 2076 3592 2252 3640; x_wconf 74' lang='lat' dir='ltr'>malitiam</span> <span class='ocrx_word' id='word_1_946' title='bbox 2273 3597 2376 3639; x_wconf 74' lang='lat' dir='ltr'>snam</span> <span class='ocrx_word' id='word_1_947' title='bbox 2395 3594 2473 3636; x_wconf 56' lang='lat' dir='ltr'>dol»,</span> 
     </span>
     <span class='ocr_line' id='line_1_147' title="bbox 1430 3652 2469 3710; baseline -0.002 -16"><span class='ocrx_word' id='word_1_948' title='bbox 1430 3663 1467 3695; x_wconf 87' lang='lat' dir='ltr'>et</span> <span class='ocrx_word' id='word_1_949' title='bbox 1491 3655 1676 3693; x_wconf 84' lang='lat' dir='ltr'>fraudibus</span> <span class='ocrx_word' id='word_1_950' title='bbox 1692 3653 1831 3698; x_wconf 80' lang='lat' dir='ltr'>velant,</span> <span class='ocrx_word' id='word_1_951' title='bbox 1849 3659 2029 3700; x_wconf 87' lang='lat' dir='ltr'>quatenus</span> <span class='ocrx_word' id='word_1_952' title='bbox 2051 3654 2312 3710; x_wconf 70' lang='lat' dir='ltr'>imprudentes,</span> <span class='ocrx_word' id='word_1_953' title='bbox 2335 3652 2469 3708; x_wconf 77' lang='lat' dir='ltr'>faciliu-</span> 
     </span>
     <span class='ocr_line' id='line_1_148' title="bbox 1429 3707 2443 3766; baseline -0.004 -12"><span class='ocrx_word' id='word_1_954' title='bbox 1429 3715 1672 3761; x_wconf 77' lang='lat' dir='ltr'>exstinguant.</span> <span class='ocrx_word' id='word_1_955' title='bbox 1681 3713 1779 3751; x_wconf 85' lang='lat' dir='ltr'>Bene</span> <span class='ocrx_word' id='word_1_956' title='bbox 1791 3723 1876 3760; x_wconf 82' lang='lat' dir='ltr'>ergo</span> <span class='ocrx_word' id='word_1_957' title='bbox 1896 3714 2029 3751; x_wconf 86' lang='lat' dir='ltr'>dieitur</span> <span class='ocrx_word' id='word_1_958' title='bbox 2045 3717 2224 3751; x_wconf 60' lang='lat' dir='ltr'>venenum</span> <span class='ocrx_word' id='word_1_959' title='bbox 2240 3707 2404 3766; x_wconf 63' lang='lat' dir='ltr'>aspidum</span> <span class='ocrx_word' id='word_1_960' title='bbox 2418 3707 2443 3750; x_wconf 58' lang='lat' dir='ltr'>i*</span> 
     </span>
     <span class='ocr_line' id='line_1_149' title="bbox 1428 3766 2461 3835; baseline -0.015 -17"><span class='ocrx_word' id='word_1_961' title='bbox 1428 3775 1601 3822; x_wconf 80' lang='lat' dir='ltr'>sanabile,</span> <span class='ocrx_word' id='word_1_962' title='bbox 1637 3774 1721 3823; x_wconf 79' lang='lat' dir='ltr'>quia</span> <span class='ocrx_word' id='word_1_963' title='bbox 1740 3773 1999 3826; x_wconf 29' lang='lat' dir='ltr'>,haereticorum</span> <span class='ocrx_word' id='word_1_964' title='bbox 2023 3774 2144 3822; x_wconf 57' lang='lat' dir='ltr'>&#39;mon</span> <span class='ocrx_word' id='word_1_965' title='bbox 2159 3777 2162 3780; x_wconf 55' lang='lat'><em>⁴</em></span> <span class='ocrx_word' id='word_1_966' title='bbox 2177 3766 2420 3835; x_wconf 59' lang='lat' dir='ltr'>quaeeungu&#39;e&#39;ss</span> <span class='ocrx_word' id='word_1_967' title='bbox 2436 3793 2461 3829; x_wconf 41' lang='lat'>4,</span> 
     </span>
    </p>

    <p class='ocr_par' dir='ltr' id='par_1_13' title="bbox 2012 3830 2445 3851">
     <span class='ocr_line' id='line_1_150' title="bbox 2012 3830 2445 3851; baseline -0.012 -4"><span class='ocrx_word' id='word_1_968' title='bbox 2012 3842 2015 3843; x_wconf 21' lang='grc' dir='ltr'><em>ν</em></span> <span class='ocrx_word' id='word_1_969' title='bbox 2048 3845 2050 3847; x_wconf 95' lang='grc'>.</span> <span class='ocrx_word' id='word_1_970' title='bbox 2080 3830 2084 3846; x_wconf 72' lang='lat'><strong><em>1</em></strong></span> <span class='ocrx_word' id='word_1_971' title='bbox 2238 3848 2242 3851; x_wconf 37' lang='lat'>¹</span> <span class='ocrx_word' id='word_1_972' title='bbox 2330 3838 2357 3846; x_wconf 71' lang='grc'>,,,</span> <span class='ocrx_word' id='word_1_973' title='bbox 2374 3831 2402 3845; x_wconf 59' lang='grc' dir='ltr'>ι.</span> <span class='ocrx_word' id='word_1_974' title='bbox 2439 3832 2445 3835; x_wconf 52' lang='lat'><em>⁴</em></span> 
     </span>
    </p>
   </div>
  </div>
 </body>
</html>
