2540 4016
67 269 69 273 λ
561 218 828 279 mannum
852 223 1007 263 suren
1029 226 1441 274 neurunonoumu.
1467 225 1516 266 ’-
1533 237 1621 277 ιιΒ.
1645 240 1686 278 u.

87 310 115 326 Η.
149 295 228 337 est,
252 300 334 339 quae
360 290 499 329 habiles
519 294 667 331 suntad
687 297 850 335 scientiae
870 302 1033 347 germina
1053 308 1091 340 et
1107 307 1143 347 A
1158 306 1390 356 Evangelium
1407 312 1523 357 dieat,
1545 325 1559 348 ‹
1577 315 1672 360 quod
1691 321 1775 354 ante
1793 318 1890 358 diem
1906 321 2036 363 festum
2052 335 2196 377 pascha,

8 345 12 349 ’
71 360 87 387 ς,
100 353 274 391 virtutum
301 351 443 390 fruetus
467 353 726 401 proferendos,
756 368 803 395 ne
829 359 924 397 forte
947 371 1014 407 per
1031 365 1089 399 in-

0 406 14 454 ‚¹
61 420 66 422 ·
91 413 213 451 telam
243 412 372 459 judicii
404 413 558 450 nimium
593 414 783 462 laedantur,
820 419 871 455 ita
904 426 946 457 ut
975 421 1090 459 futuri

0 468 3 475 “
52 459 208 512 *minis
238 483 327 510 usus
356 474 502 519 penitus
533 475 578 512 ab
617 476 670 513 eis
701 478 948 517 abscindatur.
986 482 1088 519 Unde

67 550 83 579 ‚¹
100 534 230 571 stolus
248 533 447 571 admonens
467 545 533 572 nos
553 535 701 574 instruit
720 538 845 576 dicens
863 553 873 577 :
889 553 900 574 ι
916 541 1063 580 Fratres
1075 570 1086 588 ‚

0 620 7 655 ἱ
58 593 102 632 tsi
127 598 324 641 occupatus
351 592 463 630 suerit
488 596 596 632 homo
625 597 663 633 in
693 597 811 644 aliquo
837 600 985 646 delicto,
1007 612 1086 648 vos,

0 692 12 719 ll

0 755 20 779 V

8 683 12 690 .
56 653 131 701 oqui
151 653 332 700 spiritales
352 654 442 690 estis
456 682 466 699 ,
486 656 658 694 instruite
677 659 883 706 hujusmodi
901 662 939 698 in
959 664 1088 709 spiritu

55 714 228 752 llenitatis
249 726 258 750 z
281 715 517 753 considerans
539 718 695 764 teipsum
708 747 718 764 ,
739 731 784 757 ne
803 727 840 757 et
860 727 899 758 tu
920 725 1085 760 tenteris.

58 773 171 811 tAlter
196 774 347 811 alterius
375 786 488 812 onera
514 784 684 824 portate:
707 786 743 817 et
769 782 822 818 sic
848 783 1088 829 adimplebitis

57 835 183 884 flegem
199 835 334 874 Christi
356 837 369 885 (
386 838 467 874 Gal.
486 850 520 876 v1
537 841 565 887 ).
586 854 598 875 ›
617 842 685 885 Qui
704 847 825 879 autem
844 849 1003 890 agrestes
1020 844 1087 879 ha-

4 892 19 910 ”
54 900 94 932 t
122 906 251 934 sensus
284 903 320 934 et
348 909 468 936 mores
502 901 728 939 inordinatos
762 909 871 949 atque
901 905 1087 950 incompo-

0 1059 22 1083 Π.

0 1121 19 1146 n

86 967 138 1000 as,
160 958 211 994 ita
230 964 271 994 ut
290 959 377 995 nulli
397 961 477 996 usui
498 962 673 998 virtutum
695 964 931 1007 conveniant,
954 965 998 1000 ab
1018 966 1086 1002 hac

5 1003 10 1030 ²
46 1019 231 1055 tentione
260 1031 372 1065 prava
401 1027 438 1057 et
468 1023 585 1059 studio
614 1023 770 1060 nefando
798 1025 901 1061 evelli
931 1026 1083 1071 debent,

47 1081 50 1084 ’
70 1090 138 1126 que
159 1080 196 1116 in
216 1081 402 1117 meliorem
423 1093 528 1119 usum
551 1085 724 1121 converti.
747 1086 850 1123 Unde
869 1088 965 1124 idem
991 1089 1086 1136 Apo-

72 1139 145 1175 ·lus
164 1141 340 1186 quosdam
359 1148 554 1187 peccantes
572 1142 673 1188 jubet
694 1146 786 1181 tradi
807 1146 951 1184 Satanae
972 1148 1008 1183 in
1030 1150 1086 1185 in-

2125 257 2195 296 9¹4

1161 378 1175 401 ‹
1193 368 1313 406 sciens
1331 369 1436 408 lesus
1453 373 1537 418 quia
1557 374 1656 410 venit
1682 375 1772 412 hora
1797 378 1876 423 ejus
1901 387 1943 417 ut
1972 388 2131 425 transeat
2153 403 2199 430 ex

1160 437 1175 461 c
1193 426 1262 464 hoe
1289 431 1423 467 mundo
1451 433 1497 468 ad
1520 433 1687 478 Patrem,
1715 445 1797 472 eum
1825 439 2010 478 dilexisset
2034 454 2118 482 suos
2141 452 2204 494 qui

1160 498 1175 521 «
1194 492 1298 524 erant
1326 488 1363 524 in
1394 491 1550 536 mundo,
1581 494 1619 530 in
1647 494 1756 532 finem
1787 497 1912 535 dilexit
1941 511 2016 538 eos.
2037 503 2084 540 Et
2102 516 2204 546 coena

1160 557 1174 580 ‹
1193 545 1304 591 facta,
1319 557 1402 584 cum
1415 548 1578 587 diabolus
1587 552 1664 598 iam
1675 555 1834 593 misisset
1849 557 1887 593 in
1904 569 1982 604 eor,
1994 566 2035 597 ut
2049 565 2206 604 traderet

1160 618 1174 640 ι
1191 616 1275 643 eum
1298 606 1410 644 sudas
1437 608 1595 648 Simonis
1620 613 1801 652 Iscariotae
1832 617 1967 666 (Joan.
1987 632 2053 658 xm
2068 622 2081 671 )
2095 650 2104 667 ,
2125 637 2138 659 ι
2171 632 2207 663 et

1155 673 1288 706 eaetera
1305 680 1314 713 ;
1336 670 1400 706 sed
1417 673 1514 717 quod
1534 679 1664 711 natura
1693 676 1886 716 invisibilis
1913 681 2101 720 hominum
2122 694 2206 723 con-

1154 730 1336 776 spectibus
1363 742 1436 768 non
1470 742 1661 780 appareat,
1693 739 1848 784 majores
1882 748 1968 779 natu
2001 749 2038 780 et
2067 744 2208 790 judices

1154 791 1278 836 egredi
1295 791 1481 841 jubentur,
1503 802 1544 832 ut
1561 798 1758 836 metiantur
1782 813 1802 838 3
1827 802 1907 840 loco
1933 805 2120 843 cadaveris
2138 809 2209 845 sin-

1155 851 1316 897 gularum
1342 863 1409 899 per
1432 856 1621 894 circuitum
1650 862 1765 906 spatia
1793 863 2000 911 civitatum,
2030 873 2208 913 quatenus

1155 912 1344 956 explorent
1378 925 1458 960 quae
1489 918 1532 954 de
1562 919 1633 956 illis
1653 947 1661 955 .
1680 947 1690 956 .
1711 949 1721 965 ,
1743 931 1760 948 ⁸
1781 923 1828 958 sit
1858 925 1992 962 occisio
2024 928 2203 964 cadaveri.

1156 970 1258 1006 Unde
1287 976 1438 1018 apostoli
1468 982 1504 1012 et
1532 978 1698 1016 doctores
1728 984 1865 1026 sancti,
1897 986 1957 1030 qui
1983 986 2018 1021 in
2043 987 2205 1033 judicum

1155 1030 1301 1066 nomine
1333 1039 1368 1068 et
1398 1035 1575 1080 maj0rnm
1608 1044 1695 1074 natu
1730 1040 1983 1088 designantur,
2018 1057 2204 1085 sacrarum

1157 1089 1429 1136 Scripturarum
1459 1098 1691 1135 attestatione
1718 1110 1957 1147 perceperunt
1984 1108 2078 1151 quod
2109 1109 2207 1146 nulla

1156 1159 1244 1195 gens
1258 1178 1266 1194 ‚
1288 1153 1385 1188 nulla
1412 1155 1511 1191 natio
1533 1157 1586 1192 sic
1607 1167 1772 1206 prompta
1790 1172 1832 1198 ae
1850 1163 1902 1199 sie
1920 1175 2030 1209 prona
2048 1166 2115 1203 fuit
2141 1179 2208 1205 un-

0 1182 21 1208 ³
64 1214 69 1229 ι
86 1198 175 1234 'tum
194 1200 329 1244 carnis,
350 1205 391 1237 ut
409 1202 558 1247 spiritus
577 1203 697 1240 salvus
717 1206 763 1241 sit
783 1206 819 1241 in
838 1206 895 1242 die
915 1208 1083 1253 Domini,
1105 1200 1137 1240 Β
1156 1220 1264 1256 quam
1295 1212 1339 1247 ad
1369 1215 1503 1250 eaedem
1532 1216 1778 1256 innocentium
1810 1223 2068 1262 conficiendam
2098 1238 2207 1273 quam

5 1248 17 1266 ³¹
67 1268 99 1295 ,e
117 1269 200 1295 cum
219 1260 426 1306 hujusmodi
446 1263 567 1299 eibum
588 1275 750 1308 sumere,
771 1277 889 1313 neque
910 1269 946 1304 in
966 1270 1085 1317 aliquo

0 1307 10 1342 t>

47 1333 52 1344 ὁ
71 1320 310 1366 mmunicare,
327 1326 367 1358 ut
388 1322 528 1359 confusi
548 1325 800 1370 poenitentiam
820 1334 941 1374 agant.

400 1395 551 1432 CAPUT
578 1397 704 1434 XXIV.

189 1439 242 1476 De
266 1441 433 1477 cadavere
460 1443 610 1479 hominis
636 1446 740 1480 occisi
763 1447 914 1484 invento.

63 1498 185 1548 «Car.
207 1501 349 1549 xx1.)‹
371 1502 520 1547 Quando
554 1505 664 1542 suerit
696 1507 881 1546 inventum
916 1510 951 1546 in
987 1517 1083 1550 terra

16 1559 17 1565 ’
49 1569 168 1607 (quam
197 1561 371 1598 Dominus
401 1563 496 1600 Deus
528 1571 610 1602 tuus
639 1568 788 1606 daturus
819 1575 872 1607 est
901 1572 986 1616 tibi,
1019 1574 1083 1610 ho-

11 1620 18 1637 '·
52 1619 169 1655 aminis
201 1621 358 1657 cadaver
392 1623 530 1667 occisi,
559 1631 596 1661 et
624 1627 812 1673 ignoratur
840 1632 948 1669 caedis
975 1644 1080 1678 reus,

51 1683 294 1729 egredientur
323 1684 479 1730 maj0res
506 1693 594 1723 natu
625 1694 661 1725 et
685 1691 827 1736 judiees
852 1695 927 1738 tui,
947 1701 981 1731 et
1006 1706 1081 1732 me-

17 1748 18 1758 *
54 1742 197 1778 ttientur
227 1753 248 1779 a
278 1744 360 1780 loco
393 1747 601 1792 cadaveris,
626 1750 847 1797 singularum
866 1765 931 1800 per
950 1756 1081 1792 circui-

18 1814 22 1821 ·
54 1807 138 1838 itum
158 1804 276 1850 spatia
295 1805 482 1843 civitatum
496 1835 506 1851 ,
527 1814 564 1845 et
583 1820 690 1855 quam
709 1813 920 1850 viciniorem
939 1817 1080 1854 caeteris

50 1873 140 1901 ··3sse
169 1869 444 1913 prospexerint,
467 1871 630 1907 seniores
658 1873 816 1911 civitatis
846 1876 922 1922 ejus
955 1878 1079 1915 tollent

51 1922 208 1959 vritulam
239 1926 283 1961 de
310 1934 475 1964 armento
505 1939 584 1974 quae
614 1941 685 1967 non
723 1934 833 1969 traxit
855 1934 982 1982 jugum
1012 1947 1080 1973 nec

18 1998 21 2005 ¹
51 1987 194 2019 tterram
215 1986 352 2022 excidit
371 1998 539 2032 vomere,
560 1995 597 2026 et
616 1991 746 2028 ducent
766 2004 846 2029 eam
874 1997 919 2032 ad
948 1998 1078 2034 vallem

50 2053 224 2081 ssaxosam
245 2051 352 2093 atque
372 2058 536 2094 asperam
550 2077 560 2094 ,
580 2061 659 2097 quae
677 2063 861 2100 nunquam
881 2063 981 2093 arata
1001 2065 1074 2102 est,

51 2114 126 2141 ‹nee
155 2113 355 2143 sementem
386 2110 524 2156 recepit
544 2123 552 2146 :
574 2117 611 2147 et
630 2113 769 2149 caedent
787 2115 823 2150 in
843 2125 886 2151 ca
914 2119 1076 2156 eervices

48 2165 177 2202 witulae
197 2179 205 2202 z
237 2168 482 2215 accedentque
514 2173 720 2210 sacerdotes
751 2174 814 2211 filii
847 2176 951 2221 Levi,
986 2189 1075 2225 quos

66 2225 162 2272 degit
184 2227 359 2265 Dominus
380 2229 476 2267 Deus
498 2236 578 2268 tuus
595 2239 634 2269 ut
652 2234 861 2273 ministrent
880 2239 936 2282 ei,
959 2245 995 2275 et
1015 2241 1077 2277 be-

0 2294 12 2316 ¹:
46 2285 226 2322 edicant
245 2287 282 2322 in
308 2289 455 2326 nomine
479 2290 579 2335 ejus,
611 2298 647 2329 et
677 2293 721 2330 ad
751 2297 900 2334 verbum
927 2309 1076 2345 eorum,

20 2366 22 2368 -
47 2356 164 2383 onmne
195 2350 402 2395 negotium,
437 2357 472 2388 et
501 2354 675 2400 quidquid
703 2356 928 2396 immundum
947 2367 1003 2397 est
1019 2363 1077 2398 vel

10 2417 25 2433 <⁷
47 2409 250 2454 anundum,
281 2411 479 2456 judicetur.
514 2415 559 2451 Et
589 2418 734 2453 venient
764 2430 890 2458 omnes
920 2424 1077 2469 majores

11 2478 24 2495 n
51 2473 147 2504 matu
174 2470 334 2507 civitatis
361 2472 460 2510 illius
488 2474 533 2510 ad
563 2475 813 2523 intersectum,
835 2481 1076 2533 lavabuntque

46 2537 186 2566 unanus
205 2540 290 2567 suas
310 2542 419 2578 super
435 2534 587 2571 vitulam
615 2547 694 2582 qnae
721 2539 757 2573 in
784 2541 875 2576 valle
902 2552 1075 2587 percussa

16 2602 17 2608 ¹
57 2593 133 2632 est,
155 2594 192 2625 et
211 2590 332 2627 dicent
350 2604 358 2627 :
380 2592 505 2630 Manus
520 2600 654 2631 nostrae
671 2607 741 2633 non
761 2598 961 2638 effoderunt
981 2603 1076 2641 hunc

0 2651 15 2685 [ι’

4 2710 18 2746 j.

0 2895 4 2902 ι

0 2907 14 2931 1r

63 2650 269 2695 zanguinem
283 2677 293 2693 ,
314 2661 382 2687 nee
400 2653 495 2688 oculi
516 2654 698 2692 viderunt.
715 2657 899 2705 Propitius
917 2668 994 2700 esto
1013 2674 1076 2710 po-

53 2727 57 2732 ·
79 2708 138 2744 ulo
159 2714 219 2744 tuo
239 2710 350 2745 lsrael
370 2722 476 2757 quem
498 2714 705 2759 redemisti,
735 2717 886 2756 Domine
900 2748 909 2764 ,
939 2727 976 2758 et
1003 2733 1075 2759 non

46 2775 201 2816 reputes
231 2771 444 2817 sanguinem
475 2773 702 2813 innocentem
736 2778 772 2814 in
806 2782 924 2818 medio
953 2785 1074 2831 populi

59 2830 108 2866 tui
128 2831 257 2876 Israel,
281 2838 316 2868 et
338 2834 523 2871 auferetur
542 2837 587 2873 ab
606 2839 659 2875 eis
680 2846 802 2878 reatus
831 2845 1031 2890 sanguinis,
1057 2860 1070 2882 ›

89 2897 232 2929 caetera.
266 2893 343 2931 Hoc
378 2896 596 2943 capitulum,
630 2900 660 2935 si
693 2903 888 2939 secundum
916 2905 1074 2943 litteram

12 2957 16 2964 ’
61 2952 240 3001 ρρίοἰεηυΓ,
269 2955 378 2992 vilem
412 2957 523 2994 habet
552 2970 720 3006 sensum;
752 2964 782 3000 si
810 2972 929 3003 autem
947 2978 1074 3006 secun-

0 3030 19 3055 ι
76 3030 93 3047 ι·
122 3018 322 3064 spiritalem
349 3021 592 3069 intellectum,
615 3037 783 3074 magnum
811 3029 920 3067 habet
948 3042 1072 3070 sacra·⁸

11 3096 13 3109 .
76 3081 203 3115 ntum:
226 3092 238 3113 ‹
257 3080 423 3126 Quando,
442 3083 573 3130 inquit,
584 3086 770 3125 inventum
789 3089 900 3127 suerit
918 3092 956 3128 in
976 3098 1073 3131 terra

12 3162 17 3173 ,
69 3153 77 3169 »-
98 3154 103 3171 ι
144 3140 320 3180 Dominus
337 3143 434 3182 Deus
454 3151 539 3183 tuus
559 3148 712 3186 daturus
740 3158 797 3188 est
825 3153 889 3189 tibi
916 3154 1074 3193 hominis

57 3214 75 3232 ··
93 3210 170 3238 ·ver
185 3203 319 3249 occisi,
337 3210 375 3242 et
391 3205 579 3254 ignoratur
595 3211 704 3248 caedis
722 3222 818 3249 reus.
835 3226 848 3248 ›
866 3213 1072 3252 Notandum

90 3276 95 3292 ι
122 3264 219 3310 quod
238 3264 300 3301 alii
318 3266 417 3304 hune
435 3268 620 3308 hominem
646 3273 829 3319 occisum,
853 3275 968 3312 Adam
993 3277 1070 3323 pri-

90 3336 106 3354 ιι
131 3323 316 3362 hominem
332 3327 535 3376 intelligere
551 3332 753 3371 voluerunt.
773 3334 843 3372 Sed
862 3337 951 3373 mihi
971 3337 1072 3374 vide-

5 3402 13 3417 v:
70 3415 72 3417 .
97 3387 353 3432 congruentius
372 3397 578 3437 competere
597 3394 691 3431 hane
711 3395 863 3442 figuram
891 3397 937 3433 ad
954 3397 1070 3433 Adam

77 3443 232 3490 undum,
259 3447 329 3486 boc
354 3454 428 3495 est,
456 3451 735 3500 Redemptorem
762 3461 946 3499 nostrum,
968 3456 1070 3502 quia

10 3535 11 3541 ,
74 3517 102 3534 ι·
126 3515 148 3542 ο
164 3505 371 3546 Judaeorum
397 3511 434 3547 in
460 3517 558 3550 terra
582 3516 821 3561 possessionis
846 3521 916 3552 tuae
942 3516 1071 3553 mortis

83 3565 232 3604 tentiam
257 3571 421 3616 accepit,
446 3577 484 3608 et
511 3575 710 3612 salutarem
738 3576 909 3612 universo
927 3576 1064 3614 mundo

81 3623 165 3661 tulit
182 3635 342 3666 erucem.
362 3630 474 3679 Cujus
493 3633 602 3671 eaedis
620 3645 705 3674 reus
724 3636 924 3683 ignoratur,
943 3635 1067 3674 diabo-

14 3730 18 3741 .
63 3707 73 3729 Α.
85 3683 274 3732 videlieet,
289 3689 352 3734 qui
366 3691 582 3736 proditionis
594 3694 672 3740 eius
685 3701 813 3733 auctor
825 3701 894 3732 est.
911 3695 980 3740 Qui
995 3706 1066 3732 non

84 3760 87 3772 ι
115 3744 275 3791 ignorari
292 3746 424 3787 dieitur
442 3753 540 3799 quod
558 3755 756 3800 nesciatur,
777 3765 860 3794 cum
876 3756 1067 3795 manifeste

64 3792 100 3857 'bg
112 3802 224 3844 neest
245 3805 394 3861 aliquia.

1155 1281 1243 1316 gens
1258 1271 1483 1310 Judeaeorum
1498 1302 1506 1318 ‚
1526 1287 1606 1322 quae
1623 1289 1694 1314 non
1714 1281 1828 1316 solum
1846 1285 2101 1329 prophetarum
2114 1316 2123 1331 ‚
2143 1290 2205 1326 sed

1154 1337 1190 1368 et
1217 1333 1328 1379 ipsius
1346 1332 1487 1370 Domini
1512 1338 1724 1384 sanguinem
1749 1343 1936 1380 maculatis
1962 1348 2128 1384 manibus
2154 1348 2206 1384 su·

1154 1391 1500 1438 dissedignoseitur.
1522 1397 1623 1433 Unde
1649 1400 1694 1435 ad
1718 1403 1968 1448 complendum
1993 1410 2204 1454 mysterium

1152 1453 1246 1488 sumi
1264 1455 1454 1491 mandatur
1469 1457 1579 1493 vitula
1607 1460 1651 1495 de
1676 1469 1860 1507 armento,
1891 1477 1970 1512 quae
1995 1479 2066 1504 non
2094 1472 2204 1507 traxit

1148 1510 1274 1559 jugum
1302 1526 1369 1551 nce
1388 1522 1522 1554 terram
1538 1529 1684 1558 vomere
1701 1524 1818 1561 scidit.
1839 1526 1958 1564 Vitula
1977 1531 2108 1577 quippe
2125 1534 2203 1570 haec

1152 1572 1331 1618 significat
1356 1586 1501 1614 earnem
1528 1579 1781 1628 Redemptoris
1805 1589 1940 1631 nostri,
1969 1590 2012 1626 de
2036 1601 2202 1631 armento

1150 1636 1438 1679 patriarcharum
1472 1645 1507 1676 et
1538 1644 1795 1689 prophetarum
1830 1651 2055 1696 progenitam
2076 1680 2086 1696 ,
2121 1665 2203 1699 quae

1150 1697 1331 1741 nunquam
1357 1700 1467 1734 traxit
1486 1700 1610 1747 jugum
1635 1706 1796 1750 peccati,
1824 1718 1889 1744 nec
1914 1710 1957 1746 de
1981 1711 2076 1747 virili
2104 1714 2201 1750 coitu

1149 1754 1220 1790 ullo
1246 1758 1351 1793 modo
1378 1759 1474 1795 edita
1493 1766 1568 1806 est,
1588 1764 1650 1799 sed
1670 1766 1714 1801 de
1735 1767 1907 1814 virgineis
1928 1771 2129 1809 visceribus
2148 1774 2201 1810 se-

1149 1816 1326 1852 cundante
1354 1818 1491 1864 Spiritu
1508 1829 1653 1867 sancto,
1673 1827 1749 1862 sine
1774 1828 1844 1864 ullo
1862 1832 2001 1875 peccati
2017 1836 2199 1881 contagio,

1148 1874 1193 1909 ad
1222 1875 1499 1923 Redemptorem
1521 1883 1668 1920 humani
1696 1890 1837 1932 generis
1864 1892 1946 1927 vitre
1971 1894 2139 1932 salutaris
2164 1898 2199 1933 in

1148 1936 1321 1972 mundum
1346 1941 1535 1984 processit.
1563 1943 1647 1980 Haec
1671 1957 1813 1993 quoque
1835 1961 1900 1996 pcr
1924 1954 2088 1991 seniores
2112 1957 2201 1993 eivi-

1149 1996 1232 2032 tatis
1244 2025 1252 2040 ‚
1272 1998 1340 2035 hoc
1361 2006 1414 2036 est
1430 2012 1494 2047 per
1513 2005 1696 2049 apostolos
1712 2015 1747 2043 et
1765 2012 1983 2055 apostolicos
1999 2015 2116 2058 viros,
2134 2026 2200 2062 pro

1147 2057 1351 2102 expiatione
1380 2067 1586 2100 nostrorum
1614 2075 1846 2112 peecatorum
1873 2074 2045 2111 crucifixa
2074 2078 2204 2122 praedi-

1146 2122 1261 2153 catur.
1286 2130 1297 2152 ‹
1318 2119 1363 2155 Et
1392 2122 1542 2167 ducent,
1570 2125 1707 2171 inquit,-
1725 2128 1762 2164 in
1782 2131 1912 2167 vallem
1938 2143 2016 2170 eam
2036 2145 2201 2182 asperam

1145 2182 1253 2222 atque
1280 2188 1469 2226 saxosam,
1498 2194 1579 2230 quse
1601 2197 1786 2233 nunquam
1813 2198 1914 2228 arata
1939 2200 2013 2239 cst,
2049 2206 2116 2233 nec
2144 2209 2200 2235 se-

1144 2243 1300 2273 mentem
1325 2242 1482 2286 recepit,
1510 2249 1545 2279 et
1569 2247 1706 2283 caedent
1730 2250 1766 2285 in
1789 2261 1831 2286 ea
1849 2254 2009 2290 eervices
2026 2257 2157 2293 vitulae.
2181 2273 2195 2293 ι

1145 2296 1230 2340 Quae
1252 2304 1306 2334 est
1328 2310 1414 2346 ergo
1437 2303 1540 2340 vallis
1565 2306 1633 2342 ista
1657 2319 1785 2354 aspera
1813 2318 1921 2358 atque
1950 2325 2101 2358 saxosa,
2125 2318 2196 2354 nisi

1144 2358 1341 2395 Jerusalem
1370 2365 1573 2409 terrestris,
1596 2378 1702 2412 quam
1731 2370 1841 2407 lsaias
1861 2375 2035 2420 propheta
2066 2377 2195 2415 vallem

1145 2420 1294 2456 visionis
1323 2426 1573 2469 nuncupavit?
1603 2427 1675 2464 Sed
1706 2430 1781 2466 haec
1810 2432 1910 2468 vallis
1936 2444 2062 2480 aspera
2087 2443 2195 2483 atque

1144 2489 1274 2516 saxosa
1292 2491 1371 2518 csse
1390 2483 1521 2529 legitur
1539 2497 1547 2520 :
1565 2487 1649 2531 quia
1667 2487 1755 2524 dura
1783 2495 1818 2524 et
1847 2492 2019 2529 indomita
2050 2506 2193 2543 semper

1144 2548 1242 2585 erat,
1271 2552 1314 2578 ac
1339 2543 1489 2588 spinetis
1516 2546 1685 2582 vitiorum
1714 2552 1938 2595 asperrima;
1964 2567 1975 2586 ‹
1994 2564 2074 2599 quae
2102 2567 2193 2592 nun—

1143 2613 1252 2648 quam
1268 2609 1367 2640 arata
1383 2607 1564 2652 est,›quia
1578 2618 1761 2654 nunquam
1777 2611 1950 2649 doctrinis
1964 2617 2099 2652 sanctis
2112 2628 2193 2663 per-

1142 2663 1235 2700 fecte
1250 2667 1376 2709 cessit,
1391 2677 1455 2703 nec
1470 2669 1604 2714 recepit
1620 2677 1817 2708 sementem
1829 2673 2033 2721 Evangelii,
2050 2680 2111 2715 sed
2127 2690 2193 2725 pro

1143 2725 1304 2772 frugibus
1322 2728 1458 2773 spinas,
1471 2734 1505 2765 et
1518 2740 1584 2775 pro
1598 2731 1677 2767 uvis
1693 2733 1859 2778 gignebat
1874 2734 2074 2774 labruscas.
2092 2739 2194 2775 Unde

1146 2786 1312 2823 Salvator
1328 2788 1364 2823 in
1381 2789 1573 2836 Evangelio
1592 2792 1637 2828 ad
1653 2792 1767 2838 ipsam
1782 2794 1849 2830 ait:
1871 2807 1882 2829 ‹
1897 2795 2118 2843 Jerusalem,
2134 2798 2191 2836 Je-

1145 2860 1157 2881 ‹
1178 2848 1347 2892 rusalem,
1367 2860 1446 2895 quae
1461 2851 1596 2888 occidis
1612 2853 1819 2898 prophetas,
1836 2861 1872 2892 et
1891 2856 2028 2902 lapidas
2045 2869 2108 2897 eos
2124 2862 2188 2906 qui

1145 2920 1157 2942 ‹
1179 2909 1222 2944 ad
1248 2915 1282 2946 te
1307 2910 1406 2946 missi
1437 2917 1542 2955 sunt,
1567 2914 1708 2958 quoties
1732 2916 1829 2952 volui
1856 2927 2077 2966 congregare
2098 2921 2192 2958 lilios

1090 2995 1125 3035 D
1147 2982 1158 3004 ι
1179 2977 1277 3015 tuos,
1300 2973 1601 3017 quemadmodum
1619 2975 1748 3020 gallina
1766 2985 1960 3026 congregat
1975 2980 2091 3026 pullos
2107 2992 2192 3019 suos

1148 3044 1160 3067 ‹
1181 3033 1247 3069 sub
1265 3033 1341 3069 alas
1355 3060 1364 3076 ‚
1383 3039 1420 3070 et
1434 3033 1581 3070 noluisti
1598 3035 1605 3070 !
1630 3050 1642 3070 ι
1662 3042 1699 3073 et
1724 3042 1853 3075 caetera
1875 3038 1988 3087 (Luc.
2006 3052 2071 3078 xm
2085 3041 2113 3089 ).
2140 3042 2191 3078 lbi

1142 3094 1239 3130 enim
1263 3094 1449 3130 eredebant
1471 3097 1632 3134 cervices
1655 3098 1794 3141 vitulae,
1825 3099 1908 3145 quia
1932 3101 1981 3137 ibi
2005 3102 2190 3138 crucifixe·

1142 3161 1226 3192 runt
1256 3166 1402 3192 carnem
1429 3156 1643 3195 Salvatoris.
1674 3159 1871 3206 Sequitur:
1904 3161 2185 3207 «Accedentque

1140 3217 1346 3253 sacerdotes
1362 3217 1425 3253 lilii
1439 3217 1525 3255 Levi
1541 3229 1630 3264 quos
1644 3220 1790 3265 elegerit
1806 3220 1976 3255 Dominus
1991 3220 2085 3256 Deus
2102 3227 2186 3258 tuus

1140 3282 1181 3313 ut
1198 3277 1402 3314 ministrent
1416 3279 1467 3322 ei,
1486 3285 1522 3314 et
1538 3279 1750 3315 benedicant
1766 3279 1800 3314 in
1819 3280 1962 3316 nomine
1978 3279 2070 3325 ejus,
2086 3286 2122 3318 et
2138 3282 2183 3318 ad

1140 3339 1290 3375 verbum
1305 3349 1428 3375 eorum
1445 3349 1549 3374 omne
1564 3338 1757 3383 negotium,
1772 3343 1808 3373 et
1824 3339 1996 3384 quidquid
2010 3342 2182 3378 mundum

1139 3401 1195 3437 vel
1210 3401 1429 3437 immundum
1444 3406 1499 3436 est
1509 3399 1707 3444 judicetur:
1724 3405 1759 3436 et
1772 3400 1915 3436 venient
1929 3399 2082 3446 majores
2095 3407 2184 3439 natu

1138 3461 1293 3497 civitatis
1319 3461 1414 3496 illius
1441 3460 1485 3495 ad
1509 3459 1736 3495 intersectum
1753 3487 1763 3503 ,
1792 3459 2031 3508 lavabuntque
2053 3472 2183 3499 manus

1138 3529 1221 3556 suas
1237 3528 1344 3564 super
1360 3518 1508 3554 vitulam
1527 3528 1606 3564 quae
1621 3529 1792 3564 pereussa
1811 3525 1868 3556 est
1883 3519 1920 3555 in
1936 3518 2029 3557 valle
2042 3547 2053 3563 ‚
2075 3526 2112 3557 et
2129 3521 2183 3558 di-

1136 3585 1241 3616 cent:
1260 3578 1383 3614 Manus
1398 3583 1532 3614 nostrae
1547 3589 1617 3615 non
1632 3578 1834 3616 effuderunt
1849 3579 1942 3616 hunc
1955 3580 2180 3626 sanguinem,

1137 3649 1204 3676 nec
1221 3638 1316 3675 oculi
1339 3638 1518 3674 viderunt.
1543 3637 1723 3685 Propitius
1744 3645 1822 3675 esto
1840 3639 1971 3686 populo
1989 3645 2051 3677 tuo
2070 3639 2181 3678 lsrael

1138 3710 1244 3747 quem
1265 3698 1465 3742 redemisti,
1483 3698 1645 3742 Domine,
1666 3704 1702 3735 et
1721 3709 1791 3736 non
1809 3705 1952 3746 reputes
1969 3700 2181 3748 sanguinem

1138 3760 1363 3797 innocentem
1397 3759 1432 3795 in
1465 3758 1583 3796 medio
1606 3757 1726 3806 populi
1747 3758 1798 3795 tui
1816 3756 1940 3796 lsrael.
1961 3771 1974 3794 ι
1993 3757 2061 3804 Qui
2094 3763 2181 3798 sunt
