2540 4016
334 234 428 273 1027

334 372 394 416 qui
412 370 457 408 de
472 371 699 407 anathemate
714 370 852 407 furtum
882 371 1031 414 faceret,
1070 370 1286 417 praeceperit
1301 381 1383 406 eum

334 430 395 475 qui
427 426 554 466 suisset
585 435 753 466 ostensus
787 430 964 474 cremari,
990 441 1055 466 601·
1085 440 1168 467 eum
1199 434 1383 468 ostensum

332 490 436 527 Jesus
453 491 602 538 lapidari
618 491 739 538 potius
770 503 790 527 a
821 492 952 538 populo
982 490 1122 527 fecerit.
1158 491 1214 527 An
1233 491 1283 528 ita
1303 502 1386 527 eum

334 550 427 587 mori
463 551 620 597 oportuit
647 552 953 597 quemadmodum
985 551 1104 595 Jesus,
1141 552 1200 598 qui
1237 552 1385 598 propius

333 614 523 649 Dominum
559 614 790 659 sequebatur,
833 613 946 650 verba
985 613 1146 658 iubentis
1186 613 1386 659 intelligere

333 674 477 721 potuit?
504 673 604 710 Unde
633 674 748 720 magis
771 674 1003 720 quaerendum
1021 679 1077 710 est
1106 683 1170 710 cur
1200 673 1386 718 lapidatio-

335 745 417 770 nem
435 735 550 780 ignem
571 734 805 780 appellaverit
833 735 1018 778 Dominus,
1042 745 1149 781 quam
1169 733 1386 770 credendum

335 793 457 831 Jesum
477 794 574 830 aliud
607 794 738 830 secisse
766 805 875 840 quam
903 795 1062 842 jusserat
1081 795 1267 831 Dominus.
1297 793 1387 829 Nam

336 866 452 900 neque
472 854 516 890 ad
536 854 806 902 intelligendum
833 856 940 891 verba
957 855 1099 891 Domini
1120 856 1308 901 quisquam
1325 864 1389 899 po-

338 920 405 955 tuit
425 930 503 955 esse
525 919 734 965 sapientior,
765 929 881 964 nqeue
920 919 965 954 ad
1003 918 1167 955 facienda
1201 918 1390 964 quisquam

337 980 572 1016 obedientior.
594 980 750 1017 Proinde
770 981 863 1027 ignis
886 980 1031 1016 nomine
1048 990 1195 1026 poenam
1230 979 1391 1025 potuisse

338 1041 545 1087 significari,
570 1041 756 1086 Scriptura
793 1041 898 1076 testis
929 1046 986 1077 est
1016 1041 1054 1076 in
1097 1039 1389 1082 Deuteronomio,

339 1101 401 1136 ubi
433 1101 564 1136 dicitur
606 1100 650 1136 ad
683 1100 776 1136 filios
811 1101 922 1136 151061
952 1112 960 1135 :
991 1112 1003 1134 ‹
1035 1100 1080 1136 Et
1111 1101 1220 1136 eduxi
1250 1110 1315 1135 vos
1348 1099 1392 1135 de

339 1160 485 1197 fornace
507 1161 622 1196 ferrea
641 1171 686 1197 ex
704 1160 861 1207 AEgypto
888 1160 1007 1208 (Deut.
1042 1160 1117 1208 iv);
1149 1174 1160 1195 1
1184 1161 1246 1197 ubi
1270 1161 1392 1206 utique

339 1221 466 1257 duram
488 1221 754 1257 tribulationem
780 1221 932 1267 intelligi
964 1221 1089 1257 voluit.
1113 1221 1198 1256 Duae
1217 1221 1305 1257 mihi
1324 1232 1390 1256 au-

340 1286 411 1316 tem
430 1281 547 1316 causti:
564 1286 758 1316 occurrunt
787 1281 871 1328 (non
898 1287 938 1316 nt
955 1282 1070 1317 ambae
1098 1281 1183 1326 sint,
1204 1282 1268 1317 sed
1283 1287 1321 1316 ut
1342 1281 1395 1316 al-

343 1346 420 1375 tera
439 1352 484 1375 ex
502 1339 570 1387 eis)
597 1350 660 1375 cur
676 1351 750 1375 non
770 1340 829 1376 illc
847 1351 927 1375 eum
947 1342 1020 1376 suis
1037 1342 1206 1376 omnibus
1237 1341 1394 1376 evidenti

340 1399 422 1444 igne
446 1404 627 1434 crematus
644 1399 703 1433 sit.
731 1398 769 1433 Si
795 1399 892 1434 enim
922 1405 1109 1444 peccatum
1129 1398 1207 1443 ejus
1222 1399 1395 1436 Dominus

342 1461 411 1495 tale
427 1470 505 1495 6556
519 1460 693 1506 judicavit
721 1460 816 1505 quod
837 1460 1012 1506 supplicio
1033 1460 1093 1495 illo
1124 1460 1306 1506 expiatum
1322 1470 1396 1495 non

339 1521 483 1567 puniret
503 1520 538 1555 in
557 1525 745 1563 aeternum,
768 1524 914 1566 propter
945 1520 1060 1567 ipsam
1091 1521 1333 1567 expiationem
1361 1526 1396 1556 et

340 1581 592 1628 purgationem
628 1587 869 1628 congruenter
907 1581 966 1616 illa
1005 1591 1112 1627 poena
1144 1582 1238 1628 ignis
1264 1592 1395 1618 nomen

342 1642 493 1689 accepit.
514 1641 637 1687 Neque
656 1641 701 1677 ad
733 1642 828 1677 hunc
858 1642 1079 1678 intellectum
1112 1643 1302 1688 quisquam
1320 1649 1396 1678 ten-

344 1704 429 1739 dere
446 1703 674 1746 admonetur,
698 1703 727 1738 si
748 1714 829 1738 eum
847 1704 992 1749 proprie
1019 1704 1170 1740 visibilis
1195 1705 1289 1751 ignis
1309 1714 1397 1740 exu-

343 1768 450 1805 reret,
476 1764 541 1799 sed
559 1764 595 1799 in
612 1774 654 1799 eo
678 1764 829 1810 quisque
862 1775 1050 1801 remanere
1084 1765 1179 1811 quod
1198 1771 1320 1812 aperte
1344 1766 1397 1801 vi-

346 1826 454 1862 debat
488 1825 688 1871 impletum,
711 1836 777 1861 nec
800 1826 934 1871 aliquid
967 1826 1059 1862 ultra
1080 1833 1269 1873 quaereret.
1295 1827 1397 1863 Nunc

348 1895 433 1921 vero
452 1896 532 1921 cum
549 1892 696 1932 propter
715 1886 778 1921 Dei
810 1887 933 1930 verba,
965 1893 1000 1922 et
1019 1887 1154 1923 sactum
1187 1899 1305 1932 suum,
1326 1899 1396 1934 quo

343 1946 577 1991 pracvaricari
610 1946 669 1981 illa
694 1946 805 1982 verba
840 1957 910 1982 non
931 1954 1089 1994 possent,
1122 1949 1321 1985 rectissime
1343 1950 1397 1985 di-

344 2008 438 2043 citur
469 2009 579 2043 etiam
607 2008 860 2053 lapidationem
896 2008 1016 2055 ignem
1053 2008 1179 2053 fuisse,
1213 2010 1397 2057 eleganter

345 2079 539 2115 agnoscere
561 2069 621 2105 1110
638 2079 746 2115 poena
764 2070 959 2114 hominem,
978 2082 1023 2106 ne
1042 2071 1078 2106 in
1113 2078 1297 2118 posterum
1313 2083 1398 2118 pec-

344 2135 425 2164 cato
455 2129 516 2164 illo
542 2130 721 2172 interiret,
750 2128 860 2164 fuisse
888 2136 1091 2176 purgatum.
1125 2131 1227 2174 Quod
1256 2131 1393 2177 signifi·
1414 2127 1443 2167 C
1464 2126 1556 2162 forte
1571 2126 1664 2162 male
1682 2127 1726 2162 de
1742 2127 1798 2162 his
1823 2126 2028 2172 loquantur,
2049 2128 2279 2164 sacerdotalis
2313 2127 2512 2164 severitati

345 2195 432 2226 cant
450 2189 558 2226 etiam
577 2200 663 2225 vasa
685 2190 721 2224 in
748 2189 838 2225 libro
857 2189 1110 2235 Nmnerorum,
1131 2202 1211 2236 (1006
1226 2190 1398 2236 jubentur

347 2250 431 2297 igne
448 2251 595 2297 purgari
629 2249 755 2296 (Num.
786 2250 902 2298 xxxi).
927 2250 967 2287 Si
986 2258 1105 2288 autem
1129 2253 1199 2289 tale
1226 2252 1295 2287 fuit
1310 2253 1398 2289 illud

346 2318 549 2357 peccatum,
568 2317 716 2356 propter
733 2312 829 2356 quod
847 2322 929 2347 euin
965 2313 1074 2347 etiam
1104 2319 1186 2358 post
1215 2314 1323 2348 istam
1343 2315 1397 2349 xi-

347 2375 420 2405 tam
436 2372 600 2417 gehenna
623 2371 836 2416 susciperet,
856 2371 935 2407 ideo
955 2372 1060 2408 Jesus
1084 2372 1192 2408 voluit
1207 2384 1289 2409 60111
1308 2374 1399 2420 lapi-

347 2431 438 2476 dari,
458 2437 498 2467 nt
517 2432 611 2478 quod
630 2442 650 2466 a
666 2433 817 2467 Domino
834 2433 966 2468 dictum
986 2440 1040 2468 est
1059 2434 1133 2480 igni
1150 2435 1370 2471 cremabitur
1386 2447 1394 2470 ι

348 2492 491 2527 utillud
519 2494 729 2527 admoneret
745 2493 910 2540 intelligi,
932 2493 1026 2539 quod
1056 2494 1229 2531 Dominus
1248 2495 1396 2538 faceret,

349 2562 423 2586 non
448 2551 542 2597 quod
564 2552 608 2586 ab
629 2552 715 2597 ipsis
744 2559 840 2588 esset
871 2553 1090 2590 faciendum.
1113 2555 1149 2591 Si
1167 2555 1264 2590 enim
1289 2555 1399 2591 dixis-

348 2618 403 2648 set
422 2613 594 2649 Dominus
614 2626 622 2647 ;
643 2613 718 2660 lgni
751 2625 832 2649 eum
864 2616 1069 2651 cremabitis
1084 2623 1121 2652 et
1151 2618 1270 2653 omnia
1307 2618 1397 2664 ejus,

348 2674 431 2709 huic
453 2675 573 2709 sensui
592 2674 689 2710 locus
707 2674 825 2711 nullus
845 2676 970 2711 esset?
1005 2676 1093 2712 Cum
1130 2687 1217 2713 vero
1236 2678 1285 2713 ita
1303 2679 1402 2724 posi-

352 2739 425 2768 tum
444 2739 500 2769 est
518 2740 556 2769 ut
593 2735 706 2780 magis
741 2736 905 2771 videatur
931 2736 1025 2772 Deus
1061 2737 1154 2782 quod
1178 2737 1210 2772 ei
1241 2737 1401 2772 futurum

348 2800 446 2830 esset
464 2794 686 2840 praedixisse,
708 2806 815 2840 quam
836 2796 930 2841 quod
948 2798 980 2832 ei
1012 2798 1056 2832 ab
1074 2797 1276 2833 homInibus
1295 2798 1402 2834 debe-

350 2860 405 2890 ret
426 2853 501 2890 sseri
520 2855 747 2900 praecepisse,
778 2855 906 2890 melius
925 2867 995 2891 non
1027 2857 1143 2902 potuit
1164 2856 1282 2892 facere
1296 2855 1402 2893 Jesus

351 2914 413 2958 qui
433 2914 551 2948 divina
579 2915 690 2948 verba
724 2914 817 2949 sicut
852 2920 972 2951 tantus
1004 2917 1178 2961 propheta
1211 2917 1398 2961 intellexit,

353 2972 413 3016 qui
434 2973 542 3006 etiam
571 2973 641 3008 1106
661 2974 776 3018 ipsum
799 2975 1009 3019 prophetice
1045 2975 1143 3018 fecit,
1165 2986 1271 3021 quam
1290 2983 1330 3012 ut
1361 2978 1403 3012 il-

352 3030 425 3066 lum
445 3030 621 3076 lapidibus
635 3034 754 3077 potius
770 3045 876 3079 quam
898 3034 1051 3070 nammis
1084 3037 1333 3083 interimeret;
1358 3050 1402 3076 ne

353 3090 391 3126 in
421 3091 489 3126 illis
520 3091 660 3138 ignibus
686 3093 794 3128 verba
823 3094 963 3129 Domini
997 3096 1206 3132 viderentur
1239 3099 1399 3145 impleta,

354 3159 434 3196 quae
464 3151 510 3186 ob
539 3150 636 3187 aliud
673 3152 768 3188 dicta
801 3152 943 3190 volebat
968 3155 1129 3202 intelligi.
1155 3158 1229 3194 Nee
1257 3171 1402 3197 movere

353 3210 459 3247 debet
472 3211 567 3257 quod
588 3222 658 3248 non
676 3213 790 3259 ipsum
810 3218 960 3259 tantum,
984 3217 1046 3251 sed
1062 3218 1169 3252 etiam
1185 3221 1303 3255 omnia
1322 3232 1401 3266 (1006

353 3278 437 3309 sunt
475 3271 566 3318 ejus,
609 3273 705 3310 Deus
745 3277 939 3313 cremanda
972 3278 1048 3324 igni
1087 3280 1310 3325 praedixerit.
1341 3282 1400 3319 Sic

355 3334 451 3370 enim
466 3334 516 3370 ait
537 3347 544 3369 :
565 3333 642 3381 lgni
663 3337 882 3373 cremabitur
897 3342 932 3373 et
949 3338 1068 3373 onmia
1085 3349 1304 3388 quaeeunque
1321 3348 1404 3379 sunt

356 3394 390 3430 ei
408 3406 416 3429 :
438 3395 558 3430 omnia
574 3396 670 3431 enim
690 3406 912 3444 quaeeunque
933 3405 1016 3434 sunt
1033 3398 1081 3442 ei,
1099 3409 1208 3446 opera
1227 3400 1304 3448 ejus
1319 3393 1405 3447 pos-

357 3462 440 3493 sunt
453 3457 620 3505 intelligi,
641 3470 719 3507 quae
735 3470 814 3503 cum
836 3460 896 3497 illo
910 3462 1002 3498 dixit
1020 3472 1099 3499 esse
1117 3466 1402 3509 concremanda;

358 3527 442 3553 nam
471 3517 565 3554 sicut
591 3519 678 3556 dicit
708 3519 900 3568 Apostolus
928 3521 972 3559 de
994 3518 1207 3571 quibusdam
1237 3526 1404 3580 operibus

354 3573 441 3626 'igne
454 3581 693 3628 consumptis,
715 3595 731 3631 1,
745 3583 827 3630 ipse
861 3580 981 3621 autem
1011 3585 1132 3623 salvus
1150 3587 1220 3624 erit
1253 3580 1286 3636 (1
1312 3579 1401 3638 ''Cogz

356 3635 429 3686 111).
449 3651 462 3674 1
486 3637 523 3675 Si
552 3638 660 3687 hujus
689 3649 881 3689 peecatum
912 3645 963 3681 ita
995 3646 1270 3694 intelligendum
1290 3652 1405 3700 65101

356 3697 467 3734 'etiam
486 3704 622 3737 aeterno
639 3701 922 3772 igne-muniantur,
943 3704 1038 3743 filios
1061 3705 1142 3755 ejus
1158 3712 1198 3744 et
1214 3704 1404 3760 filiasfflln

359 3759 548 3802 pecoribus
575 3766 612 3799 et
635 3763 802 3805 omnihus
830 3776 911 3813 quae
944 3759 1122 3814 habehit,
1147 3754 1405 3827 1101111105,ᾆῷ-

363 3814 444 3852 dem
462 3828 543 3889 cum
556 3824 649 3859 eum‘
668 3825 827 3872 puniret,
842 3825 950 3865 simul
965 3826 1145 3875 lapidibus
1163 3831 1285 3868 obruit
1301 3843 1310 3868 :
1330 3841 1404 3870 non

787 233 826 274 Β.
852 233 1024 272 RABANI
1045 231 1192 272 mum
1214 232 1435 284 AncmEP„
1452 225 1659 278 Mocun‘r.
1685 224 1877 273 01111100
1899 231 2020 271 PARS
2039 233 2069 270 1.

333 309 455 359 stino.)
479 300 607 346 Merito
626 309 813 356 quaeritur,
834 297 917 347 eum
930 309 1105 346 Dominus
1119 314 1267 356 propter
1282 300 1384 346 illum
1402 309 1439 352 A
1454 315 1573 349 tamen
1594 313 1664 350 hoc
1674 310 1810 359 judicio
1831 313 2004 356 humano,
2041 311 2104 348 sed
2126 310 2335 358 prophetico
2369 311 2423 358 spi

1412 1234 1443 1272 B
1462 1220 1538 1256 sive
1563 1220 1645 1255 siliis
1664 1219 1755 1263 ejus,
1780 1220 1854 1254 sive
1872 1219 1942 1253 illis
1961 1219 2107 1264 triginta
2134 1229 2196 1254 sex
2213 1219 2311 1259 viris,
2330 1229 2412 1254 cum
2429 1229 2489 1255 om
2518 1230 2521 1231 ⁷

1422 3024 1547 3073 Dtam
1578 3040 1698 3085 gravis
1734 3042 1911 3077 acerbitas
1948 3041 2016 3077 ista
2053 3042 2205 3086 peccati.
2244 3041 2315 3089 (Ex
2346 3041 2486 3078 Isidoro

1429 3885 1442 3887 „
1474 3821 1585 3876 ducit,
1611 3829 1715 3879 quasi
1753 3823 1901 3879 pallium
1935 3829 1980 3869 de
2003 3818 2231 3883 anathemate
2262 3832 2366 3872 toltit.
2388 3825 2473 3874 Sed.

1452 372 1538 410 fecit
1572 373 1678 411 Jesus
1697 386 1706 419 ;
1730 375 1808 410 sive
1841 375 1891 410 ita
1920 373 2124 420 intelligens
2145 385 2157 406 ι
2180 373 2301 410 omnia
2317 384 2396 420 quae
2415 384 2433 410 s
2448 380 2451 383 ’

1453 432 1500 476 ei,
1523 446 1536 468 ›
1569 440 1610 470 ut
1646 444 1714 470 1166
1746 433 1840 469 filios
1872 437 2039 469 censeret
2071 436 2255 478 exceptos,
2275 431 2457 478 lapidati..

1452 494 1562 530 etiam
1584 503 1730 539 poenam
1763 504 1830 539 pro
1858 494 1942 538 igne
1974 494 2168 540 ingerens3
2203 493 2277 531 sive
2298 503 2407 539 opera
2423 493 2455 540 ej

1454 564 1533 601 quae
1561 558 1807 599 postmortem
1827 553 1921 588 Deus
1953 552 1991 589 in
2009 552 2070 589 illo
2091 552 2226 589 fecerat
2261 558 2468 612 crematurx

1453 625 1525 650 non
1545 613 1660 649 solum
1697 623 1762 659 per
1779 618 1910 649 eaetera
1929 624 2009 660 quae
2034 612 2086 648 illi
2113 618 2227 657 erant,
2248 623 2371 649 verum
2392 613 2454 649 eti

1453 685 1519 721 per
1537 674 1629 710 lilios
1645 675 1723 721 ejus
1748 675 1967 721 significans.
1987 674 2061 711 Nec
2083 675 2163 711 ideo
2182 685 2267 711 sane
2284 675 2464 711 credendu

1455 739 1511 771 est
1534 745 1596 772 eos
1614 745 1680 781 pro
1695 740 1846 781 peccato
1859 735 1987 781 patris,
2016 746 2036 771 a
2066 745 2137 782 quo
2154 735 2364 771 innocentes
2384 745 2472 771 eran

1456 796 1563 832 etiam
1589 801 1672 842 post
1689 802 1842 832 mortem
1862 796 2035 842 supplicio
2054 795 2184 831 inferni
2202 796 2293 842 ignis
2322 796 2469 832 incenso

1457 855 1553 892 Mors
1572 857 1703 903 quippe
1742 858 1825 900 ista,
1852 867 1932 902 quae
1958 867 2083 893 omnes
2107 861 2243 901 manet,
2281 857 2444 903 quamvis
2468 865 2482 888 ι’

1455 917 1572 964 primo
1592 923 1741 963 peceato
1761 918 1904 961 veniam
1928 924 2048 954 tamen
2081 917 2164 964 quia
2196 918 2246 953 ita
2282 918 2355 953 nati
2383 918 2481 952 sum'

1457 982 1498 1012 ut
1516 978 1720 1020 necessario
1740 978 1964 1014 moriendum
1989 978 2050 1021 sit,
2068 978 2266 1014 accelerata
2294 978 2498 1023 quibusdan

1460 1043 1515 1074 est
1544 1037 1656 1074 utilis.
1685 1037 1785 1074 Unde
1817 1038 1947 1084 legitur
1984 1039 2027 1073 de
2054 1038 2235 1083 quodam:
2260 1050 2272 1070 ‹
2295 1037 2433 1083 Raptus
2452 1027 2502 1076 esff

1460 1110 1506 1135 ne
1528 1099 1665 1134 malitia
1684 1104 1840 1134 mutaret
1859 1099 2079 1134 intellectum
2100 1099 2176 1144 ejus
2197 1097 2297 1144 (sap.
2319 1109 2367 1141 tv,
2394 1097 2466 1146 11).
2489 1111 2502 1133 ι

1461 1159 1538 1202 Quo
1550 1170 1635 1205 ergo
1649 1158 1783 1205 judicio
1795 1159 1858 1194 Dei
1875 1158 1931 1194 vel
1949 1158 2192 1194 misericordia
2210 1158 2317 1194 l'uerit
2336 1159 2491 1204 irrogata

1462 1289 1526 1314 nes
1550 1280 1595 1313 ab
1627 1279 1703 1323 ejus
1726 1283 1875 1323 peccato
1898 1277 2003 1312 alieni
2037 1276 2183 1320 suerint,
2202 1277 2288 1313 latet
2319 1279 2411 1324 apud
2429 1289 2499 1314 600
2525 1280 2527 1282 ’

1463 1338 1556 1383 apud
1581 1347 1687 1382 (106111
1708 1347 1777 1372 non
1795 1343 1849 1372 est
1863 1337 2045 1382 iniquitas.
2074 1337 2206 1374 Verum
2232 1338 2318 1373 illud
2335 1339 2371 1373 in
2391 1348 2492 1384 prom

1462 1402 1525 1442 ptu
1550 1402 1606 1432 est
1629 1395 1723 1442 quod
1740 1401 1777 1431 et
1796 1396 1964 1442 populum
1985 1396 2192 1432 terribiliter
2215 1398 2403 1442 oportebat
2421 1409 2496 1442 qun„

1464 1467 1544 1492 rere
1562 1457 1655 1502 quod
1674 1457 1869 1493 admissum
1892 1462 1959 1500 est,
1994 1462 2029 1492 et
2065 1462 2163 1493 tanto
2201 1459 2445 1495 vehementius
2465 1456 2507 1497 ti

1463 1524 1632 1554 muerunt
1673 1517 1793 1554 6161611
1815 1517 1949 1554 sactum
1973 1517 2049 1562 ejus
2080 1519 2226 1563 imitari,
2250 1511 2503 1567 (10001001031ι

1463 1581 1621 1616 1101110110
1655 1580 1824 1616 exhorret
1861 1580 2062 1623 inlirmitas,
2097 1586 2133 1616 ct
2165 1581 2201 1616 in
2243 1587 2314 1617 tam
2344 1592 2501 1627 magnu·

1465 1646 1608 1685 tamque
1638 1638 1776 1684 justum
1809 1639 1929 1686 populi
1950 1640 2069 1676 odium
2102 1640 2192 1683 dari,
2230 1646 2265 1676 et
2282 1641 2334 1676 615
2359 1638 2507 1687 (1005.οῐ

1469 1710 1569 1746 spem
1609 1700 1831 1746 propagandi
1867 1700 2010 1745 generis
2043 1710 2082 1734 se
2118 1699 2328 1735 relicturum
2367 1701 2510 1749 putab'

1463 1767 1613 1807 peccato
1631 1771 1695 1797 suo
1731 1770 1851 1796 secum
1872 1760 2093 1806 consumptis
2126 1761 2199 1795 suis
2217 1760 2368 1806 posteris
2386 1751 2499 1803 emori

1467 1822 1537 1857 Sed
1557 1827 1591 1857 et
1622 1821 1709 1858 illud
1728 1831 1799 1857 non
1834 1821 1948 1857 otiose
1982 1821 2297 1857 transcurrendum
2333 1827 2400 1865 est,
2419 1831 2513 1869 quo

1466 1894 1539 1918 uno
1556 1891 1727 1929 peccante
1745 1883 1798 1918 ira
1819 1893 1927 1928 super
1945 1893 2087 1920 omnem
2108 1883 2277 1929 populum
2307 1883 2418 1918 venit.
2445 1882 2491 1930 (E
2506 1902 2509 1910 ν

1465 1947 1705 1994 Adamantio.)
1734 1947 1808 1983 Hoc
1835 1948 2012 1993 quomodo
2051 1948 2206 1983 accidit?
2230 1947 2378 1992 Quando
2397 1957 2499 1982 sacer

1468 2006 1568 2041 dotes
1586 2006 1645 2050 (101
1666 2006 1796 2050 populo
1821 2013 1979 2051 przesnnt
1997 2017 2079 2053 erga
2105 2007 2350 2051 delinquentes
2369 2007 2475 2052 benig
2512 2007 2515 2013 ’

1467 2065 1590 2100 volunt
1623 2066 1751 2107 videri,
1774 2072 1809 2100 et
1835 2072 1999 2101 verentes
2035 2067 2258 2111 peccantium
2294 2066 2447 2113 linguas,
2470 2077 2506 2102 n

1468 2188 1711 2231 immemores,
1733 2187 1860 2222 nolunt
1891 2188 1987 2234 quod
2025 2189 2201 2234 scriptum
2233 2194 2288 2224 est
2307 2188 2485 2234 complere

1462 2238 1483 2282 ἰ
1514 2249 1728 2284 Peccantem
1767 2259 1887 2284 coram
1914 2249 2079 2285 omnibus
2121 2260 2244 2296 argue,
2279 2256 2317 2286 ut
2341 2256 2377 2286 et
2396 2255 2483 2286 caete
2510 2252 2515 2260 ”

1466 2316 1602 2345 metum
1621 2310 1778 2345 habeant
1805 2308 1835 2357 (1
1862 2309 1950 2345 Tim.
1973 2313 2008 2358 v)
2028 2322 2037 2354 ;
2065 2324 2076 2345 1
2100 2317 2136 2347 61
2153 2312 2281 2347 iterum
2303 2323 2310 2346 :
2334 2324 2346 2345 ‹
2369 2311 2512 2348 Auser

1466 2372 1601 2406 malum
1636 2372 1680 2407 de
1708 2372 1811 2407 vobis
1845 2372 1933 2418 ipsis
1958 2372 1989 2419 (1
2019 2372 2098 2408 Cor.
2119 2372 2181 2420 v);
2206 2387 2219 2408 ›
2250 2385 2316 2410 1166
2339 2375 2417 2411 zelo
2452 2375 2513 2412 Da?

1467 2433 1632 2469 succensi
1648 2434 1835 2469 imitantur
1854 2432 2066 2480 Apostolum
2093 2435 2271 2471 dicentem
2301 2449 2308 2471 :
2334 2449 2345 2469 ι
2369 2433 2513 2471 Τ10111Γ

1467 2494 1673 2541 hujusmodi
1695 2495 1875 2530 hominem
1915 2495 2058 2530 Satanae
2091 2496 2128 2531 in
2161 2496 2347 2531 interitum
2381 2496 2500 2533 carnis

1467 2560 1507 2589 ut
1525 2555 1674 2600 spiritus
1692 2555 1811 2590 salvus
1831 2554 2049 2603 ssat(1bid.).
2072 2568 2083 2589 ›
2111 2555 2234 2602 Neque
2254 2556 2340 2592 illud
2360 2567 2521 2605 evange·

1467 2614 1576 2650 licum
1613 2615 1761 2661 implere
1794 2616 1950 2658 student,
1987 2622 2025 2651 ut
2049 2616 2078 2651 si
2114 2617 2269 2653 viderint
2301 2617 2409 2653 etiam
2435 2629 2514 2667 poy,¹

1470 2676 1728 2712 correctionem
1748 2676 1887 2711 duobus
1902 2676 1957 2711 vel
1976 2677 2089 2712 tribus
2111 2677 2256 2714 arbitris
2273 2682 2516 2714 60111.61111161··’Ι

1470 2739 1504 2770 61
1524 2735 1555 2770 51
1568 2741 1650 2780 post
1671 2735 1841 2771 Eccleswe
1874 2736 2136 2781 correptionem
2162 2747 2232 2772 non
2265 2736 2374 2773 suerit
2393 2746 2512 2773 emec.

1471 2795 1589 2838 datus,
1612 2796 1655 2830 (16
1673 2795 1833 2831 Ecclesia
1853 2796 2041 2841 expulsum
2060 2797 2156 2832 velut
2175 2797 2342 2843 gentilem
2361 2798 2492 2833 habea
2510 2798 2513 2801 “

1471 2866 1512 2891 06
1533 2856 1765 2901 publicanum
1793 2857 1936 2905 (Manli.
1964 2859 2096 2906 xvin);
2119 2866 2155 2895 61
2171 2861 2254 2895 dum
2273 2866 2428 2905 parcunt
2441 2872 2487 2896 un

1470 2917 1648 2953 universae
1668 2918 1838 2955 Ecclesia}
1853 2920 2050 2956 moliuntur
2080 2921 2277 2956 interitum.
2305 2921 2375 2957 Sed
2399 2922 2490 2958 vide

1474 2987 1554 3013 mus
1574 2989 1618 3015 116
1655 2978 1747 3016 forte
1774 2980 1958 3016 interioris
1989 2980 2234 3028 intelligentiae
2271 2981 2320 3017 sit
2353 2986 2451 3017 tanta

1473 3099 1582 3135 Multa
1603 3107 1657 3136 est
1678 3102 1713 3136 in
1734 3103 1853 3138 verbis
1890 3108 1926 3139 et
1948 3103 2060 3139 multa
2080 3109 2136 3139 est
2166 3104 2202 3139 in
2222 3104 2456 3151 philosopher
2492 3123 2494 3132 ·
2515 3124 2517 3132 ι

1473 3167 1508 3196 61
1542 3162 1727 3197 rhetorum
1761 3163 1988 3200 sermonibus
2023 3164 2266 3209 pulchritudo,
2293 3166 2355 3210 qui
2393 3175 2491 3200 omn

1472 3220 1514 3256 (16
1534 3221 1678 3256 civitate
1695 3228 1778 3257 sunt
1801 3222 1961 3266 Jericho,
1977 3224 2014 3258 id
2031 3230 2098 3266 est,
2133 3224 2239 3269 hujus
2255 3225 2379 3259 mundi
2398 3225 2503 3273 homi·

1472 3292 1549 3318 nos.
1575 3282 1719 3318 16116110
1738 3284 1870 3328 itaque,
1891 3289 1931 3318 ut
1950 3284 2086 3319 dietum
2101 3288 2170 3326 est,
2185 3285 2308 3320 mundi
2319 3286 2416 3330 gerit
2431 3286 2479 3334 fig

1471 3351 1562 3379 ram.
1582 3342 1633 3377 De
1651 3343 1880 3378 anathemate
1915 3352 2002 3388 ergo
2019 3342 2098 3389 ejus
2127 3343 2314 3389 fraudans,
2338 3346 2374 3382 in
2397 3348 2497 3388 tabe

1471 3400 1601 3438 naculo
1638 3411 1702 3437 suo
1719 3401 1921 3446 abscondit,
1947 3402 2008 3448 qui
2043 3403 2237 3440 saeculaoes
2264 3415 2385 3442 mores
2405 3406 2443 3443 in
2469 3423 2475 3438 .-

1473 3460 1582 3496 cretis
1600 3460 1761 3497 66616510·ι
1790 3460 1946 3509 inserit:
1976 3462 2038 3507 qui
2058 3463 2124 3500 sub
2141 3464 2238 3500 cuttu
2257 3465 2321 3503 Dei
2349 3477 2426 3502 ma
2445 3480 2450 3487 ·
2468 3483 2482 3499 ,ι-

1473 3520 1717 3558 501611111110165
1744 3521 1866 3559 saeculi
1881 3521 1938 3558 vel
1970 3523 2172 3568 spectacula
2192 3525 2334 3575 diligi23
2356 3526 2422 3573 qui
2466 3542 2471 3559 t

1473 3575 1613 3632 t'i'legos,
1627 3583 1811 3632 aruspices
1825 3588 1862 3619 et
1879 3593 2032 3630 augures
2043 3585 2217 3632 inquiri&
2251 3586 2307 3622 vel
2336 3587 2399 3635 qui
2488 3604 2490 3606 ·

1473 3655 1536 3683 ros
1551 3645 1642 3686 ritus
1654 3638 1850 3692 persuadet
1866 3645 1932 3692 qui
1961 3645 2062 3693 prius
2083 3646 2126 3688 in
2146 3646 2304 3692 Iericho,
2321 3648 2361 3686 id
2382 3654 2467 3698 vesi„

1472 3703 1544 3747 1106
1562 3704 1962 3754 5166010,,11011611001111·.
1987 3705 2060 3751 Iste
2087 3708 2194 3754 ergo,
2215 3706 2417 3758 quiam.
2443 3707 2474 3733 ‘s

1468 3769 1734 3821 indimentunn
1752 3769 2038 3821 conversationis
2062 3770 2258 3815 -saecularis
2283 3771 2426 3823 m
2460 3771 2486 3781 ”
