2540 4016
108 167 201 206 1209

847 143 1080 204 aomar.
1107 166 1153 205 m
1176 169 1347 210 mauu
1372 173 1511 214 nuru.
1774 190 1780 194 -
2003 185 2024 206 0

2145 183 2238 224 ¹2¹0

105 242 402 294 praedicatoribus
413 251 478 290 per
492 241 600 279 fidem
612 248 652 277 se
665 239 870 285 conjunxit;
890 241 1070 286 congessit
1083 241 1148 278 sibi
1166 245 1202 284 A
1216 246 1428 292 manipulos,
1456 249 1583 294 quibus
1604 249 1754 294 viveret,
1779 246 1973 297 colligebat,
1986 263 2076 300 quos
2089 257 2238 296 venien,

105 306 265 354 polenta,
285 313 370 340 eum
387 304 528 350 singula
544 301 656 338 verba
674 311 754 346 quae
771 299 922 343 audivit,
945 300 1064 335 subtili
1083 300 1154 336 dis-

106 365 266 404 cretione
289 364 459 408 rimavit;
497 361 675 404 comedit,
712 365 749 396 et
778 363 939 396 saturata
968 364 1044 402 est,
1075 369 1154 395 cum

107 423 296 463 scientiam
315 423 444 460 divinae
461 421 551 468 legis
567 420 696 457 devota
712 423 833 455 mente
849 428 1044 464 capescens
1062 417 1155 453 salu-

105 487 220 524 briter
244 484 381 522 rel'ecta
404 489 485 521 est:
518 482 601 518 tulit
632 481 815 527 reliquias,
850 485 956 525 atque
987 479 1084 522 inde,
1115 479 1155 514 ut

106 548 226 596 spicas
252 556 298 583 ex
324 554 426 582 more
445 543 649 589 colligeret,
677 540 855 584 surrexit,
877 540 959 586 quia
986 539 1024 575 in
1048 538 1156 574 corde

105 607 267 644 retinens
285 604 395 640 verba
414 613 493 649 quae
521 601 685 644 audivit,
717 607 757 636 ut
789 599 927 645 majora
954 598 1155 645 perciperet

105 668 286 705 instanter
302 665 508 701 meditando
523 663 713 699 laboravit.

153 725 326 771 Proecepit
346 730 462 760 autem
480 723 576 758 Booz
593 722 709 768 pueris
728 721 816 764 suis,
836 720 954 756 dicens
971 729 983 753 .·
1003 719 1155 755 Etiamsi

105 785 283 822 vobiscum
305 790 430 819 metere
450 782 598 818 voluerit
625 793 666 817 ue
691 781 902 827 prohibeatis
923 791 999 815 eam
1012 791 1026 822 ‚·
1055 786 1086 815 et
1113 779 1154 814 de

103 847 226 884 vestris
255 857 390 893 quoque
414 842 603 890 nianipulis
634 842 793 889 projicite
822 841 863 876 de
896 841 1091 882 industria,
1123 845 1155 875 et

105 918 281 944 remanere
307 906 513 953 permittite,
550 910 581 939 et
613 903 740 948 absque
773 901 899 936 rubore
931 900 1092 945 collique,
1123 906 1153 934 et

104 967 320 1013 colliqentem
340 975 438 1000 nemo
456 963 635 1008 corripiat.
657 960 873 1006 Agnoscitur
890 958 1007 1003 pietas
1024 958 1153 1003 patris-

104 1026 276 1068 familias,
292 1025 354 1069 qui
373 1023 624 1058 advenientem
642 1021 687 1055 ad
707 1030 746 1054 se
763 1019 951 1064 mysticam
969 1018 1063 1053 Ruth
1082 1029 1152 1054 non

104 1085 220 1121 solum
247 1082 394 1119 relictas
422 1081 539 1125 spicas
567 1078 854 1114 testimoniorum
879 1078 1046 1123 colligere
1071 1087 1152 1123 per-

103 1143 203 1178 misit
220 1168 230 1184 ,
261 1140 347 1186 quin
368 1139 477 1174 etiam
502 1136 703 1182 manipulos
724 1135 882 1171 scientiae
902 1136 1090 1180 insperata:
1107 1145 1151 1171 ex
1170 1128 1202 1166 B

104 1202 272 1248 largitate
297 1210 361 1235 sua
385 1199 532 1243 insuper
551 1196 646 1231 ultro
672 1194 852 1240 expendit.
887 1195 931 1229 Et
955 1199 1039 1230 nota
1059 1194 1153 1238 quod

104 1263 241 1307 absque
254 1260 386 1295 rubore
402 1268 479 1294 cam
495 1256 662 1301 colligere
680 1254 863 1300 praecepit,
879 1259 915 1288 et
933 1258 970 1287 ut
986 1253 1153 1298 colligen-

105 1327 177 1358 tem
201 1330 307 1357 nemo
332 1323 498 1364 spernat3
532 1316 615 1361 quia
647 1314 746 1350 rudis
773 1314 886 1359 plebis
907 1313 1151 1348 infirmitatem

104 1391 176 1417 non
195 1379 362 1425 despicit,
383 1387 450 1412 nec
470 1375 632 1422 pristina:
651 1374 734 1408 vitae
753 1382 895 1409 errores
918 1372 950 1407 ei
972 1372 1150 1416 imprope-

104 1449 188 1475 rare
207 1447 390 1474 conversae
407 1434 604 1482 permittit;
633 1432 695 1469 sed
716 1432 825 1468 studii
844 1431 900 1468 sui
921 1431 1151 1477 sagacitatem

105 1499 302 1536 efficaciam
320 1498 453 1533 hahere
472 1494 648 1532 concedit.

497 1585 647 1623 CAPUT
673 1584 760 1621 vul.

107 1651 158 1687 De
177 1661 215 1686 eo
233 1649 324 1696 quod
343 1648 436 1684 Ruth
456 1658 562 1727 usque
581 1646 626 1681 ad
645 1656 823 1691 vesperam
843 1645 879 1679 in
898 1655 982 1690 aqro
1002 1655 1064 1679 suo
1082 1654 1153 1679 mo-

155 1708 251 1739 rans,
285 1701 317 1730 et
348 1705 424 1741 quse
458 1693 639 1738 eoleqerat
669 1692 764 1736 virqa
796 1692 992 1732 excutiens,
1026 1690 1152 1724 invenit

154 1749 221 1778 tres
250 1741 382 1778 modios
412 1751 498 1786 quos
525 1745 666 1785 portans
698 1749 832 1773 reversa
863 1743 912 1772 est
942 1737 987 1771 ad
1017 1746 1153 1770 socrum

153 1799 266 1825 suam.

156 1862 273 1910 (lum.)
299 1861 443 1907 Colleyit
464 1870 543 1906 erqo
566 1860 604 1895 in
627 1870 711 1906 aqro
729 1870 836 1905 usque
854 1858 899 1893 ad
918 1867 1104 1902 vesperam,
1123 1862 1154 1890 et

106 1934 184 1969 quw
195 1922 378 1968 cotteqerat
392 1921 487 1965 virqa
503 1919 637 1955 ccedens
653 1925 685 1954 et
700 1918 890 1960 excutiens,
900 1917 1023 1952 invenit
1036 1915 1155 1949 hordei

106 1983 207 2029 quasi
228 1982 304 2028 ephi
323 1990 537 2021 mensuram,
560 1978 595 2012 id
620 1984 683 2020 est,
705 1984 772 2012 tres
791 1976 940 2017 modios,
965 1985 1050 2020 quos
1073 1985 1154 2019 por-

109 2046 186 2076 tans
205 2049 342 2074 reversa
360 2043 409 2072 est
430 2038 468 2070 in
486 2037 673 2078 civitatem,
701 2041 730 2070 et
758 2034 904 2069 ostendit
930 2034 1047 2068 socrui
1068 2043 1153 2067 suoe.

108 2099 259 2145 Insuper
276 2097 421 2144 protulit
447 2102 478 2131 et
504 2095 597 2130 dedit
616 2096 647 2130 ei
667 2094 708 2128 de
729 2094 881 2138 reliquiis
908 2093 973 2126 cibi
999 2093 1064 2132 sui,
1090 2101 1156 2136 quo

109 2162 269 2194 saturata
287 2156 415 2201 suerat.
448 2154 593 2189 Excutit
619 2153 717 2187 Ruth
746 2153 790 2186 de
817 2149 1008 2195 manipulis
1030 2158 1157 2194 grana,

112 2227 193 2253 eum
221 2220 344 2252 saneta
370 2213 531 2249 Ecclesia
546 2212 647 2257 virga
675 2210 904 2246 discretionis
928 2218 1070 2243 sensum
1089 2207 1161 2251 spi-

113 2275 253 2312 ritalem
285 2275 328 2310 de
358 2273 447 2319 legis
478 2272 577 2308 elicit
609 2271 757 2312 littera3
800 2268 1006 2311 invenitque
1037 2265 1160 2301 hordei

113 2336 212 2381 quasi
245 2334 326 2380 ephi
356 2342 587 2375 mensuram,
632 2341 712 2366 cum
745 2330 781 2364 in
811 2329 887 2374 ipsa
918 2327 1070 2363 lectione
1098 2335 1162 2371 per

114 2400 247 2432 sanetae
273 2393 461 2429 Trinitatis
491 2390 754 2428 consessionem
783 2389 889 2424 fidem
918 2386 1022 2422 discit
1040 2385 1162 2421 catho-

114 2454 233 2490 licam.
262 2452 359 2488 Nihil
389 2451 486 2487 aliud
511 2461 598 2497 ergo
624 2451 658 2485 in
689 2449 770 2494 ephi
796 2456 973 2489 mensura,
993 2455 1070 2490 quac
1089 2449 1161 2479 tres

115 2514 254 2551 modios
280 2514 402 2555 habet,
429 2510 610 2557 designari
638 2515 737 2555 puto,
769 2508 838 2543 nisi
858 2508 895 2543 in
918 2517 988 2542 una
1012 2506 1080 2540 sule
1100 2505 1162 2539 tri-

116 2585 200 2612 nam
227 2573 504 2614 conl'essionem,
521 2571 604 2617 quia
632 2571 668 2605 in
694 2579 764 2605 una
791 2567 934 2605 deitatis
961 2565 1162 2602 substantia

117 2637 224 2673 trium
247 2640 302 2671 est
320 2643 556 2680 personarum
574 2631 787 2677 proprietas.
816 2628 899 2664 Haec
914 2637 999 2674 ergo
1015 2631 1163 2671 portans

118 2697 155 2733 in
180 2696 361 2732 civitatem
387 2693 543 2730 ostendit
567 2691 686 2728 socrui
711 2701 798 2734 suae,
817 2700 897 2726 cum
920 2689 1020 2735 plebs
1046 2687 1162 2735 genti-

118 2754 163 2792 lis
188 2754 435 2791 credulitatem
453 2762 554 2789 suam
576 2751 752 2795 integram
776 2753 909 2785 sanctae
925 2747 1031 2783 matri
1045 2751 1165 2783 osten-

120 2816 174 2852 dit
200 2814 383 2851 Ecclesiae.
417 2812 477 2849 Vel
505 2810 702 2847 secuudum
742 2808 853 2843 alium
892 2816 1060 2848 sensum,
1095 2805 1163 2840 Ec-

119 2875 229 2913 clesia
257 2874 423 2920 gratiam,
457 2881 563 2917 quam
591 2868 712 2915 sponsi
739 2868 793 2904 sui
818 2876 968 2902 munere
990 2865 1162 2912 percepit,

122 2932 321 2982 Synagogae
349 2931 517 2979 genitrici
543 2932 757 2976 praesentat,
788 2932 966 2972 quatenus
984 2935 1064 2960 cam
1084 2934 1166 2969 pro-

121 2999 227 3030 vocet
256 2993 302 3028 ad
327 2991 445 3032 fidem,
464 2994 500 3025 et
516 2990 559 3024 de
575 2997 746 3024 concesso
761 2996 884 3023 secum
902 2986 1042 3021 laetetur
1060 2983 1165 3019 dono.

124 3053 230 3090 Solus
258 3062 343 3098 ergo
368 3050 534 3087 Christus
562 3055 617 3085 est
646 3057 819 3094 sponsus,
851 3046 908 3081 cui
937 3044 997 3080 illa
1024 3043 1170 3079 veniens

125 3124 171 3150 ex
197 3112 362 3161 gentibus
389 3119 532 3156 sponsa,
562 3113 646 3144 ante
673 3108 778 3152 inops
806 3110 914 3151 atque
938 3102 1080 3151 jejuna;
1108 3101 1170 3138 sed

121 3175 198 3222 iam
225 3175 371 3211 Christo
397 3182 516 3209 messe
546 3171 647 3208 diviti
677 3170 830 3211 innuba,
865 3178 944 3214 quae
972 3165 1173 3212 manipulos

126 3235 288 3272 fecundae
320 3234 453 3280 segetis
471 3260 480 3276 ,
511 3232 681 3277 verbique
713 3229 886 3275 reliquias
920 3227 1058 3274 gremio
1087 3225 1175 3271 ligat

127 3293 260 3330 mentis
286 3294 442 3336 interno,
469 3297 511 3328 ut
536 3291 750 3327 exhaustam
776 3289 876 3325 illam
901 3288 1045 3323 viduam
1062 3290 1177 3322 morte

128 3354 221 3399 filii,
254 3358 363 3399 atque
389 3352 533 3398 inopem
561 3350 720 3387 defuncti
748 3349 870 3395 populi
896 3352 1047 3383 matrem
1075 3345 1176 3382 novis

128 3419 255 3462 pascat
272 3410 467 3454 alimentis,
484 3420 556 3448 non
572 3410 779 3455 relinquens
794 3406 1000 3444 destitutam
1015 3404 1174 3445 viduam,

130 3479 168 3512 et
188 3483 303 3511 novos
322 3481 500 3518 quaerens.
529 3470 636 3508 Solus
658 3479 743 3516 ergo
759 3476 911 3514 sponsus
926 3469 981 3501 est
995 3462 1172 3506 Christus,

133 3534 195 3580 qui
225 3544 293 3571 nec
319 3539 508 3579 synagogae
533 3530 604 3576 ipsi
631 3528 832 3575 manipulos
862 3536 935 3562 suae
963 3522 1091 3559 messis
1121 3521 1175 3558 in-

133 3593 271 3636 videat,
298 3593 438 3629 utinam
453 3600 493 3626 se
511 3598 582 3625 non
598 3589 678 3635 ipsa
694 3587 912 3626 excluderet.
940 3582 1072 3619 Habuit
1086 3590 1175 3626 quo-

135 3662 206 3699 que
232 3661 298 3698 per
323 3660 364 3688 se
398 3650 563 3696 colligere
579 3675 589 3692 ,
629 3648 693 3684 sed
721 3647 806 3694 quia
839 3643 988 3693 populus
1018 3641 1093 3686 ejus
1121 3643 1176 3675 est

135 3717 315 3759 mortuus,
330 3709 435 3761 quasi
459 3709 534 3751 filio
560 3717 674 3756 egena
697 3705 881 3764 maneto,
898 3714 963 3753 per
978 3700 1174 3759 Ecclesiam

1218 311 1272 342 tes
1298 307 1336 342 in
1359 307 1594 346 exsultatione
1619 309 1828 355 portabunt,
1849 300 1950 345 sicut*
1965 314 2131 361 scriptum
2156 322 2237 356 este

1224 365 1402 403 Venientes
1417 374 1531 404 autem
1546 369 1682 404 venient
1696 368 1735 403 in
1747 363 1989 413 exsultationi,
2002 360 2150 412 tone-uf.
2164 386 2239 414 m..

1220 423 1355 471 m‘pulos
1373 437 1453 462 suos
1471 426 1583 474 (Paat.
1600 427 1719 473 cxxv).

1266 483 1429 530 Dixitque
1447 485 1478 519 ei
1494 495 1611 522 socrus
1628 495 1717 521 sua:
1744 483 1808 520 Ubi
1825 485 1926 521 hodie
1943 485 2118 533 collegisti,
2137 496 2168 525 et
2184 492 2241 529 nbi

1221 542 1332 588 fecisti
1362 553 1471 588 opus,
1502 544 1545 578 sit
1571 543 1791 586 benedictus,
1821 543 1880 589 qui
1911 543 2068 581 misertus
2098 552 2147 581 est
2178 550 2241 586 tui.

1220 601 1456 648 indicavitque
1483 603 1534 646 ei,
1564 603 1655 648 apud
1683 613 1781 648 quem
1804 603 1924 648 [uisset
1947 610 2100 649 operata,
2125 611 2156 640 et
2182 617 2243 641 ηο-

1223 674 1298 699 men
1315 662 1401 698 dixit
1424 662 1503 705 viri,
1527 662 1619 709 quod
1644 662 1738 697 Booz
1763 669 1951 697 vocaretur.
1987 660 2051 697 Cui
2078 664 2245 708 respondit

1221 723 1377 759 Noemi:
1410 722 1613 758 Benedictus
1638 723 1680 758 sit
1713 733 1734 757 a
1768 722 1932 765 Domino,
1966 724 2128 770 quoniam
2154 735 2245 759 eam-

1220 785 1297 820 dem
1313 785 1480 830 qratiam,
1500 795 1601 830 quam
1618 784 1806 830 proebuerat
1823 784 1919 827 vivis,
1945 784 2085 819 servavit
2109 790 2141 818 ct
2160 794 2249 818 mor-

1221 846 1302 880 tuis.
1352 844 1568 890 Rursumque
1594 855 1606 879 .·
1646 842 1863 890 Propinquus
1883 870 1892 887 ,
1932 844 2010 886 ait,
2050 849 2162 878 noster
2198 849 2248 878 est

1219 905 1333 940 homo.
1362 904 1406 939 Et
1427 904 1517 939 Ruth
1532 914 1544 938 .·
1571 903 1646 939 Hoc
1670 915 1814 950 quoque,
1835 904 1958 950 inquit,
1975 904 2134 949 pra’cepit
2152 903 2249 945 mihi,

1219 973 1256 1001 ut
1292 966 1413 1002 tandiu
1449 966 1654 1001 messoribus
1687 966 1761 1011 ejus
1793 966 1970 1011 jungerer,
2000 965 2106 1000 donec
2137 975 2250 1000 omnes

1219 1032 1346 1072 seqetes
1386 1032 1604 1062 meterentur.
1654 1025 1823 1071 Agnoscit
1862 1024 2099 1070 propinquum
2139 1029 2252 1059 mater

1220 1085 1380 1119 Ecclesia
1404 1095 1468 1128 per
1491 1085 1663 1120 beneficia
1689 1085 1853 1129 gratuita,
1882 1094 1960 1128 quae
1986 1083 2097 1128 pietas
2123 1083 2251 1118 summi

1220 1142 1488 1190 patrisfamilias
1518 1141 1667 1177 contulit
1691 1141 1820 1186 populo
1850 1141 2020 1185 gentium,
2045 1145 2081 1175 et
2102 1140 2253 1175 nominis

1221 1203 1276 1239 sui
1310 1203 1447 1239 ratione
1476 1201 1684 1236 recordatur
1715 1199 1967 1235 beneficiorum
1999 1198 2223 1243 antiquorum
2241 1224 2252 1240 ‚

1220 1263 1348 1307 quibus
1374 1262 1501 1307 saepius
1531 1271 1592 1296 usa
1623 1266 1689 1295 est.
1733 1259 1832 1294 Unde
1869 1268 1948 1293 cum
1987 1257 2172 1293 Psalmista
2209 1257 2254 1292 ad

1220 1323 1407 1357 Dominum
1432 1321 1544 1356 dicit:
1577 1319 1709 1354 Memor
1735 1319 1786 1362 sui
1812 1318 1945 1352 dierum
1971 1318 2202 1362 antiquorum,
2221 1321 2253 1351 et

1220 1383 1402 1418 meditatus
1429 1393 1503 1416 sum
1524 1383 1561 1416 in
1585 1380 1740 1416 ominibus
1766 1379 1920 1424 operibus
1947 1378 2027 1419 tuis,
2047 1383 2077 1412 et
2097 1378 2130 1412 in
2151 1377 2253 1421 [actis

1219 1455 1383 1479 titanuum
1412 1450 1549 1477 tuarum
1578 1440 1768 1476 meditabor
1786 1438 1899 1486 (Psal.
1918 1438 2040 1482 chn).
2067 1436 2254 1482 Cognoscit

1219 1505 1326 1539 etiam
1354 1502 1554 1549 Synagoga,
1581 1501 1771 1546 praedicata
1802 1498 1959 1534 Ecclesia
1989 1497 2159 1543 gentium,
2190 1496 2253 1531 bo-

1219 1564 1367 1599 nitatem
1397 1568 1433 1598 et
1460 1561 1653 1607 potentiam
1683 1559 1835 1601 Domini,
1855 1557 2106 1595 fortitudinem,
2124 1565 2165 1590 ac
2193 1554 2255 1589 be-

1220 1625 1428 1670 nignitatem
1459 1623 1514 1658 sui
1539 1620 1765 1666 protectoris,
1790 1624 1826 1654 et
1851 1617 2007 1658 tandem,
2026 1615 2175 1651 veritate
2193 1622 2254 1649 eo-

1221 1689 1338 1729 gcnte‚
1358 1691 1487 1717 nomen
1503 1679 1643 1716 Domini
1671 1676 1864 1720 benedicit,
1893 1685 1935 1710 eo
1951 1674 2044 1720 quod
2061 1671 2256 1708 servaverit

1222 1742 1374 1788 gratiam
1403 1740 1579 1782 mortuis,
1612 1748 1719 1784 quam
1747 1737 1947 1782 praebuerat
1972 1733 2075 1769 vivis.
2109 1731 2256 1767 Mortuis

1221 1802 1344 1846 utique
1374 1800 1586 1845 gentilibus,
1624 1798 1684 1842 qui
1714 1795 1871 1842 peccatis
1900 1798 1936 1829 et
1966 1790 2164 1828 idololatria
2192 1790 2257 1825 du·

1223 1861 1306 1896 dum
1321 1859 1446 1905 sepulti
1463 1863 1577 1901 erant,
1595 1857 1743 1903 gratiam
1762 1866 1834 1891 suae
1850 1852 2023 1899 largitatis
2037 1850 2255 1895 impendens,

1223 1930 1329 1966 quam
1356 1919 1533 1964 quondam
1563 1916 1689 1963 populo
1706 1914 1908 1950 Judaeorum
1925 1911 2149 1950 exhibuerat,
2177 1916 2258 1943 cum

1225 1981 1406 2017 beneficiis
1444 1980 1555 2024 ipsius
1591 1976 1792 2023 largissime
1831 1974 2035 2011 utebantur,
2074 1968 2259 2015 profitetur

1226 2051 1306 2076 eum
1324 2049 1426 2075 suum
1453 2048 1532 2073 csse
1560 2042 1764 2081 cognatum,
1782 2033 1864 2079 quia
1882 2030 2123 2068 reminiscitur
2138 2027 2181 2062 de
2197 2034 2260 2061 sua

1228 2100 1337 2144 stirpe
1360 2098 1583 2133 Salvatorem
1601 2095 1668 2130 sibi
1685 2104 1763 2129 esse
1779 2091 2007 2138 promissum.
2039 2086 2262 2131 Propinquus

1229 2166 1313 2202 ergo
1342 2155 1537 2201 Synagogee
1565 2153 1731 2187 Christus
1760 2155 1816 2184 est
1845 2147 2038 2183 secundum
2066 2144 2182 2180 carnis
2206 2152 2264 2178 co-

1229 2216 1448 2260 gnationem,
1478 2212 1698 2257 propinquus
1728 2208 1895 2243 Ecclesiae
1912 2205 2104 2242 secundum
2122 2202 2263 2248 spiritus

1228 2272 1536 2315 conjunctionem,
1567 2270 1650 2313 quia
1681 2269 1756 2311 ipse
1790 2270 1895 2309 caput
1923 2263 2103 2302 Ecclesiae,
2136 2266 2171 2295 et
2196 2260 2266 2295 Ec-

1230 2331 1338 2367 clesia
1368 2339 1497 2374 corpus
1526 2327 1635 2372 ipsius
1665 2330 1730 2360 est.
1769 2323 1868 2367 Quod
1898 2327 2016 2356 autem
2046 2319 2140 2354 Ruth
2167 2327 2265 2353 com-

1230 2394 1402 2426 memorat
1430 2387 1496 2422 sibi
1523 2387 1614 2420 Booz
1645 2382 1857 2428 praecepisse
1876 2385 2052 2425 quatenus
2069 2387 2150 2412 cum
2167 2386 2263 2411 mes-

1230 2449 1369 2486 soribus
1397 2447 1472 2492 ejus
1497 2446 1719 2492 jungeretur,
1738 2442 1848 2477 donec
1876 2444 2013 2485 segetes
2040 2446 2162 2472 omues
2191 2444 2266 2470 me-

1232 2514 1403 2550 terentur,
1435 2505 1619 2542 notissima
1647 2511 1715 2537 vox
1749 2506 1804 2536 est
1833 2499 1942 2544 ipsius
1970 2496 2156 2537 veritatis,
2187 2502 2265 2539 quae

1230 2570 1393 2606 omnihus
1419 2567 1462 2602 ad
1489 2576 1526 2602 se
1548 2563 1770 2600 venientibus
1786 2558 1986 2605 persuadet,
2003 2562 2042 2591 ut
2057 2554 2168 2601 magis
2183 2562 2265 2588 cum

1231 2630 1305 2666 suis
1323 2629 1367 2664 ad
1391 2626 1605 2663 messionem
1621 2621 1791 2668 spiritalis
1806 2619 1934 2665 segetis
1946 2617 2140 2663 Jungantur
2157 2622 2266 2659 quam

1228 2701 1312 2727 cum
1349 2688 1485 2724 alienis.
1516 2685 1579 2722 Cui
1607 2681 1829 2730 persuasioni
1855 2679 1963 2715 etiam
1989 2675 2166 2713 consentit
2194 2675 2267 2720 ipsa

1233 2759 1370 2791 socrus,
1399 2747 1520 2783 dicens
1542 2756 1549 2779 :
1576 2742 1700 2778 Melius
1721 2747 1769 2776 cst
1796 2739 1869 2784 lilia
1894 2748 1982 2780 mea,
2000 2742 2037 2770 ut
2054 2746 2129 2770 cum
2146 2732 2266 2779 puellis

1233 2811 1306 2856 ejus
1333 2819 1390 2844 eas
1418 2807 1462 2842 ad
1490 2803 1696 2844 metendum,
1717 2811 1776 2835 nee
1802 2800 1839 2834 in
1863 2798 1973 2833 alieno
1998 2805 2079 2841 aqro
2098 2793 2267 2839 quispiam

1235 2871 1368 2905 resistat
1397 2866 1469 2902 tibi.
1500 2864 1590 2908 Quia
1620 2864 1688 2898 hoc
1716 2860 1836 2895 laudat
1856 2856 2029 2897 Ecclesia,
2045 2855 2112 2890 hoc
2128 2857 2269 2889 contra-

1236 2931 1354 2966 dicere
1380 2937 1451 2962 non
1476 2927 1594 2970 potest
1623 2929 1801 2967 synagoga
1817 2946 1826 2959 ‚
1860 2916 1954 2963 quod
1980 2913 2143 2950 veritatis
2169 2920 2268 2946 ama·

1237 2995 1334 3024 tores
1361 2983 1531 3029 majorem
1559 2979 1756 3026 profectum
1783 2976 1938 3011 habeant
1965 2973 2002 3008 in
2027 2969 2270 3016 conjunctione

1236 3045 1509 3094 praedicatorum
1539 3036 1741 3084 Evangelii,
1772 3044 1877 3080 quam
1906 3033 1941 3067 in
1970 3029 2135 3065 societate
2161 3028 2269 3061 haere-

1239 3108 1390 3143 ticorum
1419 3107 1526 3148 atque
1553 3096 1869 3135 schismaticorum.
1899 3089 1993 3132 Ager
2016 3086 2109 3120 enim
2134 3084 2268 3119 alienus

1241 3172 1296 3203 est
1322 3163 1482 3201 doctrina
1505 3158 1655 3196 nefanda
1680 3152 1937 3190 haercticorum,
1960 3145 2019 3180 ubi
2037 3152 2175 3188 semper
2188 3141 2265 3186 J'ur-

1243 3228 1301 3275 gia
1325 3231 1361 3262 et
1385 3221 1627 3261 contentiones
1656 3218 1757 3254 sunt,
1786 3215 1823 3244 et
1852 3214 2030 3250 nunquam
2055 3211 2145 3238 vera}
2169 3201 2266 3246 pacis

1244 3284 1491 3330 tranquillitas.

1289 3343 1415 3378 June-ea
1439 3341 1488 3371 est
1513 3333 1617 3378 iqitur
1640 3327 1761 3375 puellis
1780 3326 1892 3367 Boos,
1923 3329 1955 3358 et
1983 3320 2103 3357 tandiu
2128 3316 2264 3353 messuit

1243 3411 1318 3437 cum
1337 3398 1399 3439 eis,
1430 3394 1535 3429 donec
1560 3388 1687 3425 hordea
1711 3393 1742 3422 ct
1765 3385 1916 3420 triticum
1940 3382 1976 3416 in
1993 3378 2122 3415 horreis
2142 3374 2265 3411 conde-

1244 3462 1374 3493 rentur.
1397 3451 1488 3496 Quid
1514 3459 1577 3496 per
1606 3447 1753 3487 hordea,
1781 3454 1858 3488 quau
1885 3439 2013 3486 pabula
2041 3442 2121 3473 sunt
2149 3435 2265 3470 bruto-

1243 3527 1323 3554 rum
1354 3511 1584 3551 animalium,
1624 3507 1692 3543 nisi
1730 3505 1846 3540 littera
1879 3500 1966 3547 legis
1997 3497 2148 3537 veteris,
2187 3500 2266 3539 qun

1242 3575 1385 3617 Judaeis,
1414 3578 1580 3616 tanquam
1607 3566 1720 3603 brutis
1745 3569 1780 3600 et
1806 3559 1992 3598 insensatis
2011 3554 2194 3603 iumentis.
2221 3550 2268 3589 ad

1242 3639 1382 3681 pastum
1397 3630 1479 3666 data
1495 3635 1563 3670 est,
1581 3623 1790 3671 exprimitur
1803 3627 1817 3656 t
1847 3622 1891 3655 rit
1917 3618 2001 3663 quii!
2019 3625 2083 3661 per
2097 3611 2266 3654 triticum,

1243 3694 1312 3732 nisi
1325 3691 1438 3742 gratia
1450 3688 1538 3728 Novi
1551 3682 1778 3728 Testamenti,
1793 3690 1871 3728 quae
1885 3676 1988 3726 quasi
2005 3670 2270 3713 rationabilitas
