2540 4016
317 299 378 336 illa
393 300 632 341 mutarentur,
647 307 715 333 nec
733 297 840 334 modo
865 297 1093 345 juberentur,
1113 301 1184 337 imo
1200 301 1369 347 prohibe-

315 363 440 398 rentur
456 356 592 400 offerri,
612 367 657 395 ne
672 367 757 393 vere
778 358 975 396 seeundum
1002 360 1184 400 carnalem
1199 361 1367 402 affectum

316 420 445 458 talibus
470 419 584 454 Deum
606 417 778 455 delectari
800 424 1021 466 putaremus.

361 478 431 514 Sed
456 483 578 519 utrum
617 479 725 515 etiam
749 477 894 514 hiumam
900 489 916 514 s
950 480 1142 519 sacrifieiis
1167 481 1366 529 significari

311 537 431 575 sutura
449 537 663 594 oportuerit,
693 538 822 575 merito
840 540 1040 585 quaeritur:
1065 552 1138 579 non
1154 543 1250 588 quod
1269 553 1367 579 mor-

311 604 364 636 tes
383 597 571 635 hominum
602 599 816 645 quaudoque
838 601 1096 637 moriturorum
1117 603 1153 638 in
1172 603 1240 639 hac
1257 613 1365 639 causa

311 662 567 698 exhorrescere
584 666 622 696 et
638 660 834 698 formidare
852 663 1077 707 deberemus,
1095 665 1125 701 si
1139 665 1190 701 illi
1207 666 1267 711 qui
1286 667 1365 702 haec

313 723 355 758 de
374 731 412 758 se
431 721 507 756 fieri
526 726 713 766 gratanter
723 722 940 769 acciperent,
952 724 989 759 in
1007 730 1141 760 aeterna
1156 736 1364 762 remunera-

310 781 407 817 tione
421 783 759 823 commendarentur
774 783 847 818 Deo
865 795 871 818 :
893 783 956 819 sed
980 784 1008 819 si
1027 785 1095 820 hoc
1111 796 1233 821 verum
1246 791 1360 830 esset,

312 843 380 879 hoc
395 854 507 890 genus
523 843 782 880 sacrificiorum
802 844 874 880 Deo
900 855 971 881 non
987 845 1215 891 displiceret;
1239 847 1363 893 displi-

308 914 390 940 cere
418 911 536 941 autem
563 906 650 948 Deo,
671 906 759 942 satis
783 906 968 943 evidenter
1004 909 1130 943 eadem
1174 909 1362 954 Scriptura

307 968 473 1000 testatur.
494 964 582 1000 Nam
606 976 686 1002 cum
707 966 827 1002 onmia
846 967 1082 1013 primogenita
1102 968 1169 1004 sibi
1189 969 1302 1004 dicari
1327 974 1363 1004 et

307 1034 370 1059 sua
388 1035 467 1060 esse
485 1025 638 1070 voluerit
655 1032 761 1072 atque
779 1028 1010 1072 praeeeperit,
1045 1029 1171 1064 redimi
1201 1035 1321 1065 tamen
1341 1040 1361 1065 a

306 1094 344 1120 se
369 1085 478 1121 voluit
494 1087 731 1132 primogenita
748 1088 949 1130 homiuum,
965 1099 1009 1124 ne
1028 1084 1264 1126 immolandos
1280 1091 1353 1126 Deo

306 1147 493 1183 crederent
512 1148 604 1184 filios
625 1158 722 1189 suos,
746 1158 836 1193 quos
856 1153 960 1184 natos
990 1150 1158 1195 primitus
1179 1152 1357 1198 suscepis-
1377 1138 1409 1177 B

304 1214 384 1243 seut
406 1207 536 1254 (Exod.
554 1208 646 1254 xm).
663 1209 797 1243 Deinde
826 1210 893 1244 hoe
911 1211 1070 1254 apertius
1089 1211 1139 1246 ita
1179 1212 1356 1259 loquitur,

303 1267 398 1312 quod
416 1267 574 1301 humana
595 1266 804 1302 holocausta
822 1268 874 1302 sic
891 1269 986 1303 Deus
1012 1269 1202 1313 improbet,
1223 1277 1260 1306 ut
1275 1282 1358 1316 pro-

302 1326 438 1369 hibeat,
459 1326 641 1361 detestans
670 1336 710 1362 ea
734 1326 769 1361 in
792 1327 873 1361 aliis
893 1328 1073 1372 gentibus,
1093 1334 1128 1363 et
1146 1330 1275 1374 populo
1293 1341 1358 1366 suo

300 1386 513 1431 praecipiens
541 1396 585 1421 ne
614 1386 745 1421 audeat
766 1386 898 1421 imitari
917 1397 924 1420 ε
946 1385 983 1421 Si
1004 1395 1134 1431 autem,
1152 1389 1280 1434 inquit,
1299 1401 1358 1425 ex-

301 1448 535 1483 terminaverit
556 1447 725 1482 Dominus
742 1447 834 1482 Deus
853 1453 932 1482 tuus
953 1454 1068 1492 qentes
1089 1475 1098 1491 ,
1140 1449 1175 1483 in
1199 1460 1285 1495 quas
1321 1456 1357 1485 tu

300 1509 411 1543 intras
450 1508 657 1543 lisereditare
691 1515 819 1543 terram
855 1520 974 1543 eorum
1006 1521 1027 1544 a
1063 1516 1243 1556 conspectu
1275 1517 1355 1555 tuo,

300 1570 519 1606 lurreditabis
537 1581 606 1611 eos,
627 1577 657 1604 et
677 1570 848 1605 habitabis
869 1570 905 1606 in
935 1577 1027 1606 terra
1048 1582 1189 1614 eorum;
1220 1573 1357 1608 attende

300 1632 360 1667 tibi
379 1633 444 1678 ipsi
465 1643 506 1667 ne
527 1632 691 1678 exquiras
710 1633 805 1678 sequi
825 1643 904 1675 eos,
923 1639 1106 1679 postquam
1138 1634 1356 1669 exterminati

299 1692 429 1737 suerint
447 1703 467 1726 a
495 1692 584 1737 facie
600 1698 661 1726 tua
675 1719 683 1732 ,
711 1702 751 1726 ue
771 1692 932 1738 exquiras
963 1692 1044 1726 deos
1065 1703 1183 1727 eorum
1210 1692 1326 1727 dicens
1344 1702 1355 1725 .·

301 1753 600 1796 Quemadmodum
639 1754 771 1799 faciunt
806 1760 922 1799 pentes
946 1754 1012 1789 diis
1034 1755 1107 1789 suis
1128 1781 1137 1797 ,
1169 1754 1298 1799 faciam
1324 1760 1356 1790 et

298 1826 372 1860 eqo.
394 1814 475 1850 Non
497 1814 604 1860 facies
635 1806 685 1850 ita
705 1815 856 1850 Domino
872 1815 945 1850 Deo
970 1821 1053 1857 tu0‚·
1076 1815 1355 1851 abominamenta

298 1874 387 1908 enim
406 1884 483 1919 quoe
510 1873 679 1910 Dominus
699 1875 784 1918 odit,
806 1874 961 1920 fecerunt
988 1875 1055 1910 diis
1083 1875 1170 1918 suis,
1189 1875 1355 1922 quoniam

297 1944 327 1972 et
347 1936 438 1982 filios
469 1949 549 1973 suos
570 1943 603 1972 et
626 1937 720 1982 filias
741 1949 823 1973 suas
854 1937 1060 1972 comburunt
1093 1938 1165 1983 iqui
1192 1937 1259 1973 diis
1281 1938 1353 1973 suis

299 1998 415 2044 (Dent.
435 1997 619 2044 x11).Quid
629 1999 830 2034 evidentius
849 1998 989 2034 ostendi
1006 2003 1124 2044 potest
1142 1999 1199 2034 his
1219 2004 1354 2035 sanctae

701 188 707 192 .
753 158 794 194 B.
819 150 1158 211 RABANtM‘wm
1181 160 1394 206 annume-
1418 160 1630 205 nouum.
1655 166 1846 212 ornauit
1865 167 1986 221 raus
2009 173 2037 210 1.

317 237 440 277 luisse.
461 233 585 274 Fuisse
602 238 722 275 autem
741 236 851 275 etiam
870 237 976 275 istam
995 238 1120 282 utilem
1138 249 1286 279 eausam
1302 249 1368 275 cur
1384 237 1623 285 Ajubehatur
1654 243 1817 292 imperio
1841 244 1976 285 Deinde
2000 257 2074 286 non
2102 249 2218 289 solum
2252 251 2291 288 in
2319 262 2384 292 sua
2402 254 2414 290 l

1401 489 1407 495 ·
1432 485 1553 519 tamen
1570 483 1820 523 interfectione
1837 486 2035 535 prohibuit,
2054 495 2092 526 et
2104 491 2161 528 ari

2384 181 2480 233 Q

1434 308 1570 349 postea,
1586 315 1712 343 verum
1736 307 1947 348 etiamtunc
1962 308 2058 348 Deus
2081 310 2119 348 in
2141 311 2388 359 ipsoAbrahae
2445 315 2454 325 ”

1434 361 1565 401 talibus
1578 365 1767 402 sacrificiis
1791 376 1900 413 quam
1916 378 1988 405 non
2007 369 2271 420 delectaretur,
2300 375 2480 422 ostendit;
2536 396 2540 397 ν

1433 430 1515 459 cum
1533 430 1673 469 patrem
1698 425 1799 470 cujus
1821 427 1930 468 fidem
1948 428 2110 477 jubendo
2130 441 2155 478 p
2197 432 2357 479 havet-at,
2377 446 2398 471 a
2415 435 2466 475 fili
2485 469 2491 475 ,

2257 503 2355 542 ,quo
2368 497 2481 534 saeri-

1432 541 1553 579 ficium
1570 543 1667 579 licite
1681 544 1879 586 secundum
1910 552 2075 590 veterum
2093 560 2288 598 congruam
2308 555 2487 602 temporis

1431 603 1726 640 consuetudinem
1747 604 2002 652 compleretur,
2013 611 2193 656 apposuit.

1479 662 1518 698 Si
1540 668 1659 700 autem
1676 666 1746 703 hoc
1762 677 1977 714 quemquam
1993 675 2126 715 movet,
2144 674 2322 718 quomodo
2334 675 2392 722 pie
2407 686 2482 714 cre-

1432 722 1562 759 diderit
1586 724 1764 762 Abraham
1789 726 1902 764 Deum
1922 729 2109 768 sacrificiis
2137 733 2268 770 talibus
2289 735 2484 782 delectari,

1431 784 1462 819 si
1494 784 1571 820 haec
1602 785 1723 822 illicite
1753 786 1952 825 offeruntur
1972 789 2072 833 De0;
2104 796 2140 827 et
2158 792 2239 828 ideo
2258 799 2360 838 putat
2382 801 2481 832 recte

1431 847 1625 882 credidisse
1658 849 1768 884 etiam
1798 848 1925 896 Jephte
1954 851 2050 896 quod
2080 852 2149 889 tale
2171 854 2388 898 sacrificium
2406 855 2480 892 Deo

1431 917 1509 942 esse
1527 914 1648 954 posset
1667 914 1878 955 acceptum:
1906 911 2022 956 primo
2050 913 2254 948 consideret
2281 914 2376 949 aliud
2402 925 2481 951 esse

1432 968 1525 1003 ultro
1546 979 1704 1012 movere,
1727 970 1821 1006 aliud
1843 970 1984 1016 jubenti
2003 973 2266 1020 obtemperare.
2287 974 2366 1010 Non
2384 975 2482 1011 enim

1431 1029 1460 1065 si
1482 1029 1616 1075 aliquid
1633 1038 1764 1076 praeter
1782 1042 1918 1067 morem
1940 1033 1976 1068 in
1994 1033 2100 1070 domo
2121 1045 2140 1069 a
2165 1035 2317 1070 Domino
2338 1036 2482 1072 institu-

1431 1093 1505 1124 tum
1520 1100 1623 1126 servo
1633 1091 1791 1137 jubetur,
1804 1098 1910 1138 atque
1925 1093 1961 1128 id
1974 1093 2143 1130 laudabili
2162 1096 2364 1132 obedientia
2381 1097 2478 1140 tacit,

1429 1149 1507 1185 ideo
1527 1161 1597 1186 non
1619 1156 1673 1186 est
1691 1152 1911 1196 plectendus,
1938 1154 1967 1188 si
1996 1154 2064 1190 hoc
2095 1154 2214 1190 facere
2243 1163 2370 1202 sponte
2389 1168 2481 1202 prae·

1429 1213 1634 1258 sumpserit.
1657 1213 1792 1247 Deinde
1813 1213 1969 1247 habebat
1986 1214 2079 1258 quod
2098 1216 2265 1251 crederet
2283 1216 2479 1262 Abraham,

1427 1277 1466 1306 ut
1483 1277 1628 1316 propter
1644 1272 1803 1306 divinum
1820 1271 2007 1316 imperium
2026 1282 2097 1308 non
2117 1280 2282 1317 parceret
2303 1275 2388 1318 filio,
2409 1286 2481 1312 non

1428 1335 1577 1368 credens
1607 1334 1719 1368 Deum
1743 1333 1831 1368 tales
1855 1333 2017 1369 victimas
2044 1334 2193 1370 licenter
2212 1337 2395 1382 accipere,
2419 1337 2481 1374 sed

1427 1395 1496 1429 hoe
1515 1404 1596 1429 eum
1615 1400 1805 1439 propterea
1819 1394 1983 1439 jussisse,
2005 1401 2045 1431 ut
2060 1397 2291 1433 resuscitaret
2307 1399 2479 1443 occisum,

1427 1459 1463 1489 et
1481 1454 1566 1489 hinc
1582 1454 1730 1499 aliquid,
1754 1461 1923 1500 tanquam
1949 1456 2043 1492 Deus
2063 1458 2226 1503 sapiens,
2258 1459 2482 1495 demonstra-

1427 1521 1494 1550 ret.
1525 1514 1612 1549 Nam
1640 1516 1708 1551 hoc
1727 1516 1770 1550 de
1789 1516 1848 1551 illo
1870 1516 1978 1552 etiam
2002 1517 2038 1552 in
2055 1517 2214 1564 Epistola
2234 1519 2383 1566 legitur,
2402 1531 2482 1566 quae

1427 1575 1635 1611 inscribitur
1654 1577 1698 1611 ad
1716 1575 1908 1620 Hebraeos;
1937 1583 1973 1613 et
2003 1578 2090 1614 fides
2115 1578 2209 1623 ejus,
2232 1581 2315 1625 quia
2344 1581 2413 1616 hoc
2436 1581 2482 1618 de

1427 1636 1501 1671 Deo
1523 1637 1717 1672 crediderit
1732 1637 1827 1682 quod
1844 1643 1964 1683 posset
1981 1637 2092 1674 tilium
2111 1639 2187 1684 ejus
2203 1641 2391 1683 suscitare,
2406 1641 2482 1676 lau-

1426 1698 1533 1733 datur
1551 1697 1675 1744 (llebr.
1696 1698 1762 1744 xi).
1778 1699 1847 1734 Istc
1862 1710 1947 1735 vero
1965 1706 2000 1735 et
2015 1700 2088 1736 Deo
2106 1711 2177 1736 non
2189 1700 2347 1745 jubente,
2365 1711 2481 1747 neque

1425 1765 1611 1805 poscente,
1633 1764 1669 1794 et
1690 1765 1815 1795 contra
1835 1760 2030 1806 legitimum
2049 1761 2127 1806 ejus
2151 1767 2368 1807 praeceptum
2385 1762 2488 1798 ultro·

1427 1819 1643 1854 sacrificium
1660 1820 1758 1855 vovit
1775 1820 1984 1856 humanum.
2013 1820 2072 1856 Sic
2089 1821 2185 1856 enim
2204 1822 2377 1867 scriptum
2400 1827 2477 1857 est:

1426 1878 1471 1913 Et
1491 1880 1577 1914 vovit
1601 1879 1723 1926 Jephte
1738 1886 1852 1916 votum
1872 1880 2034 1924 Domino,
2055 1887 2085 1915 et
2106 1881 2192 1916 dixit
2208 1893 2218 1917 :
2237 1880 2275 1916 Si
2292 1882 2480 1917 traditione

1427 1939 1612 1974 tradideris
1638 1931 1722 1975 milti
1750 1940 1844 1985 filios
1862 1940 2011 1976 Ammon
2039 1941 2076 1975 in
2107 1952 2213 1976 manu
2231 1952 2320 1984 mea,
2340 1946 2372 1976 et
2398 1941 2478 1983 erit,

1425 2000 1619 2046 quicunque
1642 2000 1763 2034 exierit
1784 2000 1825 2034 de
1838 2000 1962 2045 januis
1989 2000 2111 2035 domus
2134 2011 2219 2035 mese
2238 2000 2372 2035 obviam
2394 1999 2478 2033 milii

299 2056 494 2101 Scripturae
516 2058 743 2101 testimoniis,
764 2063 803 2094 ut
818 2059 887 2094 alia
909 2058 1155 2104 hujuscemodi
1173 2059 1350 2103 omittam,
1371 2061 1400 2102 C
1421 2061 1458 2095 in
1479 2061 1677 2096 revertendo
1693 2072 1745 2095 me
1764 2061 1800 2095 in
1818 2071 1902 2106 pace
1921 2071 1942 2094 a
1961 2060 2043 2104 filiIs
2061 2061 2223 2103 Amnwn,
2245 2065 2276 2095 et
2300 2060 2381 2103 erit,
2405 2059 2478 2094 Do-

296 2127 404 2164 quam
420 2117 546 2161 Deum,
563 2129 582 2153 a
611 2128 680 2163 quo
710 2119 786 2154 liaec
819 2119 1006 2164 Scriptura
1047 2120 1204 2154 humano
1232 2119 1354 2165 generi

296 2178 502 2214 contributa
521 2184 576 2214 est
594 2189 665 2214 non
687 2179 801 2214 solum
824 2189 894 2214 non
917 2180 1076 2226 diligere,
1096 2190 1221 2216 verum
1243 2180 1353 2216 etiam

295 2240 414 2276 odisse
435 2240 519 2275 talia
547 2241 738 2284 sacrificia,
762 2242 799 2277 in
820 2242 950 2287 quibus
970 2243 1133 2278 homiues
1162 2243 1351 2278 immolan-

296 2301 375 2335 tur?
394 2300 455 2335 Illa
470 2300 574 2345 plane
592 2301 708 2346 diligit
726 2306 762 2336 et
785 2306 947 2345 coronat,
962 2312 1044 2337 eum
1065 2302 1218 2347 quisque
1233 2302 1352 2347 justus

297 2360 522 2405 iniquitatem
542 2361 682 2406 paticus
703 2371 817 2407 usquc
844 2362 888 2396 ad
920 2367 1072 2398 mortem
1108 2372 1174 2407 pro
1199 2363 1352 2398 veritate

295 2421 468 2464 decertat,
491 2421 546 2457 vel
571 2421 615 2457 ab
632 2422 788 2458 inimicis
807 2434 897 2469 quos
930 2434 996 2469 pro
1012 2423 1155 2470 justitia
1176 2423 1348 2467 offendit,

295 2483 494 2526 occiditur,
524 2484 728 2520 retribuens
759 2484 811 2520 eis
843 2485 936 2520 hona
954 2495 1021 2530 pro
1046 2485 1171 2526 malis,
1207 2485 1243 2520 id
1271 2490 1349 2529 est,

294 2553 360 2589 pro
385 2544 467 2579 odio
503 2544 743 2580 dilectionem.
767 2544 888 2580 Talem
906 2544 991 2580 dicit
1015 2538 1186 2581 Dominus
1206 2546 1351 2591 sangui-

296 2614 377 2639 nem
401 2603 537 2649 justum
557 2616 577 2640 a
602 2605 773 2652 sanguine
806 2605 907 2648 Abel,
927 2615 1040 2651 usque
1072 2607 1115 2641 ad
1141 2607 1348 2653 sanguinem

295 2664 479 2701 Zachariae
500 2666 642 2712 (Manli.
670 2666 789 2712 xxiu).
812 2667 994 2712 [Ji-:ncipue
1015 2672 1135 2702 autem
1156 2668 1250 2712 quod
1267 2678 1350 2703 san-

295 2725 437 2770 guinem
457 2724 549 2768 fudit
562 2727 638 2770 ipse
658 2737 722 2771 pro
739 2728 842 2763 nobis
858 2755 866 2769 ,
898 2733 935 2764 et
951 2728 1168 2764 sacrificium
1191 2730 1347 2775 seipsum

294 2786 422 2822 obtulit
444 2787 536 2830 Deo;
558 2788 610 2823 sie
631 2788 754 2832 utique
773 2789 899 2824 obtulit
918 2815 927 2831 ‚
966 2795 1004 2824 ut
1026 2790 1071 2825 ab
1093 2790 1248 2826 inimicis
1282 2800 1362 2836 pro>

291 2847 431 2892 iustitia
459 2847 698 2884 occideietur.
718 2848 820 2884 Hune
844 2850 985 2885 imitata
1009 2856 1207 2897 mar‘tyrum
1237 2851 1348 2887 millia

295 2918 408 2952 usque
440 2910 486 2945 ad
521 2915 674 2946 mortem
701 2920 767 2955 pro
799 2911 951 2946 verit-ite
988 2917 1193 2954 certarunt,
1226 2918 1262 2948 et
1300 2913 1344 2947 ab

294 2967 450 3003 inimicis
496 2970 730 3014 sequentibus
765 2970 948 3006 immolata
980 2977 1092 3013 sunt;

294 3025 382 3062 dicit
413 3024 627 3071 Scriptura:
656 3026 835 3072 Tanquam
869 3038 996 3062 aurum
1032 3029 1066 3063 in
1095 3028 1235 3074 fornace
1265 3043 1345 3077 pro-

296 3088 386 3123 bavit
419 3087 498 3122 illos
516 3114 526 3130 ,
572 3092 605 3122 et
645 3087 734 3122 sicut
778 3086 983 3123 holocausta
1026 3088 1176 3125 hostiam
1215 3093 1345 3138 accepit

294 3149 375 3184 illos
401 3148 501 3197 (Sap.
528 3147 598 3196 ιιι).
619 3148 721 3184 Unde
747 3153 783 3183 et
796 3147 988 3193 Apostolus
1016 3147 1103 3184 dicit
1124 3162 1132 3184 :
1162 3150 1235 3196 qu
1252 3152 1344 3187 enim

290 3211 365 3258 jam
391 3210 565 3247 immolor.
602 3209 675 3246 Sed
697 3219 768 3245 non
791 3209 843 3245 sic
861 3207 989 3254 Iephte
1009 3210 1054 3246 de
1081 3209 1154 3246 tilia
1173 3210 1256 3248 fecit
1281 3213 1345 3248 lio-

295 3276 516 3312 locaustoma
542 3274 718 3316 Domino;
754 3273 817 3309 sed
847 3273 941 3309 sicut
975 3278 1192 3318 praeceptum
1227 3273 1345 3310 suerat

295 3350 424 3387 pecora
442 3339 579 3381 offerri,
595 3343 636 3374 et
651 3337 873 3384 prohibitum
893 3335 1010 3372 suerat
1031 3335 1194 3372 homines
1211 3336 1342 3373 iinme-

295 3400 376 3436 1ari.
399 3399 511 3445 Magis
537 3400 607 3434 ime
622 3389 675 3433 siu
705 3397 822 3432 simite
840 3397 982 3433 videtur
1000 3395 1096 3442 quod
1117 3396 1204 3432 fecit
1226 3396 1338 3432 Abra-

295 3463 393 3510 ham,
407 3461 504 3507 quod
521 3460 692 3495 Dominus
716 3458 921 3504 specialiter
940 3458 1018 3493 fieri
1047 3457 1220 3503 praeoepit
1236 3455 1340 3506 (Gen.

294 3522 399 3570 xxii),
418 3532 491 3557 non
509 3521 666 3567 generali
683 3520 760 3566 lege
771 3525 812 3555 ut
828 3519 914 3554 talia
928 3519 996 3555 sibi
1012 3519 1189 3555 sacrificia
1216 3518 1346 3555 fierent

297 3583 487 3630 aliquando
503 3581 701 3624 mandavit,
721 3581 796 3616 imo
818 3581 928 3616 etiam
947 3579 1029 3615 fieri
1060 3580 1208 3616 omuino
1224 3579 1346 3625 prohi-

296 3645 386 3679 buit.
419 3643 534 3680 Distat
554 3643 678 3688 itaque
699 3642 770 3681 broc
794 3642 890 3687 quod
919 3640 1047 3688 thte
1078 3639 1166 3678 tacu
1194 3651 1216 3676 a
1249 3641 1349 3679 teet»

296 3703 667 3755 Abrahaeuquonim
695 3704 774 3750 ipse
803 3702 926 3750 §ussus
951 3701 1082 3739 obtutu
1107 3701 1351 3746 tilintmm
1277 3702 1351 3739 ista

298 3769 418 3805 antem
435 3765 786 3818 fecitquodettege
810 3762 1351 3816 nubamsttuuflupeoiufl

1424 2120 1516 2154 mino
1537 2120 1682 2164 offeram
1702 2130 1780 2154 eum
1800 2118 2074 2154 holocaustoma.
2093 2118 2170 2154 Nou
2184 2119 2309 2164 utique
2326 2119 2383 2154 his
2397 2129 2478 2154 ver-

1421 2178 1476 2214 bis
1490 2189 1598 2224 peeus
1617 2180 1759 2225 aliquod
1778 2180 1889 2223 vovit,
1911 2180 2006 2225 quod
2025 2180 2220 2214 secundum
2240 2179 2355 2225 legem
2372 2179 2475 2215 holo-

1421 2247 1604 2275 caustoma
1635 2246 1757 2285 posset
1787 2239 1930 2275 offerre.
1963 2239 2085 2286 Neque
2118 2241 2215 2275 enim
2241 2246 2296 2276 est
2322 2245 2384 2276 aut
2410 2240 2478 2276 fuit

1422 2300 1706 2343 consuetudinis,
1726 2305 1765 2335 ut
1784 2300 2016 2336 redeuntibus
2033 2311 2116 2336 eum
2134 2301 2284 2337 victoria
2311 2301 2355 2336 de
2381 2300 2476 2336 bello

1421 2362 1570 2397 ducibus
1590 2372 1719 2407 pecora
1737 2368 1982 2397 occurrerent.
2005 2361 2186 2405 Quantum
2210 2367 2329 2397 autem
2347 2361 2477 2396 attinet

1420 2425 1465 2460 ad
1484 2430 1582 2459 muta
1603 2424 1768 2459 animalia
1784 2450 1793 2465 ,
1824 2433 1932 2459 canes
1962 2423 2077 2459 solent
2096 2423 2250 2459 dominis
2270 2422 2401 2457 blando
2420 2421 2474 2455 sa-

1418 2485 1555 2521 mutam
1573 2484 1769 2520 alludentes
1787 2493 1934 2519 currere
1953 2483 1990 2519 in
2009 2482 2150 2518 obviam
2167 2493 2177 2525 ;
2206 2482 2251 2516 (18
2267 2481 2396 2526 quihus
2415 2480 2475 2516 ille

1420 2546 1454 2581 in
1472 2555 1537 2581 suo
1556 2550 1639 2580 voto
1659 2545 1816 2591 cogitare
1842 2553 1914 2578 non
1934 2548 2076 2589 posset,
2098 2552 2142 2577 ne
2168 2541 2204 2576 in
2222 2539 2392 2585 injuriam
2410 2539 2472 2575 Dei

1419 2605 1554 2651 aliquid
1570 2615 1641 2640 uon
1660 2604 1774 2640 solum
1794 2603 1973 2645 illicitum,
1992 2612 2116 2637 verum
2131 2601 2240 2636 etiam
2256 2599 2472 2644 contempti-

1418 2667 1504 2709 bile,
1525 2671 1560 2702 et
1575 2666 1771 2701 secuudum
1798 2665 1912 2710 legem
1937 2663 2161 2698 immundum
2180 2661 2321 2697 vovisse
2334 2659 2474 2696 videre-

1418 2733 1488 2763 tur.
1511 2727 1584 2763 Nee
1599 2726 1651 2762 ait
1670 2738 1678 2760 :
1702 2725 1940 2770 Quodcunque
1959 2724 2037 2759 ierit
2053 2723 2095 2758 de
2107 2722 2229 2768 januis
2247 2721 2371 2758 domus
2386 2729 2471 2758 meoe

1417 2788 1453 2821 in
1471 2787 1604 2821 obviam
1623 2785 1722 2827 mitti,
1743 2784 1887 2830 offeram
1904 2782 1993 2818 illud
2009 2781 2269 2818 holocaustoma
2284 2791 2297 2823 ;
2319 2777 2382 2815 sed
2394 2777 2467 2815 ait:

1420 2847 1624 2892 Quicunque
1643 2845 1784 2888 exierit,
1809 2844 1954 2891 offeram
1983 2852 2089 2879 eum:
2118 2842 2203 2886 ubi„
2249 2839 2332 2881 ocul
2361 2838 2469 2874 dubio

1416 2906 1506 2942 nihil
1535 2906 1633 2941 aliud
1666 2914 1775 2950 quam
1804 2904 1987 2942 homiuem
2017 2896 2213 2948 cogitavitg
2242 2908 2317 2935 non
2346 2903 2469 2934 tamen

1133 2972 1176 3007 de
1214 2973 1345 3017 quihus
1362 2953 1398 2991 D
1414 2966 1567 3001 sortasse
1589 2964 1732 3000 unicam
1752 2963 1878 3006 liliam,
1897 2971 2102 3008 quanquam
2124 2958 2246 2998 illam'
2237 2969 2274 2998 ln
2293 2962 2390 2993 tanta
2407 2966 2469 3003 pa-

1414 3034 1515 3061 terna
1531 3025 1642 3071 gloria
1660 3024 1741 3070 quis
1754 3029 1875 3070 posset
1887 3023 2039 3066 anteire,
2058 3021 2129 3060 nisi
2143 3020 2236 3057 forte
2248 3019 2363 3055 uxor?
2377 3016 2468 3053 Nam

1413 3087 1508 3132 quod
1533 3096 1604 3121 non
1628 3084 1738 3127 dixit,
1763 3094 1995 3131 quaecunque,
2025 3083 2106 3126 sed,
2131 3081 2325 3128 quicunque
2345 3077 2467 3113 exierit

1412 3151 1455 3185 de
1482 3150 1603 3196 januis
1619 3148 1744 3184 domus
1761 3157 1864 3188 mem,
1892 3145 1984 3182 solet
2012 3143 2199 3190 Scriptura
2227 3139 2467 3177 masculinum

1412 3221 1524 3256 genus
1543 3220 1608 3255 pro
1634 3208 1795 3254 quolibet.
1824 3217 1911 3243 sexu
1930 3213 2064 3252 ponere
2077 3229 2087 3246 ,
2109 3203 2203 3239 sieut
2220 3201 2265 3238 de
2282 3199 2464 3235 Abraham

1415 3271 1551 3306 dictum
1567 3274 1644 3304 est:
1665 3268 1819 3312 surgens
1836 3278 1859 3301 a
1878 3270 2014 3302 mortuo
2032 3261 2132 3308 (Gen.
2149 3259 2275 3306 xx111);
2290 3269 2373 3296 cum
2385 3256 2463 3303 ejus

1414 3341 1506 3367 uxor
1522 3334 1664 3366 mortua
1681 3327 1820 3363 fuisset.

1460 3392 1550 3436 Quia
1572 3401 1658 3437 ergo
1682 3389 1726 3426 de
1751 3388 1821 3424 hoc
1841 3390 1925 3423 voto
1950 3389 2057 3431 atque
2086 3382 2182 3419 facto
2206 3380 2298 3419 nihil
2321 3379 2464 3419 videtur

1415 3454 1600 3500 scriptura
1610 3451 1806 3498 iudicasse,
1818 3449 1919 3485 sieut,
1924 3447 1968 3484 de
1984 3445 2181 3488 Abraham,
2190 3442 2332 3491 quando
2349 3442 2463 3483 tilium

1411 3518 1534 3564 jussus
1560 3515 1711 3558 obtulit.
1739 3509 1965 3559 apertissime
1984 3507 2183 3555 judicavit·
2206 3503 2272 3545 sed
2302 3507 2462 3543 tautum-

1415 3579 1522 3615 modo
1549 3576 1725 3624 scriptum
1757 3570 1945 3617 reliquisse
1974 3533 2435 3671 legentmdimndum
2450 3587 2461 3606 ,

1415 3637 1715 3688 quemadmodum
1731 3634 1779 3670 de
1797 3631 1892 3668 tacto
1910 3630 2024 3675 ludia,
2038 3628 2109 3671 filu
2235 3651 2246 3670 ‚
2259 3623 2404 3671 quando
2416 3621 2463 3663 ad

1413 3709 1544 3742 uum
1555 3697 1708 3745 'aquidum
1725 3703 1830 3732 suum
1846 3692 2011 3733 nesciens
2026 3687 2194 3735 mvn,
2214 3695 2339 3726 verum
2350 3691 2464 3732 quan-

1414 3767 1492 3804 Μ
1509 3760 1548 3798 in
1566 3759 1648 3808 ipso
1663 3755 1785 3797 tuerat
1801 3754 2104 3810 (aninam,
2126 3748 2214 3802 quja
2231 3745 2463 3793 W
2488 3767 2492 3786 ζ
