<?xml version="1.0" encoding="UTF-8"?>
<!DOCTYPE html PUBLIC "-//W3C//DTD XHTML 1.0 Transitional//EN"
    "http://www.w3.org/TR/xhtml1/DTD/xhtml1-transitional.dtd">
<html xmlns="http://www.w3.org/1999/xhtml" xml:lang="en" lang="en">
 <head>
  <title>
</title>
<meta http-equiv="Content-Type" content="text/html;charset=utf-8" />
  <meta name='ocr-system' content='tesseract 3.04.00' />
  <meta name='ocr-capabilities' content='ocr_page ocr_carea ocr_par ocr_line ocrx_word'/>
</head>
<body>
  <div class='ocr_page' id='page_1' title='image "./patrologiae00unknuoft_0284.png"; bbox 0 0 2540 4016; ppageno 0'>
   <div class='ocr_carea' id='block_1_1' title="bbox 291 166 360 211">
    <p class='ocr_par' dir='ltr' id='par_1_1' title="bbox 291 166 360 211">
     <span class='ocr_line' id='line_1_1' title="bbox 291 166 360 211; baseline -0.058 0"><span class='ocrx_word' id='word_1_1' title='bbox 291 166 360 211; x_wconf 69' lang='lat'><strong>553</strong></span> 
     </span>
    </p>
   </div>
   <div class='ocr_carea' id='block_1_2' title="bbox 721 141 2014 197">
    <p class='ocr_par' dir='ltr' id='par_1_2' title="bbox 721 141 2014 197">
     <span class='ocr_line' id='line_1_2' title="bbox 721 141 2014 197; baseline -0.002 -1"><span class='ocrx_word' id='word_1_2' title='bbox 721 162 763 197; x_wconf 89' lang='lat' dir='ltr'><strong>B.</strong></span> <span class='ocrx_word' id='word_1_3' title='bbox 789 148 959 196; x_wconf 73' lang='lat' dir='ltr'><strong>nAssAm</strong></span> <span class='ocrx_word' id='word_1_4' title='bbox 983 144 1131 195; x_wconf 68' lang='lat' dir='ltr'><strong>usum</strong></span> <span class='ocrx_word' id='word_1_5' title='bbox 1154 152 1368 194; x_wconf 60' lang='lat' dir='ltr'><strong>Ananiam</strong></span> <span class='ocrx_word' id='word_1_6' title='bbox 1392 152 1600 192; x_wconf 64' lang='lat' dir='ltr'><strong>uocum-</strong></span> <span class='ocrx_word' id='word_1_7' title='bbox 1626 141 1818 193; x_wconf 58' lang='lat' dir='ltr'><strong>ornauit</strong></span> <span class='ocrx_word' id='word_1_8' title='bbox 1842 143 1962 194; x_wconf 61' lang='lat' dir='ltr'><strong>rans</strong></span> <span class='ocrx_word' id='word_1_9' title='bbox 1985 155 2014 193; x_wconf 89' lang='lat'><strong>1.</strong></span> 
     </span>
    </p>
   </div>
   <div class='ocr_carea' id='block_1_3' title="bbox 2377 146 2454 197">
    <p class='ocr_par' dir='ltr' id='par_1_3' title="bbox 2377 146 2454 197">
     <span class='ocr_line' id='line_1_3' title="bbox 2377 146 2454 197; baseline 0 0"><span class='ocrx_word' id='word_1_10' title='bbox 2377 146 2454 197; x_wconf 63' lang='lat'><strong>556</strong></span> 
     </span>
    </p>
   </div>
   <div class='ocr_carea' id='block_1_4' title="bbox 285 228 2455 294">
    <p class='ocr_par' dir='ltr' id='par_1_4' title="bbox 285 228 2455 294">
     <span class='ocr_line' id='line_1_4' title="bbox 285 228 2455 294; baseline -0.002 -12"><span class='ocrx_word' id='word_1_11' title='bbox 285 251 400 294; x_wconf 70' lang='lat' dir='ltr'><strong>spectu</strong></span> <span class='ocrx_word' id='word_1_12' title='bbox 417 247 527 279; x_wconf 85' lang='lat' dir='ltr'><strong>vestro</strong></span> <span class='ocrx_word' id='word_1_13' title='bbox 541 238 671 287; x_wconf 71' lang='lat' dir='ltr'><strong>qtadto.</strong></span> <span class='ocrx_word' id='word_1_14' title='bbox 695 234 797 270; x_wconf 83' lang='lat' dir='ltr'><strong>Illum</strong></span> <span class='ocrx_word' id='word_1_15' title='bbox 827 231 952 268; x_wconf 89' lang='lat' dir='ltr'><strong>dicens</strong></span> <span class='ocrx_word' id='word_1_16' title='bbox 981 237 1088 286; x_wconf 82' lang='lat' dir='ltr'><strong>quem</strong></span> <span class='ocrx_word' id='word_1_17' title='bbox 1118 230 1250 267; x_wconf 86' lang='lat' dir='ltr'><strong>Paulus</strong></span> <span class='ocrx_word' id='word_1_18' title='bbox 1281 228 1336 265; x_wconf 86' lang='lat' dir='ltr'><strong>sie</strong></span> <span class='ocrx_word' id='word_1_19' title='bbox 1351 231 1388 272; x_wconf 82' lang='grc' dir='ltr'><strong>Α</strong></span> <span class='ocrx_word' id='word_1_20' title='bbox 1403 229 1481 276; x_wconf 90' lang='lat' dir='ltr'><strong>ipso</strong></span> <span class='ocrx_word' id='word_1_21' title='bbox 1494 230 1623 277; x_wconf 82' lang='lat' dir='ltr'><strong>spiritu</strong></span> <span class='ocrx_word' id='word_1_22' title='bbox 1635 229 1818 269; x_wconf 75' lang='lat' dir='ltr'><strong>mutabilis</strong></span> <span class='ocrx_word' id='word_1_23' title='bbox 1835 237 1902 276; x_wconf 85' lang='lat' dir='ltr'><strong>est,</strong></span> <span class='ocrx_word' id='word_1_24' title='bbox 1925 232 2018 270; x_wconf 81' lang='lat' dir='ltr'><strong>sicut</strong></span> <span class='ocrx_word' id='word_1_25' title='bbox 2041 228 2175 278; x_wconf 69' lang='lat' dir='ltr'><strong>anima,</strong></span> <span class='ocrx_word' id='word_1_26' title='bbox 2206 230 2274 271; x_wconf 58' lang='lat' dir='ltr'><strong>§eff</strong></span> <span class='ocrx_word' id='word_1_27' title='bbox 2300 234 2455 284; x_wconf 55' lang='lat' dir='ltr'><strong>spiritui*</strong></span> 
     </span>
    </p>
   </div>
   <div class='ocr_carea' id='block_1_5' title="bbox 277 289 1336 1132">
    <p class='ocr_par' dir='ltr' id='par_1_5' title="bbox 277 289 1336 1132">
     <span class='ocr_line' id='line_1_5' title="bbox 283 289 1336 348; baseline -0.019 -3"><span class='ocrx_word' id='word_1_28' title='bbox 283 306 446 345; x_wconf 86' lang='lat' dir='ltr'><strong>scribens</strong></span> <span class='ocrx_word' id='word_1_29' title='bbox 463 299 628 348; x_wconf 81' lang='lat' dir='ltr'><strong>exposuit</strong></span> <span class='ocrx_word' id='word_1_30' title='bbox 649 306 658 331; x_wconf 76' lang='grc' dir='ltr'>ε</span> <span class='ocrx_word' id='word_1_31' title='bbox 679 303 760 330; x_wconf 85' lang='lat' dir='ltr'><strong>eum</strong></span> <span class='ocrx_word' id='word_1_32' title='bbox 781 292 878 328; x_wconf 89' lang='lat' dir='ltr'><strong>enim</strong></span> <span class='ocrx_word' id='word_1_33' title='bbox 897 291 998 338; x_wconf 86' lang='lat' dir='ltr'><strong>prius</strong></span> <span class='ocrx_word' id='word_1_34' title='bbox 1029 290 1191 332; x_wconf 78' lang='lat' dir='ltr'><strong>dixisset,</strong></span> <span class='ocrx_word' id='word_1_35' title='bbox 1214 289 1336 325; x_wconf 87' lang='lat' dir='ltr'><strong>inimi·-</strong></span> 
     </span>
     <span class='ocr_line' id='line_1_6' title="bbox 283 348 1335 403; baseline -0.018 -2"><span class='ocrx_word' id='word_1_36' title='bbox 283 374 408 401; x_wconf 87' lang='lat' dir='ltr'><strong>corum</strong></span> <span class='ocrx_word' id='word_1_37' title='bbox 430 361 557 403; x_wconf 83' lang='lat' dir='ltr'><strong>millia,</strong></span> <span class='ocrx_word' id='word_1_38' title='bbox 573 358 608 393; x_wconf 88' lang='lat' dir='ltr'><strong>id</strong></span> <span class='ocrx_word' id='word_1_39' title='bbox 621 358 688 396; x_wconf 90' lang='lat' dir='ltr'><strong>est,</strong></span> <span class='ocrx_word' id='word_1_40' title='bbox 706 363 776 387; x_wconf 84' lang='lat' dir='ltr'><strong>non</strong></span> <span class='ocrx_word' id='word_1_41' title='bbox 794 355 845 386; x_wconf 85' lang='lat' dir='ltr'><strong>est</strong></span> <span class='ocrx_word' id='word_1_42' title='bbox 864 350 961 386; x_wconf 78' lang='lat' dir='ltr'><strong>nobis</strong></span> <span class='ocrx_word' id='word_1_43' title='bbox 985 348 1185 385; x_wconf 78' lang='lat' dir='ltr'><em>colluctatio</em></span> <span class='ocrx_word' id='word_1_44' title='bbox 1214 349 1335 384; x_wconf 83' lang='lat' dir='ltr'><strong>adver-</strong></span> 
     </span>
     <span class='ocr_line' id='line_1_7' title="bbox 282 411 1334 462; baseline -0.014 0"><span class='ocrx_word' id='word_1_45' title='bbox 282 437 341 462; x_wconf 84' lang='lat' dir='ltr'><strong>sus</strong></span> <span class='ocrx_word' id='word_1_46' title='bbox 359 433 496 460; x_wconf 84' lang='lat' dir='ltr'><strong>carnem</strong></span> <span class='ocrx_word' id='word_1_47' title='bbox 513 427 544 455; x_wconf 91' lang='lat' dir='ltr'><strong>et</strong></span> <span class='ocrx_word' id='word_1_48' title='bbox 571 414 790 462; x_wconf 73' lang='lat' dir='ltr'><strong>sanquinem,</strong></span> <span class='ocrx_word' id='word_1_49' title='bbox 817 412 878 448; x_wconf 85' lang='lat' dir='ltr'><strong>sed</strong></span> <span class='ocrx_word' id='word_1_50' title='bbox 907 411 1073 448; x_wconf 77' lang='lat' dir='ltr'><strong>adversus</strong></span> <span class='ocrx_word' id='word_1_51' title='bbox 1099 411 1272 459; x_wconf 75' lang='lat' dir='ltr'><strong><em>principes</em></strong></span> <span class='ocrx_word' id='word_1_52' title='bbox 1300 417 1334 447; x_wconf 82' lang='lat' dir='ltr'><strong>et</strong></span> 
     </span>
     <span class='ocr_line' id='line_1_8' title="bbox 281 473 1334 533; baseline -0.013 -10"><span class='ocrx_word' id='word_1_53' title='bbox 281 490 476 533; x_wconf 81' lang='lat' dir='ltr'><em>potestates,</em></span> <span class='ocrx_word' id='word_1_54' title='bbox 498 474 679 515; x_wconf 86' lang='lat' dir='ltr'><strong>adversum</strong></span> <span class='ocrx_word' id='word_1_55' title='bbox 694 474 816 510; x_wconf 85' lang='lat' dir='ltr'><strong>mundi</strong></span> <span class='ocrx_word' id='word_1_56' title='bbox 843 477 991 509; x_wconf 86' lang='lat' dir='ltr'><strong>rectores</strong></span> <span class='ocrx_word' id='word_1_57' title='bbox 1019 473 1239 509; x_wconf 85' lang='lat' dir='ltr'><strong>tenebrarum</strong></span> <span class='ocrx_word' id='word_1_58' title='bbox 1270 473 1334 509; x_wconf 80' lang='lat' dir='ltr'><strong>ha-</strong></span> 
     </span>
     <span class='ocr_line' id='line_1_9' title="bbox 282 531 1336 590; baseline -0.011 -7"><span class='ocrx_word' id='word_1_59' title='bbox 282 559 372 590; x_wconf 84' lang='lat' dir='ltr'><strong>rum,</strong></span> <span class='ocrx_word' id='word_1_60' title='bbox 389 545 552 580; x_wconf 82' lang='lat' dir='ltr'><strong>adversus</strong></span> <span class='ocrx_word' id='word_1_61' title='bbox 573 537 746 586; x_wconf 73' lang='lat' dir='ltr'><strong><em>spiritalia</em></strong></span> <span class='ocrx_word' id='word_1_62' title='bbox 764 536 926 584; x_wconf 85' lang='lat' dir='ltr'><strong>nequitioe</strong></span> <span class='ocrx_word' id='word_1_63' title='bbox 941 537 979 572; x_wconf 85' lang='lat' dir='ltr'><strong>in</strong></span> <span class='ocrx_word' id='word_1_64' title='bbox 993 531 1199 580; x_wconf 85' lang='lat' dir='ltr'><strong>coelestibus,</strong></span> <span class='ocrx_word' id='word_1_65' title='bbox 1215 532 1336 587; x_wconf 74' lang='lat' dir='ltr'><strong>subin-</strong></span> 
     </span>
     <span class='ocr_line' id='line_1_10' title="bbox 280 596 1332 649; baseline -0.009 -8"><span class='ocrx_word' id='word_1_66' title='bbox 280 607 347 643; x_wconf 87' lang='lat' dir='ltr'><strong>sert</strong></span> <span class='ocrx_word' id='word_1_67' title='bbox 370 601 587 649; x_wconf 84' lang='lat' dir='ltr'><em>:Propterea</em></span> <span class='ocrx_word' id='word_1_68' title='bbox 617 598 763 645; x_wconf 86' lang='lat' dir='ltr'><strong>accipite</strong></span> <span class='ocrx_word' id='word_1_69' title='bbox 785 603 1003 633; x_wconf 87' lang='lat' dir='ltr'><strong>armaturam</strong></span> <span class='ocrx_word' id='word_1_70' title='bbox 1038 596 1118 641; x_wconf 88' lang='lat' dir='ltr'><strong>Dei,</strong></span> <span class='ocrx_word' id='word_1_71' title='bbox 1146 607 1256 644; x_wconf 87' lang='lat' dir='ltr'><strong>quam</strong></span> <span class='ocrx_word' id='word_1_72' title='bbox 1282 596 1332 632; x_wconf 91' lang='lat' dir='ltr'><strong>si-</strong></span> 
     </span>
     <span class='ocr_line' id='line_1_11' title="bbox 279 656 1334 713; baseline -0.009 -12"><span class='ocrx_word' id='word_1_73' title='bbox 279 665 427 713; x_wconf 84' lang='lat' dir='ltr'><strong>gillatim</strong></span> <span class='ocrx_word' id='word_1_74' title='bbox 446 663 679 698; x_wconf 78' lang='lat' dir='ltr'>dinumerans</span> <span class='ocrx_word' id='word_1_75' title='bbox 693 659 743 694; x_wconf 89' lang='lat' dir='ltr'><strong>ait</strong></span> <span class='ocrx_word' id='word_1_76' title='bbox 766 671 774 694; x_wconf 71' lang='grc' dir='ltr'>ς</span> <span class='ocrx_word' id='word_1_77' title='bbox 797 658 844 694; x_wconf 89' lang='lat' dir='ltr'><strong>Et</strong></span> <span class='ocrx_word' id='word_1_78' title='bbox 867 657 1023 705; x_wconf 68' lang='lat' dir='ltr'><strong>aladium</strong></span> <span class='ocrx_word' id='word_1_79' title='bbox 1053 658 1212 704; x_wconf 84' lang='lat' dir='ltr'><strong>spiritus,</strong></span> <span class='ocrx_word' id='word_1_80' title='bbox 1241 656 1334 703; x_wconf 84' lang='lat' dir='ltr'><strong>quod</strong></span> 
     </span>
     <span class='ocr_line' id='line_1_12' title="bbox 278 715 1334 766; baseline -0.009 -4"><span class='ocrx_word' id='word_1_81' title='bbox 278 733 325 762; x_wconf 84' lang='lat' dir='ltr'><strong>cst</strong></span> <span class='ocrx_word' id='word_1_82' title='bbox 344 724 480 761; x_wconf 82' lang='lat' dir='ltr'><strong>verbum</strong></span> <span class='ocrx_word' id='word_1_83' title='bbox 495 721 572 757; x_wconf 81' lang='lat' dir='ltr'><strong>Dei.</strong></span> <span class='ocrx_word' id='word_1_84' title='bbox 595 719 791 766; x_wconf 85' lang='lat' dir='ltr'><strong>Respiciam</strong></span> <span class='ocrx_word' id='word_1_85' title='bbox 812 731 869 755; x_wconf 85' lang='lat' dir='ltr'><strong>vos</strong></span> <span class='ocrx_word' id='word_1_86' title='bbox 888 730 899 754; x_wconf 92' lang='grc'><strong>.·</strong></span> <span class='ocrx_word' id='word_1_87' title='bbox 917 716 1009 763; x_wconf 86' lang='lat' dir='ltr'><strong>Quid</strong></span> <span class='ocrx_word' id='word_1_88' title='bbox 1024 723 1078 754; x_wconf 89' lang='lat' dir='ltr'><strong>est</strong></span> <span class='ocrx_word' id='word_1_89' title='bbox 1093 718 1190 754; x_wconf 85' lang='lat' dir='ltr'><strong>enim</strong></span> <span class='ocrx_word' id='word_1_90' title='bbox 1207 715 1334 753; x_wconf 90' lang='lat' dir='ltr'><strong>melius</strong></span> 
     </span>
     <span class='ocr_line' id='line_1_13' title="bbox 279 768 1333 832; baseline -0.01 -10"><span class='ocrx_word' id='word_1_91' title='bbox 279 796 384 832; x_wconf 88' lang='lat' dir='ltr'><strong>quam</strong></span> <span class='ocrx_word' id='word_1_92' title='bbox 403 783 533 830; x_wconf 84' lang='lat' dir='ltr'>respici</span> <span class='ocrx_word' id='word_1_93' title='bbox 550 793 569 817; x_wconf 89' lang='lat' dir='ltr'><strong>a</strong></span> <span class='ocrx_word' id='word_1_94' title='bbox 585 781 669 823; x_wconf 92' lang='lat' dir='ltr'><strong>Deo,</strong></span> <span class='ocrx_word' id='word_1_95' title='bbox 691 779 793 824; x_wconf 87' lang='lat' dir='ltr'><strong>cujus</strong></span> <span class='ocrx_word' id='word_1_96' title='bbox 808 784 995 826; x_wconf 89' lang='lat' dir='ltr'><strong>respectus</strong></span> <span class='ocrx_word' id='word_1_97' title='bbox 1009 777 1107 814; x_wconf 86' lang='lat' dir='ltr'><strong>salus</strong></span> <span class='ocrx_word' id='word_1_98' title='bbox 1122 778 1198 814; x_wconf 85' lang='lat' dir='ltr'><strong>est?</strong></span> <span class='ocrx_word' id='word_1_99' title='bbox 1218 768 1333 813; x_wconf 77' lang='lat' dir='ltr'><strong>Aver-</strong></span> 
     </span>
     <span class='ocr_line' id='line_1_14' title="bbox 279 838 1336 887; baseline -0.011 -3"><span class='ocrx_word' id='word_1_100' title='bbox 279 849 368 884; x_wconf 82' lang='lat' dir='ltr'><strong>satio</strong></span> <span class='ocrx_word' id='word_1_101' title='bbox 387 856 483 882; x_wconf 85' lang='lat' dir='ltr'><strong>mors</strong></span> <span class='ocrx_word' id='word_1_102' title='bbox 503 849 571 880; x_wconf 84' lang='lat' dir='ltr'><strong>est.</strong></span> <span class='ocrx_word' id='word_1_103' title='bbox 590 842 637 878; x_wconf 86' lang='lat' dir='ltr'><strong>Et</strong></span> <span class='ocrx_word' id='word_1_104' title='bbox 657 853 810 877; x_wconf 81' lang='lat' dir='ltr'><strong>crescere</strong></span> <span class='ocrx_word' id='word_1_105' title='bbox 826 841 972 887; x_wconf 80' lang='lat' dir='ltr'><strong>faciam,</strong></span> <span class='ocrx_word' id='word_1_106' title='bbox 993 847 1025 875; x_wconf 89' lang='lat' dir='ltr'><strong>et</strong></span> <span class='ocrx_word' id='word_1_107' title='bbox 1039 838 1336 883; x_wconf 84' lang='lat' dir='ltr'><strong>multiplicabimi-</strong></span> 
     </span>
     <span class='ocr_line' id='line_1_15' title="bbox 279 898 1334 953; baseline -0.01 -9"><span class='ocrx_word' id='word_1_108' title='bbox 279 911 313 945; x_wconf 83' lang='lat' dir='ltr'><strong>ni</strong></span> <span class='ocrx_word' id='word_1_109' title='bbox 335 919 346 942; x_wconf 91' lang='lat'><strong>.·</strong></span> <span class='ocrx_word' id='word_1_110' title='bbox 365 907 480 953; x_wconf 81' lang='lat' dir='ltr'>Auget</span> <span class='ocrx_word' id='word_1_111' title='bbox 494 915 559 941; x_wconf 91' lang='lat' dir='ltr'><strong>nos</strong></span> <span class='ocrx_word' id='word_1_112' title='bbox 579 903 734 949; x_wconf 88' lang='lat' dir='ltr'><strong>quidem,</strong></span> <span class='ocrx_word' id='word_1_113' title='bbox 754 912 835 938; x_wconf 90' lang='lat' dir='ltr'><strong>cum</strong></span> <span class='ocrx_word' id='word_1_114' title='bbox 850 911 963 947; x_wconf 86' lang='lat' dir='ltr'><strong>parva</strong></span> <span class='ocrx_word' id='word_1_115' title='bbox 981 900 1075 936; x_wconf 86' lang='lat' dir='ltr'><strong>bona</strong></span> <span class='ocrx_word' id='word_1_116' title='bbox 1094 909 1172 945; x_wconf 83' lang='lat' dir='ltr'><strong>quae</strong></span> <span class='ocrx_word' id='word_1_117' title='bbox 1182 898 1334 946; x_wconf 81' lang='lat' dir='ltr'>agimus,</span> 
     </span>
     <span class='ocr_line' id='line_1_16' title="bbox 278 958 1336 1011; baseline -0.011 -6"><span class='ocrx_word' id='word_1_118' title='bbox 278 970 434 1005; x_wconf 85' lang='lat' dir='ltr'><strong>maxima</strong></span> <span class='ocrx_word' id='word_1_119' title='bbox 469 966 555 1002; x_wconf 80' lang='lat' dir='ltr'><strong>facit</strong></span> <span class='ocrx_word' id='word_1_120' title='bbox 583 973 759 1011; x_wconf 89' lang='lat' dir='ltr'><strong>apparere</strong></span> <span class='ocrx_word' id='word_1_121' title='bbox 778 975 787 1006; x_wconf 91' lang='lat'>;</span> <span class='ocrx_word' id='word_1_122' title='bbox 805 962 1021 1008; x_wconf 87' lang='lat' dir='ltr'><strong>multiplicat</strong></span> <span class='ocrx_word' id='word_1_123' title='bbox 1051 966 1185 1004; x_wconf 90' lang='lat' dir='ltr'><strong>autem,</strong></span> <span class='ocrx_word' id='word_1_124' title='bbox 1220 958 1336 1006; x_wconf 85' lang='lat' dir='ltr'><strong>pauca</strong></span> 
     </span>
     <span class='ocr_line' id='line_1_17' title="bbox 277 1023 1335 1067; baseline -0.012 0"><span class='ocrx_word' id='word_1_125' title='bbox 277 1040 440 1067; x_wconf 87' lang='lat' dir='ltr'><strong>crescere</strong></span> <span class='ocrx_word' id='word_1_126' title='bbox 459 1028 597 1064; x_wconf 87' lang='lat' dir='ltr'><strong>faciens</strong></span> <span class='ocrx_word' id='word_1_127' title='bbox 615 1026 654 1062; x_wconf 92' lang='lat' dir='ltr'><strong>in</strong></span> <span class='ocrx_word' id='word_1_128' title='bbox 671 1025 807 1061; x_wconf 87' lang='lat' dir='ltr'><strong>multis.</strong></span> <span class='ocrx_word' id='word_1_129' title='bbox 836 1023 890 1059; x_wconf 90' lang='lat' dir='ltr'><strong>An</strong></span> <span class='ocrx_word' id='word_1_130' title='bbox 924 1033 997 1058; x_wconf 89' lang='lat' dir='ltr'><strong>non</strong></span> <span class='ocrx_word' id='word_1_131' title='bbox 1026 1031 1160 1067; x_wconf 83' lang='lat' dir='ltr'><strong>augens</strong></span> <span class='ocrx_word' id='word_1_132' title='bbox 1190 1024 1335 1056; x_wconf 87' lang='lat' dir='ltr'><strong>nostras</strong></span> 
     </span>
     <span class='ocr_line' id='line_1_18' title="bbox 277 1078 1335 1132; baseline -0.012 -6"><span class='ocrx_word' id='word_1_133' title='bbox 277 1092 430 1126; x_wconf 76' lang='lat' dir='ltr'><strong>virtutes</strong></span> <span class='ocrx_word' id='word_1_134' title='bbox 468 1093 504 1123; x_wconf 88' lang='lat' dir='ltr'><strong>et</strong></span> <span class='ocrx_word' id='word_1_135' title='bbox 540 1084 775 1132; x_wconf 87' lang='lat' dir='ltr'><strong>magnificans</strong></span> <span class='ocrx_word' id='word_1_136' title='bbox 815 1082 956 1118; x_wconf 80' lang='lat' dir='ltr'><strong>dicebat</strong></span> <span class='ocrx_word' id='word_1_137' title='bbox 978 1093 985 1116; x_wconf 89' lang='lat'><strong>:</strong></span> <span class='ocrx_word' id='word_1_138' title='bbox 1008 1078 1174 1123; x_wconf 82' lang='lat' dir='ltr'><strong>Quandiu</strong></span> <span class='ocrx_word' id='word_1_139' title='bbox 1206 1078 1335 1124; x_wconf 79' lang='lat' dir='ltr'><strong>fecistis</strong></span> 
     </span>
    </p>
   </div>
   <div class='ocr_carea' id='block_1_6' title="bbox 1401 284 2509 1131">
    <p class='ocr_par' dir='ltr' id='par_1_6' title="bbox 1401 284 2509 1131">
     <span class='ocr_line' id='line_1_19' title="bbox 1402 284 2449 343; baseline 0.011 -16"><span class='ocrx_word' id='word_1_140' title='bbox 1402 284 1458 327; x_wconf 79' lang='lat' dir='ltr'><strong>est</strong></span> <span class='ocrx_word' id='word_1_141' title='bbox 1478 285 1587 336; x_wconf 76' lang='lat' dir='ltr'><strong>oeus,</strong></span> <span class='ocrx_word' id='word_1_142' title='bbox 1609 297 1646 329; x_wconf 84' lang='lat' dir='ltr'><strong>et</strong></span> <span class='ocrx_word' id='word_1_143' title='bbox 1662 291 1804 339; x_wconf 75' lang='lat' dir='ltr'><strong>senipet-</strong></span> <span class='ocrx_word' id='word_1_144' title='bbox 1822 295 1856 330; x_wconf 86' lang='lat' dir='ltr'><strong>ei</strong></span> <span class='ocrx_word' id='word_1_145' title='bbox 1872 293 1968 331; x_wconf 84' lang='lat' dir='ltr'><strong>idem&#39;</strong></span> <span class='ocrx_word' id='word_1_146' title='bbox 1981 304 2074 338; x_wconf 86' lang='lat' dir='ltr'><strong>esse,</strong></span> <span class='ocrx_word' id='word_1_147' title='bbox 2092 295 2187 341; x_wconf 81' lang='lat' dir='ltr'><strong>apud</strong></span> <span class='ocrx_word' id='word_1_148' title='bbox 2206 295 2306 343; x_wconf 70' lang='lat' dir='ltr'><strong>quem</strong></span> <span class='ocrx_word' id='word_1_149' title='bbox 2319 295 2390 336; x_wconf 69' lang='lat' dir='ltr'><strong>lton</strong></span> <span class='ocrx_word' id='word_1_150' title='bbox 2397 307 2449 338; x_wconf 77' lang='lat' dir='ltr'><strong>est</strong></span> 
     </span>
     <span class='ocr_line' id='line_1_20' title="bbox 1403 351 2454 408; baseline 0.01 -19"><span class='ocrx_word' id='word_1_151' title='bbox 1403 351 1626 391; x_wconf 81' lang='lat' dir='ltr'><strong>commutatio</strong></span> <span class='ocrx_word' id='word_1_152' title='bbox 1640 353 1783 403; x_wconf 58' lang='lat' dir='ltr'><strong>(Jacom</strong></span> <span class='ocrx_word' id='word_1_153' title='bbox 1799 355 1848 404; x_wconf 90' lang='lat'><strong>1).</strong></span> <span class='ocrx_word' id='word_1_154' title='bbox 1865 356 1957 394; x_wconf 80' lang='lat' dir='ltr'><strong>Hinc</strong></span> <span class='ocrx_word' id='word_1_155' title='bbox 1980 359 2102 394; x_wconf 84' lang='lat' dir='ltr'><strong>autem</strong></span> <span class='ocrx_word' id='word_1_156' title='bbox 2115 364 2332 404; x_wconf 85' lang='lat' dir='ltr'><strong>acceperunt</strong></span> <span class='ocrx_word' id='word_1_157' title='bbox 2345 351 2454 408; x_wconf 65' lang='lat' dir='ltr'><strong>Apol-</strong></span> 
     </span>
     <span class='ocr_line' id='line_1_21' title="bbox 1401 407 2455 462; baseline 0.007 -12"><span class='ocrx_word' id='word_1_158' title='bbox 1401 413 1573 457; x_wconf 78' lang='lat' dir='ltr'><strong>linaristae</strong></span> <span class='ocrx_word' id='word_1_159' title='bbox 1580 407 1821 460; x_wconf 63' lang='lat' dir='ltr'><strong>occasionem,</strong></span> <span class='ocrx_word' id='word_1_160' title='bbox 1829 411 1891 462; x_wconf 66' lang='lat' dir='ltr'><strong>dui</strong></span> <span class='ocrx_word' id='word_1_161' title='bbox 1904 414 2027 454; x_wconf 71' lang='lat' dir='ltr'><strong>dicunt</strong></span> <span class='ocrx_word' id='word_1_162' title='bbox 2039 414 2196 454; x_wconf 72' lang='lat' dir='ltr'><strong>animam</strong></span> <span class='ocrx_word' id='word_1_163' title='bbox 2204 424 2276 455; x_wconf 81' lang='lat' dir='ltr'><strong>non</strong></span> <span class='ocrx_word' id='word_1_164' title='bbox 2285 419 2455 458; x_wconf 68' lang='lat' dir='ltr'><strong>habuisse</strong></span> 
     </span>
     <span class='ocr_line' id='line_1_22' title="bbox 1401 469 2454 521; baseline 0.008 -10"><span class='ocrx_word' id='word_1_165' title='bbox 1401 471 1638 512; x_wconf 79' lang='lat' dir='ltr'><strong>mediatorem·</strong></span> <span class='ocrx_word' id='word_1_166' title='bbox 1665 470 1733 512; x_wconf 84' lang='lat' dir='ltr'><strong>Dei</strong></span> <span class='ocrx_word' id='word_1_167' title='bbox 1761 475 1799 513; x_wconf 84' lang='lat' dir='ltr'><strong>et</strong></span> <span class='ocrx_word' id='word_1_168' title='bbox 1825 469 2035 521; x_wconf 70' lang='lat' dir='ltr'><strong>hominum,</strong></span> <span class='ocrx_word' id='word_1_169' title='bbox 2063 478 2247 516; x_wconf 87' lang='lat' dir='ltr'><strong>hominem</strong></span> <span class='ocrx_word' id='word_1_170' title='bbox 2272 473 2454 521; x_wconf 75' lang='lat' dir='ltr'><strong>Chi-istum</strong></span> 
     </span>
     <span class='ocr_line' id='line_1_23' title="bbox 1402 528 2456 585; baseline 0.006 -13"><span class='ocrx_word' id='word_1_171' title='bbox 1402 534 1537 578; x_wconf 68' lang='lat' dir='ltr'><strong>lesum,</strong></span> <span class='ocrx_word' id='word_1_172' title='bbox 1556 535 1619 572; x_wconf 82' lang='lat' dir='ltr'><strong>sed</strong></span> <span class='ocrx_word' id='word_1_173' title='bbox 1641 530 1782 571; x_wconf 74' lang='lat' dir='ltr'><strong>tantum</strong></span> <span class='ocrx_word' id='word_1_174' title='bbox 1813 534 1964 573; x_wconf 66' lang='lat' dir='ltr'><strong>verbum</strong></span> <span class='ocrx_word' id='word_1_175' title='bbox 1983 536 2020 573; x_wconf 90' lang='lat' dir='ltr'><strong>et</strong></span> <span class='ocrx_word' id='word_1_176' title='bbox 2037 539 2183 574; x_wconf 65' lang='lat' dir='ltr'><strong>carneus</strong></span> <span class='ocrx_word' id='word_1_177' title='bbox 2213 539 2340 585; x_wconf 78' lang='lat' dir='ltr'><strong>fuisse,</strong></span> <span class='ocrx_word' id='word_1_178' title='bbox 2373 528 2456 577; x_wconf 67' lang='lat' dir='ltr'><strong>tium</strong></span> 
     </span>
     <span class='ocr_line' id='line_1_24' title="bbox 1403 594 2456 644; baseline 0.008 -14"><span class='ocrx_word' id='word_1_179' title='bbox 1403 594 1538 631; x_wconf 85' lang='lat' dir='ltr'><strong>diceret</strong></span> <span class='ocrx_word' id='word_1_180' title='bbox 1555 610 1564 631; x_wconf 88' lang='grc'>;</span> <span class='ocrx_word' id='word_1_181' title='bbox 1585 594 1712 631; x_wconf 84' lang='lat' dir='ltr'><strong>Tristis</strong></span> <span class='ocrx_word' id='word_1_182' title='bbox 1727 602 1776 631; x_wconf 85' lang='lat' dir='ltr'><strong>est</strong></span> <span class='ocrx_word' id='word_1_183' title='bbox 1795 596 1914 632; x_wconf 79' lang='lat' dir='ltr'><strong>anima</strong></span> <span class='ocrx_word' id='word_1_184' title='bbox 1927 600 2006 632; x_wconf 86' lang='lat' dir='ltr'><strong>mea</strong></span> <span class='ocrx_word' id='word_1_185' title='bbox 2021 598 2128 643; x_wconf 79' lang='lat' dir='ltr'><strong>usque</strong></span> <span class='ocrx_word' id='word_1_186' title='bbox 2143 596 2190 633; x_wconf 77' lang='lat' dir='ltr'><strong>ad</strong></span> <span class='ocrx_word' id='word_1_187' title='bbox 2213 596 2372 644; x_wconf 71' lang='lat' dir='ltr'><strong>mortem,</strong></span> <span class='ocrx_word' id='word_1_188' title='bbox 2392 600 2456 638; x_wconf 89' lang='lat' dir='ltr'><strong>sed</strong></span> 
     </span>
     <span class='ocr_line' id='line_1_25' title="bbox 1402 653 2456 704; baseline 0.005 -13"><span class='ocrx_word' id='word_1_189' title='bbox 1402 656 1481 701; x_wconf 91' lang='lat' dir='ltr'><strong>ipso</strong></span> <span class='ocrx_word' id='word_1_190' title='bbox 1499 653 1578 699; x_wconf 78' lang='lat' dir='ltr'><strong>ejus</strong></span> <span class='ocrx_word' id='word_1_191' title='bbox 1596 653 1678 690; x_wconf 84' lang='lat' dir='ltr'><strong>actu</strong></span> <span class='ocrx_word' id='word_1_192' title='bbox 1696 655 1757 701; x_wconf 88' lang='lat' dir='ltr'><strong>qui</strong></span> <span class='ocrx_word' id='word_1_193' title='bbox 1781 656 1884 692; x_wconf 89' lang='lat' dir='ltr'><strong>nobis</strong></span> <span class='ocrx_word' id='word_1_194' title='bbox 1908 654 1974 701; x_wconf 84' lang='lat' dir='ltr'><strong>per</strong></span> <span class='ocrx_word' id='word_1_195' title='bbox 1990 655 2232 704; x_wconf 68' lang='lat' dir='ltr'><strong>evangelicam</strong></span> <span class='ocrx_word' id='word_1_196' title='bbox 2250 658 2456 696; x_wconf 80' lang='lat' dir='ltr'><strong>declaratur</strong></span> 
     </span>
     <span class='ocr_line' id='line_1_26' title="bbox 1402 711 2458 765; baseline 0.007 -14"><span class='ocrx_word' id='word_1_197' title='bbox 1402 715 1592 752; x_wconf 80' lang='lat' dir='ltr'><strong>historiam</strong></span> <span class='ocrx_word' id='word_1_198' title='bbox 1612 715 1665 751; x_wconf 93' lang='lat' dir='ltr'><strong>sic</strong></span> <span class='ocrx_word' id='word_1_199' title='bbox 1693 718 1867 762; x_wconf 75' lang='lat' dir='ltr'>apparent</span> <span class='ocrx_word' id='word_1_200' title='bbox 1896 711 2065 753; x_wconf 59' lang='lat' dir='ltr'><strong>humanas</strong></span> <span class='ocrx_word' id='word_1_201' title='bbox 2094 716 2223 755; x_wconf 72' lang='lat' dir='ltr'><strong>anitiiae&#39;</strong></span> <span class='ocrx_word' id='word_1_202' title='bbox 2249 719 2384 765; x_wconf 75' lang='lat' dir='ltr'><strong>officia,</strong></span> <span class='ocrx_word' id='word_1_203' title='bbox 2415 727 2458 759; x_wconf 88' lang='lat' dir='ltr'><strong>ut</strong></span> 
     </span>
     <span class='ocr_line' id='line_1_27' title="bbox 1402 770 2454 818; baseline 0.007 -7"><span class='ocrx_word' id='word_1_204' title='bbox 1402 776 1487 812; x_wconf 88' lang='lat' dir='ltr'><strong>hinc</strong></span> <span class='ocrx_word' id='word_1_205' title='bbox 1510 770 1676 812; x_wconf 83' lang='lat' dir='ltr'><strong>dubitare</strong></span> <span class='ocrx_word' id='word_1_206' title='bbox 1694 776 1870 813; x_wconf 84' lang='lat' dir='ltr'><strong>dementis</strong></span> <span class='ocrx_word' id='word_1_207' title='bbox 1890 777 1949 813; x_wconf 90' lang='lat' dir='ltr'><strong>sit.</strong></span> <span class='ocrx_word' id='word_1_208' title='bbox 1965 772 2159 814; x_wconf 56' lang='lat' dir='ltr'><strong>Amittit&amp;</strong></span> <span class='ocrx_word' id='word_1_209' title='bbox 2173 772 2264 816; x_wconf 72' lang='lat' dir='ltr'><strong>intei-</strong></span> <span class='ocrx_word' id='word_1_210' title='bbox 2276 791 2334 817; x_wconf 82' lang='lat' dir='ltr'><strong>vos</strong></span> <span class='ocrx_word' id='word_1_211' title='bbox 2344 783 2376 817; x_wconf 82' lang='lat' dir='ltr'><strong>et</strong></span> <span class='ocrx_word' id='word_1_212' title='bbox 2395 792 2454 818; x_wconf 84' lang='lat' dir='ltr'><strong>cro</strong></span> 
     </span>
     <span class='ocr_line' id='line_1_28' title="bbox 1403 834 2509 890; baseline 0.006 -17"><span class='ocrx_word' id='word_1_213' title='bbox 1403 843 1512 874; x_wconf 83' lang='lat' dir='ltr'><strong>vester</strong></span> <span class='ocrx_word' id='word_1_214' title='bbox 1526 838 1635 882; x_wconf 87' lang='lat' dir='ltr'><strong>Deus,</strong></span> <span class='ocrx_word' id='word_1_215' title='bbox 1658 846 1782 885; x_wconf 80' lang='lat' dir='ltr'><strong>vosque</strong></span> <span class='ocrx_word' id='word_1_216' title='bbox 1801 839 1896 874; x_wconf 84' lang='lat' dir='ltr'><strong>eritis</strong></span> <span class='ocrx_word' id='word_1_217' title='bbox 1910 838 2057 887; x_wconf 82' lang='lat' dir='ltr'><strong>populus</strong></span> <span class='ocrx_word' id='word_1_218' title='bbox 2089 840 2199 877; x_wconf 63' lang='lat' dir='ltr'><strong>nicus.</strong></span> <span class='ocrx_word' id='word_1_219' title='bbox 2234 840 2312 889; x_wconf 77' lang='lat' dir='ltr'><strong>(Ex</strong></span> <span class='ocrx_word' id='word_1_220' title='bbox 2339 834 2456 890; x_wconf 77' lang='lat' dir='ltr'><strong>Hesy-</strong></span> <span class='ocrx_word' id='word_1_221' title='bbox 2508 835 2509 838; x_wconf 25' lang='lat'>¹</span> 
     </span>
     <span class='ocr_line' id='line_1_29' title="bbox 1404 893 2456 949; baseline 0.007 -15"><span class='ocrx_word' id='word_1_222' title='bbox 1404 899 1516 946; x_wconf 78' lang='lat' dir='ltr'><strong>chio.)</strong></span> <span class='ocrx_word' id='word_1_223' title='bbox 1533 898 1666 945; x_wconf 81' lang='lat' dir='ltr'><strong>Aperte</strong></span> <span class='ocrx_word' id='word_1_224' title='bbox 1691 904 1810 935; x_wconf 87' lang='lat' dir='ltr'><strong>autem</strong></span> <span class='ocrx_word' id='word_1_225' title='bbox 1829 901 1938 936; x_wconf 88' lang='lat' dir='ltr'><strong>etiam</strong></span> <span class='ocrx_word' id='word_1_226' title='bbox 1955 901 2033 937; x_wconf 85' lang='lat' dir='ltr'><strong>haec</strong></span> <span class='ocrx_word' id='word_1_227' title='bbox 2046 902 2067 937; x_wconf 74' lang='lat' dir='ltr'><strong>:i</strong></span> <span class='ocrx_word' id='word_1_228' title='bbox 2079 893 2254 948; x_wconf 67' lang='lat' dir='ltr'><strong>propbeta</strong></span> <span class='ocrx_word' id='word_1_229' title='bbox 2273 895 2456 949; x_wconf 68' lang='lat' dir='ltr'><strong>ptae‘tfieta,</strong></span> 
     </span>
     <span class='ocr_line' id='line_1_30' title="bbox 1404 954 2461 1007; baseline 0.005 -13"><span class='ocrx_word' id='word_1_230' title='bbox 1404 959 1496 995; x_wconf 88' lang='lat' dir='ltr'><strong>sicut</strong></span> <span class='ocrx_word' id='word_1_231' title='bbox 1505 957 1600 994; x_wconf 88' lang='lat' dir='ltr'><strong>LXX</strong></span> <span class='ocrx_word' id='word_1_232' title='bbox 1611 954 1720 996; x_wconf 87' lang='lat' dir='ltr'><strong>editio</strong></span> <span class='ocrx_word' id='word_1_233' title='bbox 1733 961 1908 1004; x_wconf 86' lang='lat' dir='ltr'><strong>continet,</strong></span> <span class='ocrx_word' id='word_1_234' title='bbox 1927 960 2063 1007; x_wconf 87' lang='lat' dir='ltr'><strong>scripta</strong></span> <span class='ocrx_word' id='word_1_235' title='bbox 2081 959 2165 998; x_wconf 78' lang='lat' dir='ltr'><strong>stult</strong></span> <span class='ocrx_word' id='word_1_236' title='bbox 2179 956 2268 998; x_wconf 70' lang='lat' dir='ltr'><strong>:Hic</strong></span> <span class='ocrx_word' id='word_1_237' title='bbox 2281 961 2377 999; x_wconf 70' lang='lat' dir='ltr'><strong>Deus</strong></span> <span class='ocrx_word' id='word_1_238' title='bbox 2398 974 2461 999; x_wconf 89' lang='lat' dir='ltr'><strong>no-</strong></span> 
     </span>
     <span class='ocr_line' id='line_1_31' title="bbox 1404 1017 2461 1069; baseline 0.004 -14"><span class='ocrx_word' id='word_1_239' title='bbox 1404 1026 1486 1064; x_wconf 86' lang='lat' dir='ltr'><strong>ster,</strong></span> <span class='ocrx_word' id='word_1_240' title='bbox 1505 1031 1574 1056; x_wconf 85' lang='lat' dir='ltr'><strong>non</strong></span> <span class='ocrx_word' id='word_1_241' title='bbox 1591 1021 1811 1067; x_wconf 83' lang='lat' dir='ltr'><strong>reputabitur</strong></span> <span class='ocrx_word' id='word_1_242' title='bbox 1826 1021 1916 1056; x_wconf 86' lang='lat' dir='ltr'><strong>alius</strong></span> <span class='ocrx_word' id='word_1_243' title='bbox 1935 1021 1980 1056; x_wconf 77' lang='lat' dir='ltr'><strong>acl</strong></span> <span class='ocrx_word' id='word_1_244' title='bbox 1999 1033 2077 1057; x_wconf 89' lang='lat' dir='ltr'><strong>eum</strong></span> <span class='ocrx_word' id='word_1_245' title='bbox 2094 1031 2106 1056; x_wconf 91' lang='grc'><strong>.·</strong></span> <span class='ocrx_word' id='word_1_246' title='bbox 2122 1017 2202 1069; x_wconf 74' lang='lat' dir='ltr'><strong>post</strong></span> <span class='ocrx_word' id='word_1_247' title='bbox 2224 1022 2298 1059; x_wconf 81' lang='lat' dir='ltr'><strong>lzaec</strong></span> <span class='ocrx_word' id='word_1_248' title='bbox 2312 1022 2349 1059; x_wconf 75' lang='lat' dir='ltr'><strong>in</strong></span> <span class='ocrx_word' id='word_1_249' title='bbox 2367 1028 2461 1059; x_wconf 85' lang='lat' dir='ltr'><strong>terra</strong></span> 
     </span>
     <span class='ocr_line' id='line_1_32' title="bbox 1403 1078 2458 1131; baseline 0.001 -14"><span class='ocrx_word' id='word_1_250' title='bbox 1403 1082 1496 1117; x_wconf 84' lang='lat' dir='ltr'><strong>visus</strong></span> <span class='ocrx_word' id='word_1_251' title='bbox 1514 1087 1576 1124; x_wconf 86' lang='lat' dir='ltr'><strong>est,</strong></span> <span class='ocrx_word' id='word_1_252' title='bbox 1593 1087 1625 1117; x_wconf 89' lang='lat' dir='ltr'><strong>et</strong></span> <span class='ocrx_word' id='word_1_253' title='bbox 1640 1093 1719 1131; x_wconf 84' lang='lat' dir='ltr'><strong>cum</strong></span> <span class='ocrx_word' id='word_1_254' title='bbox 1737 1081 1933 1117; x_wconf 83' lang='lat' dir='ltr'><strong>hominibus</strong></span> <span class='ocrx_word' id='word_1_255' title='bbox 1953 1086 2176 1118; x_wconf 79' lang='lat' dir='ltr'><strong>conversatus</strong></span> <span class='ocrx_word' id='word_1_256' title='bbox 2201 1089 2251 1118; x_wconf 83' lang='lat' dir='ltr'><strong>est</strong></span> <span class='ocrx_word' id='word_1_257' title='bbox 2280 1078 2458 1130; x_wconf 75' lang='lat' dir='ltr'><strong>(Baruch.</strong></span> 
     </span>
    </p>
   </div>
   <div class='ocr_carea' id='block_1_7' title="bbox 279 1137 2518 1190">
    <p class='ocr_par' dir='ltr' id='par_1_7' title="bbox 279 1137 2518 1190">
     <span class='ocr_line' id='line_1_33' title="bbox 279 1137 2518 1190; baseline -0.003 -4"><span class='ocrx_word' id='word_1_258' title='bbox 279 1151 338 1186; x_wconf 80' lang='lat' dir='ltr'><strong>uni</strong></span> <span class='ocrx_word' id='word_1_259' title='bbox 357 1151 399 1185; x_wconf 87' lang='lat' dir='ltr'><strong>de</strong></span> <span class='ocrx_word' id='word_1_260' title='bbox 418 1147 569 1184; x_wconf 80' lang='lat' dir='ltr'><strong>minimis</strong></span> <span class='ocrx_word' id='word_1_261' title='bbox 587 1147 652 1188; x_wconf 84' lang='lat' dir='ltr'><strong>his,</strong></span> <span class='ocrx_word' id='word_1_262' title='bbox 683 1145 767 1179; x_wconf 73' lang='lat' dir='ltr'><strong>milii</strong></span> <span class='ocrx_word' id='word_1_263' title='bbox 798 1143 926 1189; x_wconf 79' lang='lat' dir='ltr'><strong>fecistis</strong></span> <span class='ocrx_word' id='word_1_264' title='bbox 943 1142 958 1176; x_wconf 71' lang='grc' dir='ltr'><strong>ἴ)</strong></span> <span class='ocrx_word' id='word_1_265' title='bbox 980 1137 1130 1188; x_wconf 68' lang='lat' dir='ltr'><strong>(Manli.</strong></span> <span class='ocrx_word' id='word_1_266' title='bbox 1164 1138 1271 1186; x_wconf 78' lang='lat' dir='ltr'><strong>xxv.)</strong></span> <span class='ocrx_word' id='word_1_267' title='bbox 1295 1138 1339 1174; x_wconf 87' lang='lat' dir='ltr'><strong>Et</strong></span> <span class='ocrx_word' id='word_1_268' title='bbox 1357 1146 1388 1184; x_wconf 84' lang='grc' dir='ltr'><strong>Β</strong></span> <span class='ocrx_word' id='word_1_269' title='bbox 1407 1141 1470 1189; x_wconf 85' lang='grc' dir='ltr'>ιιι)</span> <span class='ocrx_word' id='word_1_270' title='bbox 1492 1154 1500 1177; x_wconf 88' lang='lat'>:</span> <span class='ocrx_word' id='word_1_271' title='bbox 1520 1142 1617 1187; x_wconf 89' lang='lat' dir='ltr'><strong>quod</strong></span> <span class='ocrx_word' id='word_1_272' title='bbox 1637 1152 1709 1177; x_wconf 93' lang='lat' dir='ltr'><strong>non</strong></span> <span class='ocrx_word' id='word_1_273' title='bbox 1733 1143 1878 1188; x_wconf 80' lang='lat' dir='ltr'><strong>egisset,</strong></span> <span class='ocrx_word' id='word_1_274' title='bbox 1894 1142 2002 1178; x_wconf 89' lang='lat' dir='ltr'><strong>sinos</strong></span> <span class='ocrx_word' id='word_1_275' title='bbox 2023 1145 2264 1178; x_wconf 77' lang='lat' dir='ltr'><strong>aversaretur.</strong></span> <span class='ocrx_word' id='word_1_276' title='bbox 2281 1142 2359 1180; x_wconf 89' lang='lat' dir='ltr'><strong>Non</strong></span> <span class='ocrx_word' id='word_1_277' title='bbox 2374 1153 2461 1190; x_wconf 81' lang='lat' dir='ltr'><strong>ergo</strong></span> <span class='ocrx_word' id='word_1_278' title='bbox 2515 1187 2518 1190; x_wconf 30' lang='grc' dir='ltr'>Ι</span> 
     </span>
    </p>
   </div>
   <div class='ocr_carea' id='block_1_8' title="bbox 276 1194 1342 2038">
    <p class='ocr_par' dir='ltr' id='par_1_8' title="bbox 276 1194 1342 2038">
     <span class='ocr_line' id='line_1_34' title="bbox 278 1194 1335 1257; baseline -0.014 -9"><span class='ocrx_word' id='word_1_279' title='bbox 278 1211 518 1257; x_wconf 81' lang='lat' dir='ltr'><strong>multiplicans</strong></span> <span class='ocrx_word' id='word_1_280' title='bbox 538 1216 677 1249; x_wconf 84' lang='lat' dir='ltr'><strong>rursus,</strong></span> <span class='ocrx_word' id='word_1_281' title='bbox 696 1204 849 1240; x_wconf 90' lang='lat' dir='ltr'><strong>Paulum</strong></span> <span class='ocrx_word' id='word_1_282' title='bbox 869 1202 1028 1238; x_wconf 87' lang='lat' dir='ltr'><strong>seribere</strong></span> <span class='ocrx_word' id='word_1_283' title='bbox 1051 1194 1208 1235; x_wconf 72' lang='lat' dir='ltr'>faciebat</span> <span class='ocrx_word' id='word_1_284' title='bbox 1225 1211 1231 1231; x_wconf 76' lang='grc' dir='ltr'>ε</span> <span class='ocrx_word' id='word_1_285' title='bbox 1253 1198 1335 1233; x_wconf 86' lang='lat' dir='ltr'><strong>Non</strong></span> 
     </span>
     <span class='ocr_line' id='line_1_35' title="bbox 277 1259 1335 1312; baseline -0.014 -4"><span class='ocrx_word' id='word_1_286' title='bbox 277 1270 531 1312; x_wconf 77' lang='lat' dir='ltr'><strong>enimoccides,</strong></span> <span class='ocrx_word' id='word_1_287' title='bbox 549 1279 617 1303; x_wconf 86' lang='lat' dir='ltr'><strong>non</strong></span> <span class='ocrx_word' id='word_1_288' title='bbox 633 1264 861 1306; x_wconf 77' lang='lat' dir='ltr'><strong>adulterabis,</strong></span> <span class='ocrx_word' id='word_1_289' title='bbox 893 1273 962 1297; x_wconf 84' lang='lat' dir='ltr'><strong>non</strong></span> <span class='ocrx_word' id='word_1_290' title='bbox 988 1261 1225 1307; x_wconf 83' lang='lat' dir='ltr'><strong>concupisces,</strong></span> <span class='ocrx_word' id='word_1_291' title='bbox 1248 1265 1279 1294; x_wconf 84' lang='lat' dir='ltr'><strong>et</strong></span> <span class='ocrx_word' id='word_1_292' title='bbox 1305 1259 1335 1293; x_wconf 86' lang='lat' dir='ltr'><strong>si</strong></span> 
     </span>
     <span class='ocr_line' id='line_1_36' title="bbox 277 1321 1334 1380; baseline -0.015 -12"><span class='ocrx_word' id='word_1_293' title='bbox 277 1333 367 1380; x_wconf 80' lang='lat' dir='ltr'><strong>quod</strong></span> <span class='ocrx_word' id='word_1_294' title='bbox 387 1338 436 1366; x_wconf 87' lang='lat' dir='ltr'><strong>est</strong></span> <span class='ocrx_word' id='word_1_295' title='bbox 469 1327 566 1364; x_wconf 86' lang='lat' dir='ltr'><strong>aliud</strong></span> <span class='ocrx_word' id='word_1_296' title='bbox 595 1325 813 1365; x_wconf 83' lang='lat' dir='ltr'><strong>mandatum,</strong></span> <span class='ocrx_word' id='word_1_297' title='bbox 853 1322 916 1357; x_wconf 83' lang='lat' dir='ltr'><strong>hoc</strong></span> <span class='ocrx_word' id='word_1_298' title='bbox 949 1321 1048 1356; x_wconf 82' lang='lat' dir='ltr'><strong>verbo</strong></span> <span class='ocrx_word' id='word_1_299' title='bbox 1081 1321 1334 1354; x_wconf 80' lang='lat' dir='ltr'><strong>instauratur:</strong></span> 
     </span>
     <span class='ocr_line' id='line_1_37' title="bbox 277 1377 1334 1437; baseline -0.017 -9"><span class='ocrx_word' id='word_1_300' title='bbox 277 1392 406 1437; x_wconf 61' lang='lat' dir='ltr'><strong>Diliges</strong></span> <span class='ocrx_word' id='word_1_301' title='bbox 422 1388 616 1436; x_wconf 73' lang='lat' dir='ltr'><strong>proximum</strong></span> <span class='ocrx_word' id='word_1_302' title='bbox 646 1390 743 1419; x_wconf 86' lang='lat' dir='ltr'><strong>tuum</strong></span> <span class='ocrx_word' id='word_1_303' title='bbox 776 1382 865 1418; x_wconf 85' lang='lat' dir='ltr'><strong>sicut</strong></span> <span class='ocrx_word' id='word_1_304' title='bbox 895 1381 1041 1426; x_wconf 82' lang='lat' dir='ltr'><strong>teipsum</strong></span> <span class='ocrx_word' id='word_1_305' title='bbox 1077 1378 1203 1425; x_wconf 88' lang='lat' dir='ltr'><strong>(Rom.</strong></span> <span class='ocrx_word' id='word_1_306' title='bbox 1232 1377 1334 1421; x_wconf 83' lang='lat' dir='ltr'><strong>xm),</strong></span> 
     </span>
     <span class='ocr_line' id='line_1_38' title="bbox 276 1440 1338 1489; baseline -0.016 -1"><span class='ocrx_word' id='word_1_307' title='bbox 276 1453 387 1489; x_wconf 83' lang='lat' dir='ltr'><strong>multa</strong></span> <span class='ocrx_word' id='word_1_308' title='bbox 415 1450 582 1486; x_wconf 87' lang='lat' dir='ltr'><strong>mandata</strong></span> <span class='ocrx_word' id='word_1_309' title='bbox 618 1445 775 1482; x_wconf 86' lang='lat' dir='ltr'><strong>efficiens</strong></span> <span class='ocrx_word' id='word_1_310' title='bbox 809 1443 877 1478; x_wconf 89' lang='lat' dir='ltr'><strong>hoc</strong></span> <span class='ocrx_word' id='word_1_311' title='bbox 904 1451 1016 1476; x_wconf 87' lang='lat' dir='ltr'><strong>unum</strong></span> <span class='ocrx_word' id='word_1_312' title='bbox 1050 1440 1272 1480; x_wconf 84' lang='lat' dir='ltr'><strong>mandatum,</strong></span> <span class='ocrx_word' id='word_1_313' title='bbox 1298 1443 1338 1473; x_wconf 85' lang='lat' dir='ltr'><strong>ut</strong></span> 
     </span>
     <span class='ocr_line' id='line_1_39' title="bbox 278 1500 1338 1557; baseline -0.016 -7"><span class='ocrx_word' id='word_1_314' title='bbox 278 1525 342 1550; x_wconf 80' lang='lat' dir='ltr'><strong>nos</strong></span> <span class='ocrx_word' id='word_1_315' title='bbox 362 1515 595 1557; x_wconf 68' lang='lat' dir='ltr'><strong>assequentes</strong></span> <span class='ocrx_word' id='word_1_316' title='bbox 614 1507 701 1544; x_wconf 88' lang='lat' dir='ltr'><strong>illud</strong></span> <span class='ocrx_word' id='word_1_317' title='bbox 720 1505 848 1541; x_wconf 75' lang='lat' dir='ltr'><strong>divites</strong></span> <span class='ocrx_word' id='word_1_318' title='bbox 873 1502 1083 1539; x_wconf 82' lang='lat' dir='ltr'><strong>efficiamur.</strong></span> <span class='ocrx_word' id='word_1_319' title='bbox 1108 1500 1220 1535; x_wconf 89' lang='lat' dir='ltr'><strong>Nimis</strong></span> <span class='ocrx_word' id='word_1_320' title='bbox 1253 1509 1338 1545; x_wconf 85' lang='lat' dir='ltr'><strong>ergo</strong></span> 
     </span>
     <span class='ocr_line' id='line_1_40' title="bbox 278 1559 1338 1620; baseline -0.016 -10"><span class='ocrx_word' id='word_1_321' title='bbox 278 1581 477 1620; x_wconf 80' lang='lat' dir='ltr'><strong>opportuna</strong></span> <span class='ocrx_word' id='word_1_322' title='bbox 510 1575 593 1606; x_wconf 90' lang='lat' dir='ltr'><strong>sunt</strong></span> <span class='ocrx_word' id='word_1_323' title='bbox 627 1579 705 1614; x_wconf 80' lang='lat' dir='ltr'><strong>quae</strong></span> <span class='ocrx_word' id='word_1_324' title='bbox 744 1569 974 1611; x_wconf 86' lang='lat' dir='ltr'><strong>sequuntur:</strong></span> <span class='ocrx_word' id='word_1_325' title='bbox 999 1559 1167 1597; x_wconf 86' lang='lat' dir='ltr'><strong>Firmabo</strong></span> <span class='ocrx_word' id='word_1_326' title='bbox 1198 1566 1338 1606; x_wconf 81' lang='lat' dir='ltr'><strong>pactum</strong></span> 
     </span>
     <span class='ocr_line' id='line_1_41' title="bbox 278 1619 1336 1672; baseline -0.015 -3"><span class='ocrx_word' id='word_1_327' title='bbox 278 1645 389 1669; x_wconf 87' lang='lat' dir='ltr'><strong>meum</strong></span> <span class='ocrx_word' id='word_1_328' title='bbox 410 1631 595 1667; x_wconf 82' lang='lat' dir='ltr'><strong>vobiscum.</strong></span> <span class='ocrx_word' id='word_1_329' title='bbox 617 1627 703 1672; x_wconf 88' lang='lat' dir='ltr'><strong>Ejus</strong></span> <span class='ocrx_word' id='word_1_330' title='bbox 722 1627 866 1672; x_wconf 85' lang='lat' dir='ltr'><strong>quidem</strong></span> <span class='ocrx_word' id='word_1_331' title='bbox 883 1628 1027 1670; x_wconf 87' lang='lat' dir='ltr'><strong>pactum</strong></span> <span class='ocrx_word' id='word_1_332' title='bbox 1048 1626 1131 1658; x_wconf 88' lang='lat' dir='ltr'><strong>sunt</strong></span> <span class='ocrx_word' id='word_1_333' title='bbox 1150 1619 1336 1667; x_wconf 71' lang='lat' dir='ltr'><strong>praedicta,</strong></span> 
     </span>
     <span class='ocr_line' id='line_1_42' title="bbox 278 1679 1341 1739; baseline -0.014 -11"><span class='ocrx_word' id='word_1_334' title='bbox 278 1704 342 1739; x_wconf 84' lang='lat' dir='ltr'><strong>per</strong></span> <span class='ocrx_word' id='word_1_335' title='bbox 362 1690 613 1727; x_wconf 71' lang='lat' dir='ltr'><strong>retributiones</strong></span> <span class='ocrx_word' id='word_1_336' title='bbox 638 1692 755 1722; x_wconf 85' lang='lat' dir='ltr'><strong>autem</strong></span> <span class='ocrx_word' id='word_1_337' title='bbox 784 1685 869 1721; x_wconf 87' lang='lat' dir='ltr'><strong>illud</strong></span> <span class='ocrx_word' id='word_1_338' title='bbox 895 1684 1027 1719; x_wconf 87' lang='lat' dir='ltr'><strong>firmat.</strong></span> <span class='ocrx_word' id='word_1_339' title='bbox 1057 1681 1158 1725; x_wconf 86' lang='lat' dir='ltr'><strong>Quod</strong></span> <span class='ocrx_word' id='word_1_340' title='bbox 1190 1679 1341 1715; x_wconf 82' lang='lat' dir='ltr'><strong>manife-</strong></span> 
     </span>
     <span class='ocr_line' id='line_1_43' title="bbox 280 1743 1341 1797; baseline -0.013 -8"><span class='ocrx_word' id='word_1_341' title='bbox 280 1758 377 1789; x_wconf 84' lang='lat' dir='ltr'><strong>stant</strong></span> <span class='ocrx_word' id='word_1_342' title='bbox 411 1762 489 1797; x_wconf 78' lang='lat' dir='ltr'><strong>quae</strong></span> <span class='ocrx_word' id='word_1_343' title='bbox 528 1750 737 1794; x_wconf 80' lang='lat' dir='ltr'><strong>sequuntur.</strong></span> <span class='ocrx_word' id='word_1_344' title='bbox 778 1745 970 1781; x_wconf 80' lang='lat' dir='ltr'><strong>Comedelis</strong></span> <span class='ocrx_word' id='word_1_345' title='bbox 1000 1743 1230 1779; x_wconf 79' lang='lat' dir='ltr'><strong>vetustissima</strong></span> <span class='ocrx_word' id='word_1_346' title='bbox 1254 1747 1341 1776; x_wconf 70' lang='lat' dir='ltr'><strong>recc-</strong></span> 
     </span>
     <span class='ocr_line' id='line_1_44' title="bbox 281 1803 1341 1856; baseline -0.011 -7"><span class='ocrx_word' id='word_1_347' title='bbox 281 1825 379 1856; x_wconf 82' lang='lat' dir='ltr'><strong>rum;</strong></span> <span class='ocrx_word' id='word_1_348' title='bbox 398 1813 486 1855; x_wconf 68' lang='lat' dir='ltr'><strong>sive,</strong></span> <span class='ocrx_word' id='word_1_349' title='bbox 508 1815 544 1845; x_wconf 90' lang='lat' dir='ltr'><strong>ut</strong></span> <span class='ocrx_word' id='word_1_350' title='bbox 564 1809 810 1856; x_wconf 56' lang='lat' dir='ltr'><strong>Septuaginta,</strong></span> <span class='ocrx_word' id='word_1_351' title='bbox 828 1808 862 1842; x_wconf 87' lang='lat' dir='ltr'><strong>id</strong></span> <span class='ocrx_word' id='word_1_352' title='bbox 876 1812 942 1849; x_wconf 83' lang='lat' dir='ltr'><strong>est,</strong></span> <span class='ocrx_word' id='word_1_353' title='bbox 959 1817 1035 1852; x_wconf 65' lang='lat' dir='ltr'><strong>quae</strong></span> <span class='ocrx_word' id='word_1_354' title='bbox 1051 1805 1142 1840; x_wconf 80' lang='lat' dir='ltr'><strong>vobis</strong></span> <span class='ocrx_word' id='word_1_355' title='bbox 1157 1815 1216 1850; x_wconf 83' lang='lat' dir='ltr'><strong>per</strong></span> <span class='ocrx_word' id='word_1_356' title='bbox 1234 1803 1341 1849; x_wconf 61' lang='lat' dir='ltr'><strong>[essem</strong></span> 
     </span>
     <span class='ocr_line' id='line_1_45' title="bbox 280 1872 1342 1921; baseline -0.012 -11"><span class='ocrx_word' id='word_1_357' title='bbox 280 1883 311 1911; x_wconf 85' lang='lat' dir='ltr'><strong>et</strong></span> <span class='ocrx_word' id='word_1_358' title='bbox 338 1875 519 1921; x_wconf 74' lang='lat' dir='ltr'><strong>prophetas</strong></span> <span class='ocrx_word' id='word_1_359' title='bbox 546 1873 716 1919; x_wconf 84' lang='lat' dir='ltr'><strong>promissa</strong></span> <span class='ocrx_word' id='word_1_360' title='bbox 747 1875 839 1912; x_wconf 88' lang='lat' dir='ltr'><strong>sunt,</strong></span> <span class='ocrx_word' id='word_1_361' title='bbox 863 1874 894 1903; x_wconf 92' lang='lat' dir='ltr'><strong>et</strong></span> <span class='ocrx_word' id='word_1_362' title='bbox 920 1874 1034 1902; x_wconf 83' lang='lat' dir='ltr'><strong>vetera</strong></span> <span class='ocrx_word' id='word_1_363' title='bbox 1065 1872 1235 1907; x_wconf 83' lang='lat' dir='ltr'><strong>veterum,</strong></span> <span class='ocrx_word' id='word_1_364' title='bbox 1264 1873 1342 1909; x_wconf 82' lang='lat' dir='ltr'><strong>quae</strong></span> 
     </span>
     <span class='ocr_line' id='line_1_46' title="bbox 281 1924 1339 1984; baseline -0.014 -11"><span class='ocrx_word' id='word_1_365' title='bbox 281 1949 344 1984; x_wconf 87' lang='lat' dir='ltr'><strong>per</strong></span> <span class='ocrx_word' id='word_1_366' title='bbox 363 1936 589 1972; x_wconf 79' lang='lat' dir='ltr'><strong>PatrIarchas</strong></span> <span class='ocrx_word' id='word_1_367' title='bbox 609 1933 643 1968; x_wconf 90' lang='lat' dir='ltr'><strong>in</strong></span> <span class='ocrx_word' id='word_1_368' title='bbox 665 1942 790 1968; x_wconf 86' lang='lat' dir='ltr'><strong>eorum</strong></span> <span class='ocrx_word' id='word_1_369' title='bbox 820 1927 1129 1965; x_wconf 79' lang='lat' dir='ltr'><strong>benedictionibus</strong></span> <span class='ocrx_word' id='word_1_370' title='bbox 1159 1924 1339 1971; x_wconf 84' lang='lat' dir='ltr'><strong>promisit.</strong></span> 
     </span>
     <span class='ocr_line' id='line_1_47' title="bbox 281 1985 1341 2038; baseline -0.012 -6"><span class='ocrx_word' id='word_1_371' title='bbox 281 1998 325 2033; x_wconf 85' lang='lat' dir='ltr'><strong>Et</strong></span> <span class='ocrx_word' id='word_1_372' title='bbox 364 2003 477 2031; x_wconf 86' lang='lat' dir='ltr'><strong>vetera</strong></span> <span class='ocrx_word' id='word_1_373' title='bbox 515 1995 608 2029; x_wconf 76' lang='lat' dir='ltr'><strong>noris</strong></span> <span class='ocrx_word' id='word_1_374' title='bbox 646 1988 961 2038; x_wconf 80' lang='lat' dir='ltr'><strong>supervenientibus</strong></span> <span class='ocrx_word' id='word_1_375' title='bbox 1003 1986 1206 2033; x_wconf 81' lang='lat' dir='ltr'><strong>projicietis.</strong></span> <span class='ocrx_word' id='word_1_376' title='bbox 1256 1985 1341 2028; x_wconf 79' lang='lat' dir='ltr'><strong>Quae</strong></span> 
     </span>
    </p>
   </div>
   <div class='ocr_carea' id='block_1_9' title="bbox 1403 1202 2540 1610">
    <p class='ocr_par' dir='ltr' id='par_1_9' title="bbox 1403 1202 2540 1610">
     <span class='ocr_line' id='line_1_48' title="bbox 1404 1202 2508 1249; baseline 0.001 -10"><span class='ocrx_word' id='word_1_377' title='bbox 1404 1214 1470 1239; x_wconf 90' lang='lat' dir='ltr'><strong>nos</strong></span> <span class='ocrx_word' id='word_1_378' title='bbox 1487 1203 1717 1239; x_wconf 83' lang='lat' dir='ltr'><strong>abominatus</strong></span> <span class='ocrx_word' id='word_1_379' title='bbox 1735 1208 1804 1244; x_wconf 88' lang='lat' dir='ltr'><strong>est,</strong></span> <span class='ocrx_word' id='word_1_380' title='bbox 1824 1204 1886 1239; x_wconf 90' lang='lat' dir='ltr'><strong>sed</strong></span> <span class='ocrx_word' id='word_1_381' title='bbox 1907 1208 1943 1239; x_wconf 87' lang='lat' dir='ltr'><strong>et</strong></span> <span class='ocrx_word' id='word_1_382' title='bbox 1964 1202 2188 1239; x_wconf 84' lang='lat' dir='ltr'><strong>inambulare</strong></span> <span class='ocrx_word' id='word_1_383' title='bbox 2208 1203 2364 1246; x_wconf 13' lang='lat' dir='ltr'><strong>i&#39;n&#39;lno&#39;bis</strong></span> <span class='ocrx_word' id='word_1_384' title='bbox 2392 1213 2463 1249; x_wconf 85' lang='lat' dir='ltr'><strong>per</strong></span> <span class='ocrx_word' id='word_1_385' title='bbox 2498 1227 2508 1235; x_wconf 87' lang='lat'>-</span> 
     </span>
     <span class='ocr_line' id='line_1_49' title="bbox 1405 1256 2540 1325; baseline -0.001 -25"><span class='ocrx_word' id='word_1_386' title='bbox 1405 1274 1552 1301; x_wconf 85' lang='lat' dir='ltr'><strong>earnem</strong></span> <span class='ocrx_word' id='word_1_387' title='bbox 1581 1263 1707 1306; x_wconf 82' lang='lat' dir='ltr'><strong>voluit,</strong></span> <span class='ocrx_word' id='word_1_388' title='bbox 1737 1267 1773 1299; x_wconf 89' lang='lat' dir='ltr'><strong>et</strong></span> <span class='ocrx_word' id='word_1_389' title='bbox 1791 1256 1869 1299; x_wconf 82' lang='lat' dir='ltr'><strong>fieri</strong></span> <span class='ocrx_word' id='word_1_390' title='bbox 1897 1268 2020 1299; x_wconf 89' lang='lat' dir='ltr'><strong>noster</strong></span> <span class='ocrx_word' id='word_1_391' title='bbox 2048 1263 2156 1307; x_wconf 88' lang='lat' dir='ltr'><strong>Deus,</strong></span> <span class='ocrx_word' id='word_1_392' title='bbox 2190 1273 2272 1299; x_wconf 88' lang='lat' dir='ltr'><strong>eum</strong></span> <span class='ocrx_word' id='word_1_393' title='bbox 2300 1269 2398 1299; x_wconf 88' lang='lat' dir='ltr'><strong>esset</strong></span> <span class='ocrx_word' id='word_1_394' title='bbox 2426 1267 2463 1299; x_wconf 87' lang='lat' dir='ltr'><strong>et</strong></span> <span class='ocrx_word' id='word_1_395' title='bbox 2534 1293 2540 1325; x_wconf 53' lang='grc'>1</span> 
     </span>
     <span class='ocr_line' id='line_1_50' title="bbox 1403 1323 2540 1370; baseline 0.001 -11"><span class='ocrx_word' id='word_1_396' title='bbox 1403 1324 1516 1370; x_wconf 88' lang='lat' dir='ltr'><strong>prius,</strong></span> <span class='ocrx_word' id='word_1_397' title='bbox 1534 1324 1596 1360; x_wconf 89' lang='lat' dir='ltr'><strong>sed</strong></span> <span class='ocrx_word' id='word_1_398' title='bbox 1610 1324 1767 1370; x_wconf 81' lang='lat' dir='ltr'><strong>ignotus,</strong></span> <span class='ocrx_word' id='word_1_399' title='bbox 1786 1324 1870 1369; x_wconf 85' lang='lat' dir='ltr'><strong>quia</strong></span> <span class='ocrx_word' id='word_1_400' title='bbox 1884 1333 1949 1360; x_wconf 89' lang='lat' dir='ltr'><strong>nos</strong></span> <span class='ocrx_word' id='word_1_401' title='bbox 1965 1323 2081 1360; x_wconf 74' lang='lat' dir='ltr'><strong>eri-ori</strong></span> <span class='ocrx_word' id='word_1_402' title='bbox 2098 1324 2282 1370; x_wconf 85' lang='lat' dir='ltr'><strong>conjuncti</strong></span> <span class='ocrx_word' id='word_1_403' title='bbox 2299 1333 2458 1361; x_wconf 89' lang='lat' dir='ltr'><strong>eramus.</strong></span> <span class='ocrx_word' id='word_1_404' title='bbox 2534 1339 2540 1370; x_wconf 86' lang='lat'>!</span> 
     </span>
     <span class='ocr_line' id='line_1_51' title="bbox 1405 1375 2540 1432; baseline 0.003 -14"><span class='ocrx_word' id='word_1_405' title='bbox 1405 1385 1458 1419; x_wconf 83' lang='lat' dir='ltr'><strong>Ex</strong></span> <span class='ocrx_word' id='word_1_406' title='bbox 1473 1394 1544 1429; x_wconf 90' lang='lat' dir='ltr'><strong>quo</strong></span> <span class='ocrx_word' id='word_1_407' title='bbox 1565 1387 1684 1419; x_wconf 81' lang='lat' dir='ltr'><strong>autem·</strong></span> <span class='ocrx_word' id='word_1_408' title='bbox 1700 1394 1766 1420; x_wconf 91' lang='lat' dir='ltr'><strong>nos</strong></span> <span class='ocrx_word' id='word_1_409' title='bbox 1785 1385 1932 1430; x_wconf 87' lang='lat' dir='ltr'><strong>proprio</strong></span> <span class='ocrx_word' id='word_1_410' title='bbox 1952 1375 2039 1420; x_wconf 84' lang='lat' dir='ltr'><strong>einit</strong></span> <span class='ocrx_word' id='word_1_411' title='bbox 2054 1385 2243 1432; x_wconf 84' lang='lat' dir='ltr'><strong>sanguine,</strong></span> <span class='ocrx_word' id='word_1_412' title='bbox 2271 1384 2366 1421; x_wconf 92' lang='lat' dir='ltr'><strong>Deus</strong></span> <span class='ocrx_word' id='word_1_413' title='bbox 2398 1391 2464 1422; x_wconf 90' lang='lat' dir='ltr'><strong>no-</strong></span> <span class='ocrx_word' id='word_1_414' title='bbox 2534 1375 2540 1421; x_wconf 69' lang='grc' dir='ltr'><strong>ἶ</strong></span> 
     </span>
     <span class='ocr_line' id='line_1_52' title="bbox 1406 1427 2540 1489; baseline 0.003 -10"><span class='ocrx_word' id='word_1_415' title='bbox 1406 1448 1481 1479; x_wconf 89' lang='lat' dir='ltr'><strong>ster</strong></span> <span class='ocrx_word' id='word_1_416' title='bbox 1497 1443 1613 1479; x_wconf 84' lang='lat' dir='ltr'><strong>sactus</strong></span> <span class='ocrx_word' id='word_1_417' title='bbox 1633 1447 1701 1486; x_wconf 88' lang='lat' dir='ltr'><strong>est,</strong></span> <span class='ocrx_word' id='word_1_418' title='bbox 1717 1448 1754 1478; x_wconf 87' lang='lat' dir='ltr'><strong>et</strong></span> <span class='ocrx_word' id='word_1_419' title='bbox 1770 1454 1842 1478; x_wconf 88' lang='lat' dir='ltr'><strong>non</strong></span> <span class='ocrx_word' id='word_1_420' title='bbox 1857 1444 1972 1487; x_wconf 84' lang='lat' dir='ltr'><strong>suain,</strong></span> <span class='ocrx_word' id='word_1_421' title='bbox 1990 1435 2131 1489; x_wconf 73' lang='lat' dir='ltr'><strong>&#39;plebem</strong></span> <span class='ocrx_word' id='word_1_422' title='bbox 2157 1455 2258 1480; x_wconf 87' lang='lat' dir='ltr'><strong>suam</strong></span> <span class='ocrx_word' id='word_1_423' title='bbox 2291 1445 2389 1482; x_wconf 85' lang='lat' dir='ltr'><strong>fecit.</strong></span> <span class='ocrx_word' id='word_1_424' title='bbox 2417 1446 2463 1481; x_wconf 87' lang='lat' dir='ltr'><strong>Et</strong></span> <span class='ocrx_word' id='word_1_425' title='bbox 2535 1427 2540 1453; x_wconf 79' lang='lat'>¹</span> 
     </span>
     <span class='ocr_line' id='line_1_53' title="bbox 1407 1499 2540 1552; baseline 0 -13"><span class='ocrx_word' id='word_1_426' title='bbox 1407 1504 1488 1550; x_wconf 89' lang='lat' dir='ltr'><strong>quis</strong></span> <span class='ocrx_word' id='word_1_427' title='bbox 1504 1503 1557 1539; x_wconf 90' lang='lat' dir='ltr'><strong>est</strong></span> <span class='ocrx_word' id='word_1_428' title='bbox 1575 1503 1637 1549; x_wconf 92' lang='lat' dir='ltr'><strong>qui</strong></span> <span class='ocrx_word' id='word_1_429' title='bbox 1653 1504 1730 1539; x_wconf 79' lang='lat' dir='ltr'><strong>haec</strong></span> <span class='ocrx_word' id='word_1_430' title='bbox 1750 1502 1859 1539; x_wconf 79' lang='lat' dir='ltr'><strong>fecit?</strong></span> <span class='ocrx_word' id='word_1_431' title='bbox 1878 1500 1954 1550; x_wconf 73' lang='lat' dir='ltr'><strong>qu‘</strong></span> <span class='ocrx_word' id='word_1_432' title='bbox 1974 1499 2144 1539; x_wconf 77' lang='lat' dir='ltr'><strong>Dominus</strong></span> <span class='ocrx_word' id='word_1_433' title='bbox 2159 1503 2254 1539; x_wconf 87' lang='lat' dir='ltr'><strong>Deus</strong></span> <span class='ocrx_word' id='word_1_434' title='bbox 2273 1505 2394 1548; x_wconf 69' lang='lat' dir='ltr'><strong>uester,</strong></span> <span class='ocrx_word' id='word_1_435' title='bbox 2405 1505 2465 1552; x_wconf 87' lang='lat' dir='ltr'><strong>qui</strong></span> <span class='ocrx_word' id='word_1_436' title='bbox 2534 1521 2540 1539; x_wconf 77' lang='grc' dir='ltr'>ι</span> 
     </span>
     <span class='ocr_line' id='line_1_54' title="bbox 1407 1561 2276 1610; baseline -0.001 -11"><span class='ocrx_word' id='word_1_437' title='bbox 1407 1564 1513 1599; x_wconf 65' lang='lat' dir='ltr'><strong>eduxi</strong></span> <span class='ocrx_word' id='word_1_438' title='bbox 1534 1562 1590 1599; x_wconf 77' lang='lat' dir='ltr'><strong>vos</strong></span> <span class='ocrx_word' id='word_1_439' title='bbox 1613 1564 1654 1599; x_wconf 76' lang='lat' dir='ltr'><strong>ile</strong></span> <span class='ocrx_word' id='word_1_440' title='bbox 1679 1561 1773 1599; x_wconf 83' lang='lat' dir='ltr'><strong>terra</strong></span> <span class='ocrx_word' id='word_1_441' title='bbox 1797 1563 1943 1610; x_wconf 71' lang='lat' dir='ltr'><strong>AEqypti</strong></span> <span class='ocrx_word' id='word_1_442' title='bbox 1963 1566 2004 1598; x_wconf 80' lang='lat' dir='ltr'><strong>ne</strong></span> <span class='ocrx_word' id='word_1_443' title='bbox 2019 1564 2192 1599; x_wconf 66' lang='lat' dir='ltr'><strong>Servire&#39;tis</strong></span> <span class='ocrx_word' id='word_1_444' title='bbox 2214 1562 2276 1599; x_wconf 84' lang='lat' dir='ltr'><strong>eis.</strong></span> 
     </span>
    </p>
   </div>
   <div class='ocr_carea' id='block_1_10' title="bbox 1408 1664 2540 2036">
    <p class='ocr_par' dir='ltr' id='par_1_10' title="bbox 1408 1664 2540 2036">
     <span class='ocr_line' id='line_1_55' title="bbox 1408 1664 2540 1731; baseline 0 -9"><span class='ocrx_word' id='word_1_445' title='bbox 1408 1685 1608 1731; x_wconf 76' lang='lat' dir='ltr'><strong>Evangelii,</strong></span> <span class='ocrx_word' id='word_1_446' title='bbox 1638 1695 1703 1731; x_wconf 83' lang='lat' dir='ltr'><strong>per</strong></span> <span class='ocrx_word' id='word_1_447' title='bbox 1732 1685 1894 1722; x_wconf 87' lang='lat' dir='ltr'><strong>ordinem</strong></span> <span class='ocrx_word' id='word_1_448' title='bbox 1914 1685 2065 1721; x_wconf 85' lang='lat' dir='ltr'><strong>discute.</strong></span> <span class='ocrx_word' id='word_1_449' title='bbox 2087 1683 2184 1721; x_wconf 70' lang='lat' dir='ltr'><strong>Dixit</strong></span> <span class='ocrx_word' id='word_1_450' title='bbox 2204 1687 2323 1722; x_wconf 82' lang='lat' dir='ltr'><strong>autem</strong></span> <span class='ocrx_word' id='word_1_451' title='bbox 2344 1686 2466 1722; x_wconf 89' lang='lat' dir='ltr'><strong>Domi·</strong></span> <span class='ocrx_word' id='word_1_452' title='bbox 2513 1664 2540 1684; x_wconf 56' lang='grc' dir='ltr'>Ἰ</span> 
     </span>
     <span class='ocr_line' id='line_1_56' title="bbox 1410 1744 2540 1794; baseline -0.001 -12"><span class='ocrx_word' id='word_1_453' title='bbox 1410 1757 1477 1782; x_wconf 89' lang='lat' dir='ltr'><strong>nus</strong></span> <span class='ocrx_word' id='word_1_454' title='bbox 1496 1746 1541 1781; x_wconf 87' lang='lat' dir='ltr'><strong>ad</strong></span> <span class='ocrx_word' id='word_1_455' title='bbox 1561 1745 1706 1792; x_wconf 79' lang='lat' dir='ltr'><strong>Moysen</strong></span> <span class='ocrx_word' id='word_1_456' title='bbox 1725 1758 1732 1781; x_wconf 83' lang='lat' dir='ltr'>z</span> <span class='ocrx_word' id='word_1_457' title='bbox 1757 1744 1835 1779; x_wconf 86' lang='lat' dir='ltr'><strong>Vidi</strong></span> <span class='ocrx_word' id='word_1_458' title='bbox 1852 1746 2070 1792; x_wconf 80' lang='lat' dir='ltr'><strong>afflictionem</strong></span> <span class='ocrx_word' id='word_1_459' title='bbox 2091 1744 2210 1792; x_wconf 81' lang='lat' dir='ltr'><strong>p&#39;o&#39;puli</strong></span> <span class='ocrx_word' id='word_1_460' title='bbox 2228 1746 2294 1781; x_wconf 83' lang='lat' dir='ltr'><strong>mei</strong></span> <span class='ocrx_word' id='word_1_461' title='bbox 2308 1746 2343 1781; x_wconf 87' lang='lat' dir='ltr'><strong>in</strong></span> <span class='ocrx_word' id='word_1_462' title='bbox 2353 1745 2467 1793; x_wconf 71' lang='lat' dir='ltr'><strong><em>AEqy-</em></strong></span> <span class='ocrx_word' id='word_1_463' title='bbox 2522 1749 2540 1794; x_wconf 51' lang='lat' dir='ltr'><strong>l.</strong></span> 
     </span>
     <span class='ocr_line' id='line_1_57' title="bbox 1409 1794 2540 1854; baseline 0.001 -13"><span class='ocrx_word' id='word_1_464' title='bbox 1409 1813 1482 1854; x_wconf 88' lang='lat' dir='ltr'><strong>pto,</strong></span> <span class='ocrx_word' id='word_1_465' title='bbox 1499 1813 1529 1842; x_wconf 80' lang='lat' dir='ltr'><strong>et</strong></span> <span class='ocrx_word' id='word_1_466' title='bbox 1545 1806 1728 1842; x_wconf 82' lang='lat' dir='ltr'><strong>clamorem</strong></span> <span class='ocrx_word' id='word_1_467' title='bbox 1748 1806 1823 1851; x_wconf 83' lang='lat' dir='ltr'><strong>ejus</strong></span> <span class='ocrx_word' id='word_1_468' title='bbox 1843 1805 1974 1849; x_wconf 85' lang='lat' dir='ltr'><strong>audivi,</strong></span> <span class='ocrx_word' id='word_1_469' title='bbox 1993 1805 2133 1852; x_wconf 77' lang='lat' dir='ltr'><strong>propter</strong></span> <span class='ocrx_word' id='word_1_470' title='bbox 2152 1794 2321 1841; x_wconf 69' lang='lat' dir='ltr'><strong>duritiam</strong></span> <span class='ocrx_word' id='word_1_471' title='bbox 2347 1817 2466 1842; x_wconf 88' lang='lat' dir='ltr'><strong>eorum</strong></span> <span class='ocrx_word' id='word_1_472' title='bbox 2533 1803 2540 1808; x_wconf 81' lang='grc'><em>“</em></span> 
     </span>
     <span class='ocr_line' id='line_1_58' title="bbox 1410 1864 2467 1918; baseline 0.001 -16"><span class='ocrx_word' id='word_1_473' title='bbox 1410 1868 1470 1914; x_wconf 83' lang='lat' dir='ltr'><strong>qui</strong></span> <span class='ocrx_word' id='word_1_474' title='bbox 1495 1871 1650 1914; x_wconf 76' lang='lat' dir='ltr'><strong>pra’sunt</strong></span> <span class='ocrx_word' id='word_1_475' title='bbox 1676 1866 1857 1913; x_wconf 75' lang='lat' dir='ltr'><strong>operibus;</strong></span> <span class='ocrx_word' id='word_1_476' title='bbox 1874 1873 1905 1902; x_wconf 89' lang='lat' dir='ltr'><strong>et</strong></span> <span class='ocrx_word' id='word_1_477' title='bbox 1925 1867 2034 1918; x_wconf 82' lang='lat' dir='ltr'><strong>sciens</strong></span> <span class='ocrx_word' id='word_1_478' title='bbox 2053 1864 2310 1912; x_wconf 66' lang='lat' dir='ltr'><strong>dolor-emejus,</strong></span> <span class='ocrx_word' id='word_1_479' title='bbox 2326 1867 2467 1903; x_wconf 85' lang='lat' dir='ltr'><strong>descen-</strong></span> 
     </span>
     <span class='ocr_line' id='line_1_59' title="bbox 1412 1915 2467 1974; baseline 0 -10"><span class='ocrx_word' id='word_1_480' title='bbox 1412 1929 1447 1964; x_wconf 76' lang='lat' dir='ltr'><strong>di</strong></span> <span class='ocrx_word' id='word_1_481' title='bbox 1471 1928 1617 1964; x_wconf 82' lang='lat' dir='ltr'><strong>liberare</strong></span> <span class='ocrx_word' id='word_1_482' title='bbox 1632 1939 1689 1964; x_wconf 84' lang='lat' dir='ltr'><strong>eos</strong></span> <span class='ocrx_word' id='word_1_483' title='bbox 1705 1928 1747 1964; x_wconf 79' lang='lat' dir='ltr'><strong>cle</strong></span> <span class='ocrx_word' id='word_1_484' title='bbox 1765 1927 1925 1963; x_wconf 79' lang='lat' dir='ltr'><strong>manibus</strong></span> <span class='ocrx_word' id='word_1_485' title='bbox 1940 1915 2204 1974; x_wconf 76' lang='lat' dir='ltr'><strong>AEqyptiorum,</strong></span> <span class='ocrx_word' id='word_1_486' title='bbox 2219 1930 2250 1963; x_wconf 80' lang='lat' dir='ltr'><strong>et</strong></span> <span class='ocrx_word' id='word_1_487' title='bbox 2263 1927 2407 1964; x_wconf 84' lang='lat' dir='ltr'><strong>educere</strong></span> <span class='ocrx_word' id='word_1_488' title='bbox 2425 1928 2467 1964; x_wconf 85' lang='lat' dir='ltr'><strong>de</strong></span> 
     </span>
     <span class='ocr_line' id='line_1_60' title="bbox 1414 1987 2467 2036; baseline 0 -12"><span class='ocrx_word' id='word_1_489' title='bbox 1414 1996 1506 2024; x_wconf 79' lang='lat' dir='ltr'><strong>terra</strong></span> <span class='ocrx_word' id='word_1_490' title='bbox 1522 1989 1583 2025; x_wconf 84' lang='lat' dir='ltr'><strong>illa</strong></span> <span class='ocrx_word' id='word_1_491' title='bbox 1597 1989 1635 2025; x_wconf 83' lang='lat' dir='ltr'><strong>in</strong></span> <span class='ocrx_word' id='word_1_492' title='bbox 1653 1990 1783 2025; x_wconf 76' lang='lat' dir='ltr'><strong>terrain</strong></span> <span class='ocrx_word' id='word_1_493' title='bbox 1799 1988 1925 2024; x_wconf 86' lang='lat' dir='ltr'><strong>bonam</strong></span> <span class='ocrx_word' id='word_1_494' title='bbox 1946 1991 1979 2024; x_wconf 86' lang='lat' dir='ltr'><strong>et</strong></span> <span class='ocrx_word' id='word_1_495' title='bbox 1998 1987 2207 2035; x_wconf 82' lang='lat' dir='ltr'><strong>spaciosam,</strong></span> <span class='ocrx_word' id='word_1_496' title='bbox 2225 1992 2302 2036; x_wconf 74' lang='lat' dir='ltr'><strong>quie</strong></span> <span class='ocrx_word' id='word_1_497' title='bbox 2313 1989 2390 2035; x_wconf 82' lang='lat' dir='ltr'><strong>fluit</strong></span> <span class='ocrx_word' id='word_1_498' title='bbox 2413 1988 2467 2024; x_wconf 83' lang='lat' dir='ltr'><strong>lac</strong></span> 
     </span>
    </p>
   </div>
   <div class='ocr_carea' id='block_1_11' title="bbox 284 2037 2468 2099">
    <p class='ocr_par' dir='ltr' id='par_1_11' title="bbox 284 2037 2468 2099">
     <span class='ocr_line' id='line_1_61' title="bbox 284 2037 2468 2099; baseline -0.005 -6"><span class='ocrx_word' id='word_1_499' title='bbox 284 2064 367 2093; x_wconf 89' lang='lat' dir='ltr'><strong>sunt</strong></span> <span class='ocrx_word' id='word_1_500' title='bbox 389 2056 502 2092; x_wconf 76' lang='lat' dir='ltr'><strong>nova?</strong></span> <span class='ocrx_word' id='word_1_501' title='bbox 522 2053 734 2099; x_wconf 78' lang='lat' dir='ltr'><strong>Evangelica</strong></span> <span class='ocrx_word' id='word_1_502' title='bbox 751 2050 929 2086; x_wconf 77' lang='lat' dir='ltr'><strong>videlicet.</strong></span> <span class='ocrx_word' id='word_1_503' title='bbox 958 2048 1048 2084; x_wconf 86' lang='lat' dir='ltr'><strong>Nam</strong></span> <span class='ocrx_word' id='word_1_504' title='bbox 1069 2058 1150 2083; x_wconf 87' lang='lat' dir='ltr'><strong>cum</strong></span> <span class='ocrx_word' id='word_1_505' title='bbox 1188 2045 1344 2081; x_wconf 80' lang='lat' dir='ltr'><strong>maxima</strong></span> <span class='ocrx_word' id='word_1_506' title='bbox 1363 2041 1392 2082; x_wconf 90' lang='lat' dir='ltr'>C</span> <span class='ocrx_word' id='word_1_507' title='bbox 1414 2055 1443 2084; x_wconf 83' lang='lat' dir='ltr'><strong>et</strong></span> <span class='ocrx_word' id='word_1_508' title='bbox 1464 2049 1531 2084; x_wconf 85' lang='lat' dir='ltr'><strong>mel</strong></span> <span class='ocrx_word' id='word_1_509' title='bbox 1552 2049 1690 2096; x_wconf 76' lang='lat' dir='ltr'><strong>(Exod.</strong></span> <span class='ocrx_word' id='word_1_510' title='bbox 1711 2049 1786 2096; x_wconf 89' lang='lat'>111).</span> <span class='ocrx_word' id='word_1_511' title='bbox 1804 2037 1849 2085; x_wconf 77' lang='lat' dir='ltr'><strong>Et</strong></span> <span class='ocrx_word' id='word_1_512' title='bbox 1865 2049 1946 2094; x_wconf 82' lang='lat' dir='ltr'><strong>quis</strong></span> <span class='ocrx_word' id='word_1_513' title='bbox 1965 2049 2011 2084; x_wconf 87' lang='lat' dir='ltr'><strong>sit</strong></span> <span class='ocrx_word' id='word_1_514' title='bbox 2029 2049 2090 2094; x_wconf 90' lang='lat' dir='ltr'><strong>qui</strong></span> <span class='ocrx_word' id='word_1_515' title='bbox 2119 2039 2315 2085; x_wconf 71' lang='lat' dir='ltr'><strong>introdimit</strong></span> <span class='ocrx_word' id='word_1_516' title='bbox 2333 2049 2369 2084; x_wconf 92' lang='lat' dir='ltr'><strong>in</strong></span> <span class='ocrx_word' id='word_1_517' title='bbox 2384 2058 2468 2094; x_wconf 85' lang='lat' dir='ltr'><strong>pro-</strong></span> 
     </span>
    </p>
   </div>
   <div class='ocr_carea' id='block_1_12' title="bbox 284 2106 1345 2886">
    <p class='ocr_par' dir='ltr' id='par_1_12' title="bbox 284 2106 1345 2886">
     <span class='ocr_line' id='line_1_62' title="bbox 285 2106 1343 2160; baseline -0.011 -8"><span class='ocrx_word' id='word_1_518' title='bbox 285 2117 358 2153; x_wconf 88' lang='lat' dir='ltr'><strong>sint</strong></span> <span class='ocrx_word' id='word_1_519' title='bbox 377 2126 419 2151; x_wconf 84' lang='lat' dir='ltr'><strong>ea</strong></span> <span class='ocrx_word' id='word_1_520' title='bbox 435 2124 513 2160; x_wconf 62' lang='lat' dir='ltr'><strong>quae</strong></span> <span class='ocrx_word' id='word_1_521' title='bbox 532 2124 597 2159; x_wconf 85' lang='lat' dir='ltr'><strong>per</strong></span> <span class='ocrx_word' id='word_1_522' title='bbox 616 2111 854 2157; x_wconf 76' lang='lat' dir='ltr'><strong>patriarchas,</strong></span> <span class='ocrx_word' id='word_1_523' title='bbox 870 2109 985 2155; x_wconf 82' lang='lat' dir='ltr'><strong>legem</strong></span> <span class='ocrx_word' id='word_1_524' title='bbox 1004 2113 1039 2144; x_wconf 87' lang='lat' dir='ltr'><strong>et</strong></span> <span class='ocrx_word' id='word_1_525' title='bbox 1058 2107 1252 2153; x_wconf 84' lang='lat' dir='ltr'><strong>prophetas</strong></span> <span class='ocrx_word' id='word_1_526' title='bbox 1266 2106 1343 2151; x_wconf 89' lang='lat' dir='ltr'><strong>pol-</strong></span> 
     </span>
     <span class='ocr_line' id='line_1_63' title="bbox 284 2164 1342 2217; baseline -0.012 -5"><span class='ocrx_word' id='word_1_527' title='bbox 284 2177 384 2212; x_wconf 87' lang='lat' dir='ltr'><strong>licita</strong></span> <span class='ocrx_word' id='word_1_528' title='bbox 410 2180 503 2216; x_wconf 87' lang='lat' dir='ltr'><strong>sunt,</strong></span> <span class='ocrx_word' id='word_1_529' title='bbox 529 2179 647 2208; x_wconf 86' lang='lat' dir='ltr'><strong>tamen</strong></span> <span class='ocrx_word' id='word_1_530' title='bbox 665 2181 729 2217; x_wconf 87' lang='lat' dir='ltr'><strong>per</strong></span> <span class='ocrx_word' id='word_1_531' title='bbox 748 2168 979 2214; x_wconf 81' lang='lat' dir='ltr'><strong>Evangelium</strong></span> <span class='ocrx_word' id='word_1_532' title='bbox 1000 2166 1178 2214; x_wconf 86' lang='lat' dir='ltr'><strong>promissa</strong></span> <span class='ocrx_word' id='word_1_533' title='bbox 1204 2164 1342 2211; x_wconf 86' lang='lat' dir='ltr'><strong>majora</strong></span> 
     </span>
     <span class='ocr_line' id='line_1_64' title="bbox 285 2225 1344 2280; baseline -0.013 -7"><span class='ocrx_word' id='word_1_534' title='bbox 285 2242 368 2274; x_wconf 89' lang='lat' dir='ltr'><strong>sunt</strong></span> <span class='ocrx_word' id='word_1_535' title='bbox 391 2249 398 2270; x_wconf 77' lang='grc' dir='ltr'>ε</span> <span class='ocrx_word' id='word_1_536' title='bbox 418 2239 563 2280; x_wconf 85' lang='lat' dir='ltr'><strong>propter</strong></span> <span class='ocrx_word' id='word_1_537' title='bbox 578 2231 672 2277; x_wconf 82' lang='lat' dir='ltr'><strong>quod</strong></span> <span class='ocrx_word' id='word_1_538' title='bbox 691 2231 819 2266; x_wconf 86' lang='lat' dir='ltr'><strong>horum</strong></span> <span class='ocrx_word' id='word_1_539' title='bbox 843 2227 1110 2274; x_wconf 83' lang='lat' dir='ltr'><strong>comparatione</strong></span> <span class='ocrx_word' id='word_1_540' title='bbox 1124 2225 1185 2261; x_wconf 85' lang='lat' dir='ltr'><strong>illa</strong></span> <span class='ocrx_word' id='word_1_541' title='bbox 1204 2236 1223 2260; x_wconf 91' lang='lat' dir='ltr'><strong>a</strong></span> <span class='ocrx_word' id='word_1_542' title='bbox 1241 2225 1344 2260; x_wconf 66' lang='lat' dir='ltr'><strong>nolus</strong></span> 
     </span>
     <span class='ocr_line' id='line_1_65' title="bbox 285 2286 1343 2343; baseline -0.012 -11"><span class='ocrx_word' id='word_1_543' title='bbox 285 2295 463 2343; x_wconf 87' lang='lat' dir='ltr'><strong>superflua</strong></span> <span class='ocrx_word' id='word_1_544' title='bbox 488 2293 707 2339; x_wconf 85' lang='lat' dir='ltr'><strong>judicantur.</strong></span> <span class='ocrx_word' id='word_1_545' title='bbox 755 2291 847 2326; x_wconf 81' lang='lat' dir='ltr'><strong>Ecce</strong></span> <span class='ocrx_word' id='word_1_546' title='bbox 888 2289 983 2325; x_wconf 89' lang='lat' dir='ltr'><strong>enim</strong></span> <span class='ocrx_word' id='word_1_547' title='bbox 1012 2286 1219 2333; x_wconf 87' lang='lat' dir='ltr'><strong>capitulum,</strong></span> <span class='ocrx_word' id='word_1_548' title='bbox 1249 2286 1343 2331; x_wconf 86' lang='lat' dir='ltr'><strong>quod</strong></span> 
     </span>
     <span class='ocr_line' id='line_1_66' title="bbox 285 2348 1343 2393; baseline -0.012 1"><span class='ocrx_word' id='word_1_549' title='bbox 285 2363 397 2393; x_wconf 84' lang='lat' dir='ltr'><strong>totam</strong></span> <span class='ocrx_word' id='word_1_550' title='bbox 415 2355 703 2393; x_wconf 83' lang='lat' dir='ltr'><strong>benedictionem</strong></span> <span class='ocrx_word' id='word_1_551' title='bbox 721 2352 925 2393; x_wconf 88' lang='lat' dir='ltr'><strong>confirmat,</strong></span> <span class='ocrx_word' id='word_1_552' title='bbox 958 2350 1080 2391; x_wconf 79' lang='lat' dir='ltr'><strong>infert,</strong></span> <span class='ocrx_word' id='word_1_553' title='bbox 1105 2348 1140 2383; x_wconf 87' lang='lat' dir='ltr'><strong>id</strong></span> <span class='ocrx_word' id='word_1_554' title='bbox 1161 2352 1229 2390; x_wconf 86' lang='lat' dir='ltr'><strong>est,</strong></span> <span class='ocrx_word' id='word_1_555' title='bbox 1264 2357 1343 2392; x_wconf 76' lang='lat' dir='ltr'><strong>quae</strong></span> 
     </span>
     <span class='ocr_line' id='line_1_67' title="bbox 285 2407 1344 2466; baseline -0.012 -12"><span class='ocrx_word' id='word_1_556' title='bbox 285 2429 349 2466; x_wconf 81' lang='lat' dir='ltr'><strong>per</strong></span> <span class='ocrx_word' id='word_1_557' title='bbox 364 2416 608 2463; x_wconf 83' lang='lat' dir='ltr'><strong>evangelicam</strong></span> <span class='ocrx_word' id='word_1_558' title='bbox 630 2419 709 2449; x_wconf 86' lang='lat' dir='ltr'><strong>acta</strong></span> <span class='ocrx_word' id='word_1_559' title='bbox 728 2414 811 2449; x_wconf 81' lang='lat' dir='ltr'><strong>sunt</strong></span> <span class='ocrx_word' id='word_1_560' title='bbox 835 2418 870 2447; x_wconf 89' lang='lat' dir='ltr'><strong>et</strong></span> <span class='ocrx_word' id='word_1_561' title='bbox 890 2410 1035 2457; x_wconf 88' lang='lat' dir='ltr'><strong>impleta</strong></span> <span class='ocrx_word' id='word_1_562' title='bbox 1066 2409 1218 2455; x_wconf 80' lang='lat' dir='ltr'><strong>gratiam</strong></span> <span class='ocrx_word' id='word_1_563' title='bbox 1243 2420 1250 2442; x_wconf 79' lang='lat' dir='ltr'><strong><em>z</em></strong></span> <span class='ocrx_word' id='word_1_564' title='bbox 1273 2407 1344 2442; x_wconf 91' lang='lat' dir='ltr'><strong>Po-</strong></span> 
     </span>
     <span class='ocr_line' id='line_1_68' title="bbox 286 2468 1345 2516; baseline -0.012 -1"><span class='ocrx_word' id='word_1_565' title='bbox 286 2490 366 2516; x_wconf 87' lang='lat' dir='ltr'><strong>nam</strong></span> <span class='ocrx_word' id='word_1_566' title='bbox 386 2475 649 2514; x_wconf 86' lang='lat' dir='ltr'><strong>tabernaculum</strong></span> <span class='ocrx_word' id='word_1_567' title='bbox 675 2484 790 2509; x_wconf 87' lang='lat' dir='ltr'><strong>meum</strong></span> <span class='ocrx_word' id='word_1_568' title='bbox 821 2474 858 2508; x_wconf 84' lang='lat' dir='ltr'><strong>ia</strong></span> <span class='ocrx_word' id='word_1_569' title='bbox 888 2471 1001 2507; x_wconf 85' lang='lat' dir='ltr'><strong>medio</strong></span> <span class='ocrx_word' id='word_1_570' title='bbox 1021 2470 1136 2513; x_wconf 83' lang='lat' dir='ltr'><strong>vestri,</strong></span> <span class='ocrx_word' id='word_1_571' title='bbox 1155 2469 1223 2512; x_wconf 86' lang='lat' dir='ltr'><strong>vel,</strong></span> <span class='ocrx_word' id='word_1_572' title='bbox 1252 2468 1345 2504; x_wconf 79' lang='lat' dir='ltr'><strong>sicu&#39;t</strong></span> 
     </span>
     <span class='ocr_line' id='line_1_69' title="bbox 287 2528 1342 2586; baseline -0.014 -9"><span class='ocrx_word' id='word_1_573' title='bbox 287 2539 539 2586; x_wconf 83' lang='lat' dir='ltr'><strong>Septuaginta:</strong></span> <span class='ocrx_word' id='word_1_574' title='bbox 553 2536 768 2572; x_wconf 86' lang='lat' dir='ltr'><strong>Constituam</strong></span> <span class='ocrx_word' id='word_1_575' title='bbox 779 2538 1019 2568; x_wconf 84' lang='lat' dir='ltr'><strong>testamentum</strong></span> <span class='ocrx_word' id='word_1_576' title='bbox 1028 2529 1142 2565; x_wconf 69' lang='lat' dir='ltr'><strong>ineunt</strong></span> <span class='ocrx_word' id='word_1_577' title='bbox 1151 2528 1342 2572; x_wconf 66' lang='lat' dir='ltr'><strong>uobiscum,</strong></span> 
     </span>
     <span class='ocr_line' id='line_1_70' title="bbox 287 2590 1343 2649; baseline -0.013 -11"><span class='ocrx_word' id='word_1_578' title='bbox 287 2601 381 2649; x_wconf 84' lang='lat' dir='ltr'><strong>quod</strong></span> <span class='ocrx_word' id='word_1_579' title='bbox 398 2605 452 2636; x_wconf 85' lang='lat' dir='ltr'><strong>est</strong></span> <span class='ocrx_word' id='word_1_580' title='bbox 470 2600 550 2642; x_wconf 90' lang='lat' dir='ltr'><strong>hoc,</strong></span> <span class='ocrx_word' id='word_1_581' title='bbox 575 2598 613 2633; x_wconf 92' lang='lat' dir='ltr'><strong>in</strong></span> <span class='ocrx_word' id='word_1_582' title='bbox 633 2606 704 2642; x_wconf 85' lang='lat' dir='ltr'><strong>quo</strong></span> <span class='ocrx_word' id='word_1_583' title='bbox 724 2605 816 2630; x_wconf 86' lang='lat' dir='ltr'><strong>nova</strong></span> <span class='ocrx_word' id='word_1_584' title='bbox 848 2592 1026 2640; x_wconf 87' lang='lat' dir='ltr'><strong>promisit,</strong></span> <span class='ocrx_word' id='word_1_585' title='bbox 1053 2590 1154 2636; x_wconf 88' lang='lat' dir='ltr'><strong>cujus</strong></span> <span class='ocrx_word' id='word_1_586' title='bbox 1181 2590 1232 2627; x_wconf 87' lang='lat' dir='ltr'><strong>sie</strong></span> <span class='ocrx_word' id='word_1_587' title='bbox 1259 2595 1343 2635; x_wconf 86' lang='lat' dir='ltr'><strong>pro·-</strong></span> 
     </span>
     <span class='ocr_line' id='line_1_71' title="bbox 288 2647 1343 2707; baseline -0.011 -11"><span class='ocrx_word' id='word_1_588' title='bbox 288 2662 397 2707; x_wconf 87' lang='lat' dir='ltr'><strong>pheta</strong></span> <span class='ocrx_word' id='word_1_589' title='bbox 414 2658 586 2694; x_wconf 62' lang='lat' dir='ltr'><strong>«Ieremias</strong></span> <span class='ocrx_word' id='word_1_590' title='bbox 603 2655 814 2692; x_wconf 85' lang='lat' dir='ltr'><strong>memoriam</strong></span> <span class='ocrx_word' id='word_1_591' title='bbox 829 2653 913 2690; x_wconf 86' lang='lat' dir='ltr'><strong>facit</strong></span> <span class='ocrx_word' id='word_1_592' title='bbox 931 2663 940 2688; x_wconf 90' lang='lat'>:</span> <span class='ocrx_word' id='word_1_593' title='bbox 958 2653 1003 2687; x_wconf 90' lang='lat' dir='ltr'><strong>Et</strong></span> <span class='ocrx_word' id='word_1_594' title='bbox 1017 2652 1225 2687; x_wconf 83' lang='lat' dir='ltr'><strong>constituam</strong></span> <span class='ocrx_word' id='word_1_595' title='bbox 1250 2647 1343 2686; x_wconf 80' lang='lat' dir='ltr'><strong>vobis</strong></span> 
     </span>
     <span class='ocr_line' id='line_1_72' title="bbox 292 2709 1343 2762; baseline -0.01 -7"><span class='ocrx_word' id='word_1_596' title='bbox 292 2723 534 2762; x_wconf 80' lang='lat' dir='ltr'><strong>testamentum</strong></span> <span class='ocrx_word' id='word_1_597' title='bbox 554 2726 692 2757; x_wconf 87' lang='lat' dir='ltr'><strong>novum,</strong></span> <span class='ocrx_word' id='word_1_598' title='bbox 710 2725 779 2749; x_wconf 83' lang='lat' dir='ltr'><strong>non</strong></span> <span class='ocrx_word' id='word_1_599' title='bbox 795 2713 985 2749; x_wconf 87' lang='lat' dir='ltr'><strong>secundum</strong></span> <span class='ocrx_word' id='word_1_600' title='bbox 999 2717 1240 2747; x_wconf 87' lang='lat' dir='ltr'><strong>testamentum</strong></span> <span class='ocrx_word' id='word_1_601' title='bbox 1250 2709 1343 2757; x_wconf 77' lang='lat' dir='ltr'><strong>quod</strong></span> 
     </span>
     <span class='ocr_line' id='line_1_73' title="bbox 291 2768 1343 2826; baseline -0.008 -12"><span class='ocrx_word' id='word_1_602' title='bbox 291 2778 445 2826; x_wconf 78' lang='lat' dir='ltr'><strong>disposui</strong></span> <span class='ocrx_word' id='word_1_603' title='bbox 476 2775 631 2823; x_wconf 86' lang='lat' dir='ltr'><strong>patribus</strong></span> <span class='ocrx_word' id='word_1_604' title='bbox 654 2774 773 2809; x_wconf 84' lang='lat' dir='ltr'><strong>vestris</strong></span> <span class='ocrx_word' id='word_1_605' title='bbox 802 2773 954 2820; x_wconf 86' lang='lat' dir='ltr'><strong>(Jerem.</strong></span> <span class='ocrx_word' id='word_1_606' title='bbox 988 2772 1112 2818; x_wconf 70' lang='lat' dir='ltr'><strong>xxm).</strong></span> <span class='ocrx_word' id='word_1_607' title='bbox 1147 2771 1210 2807; x_wconf 85' lang='lat' dir='ltr'><strong>His</strong></span> <span class='ocrx_word' id='word_1_608' title='bbox 1247 2768 1343 2808; x_wconf 71' lang='lat' dir='ltr'><strong>etism</strong></span> 
     </span>
     <span class='ocr_line' id='line_1_74' title="bbox 294 2831 1344 2886; baseline -0.01 -9"><span class='ocrx_word' id='word_1_609' title='bbox 294 2840 484 2886; x_wconf 79' lang='lat' dir='ltr'><strong>conjuncta</strong></span> <span class='ocrx_word' id='word_1_610' title='bbox 513 2840 596 2873; x_wconf 88' lang='lat' dir='ltr'><strong>sunt</strong></span> <span class='ocrx_word' id='word_1_611' title='bbox 620 2839 656 2871; x_wconf 86' lang='lat' dir='ltr'><strong>et</strong></span> <span class='ocrx_word' id='word_1_612' title='bbox 681 2843 759 2879; x_wconf 86' lang='lat' dir='ltr'><strong>quae</strong></span> <span class='ocrx_word' id='word_1_613' title='bbox 784 2838 983 2879; x_wconf 88' lang='lat' dir='ltr'><strong>sequuntur</strong></span> <span class='ocrx_word' id='word_1_614' title='bbox 1006 2833 1161 2868; x_wconf 83' lang='lat' dir='ltr'><strong>maxime</strong></span> <span class='ocrx_word' id='word_1_615' title='bbox 1179 2844 1187 2868; x_wconf 94' lang='lat'>:</span> <span class='ocrx_word' id='word_1_616' title='bbox 1203 2831 1249 2868; x_wconf 83' lang='lat' dir='ltr'><strong>Et</strong></span> <span class='ocrx_word' id='word_1_617' title='bbox 1275 2842 1344 2868; x_wconf 84' lang='lat' dir='ltr'><strong>non</strong></span> 
     </span>
    </p>
   </div>
   <div class='ocr_carea' id='block_1_13' title="bbox 293 2892 1374 2942">
    <p class='ocr_par' dir='ltr' id='par_1_13' title="bbox 293 2892 1374 2942">
     <span class='ocr_line' id='line_1_75' title="bbox 293 2892 1374 2942; baseline -0.007 -5"><span class='ocrx_word' id='word_1_618' title='bbox 293 2898 548 2942; x_wconf 73' lang='lat' dir='ltr'><strong>abominabitur</strong></span> <span class='ocrx_word' id='word_1_619' title='bbox 563 2896 682 2931; x_wconf 84' lang='lat' dir='ltr'><strong>anima</strong></span> <span class='ocrx_word' id='word_1_620' title='bbox 700 2905 777 2929; x_wconf 90' lang='lat' dir='ltr'><strong>mea</strong></span> <span class='ocrx_word' id='word_1_621' title='bbox 791 2905 861 2931; x_wconf 86' lang='lat' dir='ltr'><strong>vos.</strong></span> <span class='ocrx_word' id='word_1_622' title='bbox 893 2892 971 2939; x_wconf 74' lang='lat' dir='ltr'><strong>(Ex</strong></span> <span class='ocrx_word' id='word_1_623' title='bbox 989 2892 1219 2939; x_wconf 74' lang='lat' dir='ltr'><strong>Auqustino.)</strong></span> <span class='ocrx_word' id='word_1_624' title='bbox 1252 2892 1341 2928; x_wconf 86' lang='lat' dir='ltr'><strong>Ani-</strong></span> <span class='ocrx_word' id='word_1_625' title='bbox 1365 2920 1374 2929; x_wconf 85' lang='lat'><em>.</em></span> 
     </span>
    </p>
   </div>
   <div class='ocr_carea' id='block_1_14' title="bbox 269 2953 1351 3798">
    <p class='ocr_par' dir='ltr' id='par_1_14' title="bbox 269 2953 1351 3798">
     <span class='ocr_line' id='line_1_76' title="bbox 293 2953 1340 2998; baseline -0.01 0"><span class='ocrx_word' id='word_1_626' title='bbox 293 2972 391 2998; x_wconf 86' lang='lat' dir='ltr'><strong>mam</strong></span> <span class='ocrx_word' id='word_1_627' title='bbox 415 2969 518 2996; x_wconf 87' lang='lat' dir='ltr'><strong>suam</strong></span> <span class='ocrx_word' id='word_1_628' title='bbox 542 2958 637 2993; x_wconf 89' lang='lat' dir='ltr'><strong>Deus</strong></span> <span class='ocrx_word' id='word_1_629' title='bbox 664 2955 886 2990; x_wconf 86' lang='lat' dir='ltr'><strong>voluntatem</strong></span> <span class='ocrx_word' id='word_1_630' title='bbox 905 2964 1007 2990; x_wconf 89' lang='lat' dir='ltr'><strong>suam</strong></span> <span class='ocrx_word' id='word_1_631' title='bbox 1026 2953 1132 2997; x_wconf 88' lang='lat' dir='ltr'><strong>dicit;</strong></span> <span class='ocrx_word' id='word_1_632' title='bbox 1153 2959 1225 2989; x_wconf 88' lang='lat' dir='ltr'><strong>non</strong></span> <span class='ocrx_word' id='word_1_633' title='bbox 1243 2954 1340 2989; x_wconf 82' lang='lat' dir='ltr'><strong>enim</strong></span> 
     </span>
     <span class='ocr_line' id='line_1_77' title="bbox 269 3007 1341 3060; baseline -0.009 -2"><span class='ocrx_word' id='word_1_634' title='bbox 269 3017 275 3021; x_wconf 78' lang='grc'><strong>”</strong></span> <span class='ocrx_word' id='word_1_635' title='bbox 293 3027 348 3058; x_wconf 86' lang='lat' dir='ltr'><strong>est</strong></span> <span class='ocrx_word' id='word_1_636' title='bbox 361 3018 494 3056; x_wconf 87' lang='lat' dir='ltr'><strong>animal</strong></span> <span class='ocrx_word' id='word_1_637' title='bbox 507 3017 645 3053; x_wconf 87' lang='lat' dir='ltr'><strong>habens</strong></span> <span class='ocrx_word' id='word_1_638' title='bbox 655 3025 784 3060; x_wconf 88' lang='lat' dir='ltr'><strong>corpus</strong></span> <span class='ocrx_word' id='word_1_639' title='bbox 797 3019 833 3050; x_wconf 92' lang='lat' dir='ltr'><strong>et</strong></span> <span class='ocrx_word' id='word_1_640' title='bbox 846 3014 1023 3056; x_wconf 82' lang='lat' dir='ltr'><strong>animam;</strong></span> <span class='ocrx_word' id='word_1_641' title='bbox 1041 3023 1157 3059; x_wconf 89' lang='lat' dir='ltr'><strong>neque</strong></span> <span class='ocrx_word' id='word_1_642' title='bbox 1181 3007 1341 3049; x_wconf 85' lang='lat' dir='ltr'><strong>substan-</strong></span> 
     </span>
     <span class='ocr_line' id='line_1_78' title="bbox 293 3073 1341 3127; baseline -0.01 -8"><span class='ocrx_word' id='word_1_643' title='bbox 293 3084 344 3119; x_wconf 84' lang='lat' dir='ltr'><strong>tia</strong></span> <span class='ocrx_word' id='word_1_644' title='bbox 361 3081 437 3127; x_wconf 80' lang='lat' dir='ltr'><strong>ejus</strong></span> <span class='ocrx_word' id='word_1_645' title='bbox 451 3078 627 3126; x_wconf 88' lang='lat' dir='ltr'><strong>ejusmodi</strong></span> <span class='ocrx_word' id='word_1_646' title='bbox 649 3082 718 3120; x_wconf 86' lang='lat' dir='ltr'><strong>est,</strong></span> <span class='ocrx_word' id='word_1_647' title='bbox 735 3074 934 3121; x_wconf 83' lang='lat' dir='ltr'><strong>eujusmodi</strong></span> <span class='ocrx_word' id='word_1_648' title='bbox 948 3078 1114 3110; x_wconf 85' lang='lat' dir='ltr'><strong>creatura</strong></span> <span class='ocrx_word' id='word_1_649' title='bbox 1141 3073 1234 3119; x_wconf 80' lang='lat' dir='ltr'><strong>ejus,</strong></span> <span class='ocrx_word' id='word_1_650' title='bbox 1264 3084 1341 3120; x_wconf 87' lang='lat' dir='ltr'><strong>quae</strong></span> 
     </span>
     <span class='ocr_line' id='line_1_79' title="bbox 293 3134 1343 3186; baseline -0.011 -5"><span class='ocrx_word' id='word_1_651' title='bbox 293 3145 414 3181; x_wconf 86' lang='lat' dir='ltr'><strong>anima</strong></span> <span class='ocrx_word' id='word_1_652' title='bbox 431 3142 576 3184; x_wconf 87' lang='lat' dir='ltr'><strong>dicitur,</strong></span> <span class='ocrx_word' id='word_1_653' title='bbox 594 3148 702 3186; x_wconf 89' lang='lat' dir='ltr'><strong>quam</strong></span> <span class='ocrx_word' id='word_1_654' title='bbox 719 3137 795 3183; x_wconf 91' lang='lat' dir='ltr'><strong>ipse</strong></span> <span class='ocrx_word' id='word_1_655' title='bbox 813 3136 910 3178; x_wconf 81' lang='lat' dir='ltr'><strong>feeit,</strong></span> <span class='ocrx_word' id='word_1_656' title='bbox 927 3135 1019 3171; x_wconf 82' lang='lat' dir='ltr'><strong>sieut</strong></span> <span class='ocrx_word' id='word_1_657' title='bbox 1032 3145 1096 3181; x_wconf 91' lang='lat' dir='ltr'><strong>per</strong></span> <span class='ocrx_word' id='word_1_658' title='bbox 1115 3145 1154 3171; x_wconf 90' lang='lat' dir='ltr'><strong>se</strong></span> <span class='ocrx_word' id='word_1_659' title='bbox 1172 3134 1248 3181; x_wconf 76' lang='lat' dir='ltr'><strong>Jam</strong></span> <span class='ocrx_word' id='word_1_660' title='bbox 1267 3134 1343 3180; x_wconf 87' lang='lat' dir='ltr'><strong>ipse</strong></span> 
     </span>
     <span class='ocr_line' id='line_1_80' title="bbox 293 3193 1344 3242; baseline -0.012 0"><span class='ocrx_word' id='word_1_661' title='bbox 293 3198 599 3242; x_wconf 84' lang='lat' dir='ltr'><strong>testatur-dicens</strong></span> <span class='ocrx_word' id='word_1_662' title='bbox 621 3193 694 3235; x_wconf 79' lang='lat' dir='ltr'><strong>:Et</strong></span> <span class='ocrx_word' id='word_1_663' title='bbox 722 3208 857 3234; x_wconf 77' lang='lat' dir='ltr'><strong>omnem</strong></span> <span class='ocrx_word' id='word_1_664' title='bbox 885 3197 1009 3242; x_wconf 80' lang='lat' dir='ltr'><strong>[latum</strong></span> <span class='ocrx_word' id='word_1_665' title='bbox 1041 3205 1101 3241; x_wconf 76' lang='lat' dir='ltr'><strong>eqo</strong></span> <span class='ocrx_word' id='word_1_666' title='bbox 1132 3195 1197 3241; x_wconf 76' lang='lat' dir='ltr'><strong>feci</strong></span> <span class='ocrx_word' id='word_1_667' title='bbox 1218 3194 1344 3240; x_wconf 89' lang='lat' dir='ltr'><strong>:quod</strong></span> 
     </span>
     <span class='ocr_line' id='line_1_81' title="bbox 294 3253 1344 3303; baseline -0.013 0"><span class='ocrx_word' id='word_1_668' title='bbox 294 3276 376 3303; x_wconf 91' lang='lat' dir='ltr'><strong>eum</strong></span> <span class='ocrx_word' id='word_1_669' title='bbox 393 3265 436 3301; x_wconf 89' lang='lat' dir='ltr'><strong>de</strong></span> <span class='ocrx_word' id='word_1_670' title='bbox 455 3262 576 3299; x_wconf 87' lang='lat' dir='ltr'><strong>anima</strong></span> <span class='ocrx_word' id='word_1_671' title='bbox 592 3259 749 3297; x_wconf 90' lang='lat' dir='ltr'><strong>hominis</strong></span> <span class='ocrx_word' id='word_1_672' title='bbox 773 3258 905 3302; x_wconf 83' lang='lat' dir='ltr'><strong>dicere,</strong></span> <span class='ocrx_word' id='word_1_673' title='bbox 938 3255 1196 3302; x_wconf 87' lang='lat' dir='ltr'><strong>consequentia</strong></span> <span class='ocrx_word' id='word_1_674' title='bbox 1227 3253 1344 3291; x_wconf 84' lang='lat' dir='ltr'><strong>mani-</strong></span> 
     </span>
     <span class='ocr_line' id='line_1_82' title="bbox 295 3315 1345 3369; baseline -0.01 -8"><span class='ocrx_word' id='word_1_675' title='bbox 295 3326 441 3363; x_wconf 80' lang='lat' dir='ltr'><strong>festant.</strong></span> <span class='ocrx_word' id='word_1_676' title='bbox 458 3318 560 3360; x_wconf 80' lang='lat' dir='ltr'><strong>Sicut</strong></span> <span class='ocrx_word' id='word_1_677' title='bbox 572 3330 658 3369; x_wconf 84' lang='lat' dir='ltr'><strong>ergo</strong></span> <span class='ocrx_word' id='word_1_678' title='bbox 673 3323 756 3357; x_wconf 74' lang='lat' dir='ltr'><strong>eum·</strong></span> <span class='ocrx_word' id='word_1_679' title='bbox 771 3317 860 3356; x_wconf 84' lang='lat' dir='ltr'><strong>dicit</strong></span> <span class='ocrx_word' id='word_1_680' title='bbox 873 3317 996 3354; x_wconf 77' lang='lat' dir='ltr'><strong>oeulos</strong></span> <span class='ocrx_word' id='word_1_681' title='bbox 1009 3320 1093 3353; x_wconf 81' lang='lat' dir='ltr'><strong>suos</strong></span> <span class='ocrx_word' id='word_1_682' title='bbox 1105 3318 1142 3352; x_wconf 85' lang='lat' dir='ltr'><strong>et</strong></span> <span class='ocrx_word' id='word_1_683' title='bbox 1158 3315 1253 3352; x_wconf 83' lang='lat' dir='ltr'><strong>labia</strong></span> <span class='ocrx_word' id='word_1_684' title='bbox 1267 3322 1345 3358; x_wconf 80' lang='lat' dir='ltr'><strong>sua,</strong></span> 
     </span>
     <span class='ocr_line' id='line_1_83' title="bbox 299 3375 1348 3426; baseline -0.01 -2"><span class='ocrx_word' id='word_1_685' title='bbox 299 3393 335 3423; x_wconf 82' lang='lat' dir='ltr'><strong>et</strong></span> <span class='ocrx_word' id='word_1_686' title='bbox 351 3393 480 3424; x_wconf 82' lang='lat' dir='ltr'><strong>caetera</strong></span> <span class='ocrx_word' id='word_1_687' title='bbox 511 3383 686 3421; x_wconf 81' lang='lat' dir='ltr'><strong>vocabula</strong></span> <span class='ocrx_word' id='word_1_688' title='bbox 715 3375 962 3419; x_wconf 87' lang='lat' dir='ltr'><strong>membrorum</strong></span> <span class='ocrx_word' id='word_1_689' title='bbox 993 3378 1249 3426; x_wconf 80' lang='lat' dir='ltr'><strong>corporalium,</strong></span> <span class='ocrx_word' id='word_1_690' title='bbox 1275 3387 1348 3414; x_wconf 88' lang='lat' dir='ltr'><strong>non</strong></span> 
     </span>
     <span class='ocr_line' id='line_1_84' title="bbox 298 3431 1347 3493; baseline -0.009 -10"><span class='ocrx_word' id='word_1_691' title='bbox 298 3448 423 3493; x_wconf 88' lang='lat' dir='ltr'><strong>utique</strong></span> <span class='ocrx_word' id='word_1_692' title='bbox 432 3446 625 3493; x_wconf 86' lang='lat' dir='ltr'><strong>accipimus</strong></span> <span class='ocrx_word' id='word_1_693' title='bbox 636 3454 732 3487; x_wconf 86' lang='lat' dir='ltr'><strong>eum,</strong></span> <span class='ocrx_word' id='word_1_694' title='bbox 745 3431 861 3479; x_wconf 64' lang='lat' dir='ltr'><strong>torma</strong></span> <span class='ocrx_word' id='word_1_695' title='bbox 871 3441 1032 3487; x_wconf 83' lang='lat' dir='ltr'><strong>eorporis</strong></span> <span class='ocrx_word' id='word_1_696' title='bbox 1045 3450 1127 3478; x_wconf 89' lang='lat' dir='ltr'><strong>esse</strong></span> <span class='ocrx_word' id='word_1_697' title='bbox 1147 3436 1347 3482; x_wconf 82' lang='lat' dir='ltr'><strong>definitum,</strong></span> 
     </span>
     <span class='ocr_line' id='line_1_85' title="bbox 300 3496 1349 3554; baseline -0.008 -11"><span class='ocrx_word' id='word_1_698' title='bbox 300 3507 364 3544; x_wconf 88' lang='lat' dir='ltr'><strong>sed</strong></span> <span class='ocrx_word' id='word_1_699' title='bbox 382 3507 442 3542; x_wconf 86' lang='lat' dir='ltr'><strong>illa</strong></span> <span class='ocrx_word' id='word_1_700' title='bbox 455 3507 575 3542; x_wconf 87' lang='lat' dir='ltr'><strong>omnia</strong></span> <span class='ocrx_word' id='word_1_701' title='bbox 592 3498 996 3541; x_wconf 70' lang='lat' dir='ltr'><strong>membrorum-&#39;nomina</strong></span> <span class='ocrx_word' id='word_1_702' title='bbox 1013 3498 1085 3537; x_wconf 75' lang='lat' dir='ltr'><strong>non</strong></span> <span class='ocrx_word' id='word_1_703' title='bbox 1115 3496 1349 3554; x_wconf 79' lang='lat' dir='ltr'><strong>intelligimus</strong></span> 
     </span>
     <span class='ocr_line' id='line_1_86' title="bbox 301 3561 1351 3612; baseline -0.006 -8"><span class='ocrx_word' id='word_1_704' title='bbox 301 3568 370 3605; x_wconf 86' lang='lat' dir='ltr'><strong>nisi</strong></span> <span class='ocrx_word' id='word_1_705' title='bbox 392 3566 557 3604; x_wconf 80' lang='lat' dir='ltr'><strong>effectum</strong></span> <span class='ocrx_word' id='word_1_706' title='bbox 585 3565 834 3612; x_wconf 84' lang='lat' dir='ltr'><strong>operationum</strong></span> <span class='ocrx_word' id='word_1_707' title='bbox 867 3569 974 3612; x_wconf 73' lang='lat' dir='ltr'><strong>atque</strong></span> <span class='ocrx_word' id='word_1_708' title='bbox 1006 3561 1191 3607; x_wconf 80' lang='lat' dir='ltr'><strong>virtutum,</strong></span> <span class='ocrx_word' id='word_1_709' title='bbox 1231 3562 1281 3599; x_wconf 73' lang='lat' dir='ltr'><strong>ita&#39;</strong></span> <span class='ocrx_word' id='word_1_710' title='bbox 1309 3566 1351 3598; x_wconf 83' lang='lat' dir='ltr'><strong>ut</strong></span> 
     </span>
     <span class='ocr_line' id='line_1_87' title="bbox 302 3622 1350 3671; baseline -0.004 -6"><span class='ocrx_word' id='word_1_711' title='bbox 302 3640 384 3665; x_wconf 82' lang='lat' dir='ltr'><strong>eum</strong></span> <span class='ocrx_word' id='word_1_712' title='bbox 405 3628 505 3671; x_wconf 86' lang='lat' dir='ltr'><strong>dicit,</strong></span> <span class='ocrx_word' id='word_1_713' title='bbox 531 3625 659 3662; x_wconf 83' lang='lat' dir='ltr'><strong>Anima</strong></span> <span class='ocrx_word' id='word_1_714' title='bbox 691 3637 782 3671; x_wconf 89' lang='lat' dir='ltr'><strong>mea,</strong></span> <span class='ocrx_word' id='word_1_715' title='bbox 809 3626 1032 3663; x_wconf 84' lang='lat' dir='ltr'><strong>voluntatem</strong></span> <span class='ocrx_word' id='word_1_716' title='bbox 1062 3623 1140 3671; x_wconf 81' lang='lat' dir='ltr'><strong>ejus</strong></span> <span class='ocrx_word' id='word_1_717' title='bbox 1175 3622 1350 3662; x_wconf 71' lang='lat' dir='ltr'><strong>debemus</strong></span> 
     </span>
     <span class='ocr_line' id='line_1_88' title="bbox 305 3681 1350 3734; baseline -0.004 -9"><span class='ocrx_word' id='word_1_718' title='bbox 305 3690 478 3734; x_wconf 85' lang='lat' dir='ltr'><strong>accipere.</strong></span> <span class='ocrx_word' id='word_1_719' title='bbox 492 3686 657 3725; x_wconf 84' lang='lat' dir='ltr'><strong>Perfeete</strong></span> <span class='ocrx_word' id='word_1_720' title='bbox 677 3687 808 3734; x_wconf 88' lang='lat' dir='ltr'><strong>quippe</strong></span> <span class='ocrx_word' id='word_1_721' title='bbox 829 3685 980 3732; x_wconf 78' lang='lat' dir='ltr'><strong>simplex</strong></span> <span class='ocrx_word' id='word_1_722' title='bbox 1005 3685 1065 3722; x_wconf 82' lang='lat' dir='ltr'><strong>illa</strong></span> <span class='ocrx_word' id='word_1_723' title='bbox 1094 3686 1239 3730; x_wconf 76' lang='lat' dir='ltr'><strong>natura,</strong></span> <span class='ocrx_word' id='word_1_724' title='bbox 1270 3681 1350 3733; x_wconf 81' lang='lat' dir='ltr'><strong>quae</strong></span> 
     </span>
     <span class='ocr_line' id='line_1_89' title="bbox 308 3744 1350 3798; baseline -0.001 -13"><span class='ocrx_word' id='word_1_725' title='bbox 308 3751 402 3788; x_wconf 85' lang='lat' dir='ltr'><strong>Deus</strong></span> <span class='ocrx_word' id='word_1_726' title='bbox 418 3753 560 3797; x_wconf 80' lang='lat' dir='ltr'><strong>dieitur,</strong></span> <span class='ocrx_word' id='word_1_727' title='bbox 579 3762 652 3791; x_wconf 84' lang='lat' dir='ltr'><strong>non</strong></span> <span class='ocrx_word' id='word_1_728' title='bbox 669 3756 811 3788; x_wconf 77' lang='lat' dir='ltr'><strong>constat</strong></span> <span class='ocrx_word' id='word_1_729' title='bbox 823 3760 868 3787; x_wconf 81' lang='lat' dir='ltr'><strong>ex</strong></span> <span class='ocrx_word' id='word_1_730' title='bbox 885 3759 1035 3795; x_wconf 87' lang='lat' dir='ltr'><strong>corpore</strong></span> <span class='ocrx_word' id='word_1_731' title='bbox 1053 3754 1089 3786; x_wconf 84' lang='lat' dir='ltr'><strong>et</strong></span> <span class='ocrx_word' id='word_1_732' title='bbox 1105 3749 1248 3798; x_wconf 82' lang='lat' dir='ltr'><strong>spiritu,</strong></span> <span class='ocrx_word' id='word_1_733' title='bbox 1282 3744 1350 3785; x_wconf 77' lang='lat' dir='ltr'><strong>nee</strong></span> 
     </span>
    </p>
   </div>
   <div class='ocr_carea' id='block_1_15' title="bbox 1409 2102 2469 2578">
    <p class='ocr_par' dir='ltr' id='par_1_15' title="bbox 1409 2102 2469 2578">
     <span class='ocr_line' id='line_1_90' title="bbox 1411 2102 2469 2155; baseline -0.001 -11"><span class='ocrx_word' id='word_1_734' title='bbox 1411 2109 1595 2145; x_wconf 84' lang='lat' dir='ltr'><strong>missionis</strong></span> <span class='ocrx_word' id='word_1_735' title='bbox 1628 2108 1788 2145; x_wconf 84' lang='lat' dir='ltr'><strong>terram?</strong></span> <span class='ocrx_word' id='word_1_736' title='bbox 1814 2109 1890 2155; x_wconf 89' lang='lat' dir='ltr'><strong>ipse</strong></span> <span class='ocrx_word' id='word_1_737' title='bbox 1906 2105 2015 2152; x_wconf 90' lang='lat' dir='ltr'><strong>Deus,</strong></span> <span class='ocrx_word' id='word_1_738' title='bbox 2049 2102 2110 2154; x_wconf 81' lang='lat' dir='ltr'><strong>qtii</strong></span> <span class='ocrx_word' id='word_1_739' title='bbox 2136 2103 2214 2144; x_wconf 74' lang='lat' dir='ltr'><strong>haec</strong></span> <span class='ocrx_word' id='word_1_740' title='bbox 2239 2105 2351 2155; x_wconf 82' lang='lat' dir='ltr'><strong>Moysi</strong></span> <span class='ocrx_word' id='word_1_741' title='bbox 2378 2108 2469 2144; x_wconf 81' lang='lat' dir='ltr'><strong>dixit</strong></span> 
     </span>
     <span class='ocr_line' id='line_1_91' title="bbox 1411 2167 2466 2215; baseline -0.001 -11"><span class='ocrx_word' id='word_1_742' title='bbox 1411 2169 1569 2204; x_wconf 87' lang='lat' dir='ltr'><strong>ostendit</strong></span> <span class='ocrx_word' id='word_1_743' title='bbox 1586 2181 1593 2203; x_wconf 77' lang='grc' dir='ltr'>ε</span> <span class='ocrx_word' id='word_1_744' title='bbox 1616 2169 1707 2205; x_wconf 84' lang='lat' dir='ltr'><strong>Ecce</strong></span> <span class='ocrx_word' id='word_1_745' title='bbox 1721 2180 1781 2215; x_wconf 71' lang='lat' dir='ltr'><strong>eqo</strong></span> <span class='ocrx_word' id='word_1_746' title='bbox 1796 2168 1892 2204; x_wconf 85' lang='lat' dir='ltr'><strong>mitto</strong></span> <span class='ocrx_word' id='word_1_747' title='bbox 1908 2168 2070 2215; x_wconf 71' lang='lat' dir='ltr'><strong>anqelum</strong></span> <span class='ocrx_word' id='word_1_748' title='bbox 2084 2169 2211 2213; x_wconf 80' lang='lat' dir='ltr'><strong>meum,</strong></span> <span class='ocrx_word' id='word_1_749' title='bbox 2222 2167 2281 2214; x_wconf 87' lang='lat' dir='ltr'><strong>qui</strong></span> <span class='ocrx_word' id='word_1_750' title='bbox 2291 2167 2466 2203; x_wconf 83' lang='lat' dir='ltr'><strong>vroecedat</strong></span> 
     </span>
     <span class='ocr_line' id='line_1_92' title="bbox 1412 2222 2467 2275; baseline -0.001 -11"><span class='ocrx_word' id='word_1_751' title='bbox 1412 2224 1456 2271; x_wconf 80' lang='lat' dir='ltr'><strong>te,</strong></span> <span class='ocrx_word' id='word_1_752' title='bbox 1475 2236 1505 2264; x_wconf 88' lang='lat' dir='ltr'><strong>et</strong></span> <span class='ocrx_word' id='word_1_753' title='bbox 1521 2230 1693 2264; x_wconf 84' lang='lat' dir='ltr'><strong>custodiat</strong></span> <span class='ocrx_word' id='word_1_754' title='bbox 1708 2237 1739 2265; x_wconf 89' lang='lat' dir='ltr'><strong>te</strong></span> <span class='ocrx_word' id='word_1_755' title='bbox 1753 2230 1790 2265; x_wconf 89' lang='lat' dir='ltr'><strong>in</strong></span> <span class='ocrx_word' id='word_1_756' title='bbox 1810 2230 1879 2274; x_wconf 85' lang='lat' dir='ltr'><strong>via,</strong></span> <span class='ocrx_word' id='word_1_757' title='bbox 1898 2235 1930 2265; x_wconf 83' lang='lat' dir='ltr'><strong>et</strong></span> <span class='ocrx_word' id='word_1_758' title='bbox 1948 2229 2146 2265; x_wconf 85' lang='lat' dir='ltr'><strong>introducat</strong></span> <span class='ocrx_word' id='word_1_759' title='bbox 2165 2222 2340 2264; x_wconf 66' lang='lat' dir='ltr'><strong>ad&#39;locum</strong></span> <span class='ocrx_word' id='word_1_760' title='bbox 2365 2238 2467 2275; x_wconf 85' lang='lat' dir='ltr'><strong>quem</strong></span> 
     </span>
     <span class='ocr_line' id='line_1_93' title="bbox 1411 2289 2468 2337; baseline 0 -13"><span class='ocrx_word' id='word_1_761' title='bbox 1411 2289 1545 2336; x_wconf 81' lang='lat' dir='ltr'><strong>paravi.</strong></span> <span class='ocrx_word' id='word_1_762' title='bbox 1573 2289 1749 2336; x_wconf 84' lang='lat' dir='ltr'><strong>Angelum</strong></span> <span class='ocrx_word' id='word_1_763' title='bbox 1770 2290 1884 2326; x_wconf 85' lang='lat' dir='ltr'><strong>filium</strong></span> <span class='ocrx_word' id='word_1_764' title='bbox 1903 2290 2102 2337; x_wconf 82' lang='lat' dir='ltr'><strong>appellans,</strong></span> <span class='ocrx_word' id='word_1_765' title='bbox 2136 2290 2220 2336; x_wconf 84' lang='lat' dir='ltr'><strong>quia</strong></span> <span class='ocrx_word' id='word_1_766' title='bbox 2244 2289 2468 2326; x_wconf 82' lang='lat' dir='ltr'><strong>voluntatem</strong></span> 
     </span>
     <span class='ocr_line' id='line_1_94' title="bbox 1410 2348 2467 2397; baseline 0.001 -13"><span class='ocrx_word' id='word_1_767' title='bbox 1410 2349 1525 2395; x_wconf 86' lang='lat' dir='ltr'><strong>patris</strong></span> <span class='ocrx_word' id='word_1_768' title='bbox 1540 2350 1642 2385; x_wconf 91' lang='lat' dir='ltr'><strong>nobis</strong></span> <span class='ocrx_word' id='word_1_769' title='bbox 1656 2351 1882 2387; x_wconf 69' lang='lat' dir='ltr'><strong>annuntiavit</strong></span> <span class='ocrx_word' id='word_1_770' title='bbox 1899 2363 1907 2386; x_wconf 88' lang='lat'><strong>:</strong></span> <span class='ocrx_word' id='word_1_771' title='bbox 1927 2350 1978 2387; x_wconf 91' lang='lat' dir='ltr'><strong>De</strong></span> <span class='ocrx_word' id='word_1_772' title='bbox 1995 2361 2066 2397; x_wconf 92' lang='lat' dir='ltr'><strong>quo</strong></span> <span class='ocrx_word' id='word_1_773' title='bbox 2085 2351 2136 2386; x_wconf 84' lang='lat' dir='ltr'><strong>ait</strong></span> <span class='ocrx_word' id='word_1_774' title='bbox 2150 2348 2261 2387; x_wconf 76' lang='lat' dir='ltr'><strong>Isaia&#39;s</strong></span> <span class='ocrx_word' id='word_1_775' title='bbox 2275 2348 2393 2386; x_wconf 87' lang='lat' dir='ltr'><strong>:Puer</strong></span> <span class='ocrx_word' id='word_1_776' title='bbox 2407 2358 2467 2385; x_wconf 88' lang='lat' dir='ltr'><strong>na-</strong></span> 
     </span>
     <span class='ocr_line' id='line_1_95' title="bbox 1411 2410 2468 2458; baseline 0.003 -14"><span class='ocrx_word' id='word_1_777' title='bbox 1411 2414 1466 2444; x_wconf 87' lang='lat' dir='ltr'><strong>tus</strong></span> <span class='ocrx_word' id='word_1_778' title='bbox 1488 2415 1537 2445; x_wconf 88' lang='lat' dir='ltr'><strong>est</strong></span> <span class='ocrx_word' id='word_1_779' title='bbox 1558 2410 1666 2451; x_wconf 86' lang='lat' dir='ltr'><strong>nobis,</strong></span> <span class='ocrx_word' id='word_1_780' title='bbox 1682 2410 1778 2454; x_wconf 85' lang='lat' dir='ltr'><strong>filius</strong></span> <span class='ocrx_word' id='word_1_781' title='bbox 1794 2410 1898 2446; x_wconf 88' lang='lat' dir='ltr'><strong>datus</strong></span> <span class='ocrx_word' id='word_1_782' title='bbox 1918 2417 1968 2446; x_wconf 87' lang='lat' dir='ltr'><strong>est</strong></span> <span class='ocrx_word' id='word_1_783' title='bbox 1986 2411 2099 2454; x_wconf 85' lang='lat' dir='ltr'><strong>nobis,</strong></span> <span class='ocrx_word' id='word_1_784' title='bbox 2116 2410 2218 2456; x_wconf 81' lang='lat' dir='ltr'><strong>cujus</strong></span> <span class='ocrx_word' id='word_1_785' title='bbox 2250 2412 2468 2458; x_wconf 82' lang='lat' dir='ltr'><strong>principatus</strong></span> 
     </span>
     <span class='ocr_line' id='line_1_96' title="bbox 1411 2470 2467 2518; baseline 0.003 -14"><span class='ocrx_word' id='word_1_786' title='bbox 1411 2478 1515 2516; x_wconf 84' lang='lat' dir='ltr'><strong>super</strong></span> <span class='ocrx_word' id='word_1_787' title='bbox 1532 2470 1694 2506; x_wconf 80' lang='lat' dir='ltr'><strong>humeros</strong></span> <span class='ocrx_word' id='word_1_788' title='bbox 1709 2470 1798 2516; x_wconf 87' lang='lat' dir='ltr'><strong>ejus,</strong></span> <span class='ocrx_word' id='word_1_789' title='bbox 1813 2476 1846 2507; x_wconf 89' lang='lat' dir='ltr'><strong>et</strong></span> <span class='ocrx_word' id='word_1_790' title='bbox 1861 2470 2094 2518; x_wconf 82' lang='lat' dir='ltr'><strong>appellabitur</strong></span> <span class='ocrx_word' id='word_1_791' title='bbox 2108 2472 2228 2518; x_wconf 71' lang='lat' dir='ltr'><strong>maqni</strong></span> <span class='ocrx_word' id='word_1_792' title='bbox 2242 2471 2379 2507; x_wconf 83' lang='lat' dir='ltr'><strong>consilii</strong></span> <span class='ocrx_word' id='word_1_793' title='bbox 2401 2484 2467 2508; x_wconf 86' lang='lat' dir='ltr'><strong>an-</strong></span> 
     </span>
     <span class='ocr_line' id='line_1_97' title="bbox 1409 2522 2466 2578; baseline 0.004 -13"><span class='ocrx_word' id='word_1_794' title='bbox 1409 2529 1507 2576; x_wconf 81' lang='lat' dir='ltr'><strong>9elus</strong></span> <span class='ocrx_word' id='word_1_795' title='bbox 1529 2558 1538 2574; x_wconf 93' lang='lat'><strong>,</strong></span> <span class='ocrx_word' id='word_1_796' title='bbox 1564 2531 1806 2578; x_wconf 71' lang='lat' dir='ltr'><strong>admirabilis,</strong></span> <span class='ocrx_word' id='word_1_797' title='bbox 1837 2522 2058 2569; x_wconf 76' lang='lat' dir='ltr'><strong>&#39;consiliarius</strong></span> <span class='ocrx_word' id='word_1_798' title='bbox 2081 2560 2091 2578; x_wconf 91' lang='lat'>‚</span> <span class='ocrx_word' id='word_1_799' title='bbox 2119 2532 2215 2569; x_wconf 82' lang='lat' dir='ltr'><strong>Deus</strong></span> <span class='ocrx_word' id='word_1_800' title='bbox 2247 2533 2360 2578; x_wconf 77' lang='lat' dir='ltr'><strong>fortis,</strong></span> <span class='ocrx_word' id='word_1_801' title='bbox 2395 2533 2466 2570; x_wconf 81' lang='lat' dir='ltr'><strong>ete.</strong></span> 
     </span>
    </p>
   </div>
   <div class='ocr_carea' id='block_1_16' title="bbox 1414 2580 1623 2641">
    <p class='ocr_par' dir='ltr' id='par_1_16' title="bbox 1414 2580 1623 2641">
     <span class='ocr_line' id='line_1_98' title="bbox 1414 2580 1623 2641; baseline 0.005 -14"><span class='ocrx_word' id='word_1_802' title='bbox 1414 2580 1513 2640; x_wconf 74' lang='lat' dir='ltr'><strong>(isa.</strong></span> <span class='ocrx_word' id='word_1_803' title='bbox 1544 2593 1623 2641; x_wconf 59' lang='grc' dir='ltr'>ιιι.)</span> 
     </span>
    </p>
   </div>
   <div class='ocr_carea' id='block_1_17' title="bbox 2530 2312 2540 2545">
    <p class='ocr_par' dir='ltr' id='par_1_17' title="bbox 2530 2312 2540 2545">
     <span class='ocr_line' id='line_1_99' title="bbox 2530 2312 2540 2545; textangle 90"><span class='ocrx_word' id='word_1_804' title='bbox 2531 2465 2540 2545; x_wconf 61' lang='grc' dir='ltr'><strong>Αι-..ιι</strong></span> <span class='ocrx_word' id='word_1_805' title='bbox 2531 2433 2540 2439; x_wconf 78' lang='grc' dir='ltr'>ι</span> <span class='ocrx_word' id='word_1_806' title='bbox 2537 2400 2540 2403; x_wconf 93' lang='grc'>.</span> <span class='ocrx_word' id='word_1_807' title='bbox 2530 2347 2540 2370; x_wconf 74' lang='grc' dir='ltr'><strong>ιι</strong></span> <span class='ocrx_word' id='word_1_808' title='bbox 2535 2312 2540 2322; x_wconf 68' lang='grc' dir='ltr'><strong>ι,</strong></span> 
     </span>
    </p>
   </div>
   <div class='ocr_carea' id='block_1_18' title="bbox 1410 2646 2540 3249">
    <p class='ocr_par' dir='ltr' id='par_1_18' title="bbox 1812 2646 2123 2706">
     <span class='ocr_line' id='line_1_100' title="bbox 1812 2646 2123 2706; baseline 0 -14"><span class='ocrx_word' id='word_1_809' title='bbox 1812 2646 1964 2693; x_wconf 77' lang='lat' dir='ltr'>CAPUT</span> <span class='ocrx_word' id='word_1_810' title='bbox 1978 2647 2070 2693; x_wconf 82' lang='lat' dir='ltr'><strong>xm.</strong></span> <span class='ocrx_word' id='word_1_811' title='bbox 2122 2703 2123 2706; x_wconf 11' lang='grc' dir='ltr'><strong>Ἴ</strong></span> 
     </span>
    </p>

    <p class='ocr_par' dir='ltr' id='par_1_19' title="bbox 1410 2707 2540 2886">
     <span class='ocr_line' id='line_1_101' title="bbox 1410 2707 2467 2764; baseline 0.004 -14"><span class='ocrx_word' id='word_1_812' title='bbox 1410 2708 1456 2751; x_wconf 86' lang='lat' dir='ltr'><strong>In</strong></span> <span class='ocrx_word' id='word_1_813' title='bbox 1477 2722 1543 2762; x_wconf 88' lang='lat' dir='ltr'><strong>quo</strong></span> <span class='ocrx_word' id='word_1_814' title='bbox 1571 2714 1778 2763; x_wconf 79' lang='lat' dir='ltr'><strong>multiplices</strong></span> <span class='ocrx_word' id='word_1_815' title='bbox 1807 2714 1918 2763; x_wconf 78' lang='lat' dir='ltr'><strong>p&#39;laqcc</strong></span> <span class='ocrx_word' id='word_1_816' title='bbox 1946 2707 2273 2764; x_wconf 68' lang='lat' dir='ltr'><strong>transq&#39;redieiatum</strong></span> <span class='ocrx_word' id='word_1_817' title='bbox 2298 2717 2467 2754; x_wconf 74' lang='lat' dir='ltr'><strong>mandata</strong></span> 
     </span>
     <span class='ocr_line' id='line_1_102' title="bbox 1753 2762 2540 2816; baseline 0.001 -17"><span class='ocrx_word' id='word_1_818' title='bbox 1753 2762 1820 2799; x_wconf 84' lang='lat' dir='ltr'><strong>Dei</strong></span> <span class='ocrx_word' id='word_1_819' title='bbox 1845 2762 2095 2809; x_wconf 69' lang='lat' dir='ltr'><strong>praedicuntur.</strong></span> <span class='ocrx_word' id='word_1_820' title='bbox 2530 2771 2540 2816; x_wconf 61' lang='lat' dir='ltr'>j</span> 
     </span>
     <span class='ocr_line' id='line_1_103' title="bbox 1457 2825 2540 2886; baseline 0.002 -12"><span class='ocrx_word' id='word_1_821' title='bbox 1457 2838 1563 2884; x_wconf 67' lang='grc' dir='ltr'>(ιω).</span> <span class='ocrx_word' id='word_1_822' title='bbox 1580 2838 1593 2886; x_wconf 89' lang='grc'><strong>)</strong></span> <span class='ocrx_word' id='word_1_823' title='bbox 1624 2839 1725 2883; x_wconf 71' lang='lat' dir='ltr'><strong>Quod</strong></span> <span class='ocrx_word' id='word_1_824' title='bbox 1744 2839 1774 2875; x_wconf 66' lang='lat' dir='ltr'><strong>si</strong></span> <span class='ocrx_word' id='word_1_825' title='bbox 1805 2849 1874 2874; x_wconf 80' lang='lat' dir='ltr'><strong>non</strong></span> <span class='ocrx_word' id='word_1_826' title='bbox 1907 2838 2086 2875; x_wconf 65' lang='lat' dir='ltr'><strong>audieritis</strong></span> <span class='ocrx_word' id='word_1_827' title='bbox 2121 2838 2187 2883; x_wconf 72' lang='lat' dir='ltr'><strong>me,</strong></span> <span class='ocrx_word' id='word_1_828' title='bbox 2223 2836 2285 2875; x_wconf 69' lang='lat' dir='ltr'><strong>nec</strong></span> <span class='ocrx_word' id='word_1_829' title='bbox 2315 2839 2468 2886; x_wconf 73' lang='lat' dir='ltr'><strong>secernis</strong></span> <span class='ocrx_word' id='word_1_830' title='bbox 2530 2825 2540 2855; x_wconf 73' lang='lat'>³</span> 
     </span>
    </p>

    <p class='ocr_par' dir='ltr' id='par_1_20' title="bbox 1411 2897 2523 3249">
     <span class='ocr_line' id='line_1_104' title="bbox 1411 2897 2467 2946; baseline 0.003 -14"><span class='ocrx_word' id='word_1_831' title='bbox 1411 2897 1578 2933; x_wconf 77' lang='lat' dir='ltr'><strong>mandata</strong></span> <span class='ocrx_word' id='word_1_832' title='bbox 1590 2909 1690 2941; x_wconf 87' lang='lat' dir='ltr'><strong>mea,·</strong></span> <span class='ocrx_word' id='word_1_833' title='bbox 1705 2899 1735 2934; x_wconf 83' lang='lat' dir='ltr'><strong>si</strong></span> <span class='ocrx_word' id='word_1_834' title='bbox 1749 2898 1946 2945; x_wconf 73' lang='lat' dir='ltr'><strong>spreveritis</strong></span> <span class='ocrx_word' id='word_1_835' title='bbox 1964 2897 2053 2945; x_wconf 71' lang='lat' dir='ltr'><strong>[eyes</strong></span> <span class='ocrx_word' id='word_1_836' title='bbox 2071 2898 2165 2935; x_wconf 81' lang='lat' dir='ltr'><strong>meas</strong></span> <span class='ocrx_word' id='word_1_837' title='bbox 2183 2904 2215 2934; x_wconf 90' lang='lat' dir='ltr'><strong>et</strong></span> <span class='ocrx_word' id='word_1_838' title='bbox 2229 2899 2369 2946; x_wconf 73' lang='lat' dir='ltr'><strong>Judicia</strong></span> <span class='ocrx_word' id='word_1_839' title='bbox 2390 2910 2467 2935; x_wconf 88' lang='lat' dir='ltr'><strong>mea</strong></span> 
     </span>
     <span class='ocr_line' id='line_1_105' title="bbox 1413 2958 2523 3006; baseline 0.003 -12"><span class='ocrx_word' id='word_1_840' title='bbox 1413 2959 1696 3005; x_wconf 85' lang='lat' dir='ltr'><strong>contempseritis,</strong></span> <span class='ocrx_word' id='word_1_841' title='bbox 1711 2966 1749 2994; x_wconf 91' lang='lat' dir='ltr'><strong>ut</strong></span> <span class='ocrx_word' id='word_1_842' title='bbox 1767 2970 1837 2995; x_wconf 86' lang='lat' dir='ltr'><strong>non</strong></span> <span class='ocrx_word' id='word_1_843' title='bbox 1857 2958 1996 3006; x_wconf 77' lang='lat' dir='ltr'><strong>faciatis</strong></span> <span class='ocrx_word' id='word_1_844' title='bbox 2019 2971 2060 2995; x_wconf 87' lang='lat' dir='ltr'><strong>ea</strong></span> <span class='ocrx_word' id='word_1_845' title='bbox 2077 2966 2154 3006; x_wconf 80' lang='lat' dir='ltr'><strong>quoe</strong></span> <span class='ocrx_word' id='word_1_846' title='bbox 2169 2971 2190 2995; x_wconf 92' lang='lat' dir='ltr'><strong>a</strong></span> <span class='ocrx_word' id='word_1_847' title='bbox 2203 2962 2257 2996; x_wconf 78' lang='lat' dir='ltr'><strong>me</strong></span> <span class='ocrx_word' id='word_1_848' title='bbox 2283 2960 2469 2998; x_wconf 79' lang='lat' dir='ltr'><strong>‘constituta</strong></span> <span class='ocrx_word' id='word_1_849' title='bbox 2521 2958 2523 2962; x_wconf 80' lang='grc'><strong>’</strong></span> 
     </span>
     <span class='ocr_line' id='line_1_106' title="bbox 1412 3011 2516 3069; baseline 0.004 -16"><span class='ocrx_word' id='word_1_850' title='bbox 1412 3016 1506 3061; x_wconf 79' lang='lat' dir='ltr'><strong>s&#39;unl,</strong></span> <span class='ocrx_word' id='word_1_851' title='bbox 1528 3025 1560 3054; x_wconf 89' lang='lat' dir='ltr'><strong>et</strong></span> <span class='ocrx_word' id='word_1_852' title='bbox 1583 3018 1628 3054; x_wconf 82' lang='lat' dir='ltr'><strong>ad</strong></span> <span class='ocrx_word' id='word_1_853' title='bbox 1648 3018 1787 3054; x_wconf 86' lang='lat' dir='ltr'><strong>irritum</strong></span> <span class='ocrx_word' id='word_1_854' title='bbox 1803 3011 2001 3065; x_wconf 76' lang='lat' dir='ltr'><strong>perducatis</strong></span> <span class='ocrx_word' id='word_1_855' title='bbox 2017 3023 2156 3067; x_wconf 82' lang='lat' dir='ltr'><strong>pactum</strong></span> <span class='ocrx_word' id='word_1_856' title='bbox 2171 3019 2299 3064; x_wconf 67' lang='lat' dir='ltr'><strong>nie&#39;u&#39;ni,</strong></span> <span class='ocrx_word' id='word_1_857' title='bbox 2314 3021 2375 3067; x_wconf 70' lang='lat' dir='ltr'><strong>eqo</strong></span> <span class='ocrx_word' id='word_1_858' title='bbox 2385 3032 2471 3068; x_wconf 88' lang='lat' dir='ltr'><strong>quo·</strong></span> <span class='ocrx_word' id='word_1_859' title='bbox 2511 3062 2516 3069; x_wconf 47' lang='grc'><strong>,</strong></span> 
     </span>
     <span class='ocr_line' id='line_1_107' title="bbox 1413 3070 2466 3128; baseline 0.004 -15"><span class='ocrx_word' id='word_1_860' title='bbox 1413 3090 1477 3124; x_wconf 85' lang='lat' dir='ltr'><strong>que</strong></span> <span class='ocrx_word' id='word_1_861' title='bbox 1491 3078 1564 3114; x_wconf 77' lang='lat' dir='ltr'><strong>ltoec</strong></span> <span class='ocrx_word' id='word_1_862' title='bbox 1583 3079 1711 3124; x_wconf 71' lang='lat' dir='ltr'><strong>faciam</strong></span> <span class='ocrx_word' id='word_1_863' title='bbox 1730 3079 1836 3122; x_wconf 85' lang='lat' dir='ltr'><strong>vobis,</strong></span> <span class='ocrx_word' id='word_1_864' title='bbox 1854 3080 2000 3116; x_wconf 72' lang='lat' dir='ltr'><strong>visitabo</strong></span> <span class='ocrx_word' id='word_1_865' title='bbox 2014 3081 2070 3116; x_wconf 75' lang='lat' dir='ltr'><strong>iios</strong></span> <span class='ocrx_word' id='word_1_866' title='bbox 2090 3078 2252 3116; x_wconf 67' lang='lat' dir='ltr'><strong>velociter</strong></span> <span class='ocrx_word' id='word_1_867' title='bbox 2265 3070 2302 3116; x_wconf 78' lang='lat' dir='ltr'><strong>in</strong></span> <span class='ocrx_word' id='word_1_868' title='bbox 2317 3078 2466 3128; x_wconf 68' lang='lat' dir='ltr'><strong>eyestate</strong></span> 
     </span>
     <span class='ocr_line' id='line_1_108' title="bbox 1413 3135 2471 3187; baseline 0.001 -12"><span class='ocrx_word' id='word_1_869' title='bbox 1413 3145 1445 3175; x_wconf 81' lang='lat' dir='ltr'><strong>et</strong></span> <span class='ocrx_word' id='word_1_870' title='bbox 1463 3139 1586 3175; x_wconf 87' lang='lat' dir='ltr'><strong>ardore</strong></span> <span class='ocrx_word' id='word_1_871' title='bbox 1603 3141 1662 3187; x_wconf 80' lang='lat' dir='ltr'><strong>qui</strong></span> <span class='ocrx_word' id='word_1_872' title='bbox 1676 3141 1838 3186; x_wconf 82' lang='lat' dir='ltr'><strong>conficiat</strong></span> <span class='ocrx_word' id='word_1_873' title='bbox 1858 3140 1975 3176; x_wconf 77' lang='lat' dir='ltr'><strong>oculos</strong></span> <span class='ocrx_word' id='word_1_874' title='bbox 1992 3143 2120 3177; x_wconf 83' lang='lat' dir='ltr'><strong>vestros</strong></span> <span class='ocrx_word' id='word_1_875' title='bbox 2136 3135 2170 3177; x_wconf 76' lang='lat' dir='ltr'><strong>et</strong></span> <span class='ocrx_word' id='word_1_876' title='bbox 2189 3139 2370 3176; x_wconf 70' lang='lat' dir='ltr'><strong>c‘o&#39;nsui&#39;na&#39;t</strong></span> <span class='ocrx_word' id='word_1_877' title='bbox 2393 3141 2471 3176; x_wconf 80' lang='lat' dir='ltr'><strong>ani-</strong></span> 
     </span>
     <span class='ocr_line' id='line_1_109' title="bbox 1415 3198 2470 3249; baseline 0.002 -12"><span class='ocrx_word' id='word_1_878' title='bbox 1415 3213 1512 3243; x_wconf 86' lang='lat' dir='ltr'><strong>mas;</strong></span> <span class='ocrx_word' id='word_1_879' title='bbox 1528 3202 1661 3247; x_wconf 71' lang='lat' dir='ltr'><strong>frustra</strong></span> <span class='ocrx_word' id='word_1_880' title='bbox 1673 3202 1792 3237; x_wconf 86' lang='lat' dir='ltr'><strong>seretis</strong></span> <span class='ocrx_word' id='word_1_881' title='bbox 1806 3206 2004 3246; x_wconf 82' lang='lat' dir='ltr'><strong>sementem,</strong></span> <span class='ocrx_word' id='word_1_882' title='bbox 2019 3205 2098 3249; x_wconf 82' lang='lat' dir='ltr'><strong>quoe</strong></span> <span class='ocrx_word' id='word_1_883' title='bbox 2107 3202 2150 3238; x_wconf 83' lang='lat' dir='ltr'><strong>ab</strong></span> <span class='ocrx_word' id='word_1_884' title='bbox 2164 3198 2319 3239; x_wconf 58' lang='lat' dir='ltr'><strong>hostibus</strong></span> <span class='ocrx_word' id='word_1_885' title='bbox 2329 3202 2470 3239; x_wconf 64' lang='lat' dir='ltr'><strong>devora-</strong></span> 
     </span>
    </p>
   </div>
   <div class='ocr_carea' id='block_1_19' title="bbox 2201 2985 2540 4016">
    <p class='ocr_par' dir='ltr' id='par_1_21' title="bbox 2201 2985 2540 4016">
     <span class='ocr_line' id='line_1_110' title="bbox 2491 2985 2540 3274; baseline 0 -61"><span class='ocrx_word' id='word_1_886' title='bbox 2491 2985 2540 3274; x_wconf 95' lang='lat' dir='ltr'><strong>     </strong></span> 
     </span>
     <span class='ocr_line' id='line_1_111' title="bbox 2473 3281 2540 3633; baseline 0 -53"><span class='ocrx_word' id='word_1_887' title='bbox 2473 3281 2540 3633; x_wconf 95' lang='lat' dir='ltr'><strong>     </strong></span> 
     </span>
     <span class='ocr_line' id='line_1_112' title="bbox 2201 3633 2540 4016; baseline 0 -201"><span class='ocrx_word' id='word_1_888' title='bbox 2201 3633 2540 4016; x_wconf 95' lang='lat' dir='ltr'><strong>   </strong></span> 
     </span>
    </p>
   </div>
   <div class='ocr_carea' id='block_1_20' title="bbox 1412 3257 2472 3795">
    <p class='ocr_par' dir='ltr' id='par_1_22' title="bbox 1415 3257 2472 3731">
     <span class='ocr_line' id='line_1_113' title="bbox 1417 3257 2468 3305; baseline 0.005 -11"><span class='ocrx_word' id='word_1_889' title='bbox 1417 3259 1520 3295; x_wconf 83' lang='lat' dir='ltr'><strong>bitur.</strong></span> <span class='ocrx_word' id='word_1_890' title='bbox 1543 3259 1680 3294; x_wconf 89' lang='lat' dir='ltr'><strong>Ponam</strong></span> <span class='ocrx_word' id='word_1_891' title='bbox 1706 3258 1832 3305; x_wconf 75' lang='lat' dir='ltr'><strong>[aciem</strong></span> <span class='ocrx_word' id='word_1_892' title='bbox 1853 3260 1967 3295; x_wconf 72' lang='lat' dir='ltr'><strong>meam</strong></span> <span class='ocrx_word' id='word_1_893' title='bbox 1997 3262 2118 3298; x_wconf 77' lang='lat' dir='ltr'><strong>contra</strong></span> <span class='ocrx_word' id='word_1_894' title='bbox 2147 3267 2206 3299; x_wconf 83' lang='lat' dir='ltr'><strong>vos</strong></span> <span class='ocrx_word' id='word_1_895' title='bbox 2237 3259 2271 3298; x_wconf 76' lang='lat' dir='ltr'><strong>et</strong></span> <span class='ocrx_word' id='word_1_896' title='bbox 2299 3257 2468 3299; x_wconf 55' lang='lat' dir='ltr'><strong>corruetis</strong></span> 
     </span>
     <span class='ocr_line' id='line_1_114' title="bbox 1416 3310 2470 3369; baseline 0.007 -16"><span class='ocrx_word' id='word_1_897' title='bbox 1416 3330 1534 3354; x_wconf 76' lang='lat' dir='ltr'><strong>coram</strong></span> <span class='ocrx_word' id='word_1_898' title='bbox 1553 3315 1707 3354; x_wconf 62' lang='lat' dir='ltr'><strong>nostibus</strong></span> <span class='ocrx_word' id='word_1_899' title='bbox 1721 3317 1854 3362; x_wconf 62' lang='lat' dir='ltr'><strong>vestris,</strong></span> <span class='ocrx_word' id='word_1_900' title='bbox 1875 3318 1906 3355; x_wconf 77' lang='lat' dir='ltr'><strong>et</strong></span> <span class='ocrx_word' id='word_1_901' title='bbox 1919 3310 2152 3366; x_wconf 71' lang='lat' dir='ltr'><strong>subjiciemini</strong></span> <span class='ocrx_word' id='word_1_902' title='bbox 2166 3323 2220 3358; x_wconf 68' lang='lat' dir='ltr'><strong>ms</strong></span> <span class='ocrx_word' id='word_1_903' title='bbox 2239 3323 2299 3369; x_wconf 68' lang='lat' dir='ltr'><strong>qm·</strong></span> <span class='ocrx_word' id='word_1_904' title='bbox 2322 3314 2470 3360; x_wconf 61' lang='lat' dir='ltr'><strong>oderunt</strong></span> 
     </span>
     <span class='ocr_line' id='line_1_115' title="bbox 1415 3371 2470 3430; baseline 0.004 -14"><span class='ocrx_word' id='word_1_905' title='bbox 1415 3391 1504 3424; x_wconf 80' lang='lat' dir='ltr'><strong>vos,·</strong></span> <span class='ocrx_word' id='word_1_906' title='bbox 1522 3378 1661 3426; x_wconf 66' lang='lat' dir='ltr'><strong>fugietis</strong></span> <span class='ocrx_word' id='word_1_907' title='bbox 1681 3379 1817 3415; x_wconf 68' lang='lat' dir='ltr'><strong>nemine</strong></span> <span class='ocrx_word' id='word_1_908' title='bbox 1830 3371 2168 3427; x_wconf 61' lang='lat' dir='ltr'><strong>persequentezuuae</strong></span> <span class='ocrx_word' id='word_1_909' title='bbox 2196 3373 2291 3417; x_wconf 70' lang='lat' dir='ltr'><strong>hona*</strong></span> <span class='ocrx_word' id='word_1_910' title='bbox 2312 3382 2375 3418; x_wconf 73' lang='lat' dir='ltr'><strong>eo&#39;s</strong></span> <span class='ocrx_word' id='word_1_911' title='bbox 2408 3382 2470 3430; x_wconf 87' lang='lat' dir='ltr'><strong>q&#39;ui</strong></span> 
     </span>
     <span class='ocr_line' id='line_1_116' title="bbox 1416 3429 2470 3486; baseline 0.004 -10"><span class='ocrx_word' id='word_1_912' title='bbox 1416 3437 1588 3477; x_wconf 76' lang='lat' dir='ltr'><strong>obediunt</strong></span> <span class='ocrx_word' id='word_1_913' title='bbox 1621 3438 1685 3476; x_wconf 77' lang='lat' dir='ltr'><strong>uei</strong></span> <span class='ocrx_word' id='word_1_914' title='bbox 1711 3429 1892 3475; x_wconf 67' lang='lat' dir='ltr'><strong>ffiahdatis</strong></span> <span class='ocrx_word' id='word_1_915' title='bbox 1909 3433 2134 3486; x_wconf 51' lang='lat' dir='ltr'><strong>aspectant,</strong></span> <span class='ocrx_word' id='word_1_916' title='bbox 2163 3433 2385 3480; x_wconf 66' lang='lat' dir='ltr'><strong>sufficienter</strong></span> <span class='ocrx_word' id='word_1_917' title='bbox 2410 3438 2470 3480; x_wconf 70' lang='lat' dir='ltr'><strong>tex</strong></span> 
     </span>
     <span class='ocr_line' id='line_1_117' title="bbox 1417 3492 2469 3551; baseline 0.003 -12"><span class='ocrx_word' id='word_1_918' title='bbox 1417 3500 1582 3550; x_wconf 89' lang='lat' dir='ltr'><strong>superius</strong></span> <span class='ocrx_word' id='word_1_919' title='bbox 1597 3492 1689 3538; x_wconf 69' lang='lat' dir='ltr'><strong>dixit</strong></span> <span class='ocrx_word' id='word_1_920' title='bbox 1697 3503 1708 3546; x_wconf 71' lang='grc' dir='ltr'><strong><em>ζ</em></strong></span> <span class='ocrx_word' id='word_1_921' title='bbox 1729 3496 1810 3548; x_wconf 66' lang='lat' dir='ltr'><strong>quae</strong></span> <span class='ocrx_word' id='word_1_922' title='bbox 1829 3498 1948 3536; x_wconf 68' lang='lat' dir='ltr'><strong>autem</strong></span> <span class='ocrx_word' id='word_1_923' title='bbox 1963 3502 2107 3538; x_wconf 75' lang='lat' dir='ltr'><strong>evenire</strong></span> <span class='ocrx_word' id='word_1_924' title='bbox 2121 3494 2469 3551; x_wconf 62' lang='lat' dir='ltr'><strong>transgredieiitibus</strong></span> 
     </span>
     <span class='ocr_line' id='line_1_118' title="bbox 1417 3554 2466 3607; baseline 0.002 -9"><span class='ocrx_word' id='word_1_925' title='bbox 1417 3560 1636 3598; x_wconf 75' lang='lat' dir='ltr'><strong>comminata</strong></span> <span class='ocrx_word' id='word_1_926' title='bbox 1654 3561 1724 3604; x_wconf 82' lang='lat' dir='ltr'><strong>est,</strong></span> <span class='ocrx_word' id='word_1_927' title='bbox 1741 3562 1784 3596; x_wconf 73' lang='lat' dir='ltr'><strong>ea</strong></span> <span class='ocrx_word' id='word_1_928' title='bbox 1802 3558 1882 3607; x_wconf 63' lang='lat' dir='ltr'>{111ae</span> <span class='ocrx_word' id='word_1_929' title='bbox 1904 3562 2000 3597; x_wconf 79' lang='lat' dir='ltr'><strong>hune</strong></span> <span class='ocrx_word' id='word_1_930' title='bbox 2017 3560 2232 3599; x_wconf 73' lang='lat' dir='ltr'><strong>sanciuntur</strong></span> <span class='ocrx_word' id='word_1_931' title='bbox 2255 3554 2466 3600; x_wconf 59' lang='lat' dir='ltr'><strong>&amp;Miitffl&#39;tz</strong></span> 
     </span>
     <span class='ocr_line' id='line_1_119' title="bbox 1417 3608 2472 3670; baseline 0.001 -11"><span class='ocrx_word' id='word_1_932' title='bbox 1417 3622 1570 3669; x_wconf 75' lang='lat' dir='ltr'><strong>quorum</strong></span> <span class='ocrx_word' id='word_1_933' title='bbox 1593 3608 1737 3669; x_wconf 65' lang='lat' dir='ltr'><strong>quando</strong></span> <span class='ocrx_word' id='word_1_934' title='bbox 1763 3612 1807 3657; x_wconf 82' lang='lat' dir='ltr'><strong>ad</strong></span> <span class='ocrx_word' id='word_1_935' title='bbox 1830 3620 1987 3657; x_wconf 84' lang='lat' dir='ltr'><strong>litteram</strong></span> <span class='ocrx_word' id='word_1_936' title='bbox 2006 3613 2146 3670; x_wconf 79' lang='lat' dir='ltr'><strong>singula</strong></span> <span class='ocrx_word' id='word_1_937' title='bbox 2163 3615 2390 3667; x_wconf 56' lang='lat' dir='ltr'><strong>discutimus,</strong></span> <span class='ocrx_word' id='word_1_938' title='bbox 2411 3612 2472 3659; x_wconf 75' lang='lat' dir='ltr'><strong>iii-</strong></span> 
     </span>
     <span class='ocr_line' id='line_1_120' title="bbox 1415 3671 2426 3731; baseline 0.003 -11"><span class='ocrx_word' id='word_1_939' title='bbox 1415 3684 1579 3721; x_wconf 82' lang='lat' dir='ltr'><strong>veuimus</strong></span> <span class='ocrx_word' id='word_1_940' title='bbox 1602 3682 1772 3731; x_wconf 81' lang='lat' dir='ltr'><strong>populum</strong></span> <span class='ocrx_word' id='word_1_941' title='bbox 1791 3671 1994 3721; x_wconf 71' lang='lat' dir='ltr'><strong>ludaeorum</strong></span> <span class='ocrx_word' id='word_1_942' title='bbox 2024 3684 2154 3722; x_wconf 77' lang='lat' dir='ltr'><strong>horum</strong></span> <span class='ocrx_word' id='word_1_943' title='bbox 2188 3688 2189 3691; x_wconf 76' lang='grc'>’</span> <span class='ocrx_word' id='word_1_944' title='bbox 2332 3711 2344 3730; x_wconf 85' lang='grc'><strong><em>,</em></strong></span> <span class='ocrx_word' id='word_1_945' title='bbox 2408 3678 2426 3690; x_wconf 81' lang='grc'><em>”</em></span> 
     </span>
    </p>

    <p class='ocr_par' dir='ltr' id='par_1_23' title="bbox 1412 3735 2201 3795">
     <span class='ocr_line' id='line_1_121' title="bbox 1412 3735 2201 3795; baseline 0 -12"><span class='ocrx_word' id='word_1_946' title='bbox 1412 3736 1501 3783; x_wconf 60' lang='lat' dir='ltr'><strong>&#39;dam</strong></span> <span class='ocrx_word' id='word_1_947' title='bbox 1535 3743 1733 3783; x_wconf 81' lang='lat' dir='ltr'><strong>secundum</strong></span> <span class='ocrx_word' id='word_1_948' title='bbox 1761 3737 1935 3795; x_wconf 62' lang='lat' dir='ltr'><strong>litteffifi,</strong></span> <span class='ocrx_word' id='word_1_949' title='bbox 1967 3735 2088 3782; x_wconf 70' lang='lat' dir='ltr'><strong>omitia</strong></span> <span class='ocrx_word' id='word_1_950' title='bbox 2117 3737 2201 3783; x_wconf 61' lang='lat' dir='ltr'><strong>auti</strong></span> 
     </span>
    </p>
   </div>
  </div>
 </body>
</html>
