2540 4016
343 198 412 234 495

793 189 834 223 n.
862 171 1032 223 nAnAM
1055 187 1201 224 MAum
1225 186 1437 223 Aaenmr.
1465 186 1671 228 1110611111.
1697 189 1886 230 ornanti
1909 193 2028 231 PARS
2052 195 2080 231 1.

2429 199 2503 239 496
2531 208 2534 213 ’

341 269 576 307 versationem
598 270 694 301 tuam
714 267 875 307 oportet,
897 266 934 297 et
952 261 1196 308 impollutam,
1215 262 1387 306 quemad·
1404 264 1440 304 A
1455 262 1705 302 holocaustum
1732 267 1878 315 dicitur,
1907 270 2106 316 pollutione
2135 280 2258 312 careat
2284 277 2393 314 etiam
2422 278 2515 317 haec'

341 329 487 367 modum
506 326 720 365 sacerdotes,
749 322 909 364 studeas,
930 322 1014 367 quia
1034 327 1070 357 et
1101 321 1282 365 Christus,
1303 331 1384 368 quae

337 393 377 423 ut
397 391 545 434 agerent
569 381 718 429 apostoli
739 379 929 425 praecepit,
959 380 1037 415 haec
1062 379 1184 414 omnia
1214 390 1276 416 eos
1305 386 1382 417 tra-

338 447 423 482 dere
440 442 655 481 discentibus
672 438 841 484 praecepit
859 437 1038 483 gentibus.
1058 437 1120 472 Ait
1140 439 1235 475 enim
1254 451 1262 475 :
1283 439 1384 476 Ean-

336 514 386 542 tes
418 505 533 540 docete
562 510 676 535 omnes
704 505 831 544 ⁸qentes,
864 497 1079 543 baptizantes
1097 509 1155 534 eos
1178 500 1215 535 in
1243 501 1381 536 nomine

334 564 455 600 Patris
479 567 510 595 et
530 559 616 593 Filii
641 563 672 593 et
699 556 853 603 Spiritus
879 557 991 592 sancti
1011 583 1020 601 ‚
1050 557 1211 594 docentes
1237 570 1294 595 eos
1316 570 1379 595 cu-

309 598 460 658 ·stoclire
489 629 698 666 quoecunque
729 617 894 653 mandavi
925 618 1018 654 vobis
1051 618 1204 667 (Manli.
1224 620 1377 668 xxviii).

330 681 414 717 Sive
433 689 536 725 ergo,
558 678 619 724 qui
636 678 831 714 secundum
851 677 1114 716 consessionem
1127 707 1137 724 ,
1157 682 1233 717 sive
1253 692 1380 718 secun-

331 742 413 777 dum
439 749 580 776 omnem
605 738 846 774 conditionem
869 748 972 774 suam
987 766 997 783 ‚
1025 739 1278 776 holocaustum
1303 741 1378 776 Deo

328 799 513 846 promisit,
535 798 644 833 vitam
664 796 831 831 videlicet
847 797 1045 841 perfectam
1058 825 1067 841 ,
1089 799 1159 834 hoc
1178 807 1233 835 est
1251 809 1379 863 verum

332 857 599 897 holocaustum,
623 864 643 888 a
673 854 872 900 pollutione
901 856 1034 891 munda
1064 856 1170 892 dehet
1198 867 1278 893 6556
1301 868 1378 902 ejus

331 917 474 958 oblatio,
489 924 604 959 neque
620 914 714 949 enim
734 914 838 949 aliter
857 915 1086 960 suscipietur.
1104 915 1239 952 Offeret
1256 922 1376 953 autem

325 988 387 1022 per
410 974 656 1020 consessionem
675 1000 684 1015 ,
711 973 804 1008 sicut
830 972 1067 1019 Septuaginta
1090 974 1224 1017 dieunt,
1253 975 1315 1021 qui
1339 975 1378 1010 in

326 1047 538 1082 quacunque
562 1035 779 1071 necessitate
805 1037 1045 1079 constitutus,
1068 1042 1104 1072 et
1126 1047 1170 1073 ex
1201 1047 1245 1073 ea
1274 1047 1376 1073 com-

326 1102 477 1143 punctus
507 1096 819 1132 conversationem
849 1097 1041 1142 quamdam
1067 1097 1142 1134 Deo
1165 1107 1230 1143 per
1250 1103 1375 1134 votum

322 1157 520 1202 pollicetur.

369 1215 572 1250 Secundum
604 1215 894 1260 supradictorum
930 1221 1051 1252 autem
1084 1217 1282 1253 editionem
1311 1216 1376 1252 ele-

320 1276 466 1310 ctionem
490 1275 693 1311 invenimus
719 1276 872 1319 dictam,
900 1276 962 1311 ubi
988 1287 1053 1313 nos
1070 1284 1190 1324 sponte
1206 1278 1370 1313 dicimus.

323 1337 520 1382 Utramque
544 1337 641 1372 enim
669 1337 763 1372 hanc
779 1337 1022 1382 oblationem,
1043 1339 1120 1375 sive
1136 1350 1214 1374 eam
1233 1350 1313 1385 quae
1328 1351 1373 1376 ex

322 1397 534 1431 necessitate
550 1423 558 1439 ,
580 1396 655 1432 sive
673 1407 751 1430 611111
772 1407 852 1441 (111116
869 1403 994 1443 sponte
1012 1398 1072 1441 111,
1093 1399 1260 1444 proponit
1277 1398 1374 1434 Psal-

322 1457 427 1490 mista
451 1456 595 1491 dicens:
621 1455 778 1490 Reddam
803 1457 864 1491 tibi
884 1463 961 1492 vota
979 1468 1076 1501 mea,
1102 1469 1179 1504 quse
1203 1458 1374 1494 distinxe-

321 1523 400 1551 runt
428 1517 521 1552 labia
549 1529 638 1552 mea.
665 1517 710 1551 Et
726 1528 804 1563 quw
823 1517 978 1552 locatam
999 1524 1047 1553 est
1073 1530 1110 1553 os
1127 1530 1242 1554 meum
1258 1520 1294 1555 in
1313 1520 1373 1555 tri-

321 1577 495 1612 bulatione
516 1589 605 1612 mea.
626 1578 667 1612 Et
690 1589 814 1614 rursus
832 1591 840 1613 ;
867 1577 1074 1615 Voluntaria
1095 1581 1164 1616 oris
1185 1582 1253 1616 mei
1277 1581 1373 1617 bene-

320 1636 449 1682 placita
465 1637 535 1682 sac,
553 1637 699 1672 Domine
717 1638 828 1684 (Psal.
847 1639 950 1687 xcv).
968 1641 1103 1676 llorum
1121 1643 1276 1687 primum
1292 1644 1372 1689 qui-

322 1697 401 1731 dem
422 1697 629 1741 praedictum
655 1704 776 1733 votum
801 1701 876 1736 sive
903 1702 1184 1746 consessionem,
1210 1705 1286 1740 51116
1310 1706 1371 1741 1111-

322 1766 392 1800 qua
426 1756 607 1792 dubietate
634 1758 886 1804 intelligimus,
905 1761 1124 1799 velectionem
1150 1771 1270 1801 autem
1295 1767 1370 1803 sive

324 1826 556 1866 spontaneam
579 1822 817 1865 oblationem,
844 1824 912 1860 1106
936 1827 1031 1871 quod
1054 1829 1211 1864 secundo
1227 1829 1306 1865 loco
1322 1830 1372 1865 di-

320 1886 414 1915 ctum
437 1887 503 1916 est.
526 1880 675 1927 Oportet
702 1889 820 1918 autem
844 1886 919 1920 sive
938 1893 1106 1931 operator
1123 1890 1282 1924 mandati
1301 1890 1368 1933 sit,

318 1942 379 1986 (1111
407 1941 512 1977 offert
539 1943 786 1978 holocaustum
816 1945 899 1991 (liic
925 1951 981 1981 651
1007 1947 1102 1981 6111111
1127 1958 1171 1983 ex
1197 1951 1371 1986 armentis

319 2001 486 2046 efferens)
500 2030 508 2044 ,
528 2003 601 2038 sive
620 2003 770 2048 simplex
789 2004 887 2048 (quia
912 2005 971 2039 1116
987 2011 1042 2040 651
1059 2016 1103 2041 ex
1119 2008 1277 2055 ovibus),
1296 2010 1370 2046 sive

320 2070 363 2094 ex
389 2062 579 2105 pecoribus
605 2062 684 2106 (1116
705 2063 875 2096 651-6111111
902 2063 945 2098 de
973 2064 1136 2110 capris),
1168 2068 1367 2104 masculum
1387 2073 1415 2112 C
1439 2076 1538 2109 tem?
1570 2075 1701 2119 Quales

321 2129 400 2153 6556
417 2120 509 2163 quod
529 2119 655 2154 offeret
670 2146 678 2161 ‚
696 2121 730 2154 ixl
746 2126 821 2162 est,
838 2133 918 2156 cum
935 2130 1054 2160 mente
1070 2126 1166 2161 virili
1181 2133 1216 2162 et
1231 2128 1317 2164 sorti
1334 2136 1369 2166 et

321 2178 458 2219 stabili,
479 2183 513 2212 61
532 2189 613 2213 cuni
633 2179 765 2214 valenti
787 2180 853 2215 11116
871 2187 979 2226 atque
995 2183 1207 2221 inconcussa
1224 2188 1343 2224 offerri
1357 2217 1366 2233 ,

322 2243 361 2272 ut
376 2237 530 2273 oil'erens
556 2238 637 2273 talis
653 2239 698 2274 sit
716 2239 831 2284 qualis
849 2240 908 2276 illc
923 2251 1028 2285 quem
1046 2243 1213 2280 Salomon
1235 2247 1269 2280 in
1287 2247 1370 2283 Pro-

316 2296 450 2332 verbiis
479 2297 619 2332 dicebat
647 2307 656 2332 ε
694 2297 810 2332 Virum
841 2299 979 2343 fidelem
1009 2300 1108 2336 labor
1139 2310 1189 2338 est
1218 2305 1368 2341 invenire

317 2354 448 2400 (Prov.
468 2355 552 2402 xx).
581 2356 677 2391 Idem
696 2362 769 2399 cst,
789 2363 825 2393 61
851 2359 880 2393 51
900 2360 1116 2396 sacrificium
1135 2363 1369 2407 pacificorum

317 2415 446 2451 offeret
474 2417 555 2461 quis
570 2443 578 2458 ‚
605 2417 641 2452 id
665 2423 742 2460 651,
762 2429 832 2454 11611
850 2419 946 2454 illam
964 2431 1043 2466 quae
1067 2423 1226 2468 perfecta
1252 2430 1306 2460 651
1330 2425 1368 2461 111

314 2475 538 2521 philosophia
561 2477 692 2518 vitam,
716 2478 826 2512 veluti
852 2489 893 2514 ea
918 2491 997 2525 quse
1022 2487 1078 2516 est
1103 2483 1139 2517 in
1165 2494 1236 2518 non
1255 2486 1368 2530 possi-

316 2535 454 2577 dendo,
478 2535 532 2570 vel
557 2535 593 2569 111
620 2536 845 2581 virginitate,
867 2538 909 2573 de
928 2540 1058 2584 quibus
1076 2541 1249 2578 Dominus
1275 2544 1368 2580 dice-

313 2594 397 2627 bat:
422 2593 501 2628 Non
520 2605 636 2629 01111165
666 2596 807 2640 capiant
831 2597 970 2632 veroum
993 2599 1057 2634 lzoc
1081 2600 1230 2647 (alana.
1252 2603 1335 2650 xix)
1356 2615 1363 2638 :

318 2654 381 2688 sed
400 2654 618 2689 mediocrem
638 2665 717 2699 quae
734 2657 837 2691 nobis
859 2666 1032 2703 procurat
1049 2662 1256 2699 omnimodo
1275 2665 1366 2700 salu-

316 2719 387 2745 tem
403 2737 412 2753 ‚
433 2717 468 2746 61
494 2712 523 2746 51
549 2722 620 2746 11611
645 2716 850 2758 assequitur
874 2727 916 2752 ea
941 2728 1019 2762 quae
1040 2721 1084 2755 ad
1107 2723 1365 2768 prophetarum

315 2779 350 2806 et
374 2772 617 2816 apostolorum
643 2783 849 2810 mensuram
877 2779 1026 2814 tendunt
1052 2793 1059 2815 z
1088 2781 1199 2817 Stella
1224 2786 1316 2819 enim
1342 2796 1364 2820 a

312 2831 411 2866 stella
428 2832 544 2878 diflert
561 2833 597 2867 in
613 2832 782 2876 claritate,
795 2839 990 2873 seeundum
1007 2842 1102 2884 quod
1117 2842 1248 2880 Paulus
1263 2846 1362 2882 dice-

311 2895 372 2929 bat
390 2894 430 2940 (1
446 2893 526 2929 Cor.
547 2895 615 2941 xv)
631 2921 640 2936 ‚
672 2896 735 2930 sed
760 2901 797 2931 61
826 2898 884 2933 1116
912 2901 1112 2936 masculum
1136 2913 1284 2940 necesse
1310 2912 1364 2942 est

312 2951 438 2988 offerat
464 2952 748 2987 immaculatum.
777 2953 860 2989 Htee
878 2961 913 2990 et
931 2956 992 2991 filii
1009 2958 1119 2994 lsrael
1133 2986 1141 3002 ‚
1162 2967 1198 2995 61
1215 2963 1361 3000 advena:
1378 2957 1414 2995 D

311 3009 501 3052 videlicet,
520 3015 556 3045 61
573 3010 634 3054 (1111
651 3021 746 3046 1111116
762 3013 807 3046 ad
824 3012 929 3048 fidem
946 3023 1142 3060 venerunt,
1161 3021 1362 3067 adjectique

317 3075 403 3106 sunt
423 3069 590 3107 nobisex
608 3080 733 3106 errore
750 3073 940 3117 exteriori,
960 3075 1124 3112 similiter
1142 3081 1358 3118 custodiant.

310 3131 361 3167 Ex
381 3140 452 3176 quo
469 3130 566 3166 enim
583 3130 712 3176 aliquis
726 3131 838 3167 vitam
854 3134 1060 3177 promiserit
1073 3138 1146 3173 Deo
1163 3140 1360 3184 perfectam

309 3195 348 3225 et
371 3196 680 3234 consummatam,
707 3201 779 3227 non
801 3192 876 3238 jam
893 3197 1135 3241 praetendere,
1153 3202 1247 3244 quod
1274 3208 1360 3239 tem-

310 3260 379 3297 pus
397 3250 551 3286 multum
570 3251 607 3286 in
625 3261 750 3288 errore
767 3253 876 3290 suerit
897 3258 1048 3301 poterit,
1067 3261 1152 3304 quia
1178 3273 1244 3298 nec
1269 3270 1360 3300 tem-

308 3309 530 3354 pore0virtus
547 3315 629 3356 eget
644 3316 684 3346 ut
702 3312 877 3358 discatur,
897 3325 979 3352 mox
995 3318 1092 3354 enim
1117 3326 1156 3356 ut
1176 3332 1255 3357 eam
1280 3324 1363 3360 affe-

313 3369 555 3414 ctaverimus,
587 3375 624 3406 et
651 3373 952 3417 quemadmodum
984 3383 1130 3416 utamur
1158 3381 1358 3428 discimus3

308 3435 560 3467 verumtamen
584 3437 622 3468 et
645 3441 749 3469 ovem
764 3435 972 3473 sensibilem
988 3438 1019 3474 si
1036 3438 1168 3477 offeras
1184 3442 1257 3479 Deo
1269 3470 1278 3487 ,
1298 3450 1360 3481 aut

309 3490 458 3533 bovem,
473 3499 535 3528 aut
549 3502 694 3539 capram
705 3521 715 3539 ,
731 3498 944 3545 autaliquid
961 3500 1187 3550 hujusmodi,
1203 3513 1240 3543 ut
1257 3509 1358 3546 verbi

311 3551 426 3596 gratia
440 3578 450 3594 ‚
469 3555 715 3594 sacerdotibus
738 3559 907 3605 primitiae
931 3563 1072 3609 dentur,
1093 3573 1154 3604 aut
1173 3575 1213 3605 ut
1229 3581 1358 3619 paupe-

1454 322 1600 360 oblatio.
1627 324 1699 362 Sed
1715 337 1796 374 quae
1810 328 1950 366 51111366
1964 331 2130 377 pollutio,
2155 332 2215 369 lex
2237 335 2372 380 tacuit,
2395 338 2502 375 nobis

1452 382 1542 420 dans
1565 385 1765 433 intelligere
1790 399 1915 426 veram
1934 392 2170 437 pollutionem
2198 399 2236 431 et
2263 405 2419 442 cavere3
2445 406 2503 436 est

1451 449 1570 480 autem
1587 446 1684 491 haec,
1702 458 1746 484 ex
1763 449 1891 495 rapina
1915 456 1954 487 et
1978 452 2154 499 injustitia
2170 482 2180 499 ‚
2209 455 2325 492 aliave
2348 457 2502 496 avaritia

1450 502 1602 548 offerre,
1629 506 1873 545 abominabile
1898 514 1953 546 est
1976 512 2073 548 enim
2094 513 2189 560 apud
2211 513 2348 560 Deum,
2374 521 2412 554 et
2426 527 2501 554 non

1450 570 1639 610 acceptum
1663 566 1710 601 ei.
1730 565 1902 612 Sequitur
1917 579 2004 616 ergo
2020 582 2029 606 ε

1495 623 1536 659 Si
1555 635 1684 660 coecum
1702 627 1808 672 suerit
1818 654 1828 671 ,
1848 629 1879 664 si
1898 629 2048 675 fractum
2061 658 2071 675 ,
2086 634 2118 668 si
2134 634 2331 673 cicatricem
2346 639 2476 676 habens
2489 668 2500 685 ,

1447 684 1479 719 si
1495 684 1645 731 papulas
1665 693 1727 722 aut
1745 688 1897 725 scabiem
1915 690 1967 726 vel
1985 692 2239 740 impetiqinem,
2259 709 2329 734 non
2347 700 2500 747 offeretis

1448 756 1488 780 ea
1507 745 1676 789 Domino,
1706 758 1814 795 neque
1832 750 2077 789 adolebitis·ex
2097 755 2146 791 eis
2168 767 2274 804 super
2290 759 2402 797 altare
2426 762 2501 798 Do-

1447 807 1546 842 mini.
1572 808 1700 845 Bovem
1724 817 1756 846 et
1797 823 1915 857 ovem,
1955 827 2040 852 aure
2065 825 2098 853 et
2139 822 2254 857 cauda
2285 827 2498 871 amputatis,

1447 868 1644 906 voluntarie
1671 873 1798 918 offerre
1820 881 1960 920 potest;
1984 884 2101 915 votum
2124 887 2240 918 autem
2265 895 2308 919 ex
2335 886 2389 921 liis
2411 887 2498 923 solvi

1447 938 1517 962 non
1539 935 1663 974 potest.
1692 930 1802 968 Omne
1825 934 1957 970 animal
1977 937 2070 983 quod
2087 938 2138 974 vel
2157 941 2334 986 contritis,
2354 943 2406 979 vel
2423 950 2500 980 ton-

1445 990 1514 1034 sis,
1543 991 1595 1027 vel
1613 995 1716 1029 sectis
1741 995 1936 1043 ablatisque
1960 1001 2129 1038 testiculis
2152 1010 2225 1047 ese,
2252 1017 2323 1042 non
2345 1008 2498 1054 offeretis

1444 1049 1610 1096 Domino,
1637 1059 1669 1089 et
1692 1055 1729 1089 in
1753 1061 1848 1092 terra
1873 1065 1985 1095 vestra
2010 1061 2074 1097 hoc
2099 1065 2239 1100 omnino
2258 1077 2328 1103 non
2346 1066 2496 1112 facietis.

1438 1100 1497 1147 'De
1520 1123 1626 1149 manu
1647 1115 1853 1163 alieniqeizce
1871 1130 1940 1155 non
1961 1122 2112 1166 offeretis
2132 1135 2238 1167 panes
2256 1126 2406 1164 Domino
2416 1129 2497 1166 -Deo

1441 1178 1574 1216 vestro,
1595 1180 1627 1209 et
1646 1176 1815 1223 quidquid
1837 1179 1936 1214 aliud
1955 1181 2040 1217 dare
2060 1183 2254 1230 voluerint,
2272 1188 2356 1233 quia
2376 1200 2499 1225 corru-

1442 1238 1502 1278 pta
1522 1239 1554 1269 et
1573 1235 1750 1271 maculata
1768 1244 1850 1273 sunt
1870 1241 2008 1283 omnia,
2030 1253 2098 1277 non
2118 1246 2312 1291 suscipietis
2339 1259 2393 1284 ea.
2414 1247 2498 1296 (Ex

1444 1293 1605 1341 eodem.)
1626 1294 1733 1331 Aliud
1751 1297 1812 1334 hic
1830 1299 1974 1336 videtur
1998 1301 2183 1348 legislator
2208 1305 2360 1344 innuere
2385 1309 2498 1346 multa

1443 1355 1735 1392 consideratione
1753 1358 1913 1405 dignum.
1936 1361 1987 1397 De
2006 1363 2062 1398 1115
2080 1365 2176 1400 enim
2198 1376 2277 1411 quae
2297 1367 2498 1406 offeruntur

1442 1415 1571 1452 altario
1593 1427 1690 1453 nunc
1711 1419 1744 1454 ei
1767 1430 1886 1456 sermo
1909 1428 1978 1457 est.
2007 1423 2097 1460 Sunt
2124 1431 2245 1463 autem
2275 1429 2337 1474 qui
2366 1431 2496 1477 mysti-

1442 1484 1523 1510 cum
1544 1481 1580 1510 et
1602 1483 1808 1514 sanctorum
1830 1480 1986 1516 officium
2011 1485 2224 1522 sortiuntur.
2247 1487 2317 1524 Per
2338 1492 2497 1528 sanctio-

1441 1544 1522 1569 nem
1558 1545 1644 1582 ergo
1681 1538 1899 1574 anteriorem
1932 1542 2103 1578 mundam
2135 1554 2215 1582 esse
2245 1557 2266 1582 a
2298 1549 2496 1594 pollutione

1440 1594 1563 1640 populi
1586 1595 1807 1633 oblationem
1830 1601 2067 1647 praecipiens,
2092 1606 2189 1650 quod
2218 1611 2427 1648 necessario
2458 1613 2496 1650 in

1441 1653 1722 1700 uniuscujusque
1746 1660 2022 1697 conversatione
2047 1663 2268 1702 intellectum
2291 1676 2367 1713 est,
2399 1682 2496 1709 nunc

1441 1714 1646 1750 dinumerat
1667 1726 1758 1761 quos
1785 1727 1856 1754 non
1873 1726 2036 1764 oporteat
2054 1723 2186 1761 altario
2204 1725 2345 1764 offerre.
2363 1729 2409 1766 Et
2422 1731 2496 1777 pri-

1440 1785 1540 1810 mum
1564 1775 1649 1811 dicit
1673 1787 1718 1812 ex
1741 1778 1816 1822 eis,
1849 1790 1991 1816 coecum.
2026 1781 2093 1826 Qui
2124 1785 2220 1821 enim
2254 1787 2495 1834 ignorantiam

1440 1836 1548 1872 habet
1570 1837 1655 1881 Dei,
1678 1839 1859 1883 quomodo
1882 1841 2105 1878 ministrabit
2125 1845 2230 1881 Deo?
2247 1846 2321 1884 Nec
2340 1849 2417 1895 ipse
2436 1850 2493 1886 di-

1440 1895 1613 1940 gnitatem
1642 1898 1760 1934 sciens
1784 1898 1863 1944 eJus
1887 1901 1931 1936 ad
1961 1903 2205 1942 ministerium
2236 1915 2401 1954 vocatur,
2426 1922 2496 1948 nec

1441 1954 1520 1990 aliis
1541 1956 1665 1993 valens
1688 1968 1896 2004 exponere:
1924 1962 2018 1999 unde
2042 1969 2078 1999 et
2102 1966 2286 2013 negligens
2309 1970 2407 2007 circa
2431 1981 2494 2008 eos

1440 2015 1508 2050 erit
1522 2042 1531 2058 ‚
1568 2018 1735 2054 nesciens
1763 2019 1968 2057 divinorum
2003 2025 2133 2069 quibus
2167 2028 2349 2066 ministrat
2380 2032 2494 2068 virtu-

1733 2084 1837 2114 erant
1860 2081 2006 2125 quidam
2029 2082 2255 2131 Judaeorum‚
2284 2089 2329 2125 de
2360 2091 2493 2136 quibus

1437 2135 1534 2171 Deus
1555 2139 1648 2181 apud
1667 2139 1797 2175 lsaiam
1820 2141 1961 2178 dicebat
1982 2155 1990 2178 :
2016 2143 2157 2190 Videte,
2184 2150 2350 2194 quoniam
2374 2162 2492 2190 omnes

1438 2196 1654 2239 nescierunt,
1681 2201 1833 2236 universi
1857 2213 1959 2238 canes
1983 2206 2072 2240 muti
2098 2217 2167 2242 non
2190 2209 2340 2246 valentes
2360 2211 2492 2250 latrare

1437 2254 1540 2301 (Isa.
1562 2259 1661 2305 111).
1683 2261 1911 2307 Consractum
1931 2265 1982 2301 vel
2002 2270 2190 2305 contritum
2204 2297 2213 2314 ,
2234 2273 2393 2310 secundo
2411 2274 2492 2312 loeo

1435 2316 1567 2359 posuit.
1589 2317 1697 2362 Cujus
1717 2321 1813 2356 enim
1832 2333 1961 2360 manus
1982 2331 2043 2361 aut
2061 2328 2190 2373 pedes,
2211 2331 2373 2369 actiones
2392 2333 2493 2383 vide-

1436 2373 1520 2411 licet
1539 2382 1576 2411 61
1595 2377 1639 2412 ad
1663 2379 1776 2416 Deum
1798 2382 1928 2419 itinera
1949 2385 2135 2423 confracta
2159 2392 2363 2429 contritave
2385 2399 2489 2436 sunt,

1434 2443 1502 2469 nee
1534 2435 1594 2471 hic
1628 2437 1773 2481 quidem
1803 2441 1909 2477 altari
1937 2445 2144 2482 ministrare
2174 2449 2303 2494 dignus
2330 2457 2407 2495 est,
2433 2453 2492 2489 eui

1438 2496 1608 2531 convenit
1630 2496 1717 2533 illud
1730 2525 1739 2541 ,
1760 2501 1855 2544 quod
1879 2501 2071 2540 Psalmista
2091 2506 2142 2541 ait
2162 2517 2170 2541 :
2193 2506 2365 2544 Contritio
2386 2517 2419 2546 et
2437 2512 2491 2548 in-

1436 2556 1586 2601 felicitas
1605 2558 1642 2593 in
1659 2559 1722 2594 viis
1741 2571 1860 2596 eorum
1881 2562 1895 2610 (
1911 2562 2009 2599 Psal.
2030 2565 2136 2614 xm).
2161 2567 2233 2604 Sed
2252 2575 2320 2606 nec
2338 2571 2400 2617 qui
2417 2571 2489 2609 lin-

1434 2627 1540 2662 guam
1558 2617 1731 2663 incisam,
1750 2623 1946 2658 seeundum
1964 2623 2175 2671 Septaginta
2189 2655 2198 2671 ,
2218 2629 2347 2675 habet,
2366 2632 2403 2668 id
2419 2642 2488 2678 est,

1433 2676 1463 2711 si
1483 2677 1563 2722 quis
1582 2687 1646 2723 per
1665 2680 1847 2717 sordidam
1870 2684 1979 2719 vitam
2002 2685 2173 2724 fiduciam
2195 2690 2347 2729 docendi
2369 2696 2491 2740 perdi-

1434 2738 1497 2773 dit.
1535 2737 1601 2774 Cui
1632 2740 1683 2775 ait
1715 2741 1856 2778 David:
1879 2744 2064 2783 Peccatori
2098 2756 2215 2786 autem
2243 2753 2334 2788 dixit
2363 2754 2488 2793 Deus:

1435 2797 1552 2840 Quare
1572 2805 1609 2834 tu
1629 2811 1776 2836 enarras
1791 2803 1951 2847 justitias
1972 2817 2067 2843 meas
2089 2807 2212 2855 (Psal.
2233 2822 2344 2848 vant
2359 2812 2388 2861 ).
2410 2813 2487 2850 Pa·

1432 2858 1534 2903 pulas
1553 2861 1690 2897 habens
1709 2863 1765 2898 vel
1783 2865 1934 2901 scabiem
1953 2867 2137 2905 detractor
2156 2870 2383 2919 intelligitur,
2404 2876 2488 2921 quia

1432 2919 1611 2962 pessimus
1632 2920 1709 2966 ejus
1728 2924 1876 2962 morbus
1889 2952 1898 2969 ,
1918 2932 1955 2963 et
1975 2930 2217 2974 asperrimum
2236 2938 2294 2970 est
2311 2933 2390 2980 ejus
2410 2936 2488 2972 vul-

1431 2987 1513 3013 nus.
1535 2978 1641 3015 Nullo
1660 2981 1756 3018 enim
1775 2986 2016 3024 medicamine
2037 2989 2144 3027 136116
2169 2997 2289 3039 potest
2312 2994 2484 3042 mitigari.

1433 3037 1674 3086 Inzpetiqinem
1692 3043 1852 3089 habens,
1876 3047 2078 3088 fornicator
2099 3057 2180 3097 est;
2205 3055 2364 3093 maculat
2388 3057 2486 3095 enim

1431 3109 1537 3135 suum
1567 3110 1719 3148 corpus,
1749 3112 1899 3153 propter
1927 3111 2023 3155 quod
2050 3111 2184 3150 Paulus
2213 3114 2383 3152 dicebat:
2415 3117 2486 3161 Qui

1430 3165 1546 3195 autem
1572 3161 1782 3210 fornicatur,
1806 3167 1844 3201 in
1864 3179 1989 3215 corpus
2009 3182 2112 3207 suum
2131 3179 2251 3220 peccat
2266 3174 2299 3221 (1
2315 3174 2397 3211 Cor.
2415 3175 2482 3224 vt).

1478 3220 1623 3258 Nullum
1644 3234 1731 3271 ergo
1754 3227 1885 3263 horum
1907 3230 2074 3276 deputari
2096 3234 2141 3270 ad
2163 3235 2404 3273 ministerium
2428 3238 2482 3274 al-

1433 3281 1541 3324 taris,
1567 3283 1716 3327 spiritus
1740 3285 1959 3331 legislatoris
1985 3292 2098 3336 vults‘*
2114 3299 2151 3330 et
2179 3301 2372 3342 propterea
2401 3298 2482 3335 ait:

1432 3340 1516 3375 Non
1539 3343 1692 3387 offeretis
1715 3356 1755 3379 ea
1779 3345 1945 3391 Domino,
1969 3361 2030 3385 nec
2049 3353 2232 3390 adolebitis
2252 3367 2295 3391 em
2312 3359 2363 3394 eis
2380 3370 2483 3405 super

1430 3400 1543 3437 altare
1576 3403 1728 3440 Domini.
1765 3405 1850 3442 Sive
1873 3410 2070 3447 secundum
2101 3412 2335 3462 Septuaginta
2355 3426 2365 3452 :
2398 3417 2483 3456 Non
2537 3452 2540 3453 γ

1429 3461 1575 3507 offerent
1594 3463 1668 3499 hoec
1687 3464 1851 3510 Domino,
1873 3474 1906 3503 et
1925 3480 1995 3504 non
2014 3470 2156 3508 dabitur
2174 3474 2217 3510 de
2235 3476 2284 3512 eis
2303 3487 2409 3524 saper
2427 3478 2483 3514 al-
2533 3487 2540 3526 j

1431 3525 1505 3556 tare
1533 3520 1698 3558 Domino.
1731 3522 1959 3563 Sacrificium
1989 3534 2110 3567 autem
2142 3533 2376 3579 pacificorum
2406 3548 2483 3577 non
2527 3538 2540 3581 j

1431 3580 1552 3625 addit,
1576 3584 1879 3628 quemadmodum
1902 3590 2089 3636 superius,
2115 3599 2154 3630 ut
2185 3597 2393 3636 omnimodo
2422 3600 2480 3637 in-

311 3622 368 3649 165
385 3622 428 3648 ex
445 3623 488 3649 eo
503 3622 710 3663 pascantur,
729 3627 791 3658 aut
806 3626 940 3661 sanctis
957 3626 1102 3674 aliquod
1117 3631 1358 3672 ministerium
2525 3602 2540 3666 ἔ

313 3673 394 3717 fiat,
412 3679 475 3710 aut
491 3676 603 3714 divini
619 3681 740 3728 templi
764 3688 1004 3734 constructio,
1024 3691 1080 3727 vel
1099 3692 1242 3740 aliquod
1259 3696 1359 3734 aliud

314 3742 402 3779 opus
421 3737 518 3782 quod
541 3738 588 3774 ad
608 3734 726 3787 ipsum
751 3746 910 3790 pertinet
933 3749 1073 3789 Deum:
1101 3758 1139 3791 et
1165 3762 1359 3804 propterea

1432 3641 1575 3689 telligas
1607 3644 1651 3680 de
1683 3645 1741 3682 his
1772 3647 1834 3693 qui
1862 3652 2046 3696 mysteriis
2079 3655 2289 3696 ministrant
2316 3659 2402 3701 dici.
2434 3661 2482 3700 m
2508 3648 2519 3693 3⁹

1429 3702 1542 3739 etiam
1565 3703 1815 3744 holocaustum
1840 3719 1921 3748 esse
1941 3722 2031 3758 opus
2054 3715 2210 3763 habent,
2230 3720 2342 3759 vitam
2361 3722 2482 3770 perse·
2502 3693 2521 3748 ἶ

1429 3767 1527 3801 613111
1545 3769 1582 3801 et
1597 3774 1884 3808 consummatam
1903 3780 2065 3821 agentes.
2087 3777 2180 3823 Quid
2201 3786 2323 3820 autem
2341 3782 2400 3821 bis
2418 3783 2478 3822 ad·
2499 3748 2516 3847 ἲ

2499 3891 2514 3924 ‘i
