2540 4016
319 170 390 209 '119

310 309 474 354 pretatur
493 315 673 347 ascensus,
689 303 766 340 sive
789 309 905 339 vertex
922 304 1063 339 montis.
1092 302 1162 338 Per
1176 302 1255 338 haec
1273 310 1372 348 ergo,

310 365 368 402 vel
383 364 428 400 ad
442 363 531 399 illud
546 362 830 399 famosissimum
846 363 959 399 divini
990 361 1149 409 paradisi
1165 371 1306 405 nemus,
1329 361 1375 397 ad

311 433 472 462 amoenas
491 422 640 459 delicias
657 421 893 458 habitationis
921 422 1165 467 antiquorum,
1196 421 1255 457 vel
1274 425 1375 458 certe

309 486 354 522 ad
368 484 540 521 verticem
557 481 791 530 perfectionis
809 487 846 517 et
862 481 1097 518 beatitudinis
1112 481 1373 525 summitatem,

309 546 360 581 ita
383 550 422 580 ut
442 543 560 590 possis
579 543 690 579 etiam
704 542 782 589 ipse
795 541 928 585 dicere,
955 541 1042 589 quia
1059 541 1291 578 resuscitavit
1307 550 1375 577 nos

309 616 390 643 cum
401 606 492 653 ipso,
504 610 540 641 et
548 604 675 641 sedere
685 602 771 640 fecit
781 602 819 639 in
828 602 1038 639 coelestibus
1048 602 1086 639 in
1095 601 1253 639 Christo.
1264 601 1375 638 Vides

309 678 498 715 quousque
515 666 726 714 pervenitur
741 676 762 701 a
777 669 900 712 puteo.
929 664 1038 701 Vides
1055 664 1187 711 quibus
1211 661 1374 698 mansio-

308 729 428 773 nibus,
447 729 519 764 imo
539 727 671 774 quibus
688 725 913 772 profectibus
930 724 1000 761 iter
1019 724 1150 760 animae
1164 727 1316 770 paratur
1326 720 1373 756 ad

309 787 455 824 coelum.
476 786 563 831 Quae
578 787 609 823 si
626 786 818 832 diligenter
834 784 1019 831 inspicias,
1035 784 1112 831 ipse
1133 783 1230 830 apud
1248 786 1375 818 temet-

309 847 427 895 ipsum
443 847 675 894 quotidianos
691 836 876 892 profectus
897 852 980 882 tuos
1009 844 1223 887 discutiens,
1241 843 1373 889 quibus

309 908 348 944 in
366 908 456 945 locis
471 914 506 944 et
525 918 634 954 quam
651 907 842 954 proximus
868 917 888 942 a
904 915 1017 953 regno
1036 905 1214 941 coelorum
1242 903 1374 939 habea-

308 970 369 1013 tis,
390 970 570 1014 advertes,
587 974 628 1005 ut
647 969 721 1012 ille,
750 969 794 1005 de
810 978 882 1015 quo
900 967 1186 1009 dixitDominus,
1203 965 1288 1012 quia
1303 974 1371 999 non

309 1031 410 1079 lonqe
423 1043 458 1068 es
480 1043 502 1067 a
522 1041 627 1077 regno
643 1029 712 1067 Dei
732 1031 876 1078 (Matth.
895 1030 978 1078 xii).

726 1117 879 1155 CAPUT
896 1118 957 1155 lv.

309 1180 362 1218 De
377 1192 416 1217 eo
435 1179 527 1227 quod
541 1178 690 1226 populus
709 1177 823 1213 Israel
844 1184 965 1213 contra
989 1188 1103 1224 reqem
1131 1176 1226 1213 Seon
1247 1176 1373 1212 Amor-

357 1228 533 1263 rhoeorum
555 1225 737 1273 praeliatus
756 1231 821 1268 est,
840 1231 872 1260 et
897 1225 985 1260 victo
1009 1236 1049 1260 eo
1067 1224 1219 1270 possedit
1242 1230 1373 1259 terram

355 1286 373 1310 e
391 1286 446 1310 us.

358 1287 477 1380 (inin.)
508 1331 604 1367 Misit
622 1336 738 1365 autem
758 1329 872 1365 Israel
900 1330 1037 1364 nuntios
1058 1329 1104 1363 ad
1134 1329 1226 1365 Seou
1260 1340 1374 1375 reqem

306 1395 595 1432 Amorrhoeorum
618 1392 736 1426 dicens
753 1402 764 1426 :
782 1390 932 1426 Obsecro
950 1396 986 1424 ut
1002 1390 1088 1424 mihi
1105 1390 1255 1424 transire
1271 1389 1375 1424 liceat

305 1467 367 1503 per
387 1461 518 1490 terram
546 1460 658 1487 tuam.
683 1449 765 1485 Non
796 1449 1048 1484 declinabimus
1084 1448 1121 1483 in
1150 1460 1252 1494 αρν-οε
1272 1455 1303 1483 et
1325 1448 1374 1483 vi-

307 1528 407 1559 neas,
426 1526 495 1550 non
513 1513 667 1549 bibemus
688 1522 798 1557 aquas
813 1511 856 1546 de
870 1511 982 1557 puteis
1002 1511 1085 1545 tuis.
1108 1508 1173 1545 Via
1188 1510 1283 1556 reqia
1297 1521 1375 1556 qra-

306 1577 458 1619 diemur,
485 1575 594 1610 donec
619 1580 839 1607 transeamus
860 1571 1025 1606 terminos
1054 1576 1145 1605 tuos.
1167 1569 1235 1612 Qui
1254 1580 1374 1605 conce-

306 1639 387 1673 dere
404 1635 516 1672 noluit
530 1640 568 1669 ut
585 1634 748 1669 transiret
764 1631 877 1667 Israel
896 1643 957 1677 per
973 1631 1060 1677 fines
1082 1643 1177 1667 suos.
1203 1631 1295 1674 Quin
1312 1642 1374 1677 po-

307 1700 376 1734 tius
401 1696 553 1733 exercitu
570 1700 789 1741 conqreqato,
810 1704 967 1740 egressus
985 1699 1034 1728 est
1052 1693 1188 1729 obviam
1207 1693 1244 1728 in
1256 1693 1373 1728 deser-

306 1767 392 1802 tum,
412 1765 443 1794 et
462 1758 551 1794 venit
574 1757 611 1792 in
624 1756 728 1798 Jasa,
748 1756 984 1803 puqnavitque
999 1761 1121 1791 contra
1136 1766 1215 1791 eum
1231 1764 1243 1789 .-
1260 1766 1280 1790 a
1303 1765 1371 1802 quo

307 1832 495 1869 percussus
515 1826 565 1856 est
584 1820 696 1855 inore
726 1818 849 1865 qladii.
885 1817 1045 1854 Historia
1079 1817 1227 1864 quidem
1259 1817 1374 1852 inani-

305 1881 398 1918 festa
419 1887 488 1925 est,
511 1881 574 1917 sed
594 1880 832 1926 deprecemur
856 1878 1063 1920 Dominum,
1096 1882 1136 1912 ut
1162 1877 1301 1923 aliquid
1318 1877 1373 1912 di·-

306 1954 417 1990 gnum
434 1942 616 1989 possimus
639 1941 677 1977 in
708 1939 939 1976 interioribus
967 1939 1134 1975 sensibus
1165 1939 1368 1985 pervidere.

307 2005 402 2041 Seon
431 2001 612 2048 duplicem
642 2001 751 2036 habet
773 1999 1125 2045 interpretationem,
1161 1998 1237 2034 sive
1266 1998 1372 2033 arbor

745 165 788 203 B.
813 164 986 204 RABANI
1011 163 1160 207 MAURl
1182 162 1399 202 ARCHIEP.
1425 161 1634 202 MOGUNT.
1658 162 1851 204 OPERUM
1874 163 1996 203 PARS
2019 164 2050 202 l.

312 246 393 284 aliis
423 242 692 290 exemplaribus
723 243 893 287 habetur,
928 243 966 280 in
986 242 1129 286 Janam,
1149 242 1244 287 quod
1263 219 1373 278 inter:
1388 241 1527 287 Aquid
1544 252 1616 278 non
1641 247 1759 289 potest
1789 242 1997 288 huiusmodi
2026 241 2136 278 homo
2154 241 2287 287 dicere,
2316 243 2402 291 quia
2431 243 2517 293 sub,

1336 1140 1355 1152 ⁶
1391 1147 1423 1186 Β
1441 1154 1545 1201 quasi
1565 1154 1686 1189 nidum
1717 1154 1808 1201 (1841.
1827 1155 1878 1202 x).
1900 1155 1946 1191 Et
1978 1156 2109 1192 uerum
2130 1156 2218 1192 dicit
2246 1156 2363 1192 elatus
2395 1157 2454 1193 hic
2471 1161 2518 1193 en

2421 167 2495 208 m

1441 300 1585 338 Christo
1601 302 1740 348 positus
1756 303 1834 340 haec
1849 313 1931 350 ago,
1946 303 2055 340 etiam
2075 303 2105 338 si
2126 304 2191 339 sub
2208 303 2342 342 Christi
2353 300 2514 345 nomine*

1441 361 1582 397 censeri
1600 361 1793 398 videatur?
1811 362 1851 399 In
1865 372 1936 409 quo
1953 362 2120 400 Christus
2135 363 2378 409 principatum
2390 365 2499 413 gerit,
2505 386 2518 406 .-

1440 421 1540 458 nulla
1561 422 1612 458 ibi
1629 422 1871 466 immunditia,
1888 423 1988 460 nulla
2005 424 2179 470 iniquitas
2194 425 2408 462 admittitur.
2423 425 2514 464 Nec»

1440 482 1579 519 habere
1605 483 1764 529 aliquem
1788 483 1906 520 locum
1928 489 2048 530 potest
2066 485 2199 531 iniusta
2220 485 2410 532 cupiditas.
2434 486 2512 524 Se·-

1441 543 1598 579 cundum
1618 543 1716 579 hunc
1728 544 1852 590 itaque
1869 545 2016 581 modum
2031 551 2131 583 recte
2145 553 2182 582 et
2201 546 2368 584 Christus
2386 548 2512 584 virtu··

1441 607 1519 638 tum
1532 603 1719 650 princeps,
1740 609 1776 641 et
1794 604 1960 642 diabolus
1984 605 2144 650 malitiae,
2176 612 2214 644 et
2232 608 2342 645 totius
2368 607 2513 654 iniqui--

1439 662 1526 699 tatis
1557 663 1712 701 dicetur.
1733 665 1843 702 Mittit
1863 665 1985 712 itaque
2010 666 2147 715 legatos
2173 667 2284 705 Israel
2311 669 2356 705 ad
2378 680 2511 718 regem·

1439 722 1749 769 Amen-rhaeorum,
1761 736 1883 773 regem
1892 727 1929 763 in
1938 728 2218 764 amaritudinem
2228 735 2500 775 provocantem,

1440 794 1562 832 regem
1594 785 1873 831 infructuosum,
1909 797 2031 834 regem
2068 789 2277 834 superbum.
2314 789 2522 834 Quomodm

1441 848 1633 894 superbus,
1655 849 1835 894 quomodo
1849 848 1967 885 elatus
2001 850 2190 886 docebitur
2214 850 2407 888 diabolus?
2425 850 2514 896 lpsea

1440 914 1510 951 est,
1532 910 1594 955 qui
1616 909 1735 946 dixit:
1772 909 1910 946 Virtute
1929 921 2007 945 mea
2039 910 2184 956 faciam,
2210 916 2243 946 et
2261 911 2432 957 sapientia
2449 911 2511 947 in-

1441 968 1599 1005 tellectus
1619 971 1687 1006 mei
1718 970 1879 1016 auferam
1901 972 1989 1017 fines
2005 972 2174 1018 qentium,
2203 978 2234 1007 et
2257 971 2514 1018 fortitudinem»

1439 1038 1559 1064 eorum
1573 1028 1813 1075 deprcedabor.
1834 1030 1881 1065 Et
1897 1032 2114 1066 commovebo
2133 1032 2393 1079 civitates,quae
2407 1032 2518 1069 inha—

1441 1090 1612 1135 bitantur,
1633 1098 1664 1128 et
1679 1093 1878 1129 universum
1897 1094 2013 1130 orbem
2028 1100 2131 1130 terroe
2143 1095 2279 1141 capiam
2300 1107 2407 1131 manu
2428 1107 2516 1133 meai

1442 1215 1620 1260 superbus
1639 1226 1648 1250 τ
1670 1214 1867 1250 Ascendam
1884 1218 1921 1250 in
1936 1215 2072 1258 coelum,
2102 1226 2208 1262 supra
2226 1215 2343 1251 sidera
2357 1215 2434 1251 coeli
2446 1226 2511 1262 po-

1443 1287 1525 1311 nam
1541 1277 1705 1312 thronum
1724 1288 1854 1320 meum,
1874 1277 1997 1313 sedebo
2019 1278 2056 1314 iu
2071 1283 2187 1313 monte
2217 1277 2367 1320 excelso,
2401 1287 2519 1324 supra·

1442 1342 1575 1372 montes
1590 1336 1694 1380 altos,
1714 1338 1773 1383 qui
1789 1343 1868 1372 sunt
1887 1338 1933 1373 ad
1954 1338 2178 1384 aquilonem;
2197 1338 2384 1374 ascendam
2402 1348 2521 1384 suprax

1443 1396 1551 1431 nubes
1565 1405 1577 1429 .·
1595 1407 1654 1431 ero
1670 1396 1796 1432 similis
1813 1397 1994 1433 Altissimo
2022 1398 2113 1444 (Isa.
2134 1398 2224 1445 xiv).
2244 1398 2372 1434 Adhuc
2393 1396 2518 1443 requi-⁴

1443 1454 1506 1496 ris,
1527 1455 1556 1489 si
1581 1454 1658 1500 ipse
1677 1455 1724 1490 sit
1739 1455 1855 1490 elatus
1871 1461 1908 1490 et
1925 1457 2129 1501 superbus?
2148 1457 2223 1491 lmo
2242 1457 2362 1501 potius
2379 1463 2417 1493 et
2432 1457 2519 1502 ipse-

1443 1513 1623 1558 superbus
1640 1518 1676 1548 et
1697 1513 1838 1557 elatus;
1872 1519 1908 1550 et
1928 1513 1987 1549 ille
2002 1515 2107 1560 quasi
2126 1515 2335 1561 unigenitus
2352 1514 2446 1561 ejus,
2466 1516 2531 1557 dex

1443 1584 1515 1620 quo
1536 1574 1710 1620 scriptum
1725 1579 1802 1610 est:
1840 1573 1934 1617 Quia
1961 1575 2147 1611 extolletur
2174 1586 2279 1623 super
2304 1587 2405 1612 omne
2419 1575 2522 1624 quod!

1443 1635 1573 1670 dicitur
1588 1636 1698 1679 Deus,
1718 1642 1778 1671 aut
1794 1635 1886 1682 quod
1906 1635 2034 1671 colitur
2060 1637 2095 1683 (Ι
2113 1637 2232 1672 Thess.
2252 1637 2294 1684 ιι)
2314 1649 2322 1672 :
2344 1637 2394 1673 ita
2417 1643 2458 1673 ut
2474 1637 2522 1674 ii»

1449 1695 1582 1741 templo
1598 1695 1663 1730 Dei
1690 1696 1826 1739 sedeat,
1845 1696 2040 1733 ostendens
2071 1707 2110 1732 se
2142 1703 2313 1743 tanquam
2333 1698 2378 1732 sit
2401 1697 2521 1735 Deus-

1443 1755 1570 1793 Omnis
1589 1766 1675 1805 ergo
1690 1759 1751 1804 qui
1768 1758 1882 1795 elatus
1908 1764 1964 1796 est
1980 1765 2016 1795 et
2035 1761 2224 1806 superbus,
2242 1759 2299 1796 vel
2319 1760 2415 1797 filius
2428 1760 2521 1797 elati·

1444 1815 1565 1862 liujus,
1587 1818 1645 1853 vel
1664 1818 1862 1865 discipulus
1890 1826 1926 1856 et
1951 1820 2126 1856 imitator.
2149 1820 2195 1856 Et
2215 1826 2407 1867 propterea
2426 1821 2540 1868 dicio,

1441 1878 1637 1925 Apostolus
1655 1880 1699 1916 de
1717 1881 1889 1926 quodam,
1918 1892 1960 1917 ne
1980 1882 2070 1928 forte
2106 1882 2218 1918 elatus
2237 1882 2370 1918 incidat
2394 1883 2431 1918 in
2445 1883 2514 1929 ju·
2538 1871 2540 1911 ἶ

1443 1939 1578 1975 dicium
1599 1940 1733 1976 diaboli
1749 1941 1785 1989 (I
1802 1941 1931 1977 Timot.
1948 1943 2020 1990 ιιι).
2039 1943 2242 1980 Ostendens
2257 1953 2323 1990 per
2341 1944 2411 1980 hoc
2428 1943 2521 1989 quim
2538 1970 2540 1994 :

1442 2001 1561 2037 omnis
1579 2001 1694 2038 elatus
1721 2002 1844 2047 simili,
1866 2008 1907 2039 ut
1938 2004 2105 2040 diabolus
2125 2004 2263 2051 judicio
2290 2005 2520 2041 condemna·

306 2063 544 2108 infructuosa,
567 2060 643 2096 sive
670 2060 797 2095 elatus.
830 2058 938 2095 Mittit
966 2059 1076 2104 igitur
1103 2058 1216 2094 lsrael
1234 2058 1372 2105 legatos
1390 2051 1423 2096 C
1443 2062 1555 2098 bitur.
1586 2062 1659 2100 Nos
1697 2074 1784 2111 ergo
1814 2074 1940 2100 sumus
1965 2065 2027 2112 qui
2059 2065 2218 2101 transire
2249 2064 2418 2101 volumus
2448 2073 2524 2111 perr

306 2124 353 2159 ad
377 2122 496 2158 Seon:
519 2121 631 2156 mittit
649 2121 693 2156 ad
707 2121 874 2156 arborem
894 2118 1170 2164 infructuosam,
1198 2119 1309 2155 mittit
1328 2119 1374 2155 ad

307 2184 444 2220 elatum
461 2187 497 2219 ct
513 2182 718 2227 superbum.
738 2181 804 2217 Hic
827 2186 947 2217 autem
966 2180 1061 2217 Seon
1083 2191 1147 2217 rex
1166 2186 1222 2217 est
1244 2180 1375 2216 Amor-

308 2248 504 2289 rliaeorum‚
524 2246 586 2292 qui
604 2251 641 2282 et
659 2245 727 2291 ipsi
744 2244 1028 2290 interpretantur
1041 2245 1079 2279 in
1100 2243 1373 2279 amaritudinem

310 2308 522 2343 adducentes
540 2306 597 2342 vel
617 2306 807 2352 loquentes.
829 2304 938 2339 Mittit
957 2314 1043 2350 ergo
1072 2304 1117 2340 ad
1134 2303 1228 2339 Seon
1253 2313 1374 2349 regem

306 2367 601 2403 Amorrhaeorum
613 2366 754 2412 Moyses
765 2365 887 2400 verbis
897 2364 1074 2410 pacificis,
1088 2364 1211 2400 dicens
1224 2376 1231 2399 :
1245 2364 1375 2400 Trans-

308 2429 440 2466 ibimus
472 2439 537 2475 per
570 2434 705 2463 terram
743 2432 855 2463 tuam.
880 2425 918 2461 Si
951 2426 1149 2462 secundum
1175 2423 1376 2471 spiritalem

308 2488 584 2535 intelligentiam
606 2487 806 2523 dixerimus
826 2485 921 2522 Seon
941 2495 1063 2532 regem
1079 2485 1233 2533 figuram
1255 2490 1376 2522 tenere

307 2548 455 2592 diaboli,
474 2548 559 2594 quia
591 2548 667 2594 ipse
699 2552 755 2583 est
785 2547 903 2582 elatus
938 2551 974 2582 et
1007 2545 1267 2590 infructuosus,
1288 2551 1376 2592 puto

308 2613 405 2658 quod
425 2622 497 2648 non
530 2611 667 2648 habeas
691 2610 819 2647 mirari
839 2610 935 2655 quod
954 2620 1037 2646 eum
1059 2609 1213 2646 dixerim
1237 2619 1375 2656 regem,

310 2684 394 2709 cum
410 2673 515 2709 audis
536 2673 655 2718 ipsum
673 2673 784 2709 etiam
802 2672 996 2708 Dominum
1014 2677 1051 2707 et
1071 2670 1297 2707 Salvatorem
1317 2679 1378 2706 no-

311 2740 441 2776 strum,
477 2734 516 2771 in
550 2732 747 2778 Evangelio
778 2732 823 2768 de
860 2742 903 2768 eo
926 2732 1134 2768 dicentem:
1169 2731 1260 2767 Ecce
1286 2741 1378 2766 'tunc

312 2797 403 2832 venit
419 2795 577 2842 princeps
594 2794 700 2839 huJ'us
723 2793 859 2835 mundi,
878 2794 961 2828 etin
984 2804 1038 2828 me
1054 2804 1122 2828 nou
1136 2794 1263 2829 invenit
1279 2793 1379 2840 quid-

311 2868 415 2905 quam
446 2856 567 2903 (Joan.
587 2853 677 2900 xiv).
709 2853 755 2889 Et
777 2853 936 2889 iterum:
971 2853 1062 2889 Ecce
1099 2864 1190 2889 nunc
1219 2855 1378 2900 princeps

311 2919 420 2964 hujus
438 2917 561 2952 mundi
588 2916 746 2951 mittetur
774 2915 869 2960 foras
884 2913 1001 2961 (Psat.
1018 2915 1132 2962 Lxxi).
1164 2915 1203 2951 Si
1222 2926 1308 2962 ergo
1326 2922 1379 2951 to-

1444 2123 1540 2160 hunc
1572 2125 1761 2169 mundum,
1796 2131 1836 2162 ut
1863 2126 2055 2172 pervenire
2085 2127 2267 2172 possimus
2299 2125 2346 2161 ad
2376 2131 2522 2162 terrama

1443 2189 1608 2220 sanctam
1626 2195 1705 2230 quae
1741 2187 1958 2233 repromissa
1984 2192 2041 2223 est
2074 2187 2237 2231 sanctis;
2267 2192 2304 2223 et
2335 2187 2523 2225 mittimus·

1447 2246 1571 2282 verbis
1591 2247 1754 2292 pacificis
1774 2249 1819 2285 ad
1835 2249 1945 2292 Seon,
1962 2250 2218 2296 promittentes
2242 2260 2315 2286 non
2328 2260 2396 2286 nos
2412 2250 2516 2286 habi-

1450 2310 1593 2342 taturos
1624 2307 1660 2342 in
1683 2313 1777 2344 terra
1807 2309 1901 2354 ejus,
1935 2320 2004 2347 nec
2036 2315 2241 2347 moraturos
2267 2321 2350 2347 cum
2369 2320 2427 2355 eo,
2450 2310 2522 2348 sedi

1450 2369 1671 2405 transituros
1702 2371 1966 2414 tantummodo,
1988 2376 2024 2407 et
2056 2372 2262 2408 incessuros
2292 2371 2351 2408 via
2385 2372 2522 2418 regali,

1445 2440 1513 2467 nec
1527 2431 1771 2467 declinaturos
1791 2442 1958 2478 usquam,
1978 2443 2097 2478 neque
2120 2433 2156 2468 in
2183 2443 2324 2480 agrum,
2345 2444 2463 2479 neque
2477 2433 2522 2470 in·

1444 2491 1614 2527 vineam:
1636 2492 1699 2528 sed
1714 2502 1781 2528 nec
1800 2493 1845 2528 de
1865 2493 1945 2528 lacu
1961 2492 2139 2529 bibituros
2172 2503 2298 2539 aquas.
2319 2493 2523 2531 Videamus-v

1447 2562 1534 2599 ergo
1551 2553 1695 2598 quando
1712 2563 1778 2589 vos
1798 2553 1868 2589 ista
1887 2553 2136 2600 promisimus,
2151 2554 2295 2599 quando
2312 2554 2390 2590 haec
2403 2555 2522 2592 verba·

1448 2612 1594 2648 diabolo
1616 2613 1922 2650 denuntiavimus.
1956 2615 2182 2651 Recordetur
2209 2616 2458 2663 unusquisque
2474 2616 2521 2653 fi·

1448 2672 1596 2715 delium,
1618 2683 1700 2710 cum
1717 2674 1875 2719 primum
1900 2674 1999 2711 venit
2018 2675 2062 2711 ad
2081 2685 2194 2721 aquas
2225 2676 2410 2722 baptismi,
2430 2686 2540 2717 cum..

1449 2735 1634 2781 signacula
1656 2735 1740 2771 fidei
1756 2736 1873 2782 prima
1892 2736 2063 2783 suscepit,
2081 2742 2117 2773 et
2136 2737 2181 2773 ad
2193 2736 2329 2773 sontem
2344 2737 2523 2776 salutaris·

1449 2797 1618 2839 accessit,
1649 2797 1780 2842 quibus
1803 2797 1852 2832 ibi
1885 2802 1970 2833 tunc
1999 2806 2085 2833 usus
2116 2797 2163 2833 sit
2184 2796 2326 2840 verbis;
2347 2801 2385 2833 et
2417 2798 2523 2843 quodi

1449 2857 1715 2893 renuntiaverit
1737 2857 1892 2901 diabolo,
1925 2867 1998 2894 non
2015 2867 2055 2894 se
2073 2867 2224 2893 usurum
2253 2857 2396 2904 pompis
2420 2857 2511 2902 ejus,

1451 2929 1571 2965 neque
1589 2919 1759 2964 operibus
1793 2919 1885 2966 eJus,
1919 2928 2037 2965 neque
2066 2917 2149 2954 ullis
2169 2918 2317 2954 omnino
2356 2918 2523 2955 servitiis·

313 2978 387 3013 tius
403 2977 528 3012 mundi
546 2975 719 3022 princeps
739 2985 819 3011 esse
843 2975 881 3010 in
907 2975 1113 3021 Evangeliis
1140 2975 1286 3019 dicitur,
1307 2986 1379 3012 non
1395 2970 1432 3010 D
1449 2979 1527 3025 ejus
1542 2990 1585 3016 ac
1603 2980 1853 3018 voluntatibus
1869 2980 2086 3030 pariturum.
2111 2979 2159 3016 Et
2187 2979 2257 3016 hoc
2277 2983 2334 3015 est
2361 2979 2456 3024 quod
2476 2977 2522 3014 ini

314 3037 423 3074 debet
442 3035 638 3073 absurdum
658 3035 788 3079 videri,
807 3036 837 3071 si
858 3035 955 3071 Seon
973 3036 1049 3081 regi
1066 3035 1376 3081 Amorrhaeorum,

312 3102 370 3138 vel
388 3101 499 3138 etiam
520 3099 602 3136 aliis
619 3099 841 3146 quibuslibet
858 3099 1019 3146 gentium
1050 3099 1207 3146 regibus,
1230 3110 1378 3146 compa-

314 3167 429 3198 ratur.
447 3160 622 3207 Princeps
640 3165 762 3197 autem
782 3160 913 3197 dicitur
927 3161 1068 3203 mundi,
1084 3171 1157 3197 non
1177 3162 1261 3208 quia
1281 3171 1379 3198 crea·

313 3223 408 3259 verit
441 3223 628 3266 mundum,
665 3221 728 3259 sed
758 3222 843 3269 quia
861 3222 965 3259 multi
983 3228 1068 3259 sunt
1090 3223 1126 3259 in
1158 3223 1227 3259 hoc
1243 3224 1379 3260 mundo

315 3290 540 3332 peccatores.
563 3283 709 3321 Peccati
729 3289 864 3328 autem,
898 3285 983 3335 quia
1003 3285 1079 3332 ipse
1109 3285 1280 3331 princeps
1306 3289 1377 3329 est,

316 3348 398 3383 ideo
420 3347 531 3383 etiam
551 3346 677 3383 mundi
696 3346 865 3393 princeps
883 3346 1082 3393 appellatus
1100 3351 1168 3383 est.
1189 3346 1228 3382 ln
1249 3346 1306 3382 bis
1324 3345 1380 3382 vi-

318 3406 450 3443 delicet
468 3407 531 3452 qui
544 3406 716 3446 ,nondum
745 3405 990 3453 relinquentes
1021 3405 1206 3448 mundum,
1228 3414 1379 3442 conver-

317 3471 445 3503 tuntur
469 3467 516 3503 ad
533 3466 694 3503 Patrem.
716 3465 924 3503 Secundum
943 3466 1013 3502 hoc
1038 3465 1136 3502 enim
1154 3466 1265 3502 etiam
1289 3464 1378 3502 illud

318 3527 471 3565 dicitur:
489 3526 583 3570 Quia
593 3528 705 3564 omnis
718 3528 820 3564 homo
833 3527 871 3563 iu
885 3526 1041 3574 maliano
1055 3527 1268 3574 positusest.
1284 3525 1378 3571 Quid

318 3587 416 3624 enim
447 3587 596 3634 prodest
631 3588 736 3624 nobis
768 3587 902 3631 dicere,
937 3587 1023 3636 quia
1055 3587 1224 3634 princeps
1259 3593 1383 3624 noster

321 3647 492 3686 Christus
523 3653 594 3693 est,
621 3648 651 3685 si
686 3649 795 3686 rebus
812 3654 850 3685 et
879 3647 1049 3696 operibus
1083 3659 1278 3696 arguamur
1297 3648 1381 3695 quia

322 3707 488 3748 diabotus
501 3709 746 3756 principatum
762 3713 864 3745 tenet
875 3707 914 3745 in
936 3709 1041 3746 nohis
1060 3720 1071 3754 ;
1098 3715 1161 3745 aut
1177 3719 1250 3746 non
1263 3708 1381 3756 palam

323 3771 394 3813 est.
402 3769 564 3816 *sub-quo
576 3770 739 3817 principe
752 3775 835 3818 agat
851 3770 1066 3818 impudicuS,
1085 3770 1269 3819 injustus?
1284 3770 1383 3809 Nun-

1450 3041 1509 3078 his
1523 3041 1614 3088 legis
1629 3041 1858 3078 sermonibus
1881 3041 2133 3084 adumbratur,
2160 3039 2246 3086 quia
2266 3048 2339 3074 non
2355 3037 2522 3074 declinet.

1449 3102 1561 3140 lsrael
1588 3112 1705 3150 neque
1723 3103 1761 3139 in
1780 3113 1908 3151 agrum
1941 3101 2032 3149 ejus,
2056 3110 2174 3148 neque
2204 3101 2241 3137 in
2258 3100 2401 3137 vineam
2418 3097 2511 3143 ejus,

1450 3163 1515 3199 sed
1533 3173 1652 3210 neque
1673 3174 1804 3210 aquam
1819 3164 1864 3200 de
1882 3163 1964 3200 lacu
1981 3162 2060 3209 ejus
2082 3161 2274 3208 pollicetur
2291 3170 2332 3197 se
2350 3168 2431 3196 csse
2449 3168 2513 3205 po-

1449 3227 1623 3257 taturum.
1640 3221 1719 3258 Non
1736 3222 1832 3257 enim
1865 3222 1960 3257 ultra
1993 3221 2190 3267 disciplinae
2219 3218 2419 3266 diabolicae,
2438 3227 2512 3254 non

1449 3280 1668 3326 astrologiae,
1684 3291 1755 3317 non
1775 3281 1919 3327 magite,
1938 3291 2011 3316 non
2028 3281 2138 3316 ullius
2154 3280 2303 3316 omnino
2320 3278 2507 3322 doctrinae,

1449 3350 1529 3387 quae
1548 3346 1675 3377 contra
1709 3340 1773 3376 Dei
1800 3341 1973 3386 pietatem
2009 3340 2144 3385 aliquid
2167 3340 2306 3381 doceat,
2339 3338 2509 3385 poculum

1448 3406 1580 3438 sumet.
1597 3400 1734 3437 Fidelis
1755 3400 1852 3437 enim
1872 3400 1981 3437 habet
1999 3410 2084 3437 suos
2117 3399 2251 3442 fontes,
2285 3403 2324 3435 et
2351 3399 2444 3436 bibit
2463 3399 2510 3437 de

1446 3461 1608 3498 fontibus
1629 3461 1859 3498 salutaribus.
1881 3460 1961 3497 Non
1976 3461 2076 3497 bibet
2091 3470 2222 3507 aquam
2235 3459 2281 3496 de
2297 3459 2377 3497 lacu
2397 3459 2507 3504 Seon,

1453 3532 1522 3559 nec
1553 3522 1762 3568 relinquens
1792 3519 1929 3558 fontem
1961 3530 2064 3567 aquae
2097 3520 2203 3564 vivae,
2224 3524 2418 3567 congregat
2437 3517 2507 3557 sibi

1452 3583 1554 3622 lacus
1571 3583 1788 3627 confractos,
1807 3583 1871 3620 sed
1887 3582 1947 3618 via
1980 3581 2094 3628 regali
2118 3581 2344 3618 incessurum
2366 3588 2406 3616 se
2421 3588 2508 3625 pro-

1451 3645 1590 3683 fitetur.
1609 3645 1696 3690 Quae
1710 3650 1766 3681 est
1779 3644 1838 3680 via
1857 3643 2016 3691 regalis?
2037 3642 2099 3679 llla
2113 3642 2192 3679 sine
2210 3641 2334 3684 dubio,
2351 3649 2433 3687 quae
2451 3638 2508 3679 «112

1450 3708 1525 3746 cit:
1547 3706 1624 3755 Εςο
1639 3719 1717 3744 sum
1727 3707 1797 3751 via,
1815 3707 1958 3750 veritas,
1979 3711 2010 3741 et
2025 3705 2096 3742 vita
2118 3702 2346 3753 (lamnam).
2366 3701 2414 3739 Et
2426 3709 2508 3738 me-

1451 3770 1521 3808 rito
1554 3769 1696 3819 regalis.
1717 3769 1796 3821 lpse
1831 3773 1887 3806 est
1913 3767 2024 3806 enim.
2065 3768 2110 3805 de
2128 3777 2200 3815 quo
2219 3765 2400 3814 Propheta
2420 3762 2504 3803 aits
