2540 4016
310 188 401 228 103¹

309 322 378 359 hus
402 319 559 356 diximus
588 328 712 366 regem
731 318 802 354 Ahi
822 315 963 354 diabolo
980 326 1087 362 posse
1113 314 1291 360 conferri,
1308 316 1369 352 hic

309 379 492 428 quomodo
518 378 665 425 gemino
691 377 790 424 ligno
818 375 1013 412 crucifixus
1040 380 1118 419 est,
1143 385 1262 422 operae
1289 385 1371 422 pre-

309 441 401 476 tium
419 444 476 475 est
503 446 667 474 noscere.
694 436 793 474 Crux
817 438 960 474 Domini
988 438 1104 474 nostri
1127 436 1213 474 Jesu
1234 437 1370 474 Christi

313 501 456 549 gemina
475 498 556 535 fuit.
585 498 787 535 Mirus'tibi
807 510 927 536 sermo
950 499 1106 536 fortasse
1124 506 1161 537 et
1179 510 1295 536 novus
1313 499 1370 535 vi-

310 564 428 599 detur.
448 561 551 606 Quod
571 561 652 597 dico
671 570 760 596 crux
780 561 923 606 gemina
943 560 1026 605 fuit,
1046 561 1115 597 hoe
1131 566 1206 605 est,
1228 561 1370 607 gemina

308 624 449 660 ratione
478 627 621 659 constat
645 627 682 659 et
710 622 865 668 duplici;
895 623 980 669 quia
1008 623 1198 660 visibiliter
1228 623 1372 668 quidem

307 683 423 720 Filius
441 682 506 718 Dei
531 682 568 718 in
593 692 703 718 carne
721 682 917 719 crucifixus
936 688 1013 726 est;
1035 683 1267 719 invisibiliter
1284 692 1371 718 vero

309 744 345 780 in
368 744 436 780 hac
454 752 562 780 cruce
588 742 752 779 diabolus
771 753 854 778 cum
872 743 1137 789 principatibus
1157 748 1193 778 et
1212 747 1355 788 potesta

310 804 407 839 tibus
426 803 553 839 affixus
572 807 628 839 est
646 803 760 839 cruci.
790 802 869 838 Non
889 803 954 839 tibi
975 804 1043 839 hoc
1067 803 1211 839 videtur
1231 813 1370 846 verum,

309 865 340 901 si
359 865 423 901 tibi
442 865 573 900 horum
598 869 727 900 testem
754 864 959 910 produxero
978 865 1179 910 apostolum
1200 863 1373 899 Paulum?

310 926 403 961 Audi
426 935 511 972 ergo
538 925 582 961 de
610 925 667 960 his
695 924 781 970 quid
807 925 884 970 ipse
909 924 1149 970 pronuntiat5
1175 936 1188 957 ‹
1212 924 1256 959 Et
1278 923 1374 969 quod

311 991 402 1027 erat,
425 985 561 1030 inquit,
587 985 809 1021 contrarium
829 985 954 1028 nobis,
973 985 1055 1020 tulit
1075 985 1174 1020 illum
1194 996 1214 1021 e
1233 985 1372 1027 medio,

313 1045 460 1092 affigens
477 1046 576 1082 cruci
598 1056 671 1082 suae
684 1073 692 1088 ‚
716 1055 854 1082 exuens
874 1045 1096 1091 principatus
1117 1050 1152 1081 et
1177 1050 1374 1090 potestates

315 1108 472 1143 traduxit
491 1108 617 1151 libere,
640 1108 868 1153 triumphans
890 1118 952 1143 cos
970 1108 1007 1142 in
1025 1108 1121 1154 ligno
1142 1107 1260 1144 crucis
1281 1106 1371 1155 (Col.

311 1169 367 1216 ιι).
392 1182 403 1203 ι
419 1170 521 1205 Licet
535 1175 570 1204 et
587 1170 622 1204 in
637 1169 716 1204 aliis
731 1168 1000 1214 exemplaribus
1014 1168 1203 1212 habeatur,
1225 1180 1237 1201 ‹
1253 1168 1378 1203 trium·
1396 1161 1428 1200 Β
1448 1165 1508 1211 qui
1528 1175 1610 1200 cum
1638 1165 1682 1200 ad
1709 1164 1830 1199 Jesum
1860 1173 1969 1198 unum
1988 1162 2296 1207 conspiraverint,
2319 1159 2395 1205 jam
2418 1166 2500 1196 ῑιιιι
2517 1174 2521 1179 ’

312 1231 429 1276 phans
447 1240 510 1266 eos
534 1230 571 1265 in
600 1229 806 1274 semetipso.
838 1242 850 1262 ›
877 1228 947 1264 Sed
976 1229 1069 1274 apud
1092 1228 1236 1264 Graecos
1262 1228 1375 1264 habe-

316 1295 388 1333 tur,
404 1291 441 1325 in
459 1290 566 1335 liquo.
581 1289 620 1324 ln
636 1289 732 1335 ligno
747 1298 835 1333 ergo
853 1288 982 1333 duplex
1000 1289 1092 1323 ratio
1110 1294 1165 1323 est
1183 1288 1378 1323 Dominicae

315 1351 433 1386 crucis
455 1360 464 1380 τ
487 1360 558 1383 una
579 1348 640 1383 illa
661 1358 770 1394 quam
794 1348 881 1383 dicit
899 1348 1082 1393 apostolus
1111 1347 1262 1390 Petrus,
1282 1347 1378 1392 quod

315 1410 480 1447 Christus
500 1409 697 1445 crucifixus
718 1408 864 1453 reliquit
882 1408 987 1443 nobis
1007 1408 1224 1453 exemplum.
1242 1407 1288 1442 Et
1302 1408 1379 1442 haec

314 1470 470 1506 secunda
502 1480 591 1504 crux
620 1468 679 1503 illa
708 1473 884 1513 tropaeum
912 1467 956 1502 de
981 1466 1123 1502 dlabolo
1144 1465 1231 1509 suit,
1253 1466 1289 1501 in
1308 1476 1379 1511 quo

313 1531 509 1568 crucifixus
528 1536 583 1566 est
602 1537 638 1566 et
666 1530 925 1576 triumphatus.
953 1529 1036 1564 Ideo
1061 1529 1216 1574 denique
1237 1535 1380 1575 aposto-

315 1591 371 1627 lus
390 1591 523 1627 Paulus
542 1591 688 1626 dicebat
710 1602 717 1625 :
746 1603 758 1623 ι
782 1589 869 1626 Mihi
890 1596 1011 1626 autem
1027 1590 1121 1626 absit
1134 1590 1292 1636 gloriari,
1311 1590 1380 1625 nisi

315 1653 352 1689 in
370 1663 480 1689 cruce
500 1652 643 1688 Domini
664 1652 777 1688 nostri
803 1651 889 1688 Jesu
913 1652 1062 1695 Christi,
1081 1662 1146 1698 per
1162 1663 1268 1697 quem
1291 1652 1380 1687 mihi

319 1713 475 1748 mundus
501 1711 698 1748 crucifixus
726 1717 805 1755 cst,
830 1717 866 1748 et
886 1723 952 1758 ego
978 1713 1111 1748 mundo
1139 1711 1240 1759 (Gal.
1260 1712 1333 1759 vi).
1364 1725 1376 1746 ›

317 1773 426 1810 Vides
446 1773 530 1819 quia
547 1779 584 1808 et
602 1773 660 1808 hic
675 1772 869 1819 Apostolus
886 1773 1066 1818 duplicem
1086 1773 1204 1808 crucis
1222 1772 1382 1819 prodidit

315 1836 507 1871 rationem.
535 1835 614 1870 Duo
639 1834 734 1870 enim
755 1834 824 1870 sibi
850 1834 1032 1870 contraria
1056 1834 1144 1870 dicit
1163 1844 1243 1870 esse
1263 1833 1381 1869 cruci-

316 1897 389 1933 fixa
410 1908 418 1931 :
440 1901 605 1932 sanctum
625 1900 662 1930 et
678 1898 922 1941 peccatorem,
943 1893 1115 1929 mundum
1136 1899 1173 1929 et
1192 1893 1290 1928 illam
1309 1891 1383 1928 for-

321 1967 417 1993 mam
444 1956 523 1991 sine
552 1955 660 1991 dubio
685 1964 794 2000 quam
817 1953 984 2000 superius
1011 1953 1167 1989 diximus
1188 1951 1324 1988 Christi
1347 1957 1383 1986 ct

319 2017 464 2054 diaboli.
484 2016 557 2052 Nos
572 2015 669 2052 enim
689 2015 937 2061 crucifigimur
951 2014 1087 2050 mundo
1107 2019 1205 2057 tune,
1224 2023 1305 2049 cum
1321 2023 1384 2049 ve-

319 2079 421 2114 niens
447 2078 617 2123 princeps
645 2077 771 2112 mundi
800 2075 908 2121 hujus
938 2076 974 2111 in
1005 2075 1109 2111 nobis
1139 2086 1211 2111 non
1243 2074 1380 2111 invenit
1399 2060 1429 2102 C
1451 2074 1538 2110 vita.

320 2137 543 2182 quidquam;
562 2141 599 2171 et
617 2136 721 2171 nobis
740 2135 966 2181 crucifigitur
985 2136 1140 2170 mundus
1153 2162 1162 2177 ,
1186 2145 1268 2170 cum
1294 2143 1380 2179 pec-

320 2198 392 2235 cati
424 2198 755 2242 concupiscentiam
786 2207 858 2232 non
892 2197 1100 2242 recipimus.
1133 2194 1205 2231 Sed
1239 2196 1269 2230 si
1303 2195 1383 2241 quis

322 2259 418 2295 forte
445 2263 500 2294 est
527 2259 701 2294 attentior
727 2257 881 2299 auditor,
918 2262 1036 2303 potest
1069 2257 1190 2291 dicere
1217 2267 1225 2290 ι
1253 2254 1383 2291 Forma

323 2319 468 2365 quidem
494 2329 617 2354 rerum
642 2319 785 2354 videtur
810 2327 891 2353 esse
918 2317 1159 2359 conveniens;
1187 2317 1247 2351 sed
1268 2316 1385 2350 adhuc

322 2379 408 2414 illud
420 2388 478 2414 me
493 2383 614 2414 movet
627 2379 723 2423 quod
738 2377 903 2413 diabolus
919 2383 955 2412 et
969 2377 1150 2412 exercitus
1166 2386 1388 2421 suus,quan·

324 2446 398 2475 tum
419 2440 464 2474 ad
482 2440 644 2476 historiae
657 2439 863 2476 ostenditur
879 2439 1046 2485 figuram,
1062 2439 1299 2484 interemptus
1316 2445 1384 2473 est.

325 2503 369 2538 Et
386 2502 566 2548 quomodo
587 2502 754 2537 videmus
776 2501 894 2537 adhuc
916 2501 1095 2537 diabolum
1120 2506 1155 2536 et
1185 2500 1386 2536 contrarias

323 2568 520 2609 potestates
540 2562 575 2598 in
596 2567 736 2598 tantum
757 2562 877 2598 valere
899 2562 1073 2598 adversus
1098 2571 1222 2597 servos
1239 2561 1302 2596 Dei
1315 2587 1325 2603 ,
1348 2565 1387 2595 ut

323 2625 432 2659 etiam
457 2623 643 2669 apostolus
660 2623 790 2659 Petrus
809 2633 890 2658 cum
916 2623 1053 2669 ingenti
1073 2622 1213 2658 cautela
1231 2631 1387 2667 praemo-

329 2688 414 2718 neat
433 2688 468 2718 et
492 2683 589 2718 dicat
607 2683 872 2718 observandum
895 2692 996 2725 esse,
1021 2695 1033 2715 ‹
1057 2682 1141 2727 quia
1160 2681 1388 2718 adversarius

331 2747 456 2779 noster
474 2742 658 2786 diabolus,
680 2743 773 2778 sicut
794 2743 851 2779 leo
875 2743 1021 2789 rugiens
1035 2770 1044 2786 ,
1071 2743 1199 2778 circuit
1223 2751 1389 2788 quaerens

330 2815 439 2850 quem
458 2804 603 2840 devoret
623 2803 658 2851 (I
674 2802 771 2839 Petr.
786 2804 836 2851 v).
864 2818 875 2839 ›
901 2805 1093 2841 Videamus
1111 2815 1197 2850 ergo
1218 2804 1247 2840 si
1268 2810 1304 2840 et
1330 2803 1389 2838 hic

330 2867 478 2913 dignum
505 2865 640 2912 aliquid
667 2866 783 2901 sancti
820 2865 977 2912 Spiritus
1010 2867 1163 2912 eloquiis
1196 2876 1389 2913 possumus

329 2926 505 2962 invenire.
524 2925 709 2961 Adventus
727 2925 882 2970 Christi,
903 2937 995 2962 unus
1015 2926 1159 2971 quidem
1180 2926 1217 2960 in
1241 2925 1386 2961 humili-

332 2991 406 3021 tate
424 2990 629 3031 compertus
646 2990 722 3028 est,
747 2986 840 3021 alius
859 2995 945 3021 vero
964 2990 1130 3030 speratur
1144 2985 1180 3019 in
1199 2985 1331 3030 gloria3
1354 2990 1391 3020 et

333 3045 393 3080 hic
410 3044 549 3090 primus
569 3044 745 3079 adventus
769 3044 806 3078 in
830 3053 953 3085 carne,
973 3043 1125 3089 mystico
1145 3044 1299 3088 quodam
1314 3054 1390 3079 ser-

334 3114 462 3148 mone,
483 3104 521 3140 in
541 3103 739 3150 Scripturis
759 3103 895 3138 sanctis
919 3104 1046 3139 umbra
1073 3103 1149 3148 ejus
1176 3104 1387 3150 appellatur,

336 3166 430 3202 sicut
456 3170 492 3202 et
516 3165 693 3201 ‚ieremias
718 3165 893 3211 propheta
922 3164 1037 3200 dicit:
1061 3177 1072 3197 ι
1098 3164 1254 3211 Spiritus
1270 3166 1391 3202 vultus

335 3227 452 3264 nostri
478 3226 644 3263 Christus
672 3225 864 3269 Dominus,
886 3225 945 3261 cui
969 3235 1036 3261 nos
1061 3225 1238 3268 diximus3
1259 3226 1296 3260 in
1314 3236 1393 3260 um-

335 3287 404 3324 bra
431 3286 509 3333 ejus
526 3288 689 3323 vivemus
711 3286 750 3322 in
774 3286 941 3333 gentibus
969 3285 1112 3333 (Thr-en.
1134 3285 1199 3332 iv).
1225 3299 1237 3319 ›
1262 3285 1334 3322 Sed
1359 3290 1395 3321 et

339 3347 499 3390 Gabriel,
521 3358 603 3384 cum
617 3346 885 3394 evangelizaret
900 3346 1022 3382 Mariae
1035 3346 1080 3382 de
1096 3346 1286 3382 nativitate
1301 3345 1393 3391 ejus,

342 3408 456 3444 dicit:
483 3419 495 3440 ‹
520 3408 644 3444 Virtus
663 3407 839 3443 Altissimi
858 3406 1088 3443 obumbrabit
1106 3406 1168 3442 tibi
1183 3406 1284 3454 (Luc.
1302 3405 1353 3454 1);
1378 3419 1391 3440 ›

340 3473 490 3515 propter
516 3469 612 3514 quod
639 3468 872 3515 intelligimus
899 3469 1016 3515 primo
1043 3469 1113 3505 hoc
1137 3469 1292 3506 adventu
1319 3467 1397 3514 ejus

344 3527 574 3572 adumbrari,
599 3539 754 3575 quorum
781 3528 989 3575 adimpletio
1013 3535 1051 3566 et
1071 3529 1247 3576 perfectio
1270 3529 1307 3566 in
1336 3538 1396 3566 se-

344 3589 463 3625 cundo
482 3595 755 3627 consummetur
768 3591 938 3627 adventu.
960 3591 1063 3628 Unde
1085 3591 1278 3639 Apostolus
1295 3591 1396 3637 dicit,

349 3659 364 3683 ι
389 3648 474 3694 quia
494 3650 725 3687 resuscitavit
750 3660 819 3687 nos
837 3661 921 3687 cum
947 3650 1046 3697 ipso,
1069 3651 1246 3698 simulque
1273 3652 1398 3689 sedere

346 3705 434 3745 fecit
452 3709 488 3746 in
505 3710 712 3748 eoelestibus
727 3709 834 3759 (Epk.
851 3710 908 3759 ιι).
933 3723 947 3746 ι
966 3711 1014 3748 Ει
1030 3712 1155 3758 utique
1172 3713 1329 3750 nondum
1345 3713 1400 3750 vi-

349 3765 478 3806 demus
501 3771 691 3808 eredentes
714 3776 779 3808 aut
803 3771 1042 3810 resuscitatos
1063 3782 1144 3811 esse
1161 3773 1261 3821 jam,
1281 3779 1346 3813 aut
1360 3772 1399 3812 in

743 182 785 221 B.
811 181 984 220 RABANl
1007 181 1156 220 MAURI
1180 181 1395 219 ARCHIEP.
1421 181 1628 220 MOGUNT.
1652 179 1844 218 OPERUM
1868 178 1989 217 PARS
2009 178 2038 216 Ι.
2376 172 2446 226 31*rx

308 259 508 305 scripturae
526 254 658 293 divinae
679 255 898 292 testimoniis
917 255 1072 301 aperire.
1101 255 1142 290 ln
1171 248 1365 301 superiori-
1381 258 1419 297 A
1433 256 1640 294 coelestibus
1658 257 1862 294 considere.
1880 256 1952 292 Sed
1970 254 2138 291 umbrata
2153 257 2238 291 sunt
2250 253 2397 300 quidem
2421 269 2446 285 ιν·

1440 3097 1444 3101 ἱ
1459 3043 1571 3090 fugite
1589 3044 1832 3080 detractiones
1845 3051 1882 3080 et
1899 3044 1993 3080 mala
2009 3045 2186 3091 colloquia
2205 3044 2296 3092 (Col.
2315 3055 2377 3089 1¹¹3
2396 3044 2418 3080 I
2431 3043 2499 3080 Pe

1435 328 1531 354 nunc
1546 327 1611 364 per
1625 317 1748 361 fidem,
1765 317 1851 363 quia
1869 321 1991 352 mente
2005 318 2043 350 et
2060 323 2125 360 spe
2138 323 2159 348 a
2177 314 2330 350 terrenis
2345 319 2383 350 et
2399 323 2449 348 m

1437 377 1509 413 tuis
1528 377 1698 423 operibus
1714 375 1913 418 elevamur,
1936 379 1973 410 et
1991 383 2054 410 cor
2069 372 2425 419 nostrum'erigimus

1437 437 1597 474 coelestia
1620 447 1641 472 a
1661 442 1771 472 terra.
1791 434 2002 482 Implebitur
2027 439 2149 470 tamen
2175 433 2245 470 hoc
2274 433 2312 469 in
2335 443 2459 470 secun

1437 500 1590 535 adventu
1609 496 1687 542 ejus
1699 524 1708 541 ,
1731 502 1772 532 ut
1789 507 1832 532 ea
1851 506 1932 542 quae
1959 506 2057 532 nunc
2074 495 2145 532 fide
2163 500 2200 532 et
2224 505 2287 542 spe
2305 505 2451 542 praesum

1437 569 1542 602 mus,
1562 564 1648 594 tunc
1672 558 1783 593 etiam
1808 567 1931 593 rerum
1957 555 2088 593 effectu
2110 555 2349 602 corporaliter
2374 561 2448 591 ten

1438 631 1532 655 mus.
1552 619 1605 654 lta
1625 629 1711 666 ergo
1728 618 1772 654 de
1791 618 1934 654 diabolo
1951 617 2221 664 intelligendum
2239 622 2306 660 est,
2327 617 2423 664 quod
2450 629 2454 638 ·
2473 618 2474 621 ’
2538 608 2540 615 ⁴

1439 686 1518 715 ctus
1538 685 1593 715 est
1606 679 1751 725 quidem
1775 684 1811 714 et
1831 678 2024 715 crucifixus
2045 682 2111 720 est,
2135 678 2198 714 sed
2217 677 2274 713 his
2293 677 2355 723 qui
2374 687 2439 713 cru
2454 715 2458 719 ,
2539 672 2540 677 ’

1440 739 1502 775 fixi
1527 745 1612 776 sunt
1634 750 1717 776 cum
1739 739 1905 782 Christ0;
1927 739 2093 775 omnibus
2114 744 2236 774 autem
2253 737 2460 774 credentibu
2480 747 2491 773 2·
2538 750 2539 753 ¹

1440 807 1476 837 et
1493 801 1672 837 universis
1690 801 1832 847 populis
1849 805 1936 836 tune
1957 800 2026 836 erit
2044 799 2253 836 crucifixus.
2277 798 2378 834 Tunc
2396 786 2490 834 cow'

1439 862 1598 909 plebitur
1623 861 1709 897 illud
1737 862 1833 907 quod
1852 861 1940 897 dicit
1965 860 2181 907 Apostolus;
2209 858 2226 892 ι’
2245 859 2330 905 quia
2349 859 2442 895 sicut

1440 923 1555 959 Adam
1573 933 1699 958 omnes
1717 923 1934 965 moriuntur,
1956 922 2006 957 ita
2026 927 2063 957 et
2084 922 2119 957 in
2146 921 2290 957 Christo
2305 930 2432 957 omnes
2468 935 2470 938 ·

1441 983 1684 1019 vificabuntur
1703 982 1738 1029 (I
1759 983 1840 1018 Cor.
1859 982 1933 1030 xv).
1958 996 1970 1017 ι
1994 983 2058 1018 Est
2080 993 2166 1028 ergo
2185 987 2223 1018 et
2245 982 2282 1018 in
2307 982 2377 1018 hoc
2392 980 2489 1017 etiam

1443 1043 1559 1080 latens
1577 1044 1700 1090 figurae
1719 1043 1954 1089 mysterium3
1976 1053 2061 1078 nam
2086 1048 2122 1078 et
2149 1041 2327 1078 dividetur
2350 1041 2495 1086 populu
2513 1079 2520 1081 „

1446 1105 1479 1140 in
1500 1105 1588 1141 duas
1605 1109 1727 1150 partes
1750 1116 1757 1139 ε
1780 1108 1888 1140 erunt
1907 1108 1943 1139 et
1959 1103 2019 1139 alii
2037 1103 2157 1149 primi,
2175 1108 2211 1138 et
2230 1102 2287 1137 alii
2306 1099 2521 1148 postremi&

1447 1227 1541 1262 ultra
1566 1225 1712 1261 omnino
1741 1234 1814 1259 non
1841 1224 1910 1258 erit
1935 1222 2119 1264 diabolus,
2140 1222 2223 1266 quia
2245 1220 2321 1265 jam
2345 1231 2416 1256 non
2435 1220 2488 1256 eri

1447 1297 1559 1322 mors.
1578 1285 1641 1320 Vis
1657 1284 1723 1319 tibi
1744 1284 1854 1318 etiam
1870 1283 1946 1317 haec
1960 1282 2092 1317 divinis
2108 1280 2325 1316 testimoniis
2342 1290 2480 1326 compr

1447 1348 1596 1387 bemus?
1615 1346 1707 1381 Audi
1727 1344 1938 1391 Apostolum
1957 1345 2135 1381 dicentem
2160 1358 2168 1381 2
2197 1357 2208 1378 ι
2233 1345 2308 1381 Hoc
2325 1345 2423 1381 enim
2439 1355 2477 1380 v
2522 1368 2524 1370 ψ

1447 1408 1502 1443 bis
1524 1406 1677 1442 dicimus
1696 1405 1733 1440 in
1753 1405 1862 1440 verbo
1880 1404 2021 1441 Domini
2039 1433 2048 1449 ,
2066 1405 2150 1451 quia
2170 1415 2235 1441 nos
2254 1405 2315 1451 qui
2334 1405 2491 1442 vivimus
2519 1423 2526 1441 ε

1448 1469 1509 1514 qui
1534 1467 1669 1503 residui
1691 1477 1838 1510 sumus,
1862 1466 1898 1502 in
1932 1467 2086 1502 adventu
2109 1467 2251 1502 Domini
2276 1477 2345 1502 non
2367 1476 2478 1512 praev
2509 1467 2522 1518 ¹j

1448 1531 1589 1566 niemus
1605 1539 1666 1565 eos
1690 1528 1750 1574 qui
1771 1528 1998 1564 dormierunt
2018 1541 2025 1563 :
2049 1529 2218 1575 quoniam
2235 1528 2312 1574 ipse
2332 1527 2462 1563 Domin
2485 1542 2517 1574 ›2-

1450 1590 1485 1625 in
1506 1588 1632 1634 jussu,
1660 1594 1696 1624 et
1721 1589 1756 1624 in
1776 1599 1866 1624 voce
1885 1589 2112 1635 archangeli,
2136 1594 2171 1624 et
2196 1589 2230 1624 in
2253 1589 2337 1624 tuba
2360 1587 2424 1624 Dei
2442 1587 2478 1623 d·

1450 1650 1600 1686 scendet
1620 1649 1663 1685 de
1686 1649 1778 1685 coelo
1801 1661 1808 1684 :
1830 1655 1866 1684 et
1884 1649 2020 1685 mortui
2037 1649 2098 1694 qui
2117 1649 2153 1684 in
2171 1648 2315 1685 Christo
2335 1652 2431 1690 sunt,
2451 1657 2491 1682 r

1450 1717 1599 1757 surgent
1624 1710 1752 1756 primi;
1774 1710 1903 1746 deinde
1926 1721 1992 1746 nos
2019 1711 2079 1756 qui
2102 1710 2277 1754 vivimus,
2305 1710 2365 1756 qui
2395 1709 2486 1746 relin

1450 1772 1609 1817 quimur,
1643 1771 1749 1807 simul
1782 1772 1963 1817 rapiemur
1989 1782 2071 1808 cum
2101 1771 2169 1808 illis
2200 1772 2236 1807 in
2266 1771 2420 1807 nubibus
2446 1781 2483 1807 o·
2515 1769 2531 1806 ἰ

1450 1833 1546 1868 viam
1574 1832 1719 1868 Christo
1744 1833 1782 1868 in
1806 1843 1890 1869 aera
1918 1839 1981 1869 :et
2006 1833 2058 1869 sic
2083 1843 2225 1880 semper
2249 1844 2331 1869 cum
2358 1833 2499 1870 Domin

1451 1894 1588 1930 erimus
1610 1894 1644 1941 (I
1665 1893 1783 1929 Thess.
1802 1893 1867 1939 ιν).
1896 1907 1908 1928 ι
1934 1893 1985 1930 De
2003 1894 2145 1930 diabolo
2163 1899 2281 1930 autem
2299 1895 2351 1930 ait
2373 1905 2383 1930 ε
2408 1906 2420 1927 ι
2440 1894 2485 1929 Νι
2531 1903 2533 1905 ·

1451 1954 1622 1990 vissimus
1643 1954 1812 1990 inimicus
1831 1955 2035 1991 destruetur
2049 1966 2147 1992 mors
2162 1954 2195 2003 (Ι
2212 1955 2292 1991 Cor.
2312 1955 2395 2002 xv);
2419 1969 2430 1989 ›
2449 1954 2507 2001 qui
2526 1968 2533 1979 2

1452 2019 1539 2050 tunc
1564 2024 1648 2050 vere
1667 2015 1837 2058 vincitur,
1859 2025 1941 2051 cum
1968 2016 2121 2052 mortale
2147 2016 2216 2051 hoc
2233 2015 2470 2052 absorbeatur
2496 2042 2498 2046 y

1500 2133 1600 2180 (Cir.
1629 2133 1724 2181 v111.)
1753 2146 1766 2168 ι
1789 2134 1903 2181 Igitur
1921 2136 2088 2172 omnibus
2107 2135 2306 2172 interfectis
2323 2136 2383 2181 qui
2397 2136 2503 2172 lsi-ar

1456 2208 1467 2229 ‹
1492 2195 1562 2231 lem
1581 2196 1624 2231 ad
1643 2196 1787 2232 deserta
1804 2197 2011 2232 tendentem
2031 2196 2174 2232 fuerant
2194 2196 2395 2243 persecuti,
2415 2201 2452 2232 et
2471 2195 2511 2232 i.

1457 2270 1469 2290 ‹
1496 2258 1621 2293 eodem
1643 2257 1723 2292 loco
1742 2257 1859 2304 gladio
1876 2258 2141 2302 corruentibus,
2162 2259 2298 2294 reversi
2320 2258 2382 2294 tilii
2402 2257 2490 2293 lsra

1459 2333 1469 2353 ‹
1495 2323 1754 2365 percusserunt
1780 2319 1988 2363 civitatem,
2020 2333 2030 2353 ι
2058 2324 2094 2355 et
2116 2319 2267 2365 reliqua.
2294 2318 2386 2363 Quid
2406 2311 2511 2364 putat,

1454 2390 1533 2416 esse
1559 2379 1656 2424 quod
1684 2377 1789 2414 Jesus
1814 2378 1955 2425 fugiens
1980 2380 2218 2426 designabat?
2247 2379 2441 2415 Videamus
2467 2368 2514 2414 n‘

1454 2439 1546 2475 forte
1576 2440 1624 2474 sit
1651 2439 1786 2484 aliquid
1810 2440 1906 2484 quod
1937 2439 2106 2485 fugiendo
2133 2440 2320 2475 vincamus
2353 2451 2361 2475 :
2390 2443 2425 2474 et
2458 2439 2514 2475 est

1455 2500 1575 2545 aliqua
1595 2499 1756 2545 perfecta
1777 2499 1894 2534 virtus
1915 2499 1952 2534 in
1977 2499 2074 2545 fuga.
2094 2499 2226 2535 Paulus
2243 2510 2309 2535 nos
2329 2499 2513 2545 apostolus

1456 2560 1574 2604 docet,
1599 2560 1722 2597 dicens
1740 2573 1748 2596 ε
1770 2573 1783 2594 ‹
1805 2561 1932 2606 Fugite
1951 2561 2228 2598 fornicationem
2247 2561 2282 2608 (I
2297 2561 2378 2597 Cor.
2397 2560 2472 2608 vl);
2494 2561 2510 2597 ἰ

1456 2622 1556 2657 vides
1585 2631 1670 2666 ergo
1702 2622 1892 2667 quemdam
1925 2622 2089 2668 spiritum
2124 2622 2375 2659 fornicationis
2406 2624 2514 2674 quen}

1457 2681 1581 2727 sugere
1599 2683 1786 2726 debemus,
1807 2683 2012 2729 quicunque
2027 2688 2123 2719 caste
2138 2689 2175 2720 ct
2187 2684 2245 2730 pie
2264 2684 2301 2719 in
2321 2683 2463 2720 Christo
2485 2685 2518 2715 ι’«

1457 2743 1588 2790 pudice
1612 2744 1775 2779 volumus
1798 2754 2025 2790 permanere.
2050 2745 2121 2781 Ista
2147 2744 2230 2792 suga
2254 2745 2476 2782 beatitudine
2499 2713 2519 2781 ἢ

1459 2803 1610 2839 confert.
1628 2804 1673 2839 Et
1685 2814 1757 2839 non
1773 2803 1888 2840 solum
1903 2804 2150 2841 fornicationis
2165 2805 2311 2851 spiritus
2324 2805 2468 2851 fugiend
2494 2814 2496 2817 ’

1458 2869 1526 2905 est,
1547 2862 1609 2899 sed
1629 2863 1738 2899 simili
1757 2864 1864 2899 modo
1877 2890 1886 2906 ,
1909 2864 2003 2899 sicut
2019 2865 2153 2900 dietum
2173 2869 2246 2906 est,
2273 2876 2285 2896 ‹
2306 2863 2417 2911 fugite
2437 2848 2510 2900 for

1459 2923 1699 2967 nicationem,
1723 2936 1736 2958 ι
1765 2923 1954 2960 audiamus
1985 2925 2069 2970 quid
2093 2924 2179 2960 dicit
2209 2924 2254 2960 ad
2279 2934 2360 2960 nos.
2386 2924 2475 2972 Fugi

1460 2984 1550 3019 iram
1566 3011 1575 3027 ,
1594 2984 1706 3031 sugite
1729 2985 1939 3029 avaritiam,
1964 2985 2075 3030 fugite
2099 2985 2269 3022 invidiam
2290 2991 2326 3022 et
2349 2985 2460 3022 livore
2484 2999 2500 3018 ιε

1460 3117 1507 3148 ιι;
1535 3105 1625 3152 Eph.
1645 3105 1702 3152 v);
1723 3116 1803 3151 quae
1825 3111 1946 3143 tamen
1963 3107 2085 3143 nescio
2103 3107 2184 3153 quis
2201 3107 2342 3143 evadat.
2364 3106 2436 3143 Iste
2456 3113 2492 3143 ta

1459 3165 1503 3201 lis
1523 3171 1600 3201 erat
1617 3166 1797 3201 exercitus
1816 3166 1909 3209 Abi,
1930 3176 2037 3212 quem
2055 3165 2161 3203 Jesus
2177 3165 2385 3213 fugiendum
2403 3167 2516 3203 doc

1460 3226 1522 3261 bat
1539 3226 1671 3261 milites
1685 3235 1770 3261 suos
1785 3238 1794 3260 :
1812 3225 1906 3261 etde
1922 3225 1979 3260 his
1995 3225 2148 3261 fortasse
2164 3227 2312 3261 mandat
2327 3226 2506 3272 discipuli

1464 3283 1552 3326 suis,
1574 3284 1698 3319 dicens
1719 3296 1728 3317 :
1751 3296 1764 3316 ι
1790 3282 1829 3318 Si
1848 3293 1912 3318 vos
1930 3287 2193 3328 persequantur
2208 3284 2245 3319 in
2262 3294 2334 3319 una
2351 3285 2497 3323 civitate

1463 3342 1575 3390 fugite
1596 3343 1633 3378 in
1658 3343 1765 3379 aliam
1785 3343 1798 3389 (
1810 3342 1935 3378 ΜαιιΙι.
1951 3342 2009 3391 x).
2036 3357 2048 3378 ι
2071 3343 2174 3388 Quod
2192 3344 2223 3381 si
2244 3345 2280 3381 in
2301 3346 2410 3383 aliam
2427 3354 2502 3395 per

1463 3409 1677 3451 sequuntur,
1698 3403 1877 3450 fugiamus
1902 3403 1940 3439 in
1966 3404 2124 3440 tertiam.
2150 3405 2235 3442 Vult
2259 3416 2347 3454 ergo
2371 3417 2440 3445 nos
2470 3412 2500 3447 ἰ,-

1445 3475 1549 3514 .gere
1570 3467 1616 3502 ab
1631 3465 1834 3512 huiusmodi
1859 3465 2021 3503 hostibus
2033 3493 2044 3509 ,
2061 3466 2138 3503 vult
2154 3467 2344 3517 nos‘longe
2359 3469 2451 3508 effici
2488 3487 2491 3500 ι

1464 3525 1667 3572 huiusmodi
1683 3526 1799 3563 malis.
2487 3514 2490 3529 ⁹

1512 3586 1631 3636 (lam.)
1658 3601 1671 3621 ι
1695 3586 1804 3624 Josue
1819 3596 1906 3623 vero
1925 3598 1997 3625 non
2019 3593 2200 3627 contraxit
2221 3599 2384 3636 manum,
2403 3601 2462 3637 qu
2484 3609 2486 3612 .

1469 3660 1482 3683 ι
1504 3648 1543 3685 in
1558 3647 1710 3685 sublime
1727 3654 1962 3694 porrexerat,
1983 3654 2110 3686 tenens
2123 3649 2288 3697 clypeum
2300 3677 2310 3695 ,
2328 3651 2445 3688 donec
2468 3664 2484 3681 ιν

1469 3723 1484 3746 ι
1506 3709 1714 3747 terticerent
1736 3719 1862 3747 omnes
1885 3710 2108 3748 habitatores
2127 3711 2218 3757 Abi,
2254 3724 2267 3747 ι
2290 3711 2340 3749 ‘et
2366 3721 2419 3749 ωε
2443 3702 2481 3749 ’.ἶ

1457 3769 1552 3809 flaec
1569 3780 1654 3808 cum
1671 3770 1795 3818 legunt
1816 3770 1931 3808 Judaei
1943 3796 1953 3816 ,
1979 3770 2142 3811 crudeles
2159 3770 2375 3818 efficiuntur.
2390 3776 2429 3810 et
2459 3760 2486 3824 2,
