2540 4016
70 328 140 364 per
155 319 226 355 hoc
242 315 469 354 manitestum
494 319 550 350 est
583 313 863 360 computandum
881 322 961 349 esse
988 317 1128 358 tempus

73 378 183 414 etiam
200 374 485 424 patriarcharum
501 372 668 416 Abrahae,
691 373 793 410 Isaac
810 378 847 410 et
859 372 982 416 Jacob,
999 383 1042 409 ex
1056 383 1128 419 quo

72 435 293 485 peregrinari
308 432 608 480 coepitAbraham
623 434 658 470 in
681 439 777 470 terra
801 434 986 477 chanaan,
1005 434 1041 470 id
1057 439 1125 478 est,

72 509 117 535 ex
136 497 194 535 illa
211 494 447 543 promissione
466 494 502 530 in
521 505 591 541 qua
608 493 686 540 ejus
704 494 810 531 tidem
827 494 951 531 laudat
969 494 1125 540 Aposto-

71 556 143 600 lus,
173 564 286 602 usque
310 554 355 590 ad
373 554 460 590 illud
483 559 623 601 tempus
639 565 710 600 quo
727 555 910 601 ingressus
931 560 986 591 est
1016 555 1126 591 Israel

70 617 108 655 in
127 616 334 664 AEgyptum.
389 616 479 652 Toto
499 617 630 662 quippe
648 617 717 653 isto
733 622 893 663 tempore
907 617 1126 664 peregrinati

69 684 151 716 sunt
166 683 288 724 patres
305 678 341 714 in
358 683 452 714 terra
475 679 660 722 Chanaan,
682 685 718 714 ct
733 679 862 715 deinde
876 690 998 715 semen
1014 679 1124 715 Israel

65 741 103 778 in
126 740 298 788 AEgypto,
321 752 364 778 ac
395 742 447 778 sic
471 742 639 787 complcti
664 748 747 778 sunt
772 741 1023 788 quadringenti
1053 741 1121 776 tri-

65 801 163 848 ginta
185 801 284 845 anni,
304 812 323 837 a
339 802 580 848 promissione
595 812 707 847 usque
725 802 769 837 ad
791 802 928 837 exitum
948 801 1056 837 Israel
1078 811 1122 837 ex

62 861 220 918 Ajlgypto
238 864 381 908 quando
395 863 489 899 sacta
505 868 559 899 est
572 863 629 899 lex
650 863 683 898 in
702 868 823 898 monte
840 862 938 905 Sina,
957 873 1036 908 quae
1050 873 1120 898 non

62 923 223 960 infirmat
238 930 491 961 testamentum
520 925 564 959 ad
595 925 821 960 evacuandas
843 925 1117 970 promissiones.

62 984 334 1033 Septuagesimo
352 991 388 1023 ct
402 987 527 1031 quinto
538 996 631 1022 anno
649 987 731 1023 vitae
746 998 819 1024 sua:
834 988 1031 1031 Abraham,
1050 989 1120 1024 sic-

60 1051 99 1080 ut
115 1045 299 1091 Scriptura
318 1046 404 1081 dicit
423 1046 515 1092 (Act.
541 1046 619 1094 vu),
649 1057 817 1093 egressus
842 1054 896 1084 est
921 1049 956 1084 in
983 1055 1118 1084 terram

59 1104 240 1147 Chanaan,
263 1110 299 1141 et
323 1105 446 1151 genuit
483 1107 582 1142 Isaac
605 1118 684 1142 cum
717 1115 813 1144 essct
845 1115 988 1145 centum
1006 1121 1118 1146 anno-

58 1227 157 1264 sione
187 1228 362 1272 usquead
381 1234 503 1263 natum
526 1228 638 1264 Isaac.
691 1229 754 1265 llis
783 1231 963 1266 adduntur
993 1242 1118 1268 omncs

58 1289 142 1324 anni
158 1289 240 1324 vitae
259 1299 346 1331 suaa,
367 1289 402 1324 id
423 1295 491 1331 est,
516 1296 659 1325 centum
675 1291 874 1337 octoginta,
895 1297 931 1326 et
946 1292 1034 1327 liunt
1054 1293 1119 1328 du-

57 1346 152 1384 centi
174 1345 354 1392 quinque;
377 1351 462 1381 tunc
482 1353 560 1382 erat
575 1345 685 1383 Jacob
703 1358 878 1383 annorum
897 1356 1042 1384 centum
1063 1350 1117 1385 vi-

60 1406 163 1453 ginti.
189 1405 270 1442 Nati
292 1411 375 1442 sunt
390 1407 484 1441 enini
505 1407 740 1451 sexagenario
760 1414 863 1453 patre
878 1409 1025 1454 gemini,
1043 1410 1118 1455 ipse

57 1472 93 1502 et
109 1466 215 1502 Esau.
255 1466 342 1502 Post
357 1467 480 1502 decem
502 1472 623 1502 autem
645 1478 760 1503 annos
779 1469 927 1504 intravit
951 1469 1062 1506 Jacob
1081 1470 1117 1505 in

57 1525 267 1573 AEgyptum,
283 1538 364 1562 cum
385 1534 481 1563 esset
500 1538 677 1563 annorum
710 1534 854 1563 centum
873 1529 1034 1574 triginta,
1057 1529 1118 1565 Jo-

56 1589 145 1634 seph
159 1594 280 1624 autem
297 1598 378 1623 cum
399 1593 494 1623 esset
514 1589 659 1633 triginta
672 1599 812 1624 novem.
840 1588 946 1624 Fiunt
966 1589 1117 1634 proinde

58 1648 142 1684 anni
174 1658 194 1684 a
221 1649 460 1694 promissione
483 1659 598 1694 usque
620 1650 663 1683 ad
703 1649 903 1696 ingressum
939 1648 1050 1686 Jacob
1081 1651 1116 1685 in

55 1709 252 1758 AEgyptum
272 1710 413 1746 ducenti
443 1711 661 1755 quindecim.
694 1710 828 1756 Joseph
850 1718 969 1746 autem
989 1712 1035 1747 ab
1055 1711 1117 1748 illo

55 1772 240 1810 tricesimo
258 1777 294 1808 et
317 1781 413 1807 nono
431 1781 525 1806 anno
539 1772 655 1806 aetatis
687 1781 775 1814 suae,
797 1772 834 1806 in
862 1782 934 1817 quo
954 1781 1035 1807 eum
1053 1782 1118 1817 pa-

53 1841 110 1871 ter
129 1834 165 1870 in
175 1833 333 1880 AEgypto
348 1832 498 1875 invenit,
519 1832 609 1868 vixit
624 1832 851 1879 septuaginta
868 1837 904 1868 et
921 1843 1031 1868 unum
1054 1844 1117 1869 an-

53 1903 153 1937 num,
186 1893 269 1939 quia
298 1892 417 1929 omnis
433 1893 551 1929 aetatis
582 1892 660 1938 ejus
692 1893 776 1929 anni
807 1898 954 1929 centum
990 1895 1115 1930 ‹leccm

52 1954 210 1991 suerunt.
244 1953 335 1991 Cum
356 1954 478 2000 itaque
498 1953 543 1990 ad
563 1953 737 1991 ducentos
758 1954 964 2001 quindecim
999 1965 1116 1991 annos

53 2014 271 2053 accesserint
295 2015 525 2061 septuaginta
562 2025 674 2050 unum
692 2041 701 2058 ,
737 2014 828 2050 liunt
858 2014 943 2050 anni
971 2014 1115 2051 ducenti

51 2138 109 2175 vel
129 2139 288 2185 quinque
324 2138 455 2184 quibus
488 2138 700 2184 intelligitur
721 2138 877 2174 servisse
901 2139 938 2174 in
958 2138 1117 2185 AEgypto

54 2198 207 2245 populus
221 2199 333 2235 Israel
347 2206 429 2245 post
445 2204 598 2235 mortem
613 2198 759 2246 Joseph.
796 2199 860 2235 His
878 2199 983 2236 aunis
1003 2211 1113 2246 quan-

53 2265 130 2296 tum
145 2259 376 2307 multiplicari
407 2266 615 2307 potuerunt,
658 2261 687 2297 si
718 2261 922 2297 fecunditas
957 2261 1116 2298 hominis

53 2319 302 2356 consideretur
317 2346 326 2363 ‚
362 2319 555 2367 adjuvante
588 2321 649 2357 illo
680 2321 742 2367 qui
777 2331 840 2357 eos
868 2321 984 2357 voluit
1013 2321 1118 2357 valde

53 2380 283 2426 multiplicari
302 2408 312 2424 ‚
346 2382 526 2428 reperitur
558 2393 631 2418 non
666 2392 746 2419 esse
785 2383 917 2419 mirum
950 2383 1046 2430 quod
1081 2383 1117 2419 in

53 2441 232 2478 sexcentis
262 2441 422 2478 millibus
440 2442 599 2488 peditum
618 2453 783 2490 egressus
817 2450 873 2480 est
899 2444 1052 2490 populus
1072 2455 1118 2481 ex

52 2499 208 2548 AEgypto
220 2527 229 2545 ‚
264 2507 414 2548 excepto
437 2508 625 2548 apparatu,
650 2503 711 2538 ubi
741 2508 778 2539 et
813 2505 962 2540 servitia
998 2510 1115 2547 erant,

53 2566 90 2599 et
110 2571 218 2597 sexus
253 2562 453 2606 muliebris,
475 2569 512 2598 et
544 2564 734 2600 imbecillis
751 2570 852 2600 aetas.
909 2565 1010 2609 Quod
1031 2575 1117 2611 ergo

55 2622 146 2659 dixit
165 2622 260 2658 Deus
292 2623 338 2658 ad
357 2622 553 2666 Abraham,
577 2623 726 2659 Sciendo
755 2625 842 2659 scies
857 2625 940 2670 quia
963 2625 1118 2670 peregri-

55 2692 139 2718 num
152 2681 218 2717 erit
235 2692 350 2717 semen
371 2687 468 2716 tuum
488 2682 526 2716 in
541 2687 634 2717 terra
650 2692 718 2717 non
734 2683 877 2729 propria
887 2692 900 2725 ;
915 2689 947 2717 et
958 2683 996 2718 in
1009 2683 1119 2718 servi-

53 2747 162 2778 tutem
177 2740 332 2787 rediqent
339 2752 410 2783 eos,
423 2747 455 2776 et
469 2741 638 2776 nocebunt
651 2741 722 2776 illis
735 2742 999 2788 quadrinqentis
1015 2744 1117 2779 annis

56 2801 158 2850 (Gen.
166 2801 244 2849 xv),
263 2811 336 2838 non
351 2802 403 2838 sic
418 2801 666 2847 accipiendum
679 2807 734 2837 est
752 2806 921 2848 tanquam
932 2803 968 2838 in
980 2803 1041 2839 illa
1053 2804 1118 2839 du-

54 2863 199 2900 rissima
213 2862 384 2899 servitute
393 2862 674 2909 quadringentos
685 2872 798 2900 annos
809 2864 871 2898 Dei
880 2864 1031 2910 populus
1045 2864 1117 2902 fue-

56 2924 126 2971 τῆς
143 2925 208 2963 sed
225 2926 308 2972 quia
322 2926 495 2972 scriptum
510 2930 579 2968 est,
598 2924 619 2960 I
623 2936 645 2960 n
659 2924 764 2961 Isaac
785 2925 964 2961 vocabitur
976 2926 1039 2963 tibi
1062 2938 1117 2962 se-

56 3049 144 3094 num
160 3046 378 3094 egressionis
394 3056 440 3083 ex
462 3046 631 3093 AEgypto,
649 3051 904 3091 computantur
923 3047 1008 3082 anni
1028 3057 1117 3093 qua-

58 3103 234 3159 &ingenti
243 3107 416 3154 quinque.
432 3106 523 3143 Cum
532 3116 618 3153 ergo
626 3107 670 3143 de
686 3106 961 3154 quadringentis
969 3108 1117 3154 triginta

56 3166 257 3228 punxeris
273 3169 401 3216 viginti
420 3168 592 3215 quinque,
625 3178 706 3214 quae
728 3173 811 3204 sunt
833 3178 853 3204 a
874 3169 1117 3214 promissione

83 3244 113 3268 ,ι
134 3236 171 3264 ¹0
187 3228 235 3265 ad
251 3233 377 3265 natum
394 3227 511 3272 Isaac,
546 3237 620 3264 non
639 3228 772 3264 mirum
798 3234 868 3272 est,
887 3228 919 3265 si
943 3227 1118 3275 quadrin-

130 3291 187 3326 tos
203 3293 241 3326 et
259 3289 420 3336 quinque
435 3298 566 3333 anuos,
581 3298 724 3325 summa
742 3289 858 3325 solida
877 3289 1117 3336 quadringen-

24 3342 31 3377 ἕ
57 3368 60 3373 ·
123 3346 247 3388 oluit
280 3350 461 3398 appellare
493 3349 699 3397 Scriptura,
722 3360 804 3398 quae
827 3350 920 3388 solet
949 3355 1114 3397 tempora

24 3418 31 3425 “
179 3421 298 3466 pare:
319 3417 361 3448 ut
377 3413 474 3459 quod
491 3412 536 3450 de
555 3422 697 3450 summa
726 3411 956 3460 perfectioris
974 3412 1118 3448 numeri

144 3473 209 3522 sssssssi
267 3474 447 3511 excrescit
468 3478 532 3510 aut
549 3473 646 3510 inl'ra
675 3478 746 3517 est,
767 3483 840 3509 uon
872 3476 1119 3523 computetur.

153 3532 248 3564 ἐι
267 3549 270 3553 ·
285 3534 430 3605 ,vquod
445 3534 510 3578 ait,
534 3533 582 3570 In
599 3533 800 3570 servitutem
818 3532 973 3579 rediqent
988 3542 1060 3575 cos,
1084 3534 1119 3567 et

197 3592 332 3641 *twa
303 3593 622 3661 ἰξφιιαάνιηςεπιοσ
643 3607 769 3640 annos,
797 3594 1029 3631 referendum
1048 3597 1118 3638 est,

283 3639 343 3704 ¹⁴ss
370 3651 415 3700 ἰι
421 3661 536 3715 ιιιιιοιι
552 3668 616 3696 eos
637 3657 830 3695 habuerint
849 3657 886 3692 in
914 3654 1117 3703 servitute·
1108 3681 1118 3698 ,

323 3707 379 3731 ”
391 3762 394 3767 ,
440 3701 738 3779 ⁷‚3iuadringenti
769 3717 869 3762 anni,
895 3717 942 3753 ad
969 3716 1005 3753 id
1024 3714 1121 3762 quod

368 3778 514 3790 ¹⁷
567 3774 648 3841 orit
669 3790 788 3817 semen
812 3785 919 3835 tuum
952 3777 990 3814 in
1024 3782 1120 3813 terra

73 182 119 220 57
348 181 353 189 '
733 171 1068 212 COMMENTARIA
1092 173 1138 210 IN
1163 171 1372 211 EXODUM.
1398 191 1445 199 -
1469 171 1556 209 LIB.
1579 171 1618 213 B
2205 177 2254 216 58

74 259 113 295 in
136 263 229 295 terra
249 257 394 306 AEyypti
411 254 593 297 (manaan,
617 251 684 300 ipsi
702 258 734 288 et
750 258 865 300 patres
894 262 1028 288 eorum.
1073 250 1126 287 Ac
1143 253 1179 294 Α
1196 262 1266 287 non
1295 250 1449 298 propria.
1477 249 1569 294 Quia
1601 248 1676 286 sive
1711 247 1747 285 in
1781 252 1880 286 terra
1911 250 2097 299 Chanaan,
2117 255 2194 294 sive
2214 256 2252 294 in

1196 311 1355 359 AEgypto
1374 311 1606 358 peregrinum
1630 314 1708 347 crat
1734 309 1822 347 illud
1845 320 1983 356 semen,
2001 318 2197 360 antequam
2212 318 2252 356 in

1195 371 1446 409 haereditatem
1466 375 1627 407 sumeret
1653 381 1699 407 ex
1718 371 1962 417 promissione
1985 371 2066 416 Dei,
2085 377 2179 419 quod
2198 377 2253 414 ta-

1194 438 1292 470 ctum
1312 438 1381 476 est,
1416 438 1655 479 posteaquam
1675 441 1720 468 ex
1739 430 1899 479 AEgypto
1915 432 2060 470 liberati
2081 439 2164 470 sunt
2181 446 2191 479 ;
2213 442 2254 474 ut

1194 494 1419 542 hyperbaton
1438 494 1497 530 hic
1528 493 1762 540 intelligatur,
1781 498 1819 529 et
1833 493 1923 530 ordo
1959 493 2155 531 verborum
2174 495 2222 532 sit
2238 506 2250 533 τ

1193 555 1343 592 Sciendo
1381 555 1467 590 scies
1498 554 1581 601 quia
1613 554 1835 601 pereqrinum
1869 555 1935 590 crit
1963 566 2083 591 semen
2101 561 2197 591 tuum
2213 560 2252 593 fn

1193 622 1286 652 terra
1320 627 1390 651 non
1420 615 1562 662 propria
1593 614 1858 661 quadringentis
1882 615 1997 651 annis.
2019 615 2110 651 Illud
2129 623 2252 653 autem

1191 677 1445 724 interpositum
1475 676 1698 722 intelligatur
1719 688 1727 711 :
1750 675 1796 711 Et
1814 676 1851 711 in
1879 676 2079 713 servitutem
2097 677 2253 724 redigent

1191 749 1263 782 eos,
1282 744 1313 773 et
1329 738 1499 772 nocebunt
1519 736 1604 779 illis,
1643 737 1692 772 ita
1711 742 1751 773 ut
1769 736 1813 772 ad
1833 738 2116 785 quadringentos
2134 749 2251 776 annos

1190 798 1260 834 ista
1279 798 1507 844 interpositio
1542 807 1615 834 non
1652 798 1845 843 pertineat.
1872 798 1913 834 ln
1948 804 2111 835 extrema
2154 800 2251 836 enim

1189 863 1294 902 parte
1319 867 1498 892 annorum
1516 867 1667 892 summm
1692 856 1813 902 hujus,
1835 857 1904 893 hoc
1920 863 1975 894 est
1993 864 2076 904 post
2094 864 2251 896 mortem

1188 917 1322 962 Joseph
1347 918 1484 952 sactum
1505 922 1561 952 est
1579 923 1618 952 ut
1639 917 1675 952 in
1694 917 1853 964 AEgypto
1871 919 2024 965 populus
2041 920 2104 956 Dei
2121 920 2251 957 duram

1188 982 1382 1025 perageret
1407 977 1634 1012 servitutem.
1658 977 1825 1023 Dixitque
1841 979 2011 1015 Dominus
2033 982 2078 1015 ad
2103 980 2250 1027 Moysen

1188 1047 1220 1076 et
1238 1041 1358 1075 Aaron
1373 1049 1385 1072 .·
1408 1038 1495 1074 Ηωε
1517 1045 1567 1074 est
1594 1038 1716 1084 reliyio
1747 1039 1855 1084 phase
1870 1048 1882 1072 .·
1904 1038 2027 1075 Omnis
2053 1040 2251 1087 alienigena

1188 1112 1257 1136 non
1278 1099 1431 1135 comedet
1451 1110 1493 1134 ea:
1509 1110 1548 1134 eo
1566 1110 1578 1142 ;
1599 1099 1711 1133 ontnis
1727 1104 1844 1133 autem
1859 1109 1979 1134 servus
1993 1101 2170 1145 emptitius
2184 1104 2253 1136 cir-

58 1178 152 1203 rum,
192 1166 300 1202 Fiunt
326 1167 447 1213 itaque
467 1169 551 1204 anni
572 1169 697 1215 viginti
725 1171 883 1216 quinque
904 1181 948 1206 ex
966 1172 1120 1217 promis,
1138 1172 1169 1211 Β
1189 1160 1418 1201 cumcidetur,
1448 1166 1479 1194 et
1497 1159 1547 1194 sic
1579 1158 1747 1193 comedet.
1785 1158 1926 1194 Aduena
1946 1165 1978 1194 et
2013 1162 2250 1197 mercenarius

1188 1233 1257 1256 non
1280 1221 1383 1256 edent
1403 1231 1446 1256 ex
1479 1231 1532 1255 eo.
1570 1219 1821 1265 Alienigenam
1860 1219 1947 1255 dicit
1973 1220 2156 1266 gentilem,
2188 1222 2250 1267 qui

1185 1284 1341 1319 necdum
1380 1293 1485 1319 sacro
1528 1282 1747 1328 baptismate
1782 1288 1929 1318 renatus
1965 1289 2020 1319 est
2043 1295 2050 1318 :
2075 1284 2131 1319 cni
2154 1284 2250 1321 nullo

1186 1346 1293 1381 inodo
1312 1355 1445 1390 corpus
1464 1344 1691 1380 Dominicum
1717 1349 1753 1379 et
1778 1345 1926 1391 sanguis
1945 1345 2160 1382 tribuendus
2179 1351 2248 1390 est,

1187 1406 1270 1451 quia
1287 1406 1380 1441 sicut
1401 1411 1503 1441 extra
1524 1410 1582 1440 est
1600 1404 1786 1450 religione,
1810 1406 1862 1441 sic
1882 1406 1988 1442 debet
2003 1416 2082 1442 esse
2101 1412 2136 1442 ct
2151 1417 2250 1443 com-

1186 1466 1371 1501 munione.
1395 1465 1549 1500 Servum
1575 1474 1662 1500 vcro
1697 1465 1902 1510 emptitium
1922 1466 2071 1502 mandat
2089 1467 2248 1503 circum-

1185 1528 1269 1571 cidi,
1293 1533 1333 1563 ut
1354 1527 1460 1563 liceat
1479 1527 1512 1562 ei
1540 1527 1676 1572 pascha
1696 1526 1900 1562 comedere.
1936 1526 2029 1570 Quid
2048 1533 2103 1563 est
2124 1538 2251 1565 servus

1184 1586 1371 1632 emptitius
1405 1586 1476 1621 nisi
1514 1585 1623 1630 isqui
1659 1590 1801 1630 emptus
1822 1590 1878 1620 est
1913 1585 2033 1630 pretio
2063 1587 2251 1631 sanguinis

1185 1646 1347 1682 Christi?
1380 1646 1447 1689 Qui
1468 1646 1626 1691 primum
1661 1645 1766 1680 debet
1802 1644 2030 1687 circumcidi,
2070 1645 2250 1690 spirituali

1184 1709 1308 1754 utique
1333 1707 1610 1743 circumcisione
1638 1717 1709 1742 non
1733 1706 1867 1749 carnis,
1889 1706 1952 1741 sed
1973 1706 2116 1750 cordis,
2135 1712 2171 1742 ct
2196 1707 2250 1744 sic

1185 1770 1267 1817 agni
1286 1769 1508 1804 immaculati
1546 1777 1676 1813 corpus
1697 1767 1900 1802 comedere.
1925 1766 2015 1802 Nam
2037 1767 2170 1804 talibus
2192 1768 2249 1804 di-

1185 1833 1236 1868 cit
1256 1832 1384 1868 Petrus
1409 1829 1628 1876 Apostolus:
1655 1827 1835 1864 Succincti
1869 1827 2003 1863 lumbos
2038 1829 2164 1864 mentis
2192 1839 2251 1865 ve·

1185 1900 1282 1937 stroe,
1300 1893 1409 1929 sobrii
1425 1892 1576 1939 perfecte
1594 1897 1730 1937 sperate
1761 1890 1902 1932 ineam,
1930 1901 2007 1936 quw
2027 1890 2174 1935 offertur
2188 1901 2250 1926 vo—

1186 1955 1237 1990 bis
1255 1954 1422 2000 qratiam,
1443 1953 1481 1987 in
1518 1950 1726 1987 revelatione
1745 1950 1831 1985 Jesu
1851 1949 1984 1984 Christi
2005 1948 2119 1995 (Petr.
2142 1949 2184 1997 ι).
2204 1950 2251 1988 Et

1185 2015 1292 2062 paulo
1314 2019 1396 2060 post
1416 2026 1424 2050 :
1448 2012 1620 2056 scientes,
1649 2011 1781 2057 inquit,
1805 2010 1899 2058 quod
1914 2022 1984 2046 non
2001 2010 2249 2058 incorruptibi-

53 2077 232 2125 octoginta
249 2086 325 2113 sex.
368 2077 522 2113 Restant
537 2082 683 2113 centum
705 2077 944 2123 quadraginta
961 2082 1118 2123 quatuor
1137 2084 1166 2125 C
1189 2077 1279 2112 libus
1299 2074 1463 2111 auro-vel
1484 2080 1628 2120 arqento
1653 2073 1821 2119 redempti
1851 2072 1936 2108 estis
1966 2072 2009 2107 de
2028 2083 2118 2108 vana
2135 2078 2251 2108 vestra

1188 2137 1451 2173 conversatione
1490 2141 1646 2181 paternae
1678 2133 1895 2175 traditionis,
1923 2132 1983 2168 sed
2003 2133 2152 2179 pretioso
2169 2145 2251 2169 san-

1186 2198 1290 2244 quine
1321 2197 1422 2244 quasi
1441 2196 1523 2242 aqni
1559 2193 1779 2230 irnntaculati
1801 2199 1834 2229 et
1855 2194 2128 2228 incontaminati
2147 2192 2250 2229 Cleri-

1185 2259 1243 2295 sti.
1283 2258 1498 2304 Praecoqniti
1517 2257 1657 2304 quidem
1690 2262 1771 2292 ante
1791 2255 2076 2291 constitutionem
2105 2255 2244 2298 mundi,

1186 2320 1403 2366 manifestati
1421 2326 1539 2354 autem
1568 2317 1765 2354 novissimis
1782 2316 1995 2363 temporibus
2014 2322 2154 2363 propter
2174 2327 2248 2360 vos,

1186 2383 1245 2429 qui
1260 2394 1322 2429 per
1338 2383 1452 2428 ipsum
1470 2380 1591 2427 fideles
1611 2381 1694 2416 estis
1712 2380 1748 2414 in
1767 2378 1854 2422 Deo,
1882 2379 1942 2425 qui
1962 2378 2144 2413 suscitavit
2169 2388 2250 2412 eum

1187 2455 1208 2478 a
1232 2444 1394 2485 mortuis,
1417 2448 1448 2478 et
1470 2442 1566 2477 dedit
1587 2442 1618 2476 ei
1634 2440 1798 2487 qloriam,
1827 2445 1864 2474 ut
1887 2439 1976 2484 fides
1994 2444 2106 2473 vestra
2127 2443 2158 2472 et
2173 2448 2251 2482 spes

1187 2509 1274 2539 esset
1294 2503 1332 2537 in
1352 2502 1424 2536 Deo
1442 2513 1454 2544 ‚·
1479 2502 1617 2536 animas
1632 2506 1761 2535 vestras
1778 2498 2014 2542 castificantes
2037 2496 2252 2539 inobedien-

1187 2565 1236 2599 tia
1270 2562 1469 2604 charitatis,
1507 2561 1545 2596 in
1585 2559 1818 2605 fraternitatis
1856 2569 1990 2601 amore,
2029 2557 2179 2605 simplici
2207 2569 2252 2594 ex

1188 2623 1292 2658 corde
1312 2622 1459 2657 invicem
1488 2619 1672 2665 diligentes
1692 2618 1876 2660 attentius,
1901 2617 2017 2652 renati
2035 2628 2104 2653 non
2136 2628 2179 2653 ex
2197 2629 2251 2653 se-

1186 2682 1279 2716 mine
1309 2678 1539 2726 corruptibili,
1555 2677 1616 2713 sed
1636 2675 1909 2723 incorruptibili,
1943 2686 2006 2722 per
2024 2675 2165 2711 verbum
2184 2675 2251 2712 Dei

1187 2743 1253 2778 vivi
1268 2747 1300 2778 et
1319 2740 1555 2787 permanentis
1571 2738 1603 2785 (1
1610 2737 1713 2785 bid.).
1733 2736 1882 2773 Advcna
1896 2746 2040 2782 quoque
2057 2741 2093 2772 et
2110 2746 2251 2772 merce-

1186 2802 1311 2838 narius
1345 2799 1482 2847 pascha
1507 2798 1615 2834 edere
1633 2807 1707 2833 non
1726 2801 1889 2843 possunt.
1915 2795 2002 2839 Quis
2021 2801 2077 2832 est
2095 2795 2249 2840 advena,

1185 2865 1254 2900 nisi
1273 2863 1335 2910 qui
1355 2873 1471 2909 nuper
1493 2846 1594 2897 venit
1617 2860 1662 2896 ad
1682 2859 1804 2902 fidem,
1822 2868 1891 2895 nec
1909 2858 2036 2894 firmus
2055 2862 2111 2893 est
2130 2857 2168 2892 in
2185 2867 2250 2893 ca-

1187 2925 1320 2961 tholica
1347 2922 1546 2970 religione?
1570 2919 1816 2957 Mercenarius
1851 2924 1974 2955 autem
1997 2918 2075 2965 ipse
2096 2924 2165 2961 est,
2187 2917 2251 2964 qui

55 2977 136 3027 den
149 2985 251 3035 (Gen.
261 2986 354 3034 xxi),
365 2996 410 3023 ex
426 2996 520 3022 anno
533 2985 735 3021 nativitatis
745 2985 859 3030 Isaac,
873 2997 987 3032 usque
996 2987 1041 3024 ad
1051 2997 1115 3023 an-
1131 2989 1168 3028 D
1183 2997 1250 3034 pro
1269 2985 1425 3022 terrenis
1443 2989 1584 3020 tantum
1606 2981 1718 3018 lucris
1747 2981 1904 3024 laborat,
1925 2985 1961 3016 et
1979 2979 2117 3015 nullum
2137 2980 2174 3015 in
2194 2978 2252 3015 su-

1188 3054 1270 3084 turo
1287 3046 1477 3093 praemium
1510 3043 1675 3090 requirit.
1694 3042 1758 3079 Isti
1779 3052 1867 3079 sane
1881 3051 1953 3077 non
1973 3046 2058 3077 sunt
2074 3040 2173 3088 digni
2189 3049 2251 3076 ac-

1187 3110 1308 3155 cipere
1340 3117 1473 3153 corpus
1507 3105 1660 3149 Christi,
1688 3105 1773 3151 quia
1803 3109 1968 3140 autenm
2002 3113 2075 3138 non
2095 3102 2249 3138 firmiter

1187 3170 1357 3212 credunt,
1379 3173 1442 3204 aut
1472 3167 1652 3203 veraciter
1681 3170 1820 3208 amant,
1840 3174 1884 3200 ac
1916 3163 1998 3199 ideo
2017 3162 2155 3208 indigni
2172 3159 2251 3204 ejus

1186 3228 1466 3276 participatione
1503 3231 1601 3263 sunt.
1628 3224 1802 3270 Sequitur
1821 3235 1830 3259 :
1854 3222 1900 3258 In
1916 3233 1988 3257 una
2011 3221 2114 3255 domo
2134 3229 2250 3253 come-

1188 3290 1322 3327 detur:
1344 3301 1406 3325 nec
1434 3289 1590 3335 efferatis
1623 3286 1667 3322 de
1685 3284 1850 3321 carnibus
1873 3283 1950 3329 ejus
1981 3281 2090 3326 foras,
2124 3288 2186 3313 nec
2209 3288 2247 3314 os

1186 3351 1283 3388 illius
1318 3350 1559 3398 confringetis.
1582 3348 1622 3384 In
1659 3357 1731 3383 una
1757 3347 1863 3383 domo
1899 3342 1980 3389 agni
2001 3349 2088 3376 caro
2107 3339 2247 3376 comedi

1182 3412 1345 3460 jubetur,
1371 3413 1455 3459 quia
1479 3412 1516 3448 in
1542 3419 1614 3446 una
1634 3407 1796 3445 Ecclesia
1833 3402 2010 3440 catholica
2033 3400 2247 3448 mysterium

1187 3473 1369 3520 passionis
1389 3471 1467 3518 ejus
1495 3471 1566 3506 rite
1586 3467 1817 3508 celebratum
1839 3473 1907 3500 nec
1946 3460 2067 3499 efferri
2097 3459 2183 3498 lieet
2203 3460 2248 3497 de

1190 3534 1362 3570 carnibus
1379 3532 1458 3577 ejus
1486 3530 1614 3570 toras,
1637 3525 1722 3571 quia
1741 3533 1809 3560 nec
1832 3521 1980 3570 pagani,
2013 3530 2082 3558 nec
2114 3519 2245 3563 Judaei,

1187 3602 1255 3628 nec
1274 3590 1466 3632 haeretici,
1471 3597 1540 3624 nec
1576 3584 1627 3621 illi
1642 3582 1792 3620 omni-no
1823 3581 1886 3630 qui
1905 3586 2011 3619 extra
2042 3578 2247 3617 Ecclesiam

1189 3655 1273 3689 sunt
1291 3649 1336 3685 ad
1354 3649 1450 3684 hanc
1487 3643 1779 3683 communionem
1799 3639 2247 3685 amittuntum-quorum

1189 3711 1292 3754 fides,
1333 3707 1499 3744 doctrina
1532 3709 1570 3742 et
1588 3701 1830 3744 conversatio,
1857 3701 1975 3737 aliena
1998 3702 2092 3735 esta
2121 3695 2246 3744 regula·

1189 3769 1444 3810 ecclesiastieae
1468 3765 1680 3814 disciplinae.
1703 3763 1780 3800 Nec
1811 3772 1864 3808 οι,
1882 3759 2023 3808 iuquit,k
2037 3755 2138 3797 illius
2157 3765 2246 3795 cou-
