2540 4016
276 219 345 257 975

274 304 338 330 seu
353 292 480 339 dignos
498 301 564 329 suo
584 301 715 340 genere
739 294 998 340 perpetualiter
1015 297 1148 331 servat.
1176 291 1216 328 Si
1237 300 1328 338 quos
1345 292 1382 335 Α

272 363 359 390 vero
385 353 430 389 ad
458 353 530 390 ima
559 359 596 390 et
622 354 782 390 carnalia
805 355 983 391 desideria
1005 354 1170 391 obtutum
1197 353 1328 390 mentis

273 414 459 451 reflectere
478 414 669 460 conspicit,
690 415 756 452 hos
776 416 883 462 quasi
901 417 1098 462 degeneres
1125 415 1261 463 abjicit.
1289 415 1330 452 In

271 474 388 521 petris
405 479 526 512 autem
546 480 584 511 et
600 474 792 513 arboribus
810 477 889 513 haec
906 476 1027 522 aquila
1044 476 1225 521 nidificat,
1244 477 1330 523 quia

273 546 364 582 quos
391 535 515 572 firmos
534 535 604 572 lide
620 541 657 572 et
681 535 939 574 fructificantes
958 536 1104 573 virtutis
1121 536 1270 583 aspicit,
1292 537 1330 573 in

271 597 325 634 eis
358 597 530 644 spiritalis
564 598 737 644 germinis
766 598 1022 635 fecunditatem
1051 599 1174 645 parit,
1209 599 1330 645 ibique

272 668 415 706 gemma
434 658 493 694 illa
513 664 622 705 atque
638 660 834 707 margarita
861 660 1125 707 pretiosissima
1152 661 1327 705 nascitur,

273 730 380 766 quam
408 729 512 756 sacer
543 720 726 767 Evangelii
754 726 874 757 textus
903 725 1042 765 narrat,
1070 720 1330 768 negotiatorem

273 778 472 828 spiritalem
494 781 661 818 omnibus
690 782 853 828 pecuniis
882 781 957 818 suis
986 781 1156 825 venditis,
1187 780 1332 817 sibimet

273 855 484 891 comparare
512 844 655 893 (ΜαιιΙι.
674 843 750 893 xv).
783 845 885 889 Quod
911 850 1031 881 autem
1059 845 1180 891 aliqua
1207 855 1332 891 super-

272 905 382 941 fluum
401 912 557 941 rostrum
578 906 613 941 in
633 911 735 952 petra
754 906 887 949 tundit,
908 910 1015 951 atque
1036 906 1084 942 ita
1112 906 1157 941 ad
1173 906 1332 952 priorem

272 967 419 1003 modum
435 967 595 1010 reducit,
623 967 803 1013 significat
823 967 919 1013 quod
932 966 1055 1012 {sancti
1074 965 1142 1001 viri
1159 964 1333 1012 quidquid

272 1028 309 1064 in
325 1029 599 1064 conversatione
618 1038 681 1064 sua
696 1026 916 1073 superfluum
934 1037 977 1062 ac
997 1026 1065 1063 sibi
1085 1026 1232 1062 noxium
1248 1036 1333 1062 con-

272 1090 442 1136 spiciunt,
460 1089 637 1125 allidendo
652 1089 696 1124 ad
716 1094 854 1134 petram
871 1087 1068 1130 Christum,
1087 1087 1330 1133 confringunt,

273 1155 382 1195 atque
403 1154 518 1185 semet
543 1159 609 1195 per
627 1147 779 1195 gratiam
797 1147 861 1183 Dei
880 1152 916 1183 et
937 1157 1003 1193 per
1021 1147 1176 1183 studium
1197 1146 1333 1182 bonum

272 1215 502 1253 renovantes,
530 1209 575 1245 ad
597 1209 791 1255 pristinum
818 1207 975 1243 officium
1002 1206 1143 1242 habiles
1160 1206 1327 1242 reddunt.
1349 1203 1382 1243 B

271 1269 447 1306 Dominus
474 1269 572 1306 solus
600 1269 671 1304 dux
700 1268 769 1303 suit
794 1266 885 1312 ejus,
913 1273 950 1303 et
976 1277 1048 1303 non
1077 1273 1155 1303 erat
1181 1278 1264 1303 curn
1290 1278 1333 1304 eo

272 1331 368 1366 Deus
397 1330 548 1365 alienus.
584 1328 813 1364 Manifestum
844 1333 900 1363 est
929 1329 1024 1373 quod
1046 1339 1139 1364 unus
1170 1334 1207 1363 et
1237 1329 1335 1365 solus

272 1391 381 1433 Deus,
401 1390 510 1426 lsrael
531 1392 575 1425 de
595 1388 753 1436 AEgypto
773 1389 953 1431 liberavit,
972 1395 1009 1424 et
1026 1399 1096 1424 non
1116 1389 1210 1424 idola
1229 1388 1332 1433 salsa,

271 1461 351 1497 quae
364 1450 553 1487 coluerunt
575 1448 749 1495 AEgyptii.
777 1448 837 1484 Sic
866 1454 903 1484 et
931 1449 968 1484 in
996 1449 1183 1493 ereptione
1211 1455 1334 1486 nostra

271 1514 315 1549 de
332 1511 484 1559 spiritali
505 1511 676 1559 AEgypto,
700 1521 772 1546 non
800 1510 892 1546 alius
913 1514 969 1546 est
985 1520 1092 1557 quam
1111 1510 1206 1546 idem
1223 1510 1332 1555 Deus,

271 1575 332 1621 qui
353 1575 439 1611 olim
461 1574 644 1610 israelitas
663 1572 796 1618 eripuit
816 1584 824 1607 :
848 1572 957 1608 Pater
977 1571 1147 1608 videlicet
1166 1577 1201 1608 et
1219 1571 1333 1609 Filius

270 1641 306 1671 ct
327 1635 482 1681 Spiritus
502 1639 663 1676 sanctus,
684 1643 778 1668 unus
798 1639 834 1668 et
849 1633 979 1675 trinus,
998 1642 1149 1679 magnus
1165 1637 1201 1668 et
1218 1632 1334 1669 omni-

270 1702 399 1742 potens
424 1696 532 1737 Deus,
556 1695 616 1740 qui
645 1705 710 1740 per
735 1694 1020 1730 incarnationem
1047 1692 1190 1728 Domini
1219 1693 1334 1730 nostri

270 1756 356 1792 Jesu
377 1755 524 1798 Christi,
546 1755 673 1790 salutis
691 1760 823 1790 nostrae
840 1753 959 1790 effecit
978 1754 1204 1800 mysterium.
1231 1753 1333 1790 Unde

271 1820 470 1863 agnoscant
500 1815 661 1851 haeretici
681 1825 788 1861 quam
819 1814 1078 1850 miserabiliter
1108 1824 1128 1849 a
1155 1824 1241 1849 vera
1263 1813 1334 1851 fide

271 1882 394 1912 errent
420 1876 619 1918 deviantes,
643 1885 724 1910 cum
754 1885 792 1910 se
819 1884 883 1920 per
909 1874 1067 1910 schisma
1097 1873 1142 1910 ab
1172 1873 1333 1910 Ecclesia

271 1936 446 1973 catholica
466 1940 708 1982 sequestrant,
731 1935 792 1981 qui
822 1940 911 1981 quot
929 1934 1128 1978 erroribus,
1155 1938 1209 1970 tot
1227 1934 1332 1971 idolis

271 1998 418 2035 obnoxii
443 2002 538 2034 sunt.
565 2009 577 2030 ‹
602 1996 797 2032 Constituit
817 2005 898 2030 eum
925 2005 1032 2041 super
1056 1995 1236 2032 excelsam
1258 2000 1334 2031 ter-

275 2071 287 2093 «
314 2070 413 2102 ram,
444 2064 485 2093 ut
518 2056 684 2092 comedat
715 2056 853 2091 fructus
885 2066 1067 2102 agrorum.
1099 2069 1111 2090 ι
1143 2055 1332 2092 Excelsam

272 2125 406 2155 terram
434 2117 660 2152 Palaestinam
685 2120 790 2151 vocat
812 2127 819 2150 :
842 2116 927 2161 quia
954 2116 999 2151 ad
1027 2116 1334 2162 comparationem
1353 2113 1383 2155 C

272 2185 380 2215 terrae
399 2178 559 2224 AEgypti,
581 2186 660 2222 quae
676 2175 783 2221 plana
803 2180 838 2210 et
856 2175 992 2221 irrigua
1016 2181 1085 2218 est,
1110 2181 1275 2212 montosa
1294 2180 1331 2211 et

272 2249 400 2286 aspera
425 2238 580 2274 videtur.
603 2236 731 2279 Aliter,
758 2235 901 2271 excelsa
925 2240 1034 2279 terra,
1061 2235 1222 2272 Ecclesia
1251 2246 1333 2271 san-

273 2306 345 2342 cta,
365 2310 444 2345 quae
457 2298 651 2334 virtutibus
671 2303 708 2333 et
725 2297 877 2333 scientia
895 2296 1061 2332 sublimis
1081 2302 1137 2333 est
1149 2297 1265 2332 valde.
1281 2297 1333 2333 lbi

272 2361 396 2398 fideles
414 2360 547 2406 quique
566 2358 767 2398 constituti.
788 2359 981 2394 comedunt
1007 2357 1147 2394 fructus
1164 2368 1333 2405 agrorum

272 2422 503 2468 spiritalium,
523 2421 606 2466 quia
623 2420 672 2456 ibi
692 2420 872 2466 germinat
887 2421 1022 2456 bonum
1042 2430 1164 2457 semen
1184 2421 1334 2457 verbum

273 2485 361 2528 Dei,
390 2484 486 2519 aliud
517 2483 760 2525 tricesimum,
793 2482 891 2518 aliud
922 2483 1207 2529 sexagesimum,
1238 2482 1335 2520 aliud

273 2545 511 2582 centesimum
530 2543 687 2580 fructum
707 2556 714 2579 ε
733 2549 774 2579 ιιι
790 2543 1037 2589 unusquisque
1053 2553 1119 2590 pro
1136 2544 1336 2590 capacitate

274 2617 352 2650 sua,
375 2607 494 2642 cibum
516 2605 754 2642 sufficientem
782 2604 850 2640 sihi
878 2605 1050 2640 inveniat.
1078 2616 1090 2637 ‹
1117 2604 1163 2641 Ut
1191 2610 1334 2651 sugeret

274 2668 344 2704 mel
368 2669 410 2704 de
430 2673 553 2713 petra,
575 2667 766 2711 oleumque
793 2667 836 2702 dc
861 2676 948 2702 saxo
974 2666 1181 2702 durissimo.
1213 2680 1225 2701 ι
1255 2667 1334 2702 Alia

275 2735 396 2765 autem
421 2728 531 2764 editio
558 2728 610 2763 sic
638 2728 774 2763 habet:
801 2739 813 2759 ‹
838 2727 1021 2763 Suxerunt
1048 2727 1119 2764 mel
1143 2727 1187 2763 de
1215 2733 1333 2773 petra,

274 2794 311 2825 et
325 2788 442 2824 oleum
457 2787 501 2823 de
520 2786 624 2822 firma
641 2791 758 2832 petra.
781 2800 792 2820 ›
829 2785 900 2822 Sed
917 2797 1094 2832 nusquam
1110 2787 1181 2823 tale
1200 2787 1336 2834 aliquid

270 2847 374 2893 juxta
407 2847 596 2883 historiam
624 2845 767 2892 legitur,
799 2845 829 2881 si
861 2851 935 2881 tota
966 2846 1189 2883 Testamenti
1221 2847 1336 2884 series

275 2908 419 2944 Veteris
448 2911 694 2944 recenseatur.
723 2906 906 2952 Nusquam
939 2907 983 2942 de
1013 2913 1117 2952 petra
1143 2908 1229 2951 mel,
1250 2918 1337 2944 nus-

274 2978 385 3014 quam
417 2968 536 3003 oleum
578 2967 732 3013 populus
768 2967 826 3003 ille
858 2967 968 3003 suxit.
1008 2967 1080 3002 Sed
1117 2969 1202 3012 quia
1229 2967 1334 3013 juxta

273 3028 377 3065 Pauli
394 3038 539 3070 vocem,
561 3032 662 3073 petra
688 3031 768 3063 erat
785 3026 966 3069 Christus,
990 3026 1061 3062 mel
1080 3027 1123 3062 de
1147 3034 1250 3074 petra
1269 3039 1332 3065 su--
1349 3010 1386 3050 D

274 3095 429 3134 xerunt,
463 3089 526 3136 qui
551 3087 713 3136 ejusdem
738 3087 991 3134 Redemptoris
1020 3088 1135 3124 nostri
1169 3089 1264 3126 facta
1297 3096 1333 3127 et

274 3150 449 3188 miracula
475 3146 656 3187 viderunt.
684 3148 810 3185 Oleum
836 3157 923 3183 vero
947 3148 990 3183 de
1015 3148 1118 3184 firma
1143 3155 1243 3195 petra
1273 3161 1333 3188 su-

274 3216 421 3254 xerunt,
451 3210 512 3257 qui
542 3209 718 3246 effusione
737 3208 852 3245 sancti
882 3207 1039 3254 Spiritus
1063 3215 1145 3254 post
1171 3221 1334 3247 resurre-

276 3274 434 3310 ctionem
460 3272 538 3320 ejus
559 3271 647 3317 ungi
671 3275 894 3307 meruerunt.
923 3269 1035 3314 Quasi
1057 3279 1142 3316 ergo
1168 3269 1205 3306 in
1226 3271 1331 3308 firma

275 3342 381 3384 petra
401 3336 472 3374 mel
500 3336 618 3379 dedit,
651 3334 796 3381 quando
825 3333 942 3370 adhuc
965 3332 1130 3369 mortalis
1157 3332 1331 3369 Dominus

276 3396 534 3433 miraculorum
550 3406 697 3432 suorum
714 3394 942 3431 dulcedinem
956 3392 1144 3440 discipulis
1159 3393 1328 3430 ostendit.

277 3457 350 3494 Sed
368 3458 474 3494 firma
496 3462 600 3504 petra
621 3457 741 3494 oleum
758 3455 870 3499 rudit,
889 3455 973 3502 quia
994 3459 1076 3501 post
1097 3454 1332 3492 resurrectio-

276 3529 360 3556 nem
386 3527 489 3555 suam
514 3517 630 3554 sactus
651 3517 725 3563 jam
748 3515 998 3564 impassibilis,
1024 3525 1091 3562 per
1113 3514 1333 3552 afflationem

277 3580 448 3627 Spiritus,
469 3579 602 3616 donum
623 3583 756 3615 sanctae
773 3577 954 3614 unctionis
975 3577 1172 3614 emanavit.
1194 3577 1246 3614 De
1265 3578 1335 3615 hoc

277 3642 358 3678 oleo
374 3652 441 3689 per
465 3642 678 3689 prophetam
698 3640 831 3676 dicitur
850 3651 858 3675 ε
882 3651 895 3673 ι
917 3638 1190 3685 Computrescet
1209 3639 1335 3687 jugum

279 3713 301 3738 a
324 3702 416 3739 facie
441 3702 511 3740 olei
531 3702 623 3750 (Isa.
644 3701 697 3750 x).
722 3715 735 3736 »
764 3701 841 3738 Sub
860 3701 946 3748 jugo
971 3701 1103 3748 quippe
1123 3702 1337 3739 tenebamur

280 3760 512 3799 daemoniacae
546 3761 828 3806 dominationis3
867 3762 929 3798 sed
966 3761 1067 3797 uncti
1099 3771 1224 3798 sumus
1256 3762 1336 3799 oleo

280 3819 439 3867 Spiritus
457 3823 591 3867 sancti,
615 3826 652 3858 et
675 3823 760 3869 quia
779 3833 845 3859 nos
868 3822 987 3869 gratia
1011 3821 1190 3860 libertatis
1208 3822 1334 3868 unxit,

702 206 757 255 n?
770 204 1352 257 niniufuiumincmssp.
1378 215 1584 255 uocum.
1612 215 1803 254 ornauit
1829 215 1948 254 rans
1967 215 1996 253 1.

2372 214 2442 256 976
2508 248 2511 249 γ

1397 291 1652 330 dominationis
1667 291 1793 339 jugum
1811 290 1963 338 putruit.
1982 301 1995 324 ι
2013 287 2189 336 Butyrum
2199 285 2248 327 'de
2265 295 2445 339 armento,

1401 363 1413 386 ‹
1435 356 1471 388 et
1493 351 1551 389 lac
1574 352 1619 389 de
1640 352 1767 389 ovibus
1792 360 1875 386 cum
1892 349 1997 396 adipe
2016 359 2189 396 agnorum
2215 355 2252 387 et
2277 347 2465 399 arietums

1401 425 1413 450 ι
1435 415 1593 453 filiorum
1614 416 1755 459 Basan,
1775 421 1813 452 et
1833 414 1956 451 hircos
1976 424 2057 451 cum
2080 414 2235 452 medulla
2253 416 2385 463 tritici,
2410 423 2462 467 et,

1401 488 1414 510 ι
1434 478 1650 525 sanguinem
1665 486 1779 514 uvae.»
1798 475 1883 514 naec
1898 475 1983 513 licet
1994 476 2097 524 iuxta
2113 476 2301 515 historiam
2317 478 2451 518 fertili-

1396 542 1508 575 tatem
1524 542 1631 574 terrae
1646 536 1818 573 Chanaan
1838 536 2040 581 insinuent,
2062 543 2183 575 tamen
2202 538 2319 575 altiori
2339 550 2451 579 sensu
2489 549 2494 574 ‹

1396 598 1522 645 gratiae
1530 598 1752 634 demonstrat
1761 597 2031 643 abundantiam,
2039 609 2148 646 quam
2157 604 2281 638 sancta
2289 599 2450 640 Ecclesia
2488 599 2493 620 ¹

1396 666 1546 693 munere
1563 657 1747 704 largitoris
1766 658 1822 695 sui
1841 658 1993 705 accepit.
2019 658 2194 706 Butyrum
2211 660 2256 697 de
2285 665 2452 698 armento
2476 662 2514 709 ,l

1397 717 1570 762 tulerunt,
1588 718 1649 764 qui
1663 718 1923 765 plenitudinem
1939 719 2022 757 fidei
2042 720 2086 756 de
2104 721 2278 769 exemplis
2295 721 2452 769 patriar·-
2488 707 2495 718 ¹

1397 778 1548 816 charum
1571 779 1795 816 didicerunt.
1827 780 1900 817 Lac
1931 781 1976 818 de
2004 780 2132 819 ovibus
2164 787 2359 828 ceperunt,
2389 782 2453 830 qui

1398 839 1666 886 simplicitatem
1694 840 1827 878 mentis
1853 842 1929 879 sive
1953 841 2160 879 facultatem
2190 843 2376 889 doctrinae,
2408 843 2455 882 de
2476 832 2489 881 ἑ,
2519 858 2520 863 ’

1398 902 1580 939 innocenti
1599 903 1671 939 vita
1700 909 1868 949 patrum,
1899 906 1946 940 ad
1972 904 2246 942 aedificationem
2268 904 2326 943 sui
2355 915 2456 943 sum-
2511 910 2517 923 ³

1398 969 1563 1009 pserunt,
1581 969 1617 1000 et
1635 964 1712 1000 haec
1729 974 1812 1000 cum
1829 964 1934 1011 adipe
1952 975 2126 1012 agnorum
2145 970 2182 1002 et
2198 965 2367 1011 arietum,
2385 966 2455 1005 hoc
2503 971 2517 1009 ζ’

1399 1029 1475 1068 est,
1495 1035 1577 1060 cum
1597 1025 1813 1071 pinguedine
1835 1026 2080 1072 apostolorum
2105 1027 2308 1072 charitatis,
2333 1035 2372 1065 et
2395 1037 2456 1065 eo-

1399 1095 1478 1121 rum
1497 1095 1586 1131 quos
1606 1085 1673 1132 ipsi
1697 1085 1741 1121 ad
1764 1085 1873 1123 tidem
1899 1087 2123 1131 imbuerant,
2154 1088 2199 1124 ad
2219 1088 2456 1127 refectionem
2506 1086 2511 1127 Ϊ

1399 1146 1533 1182 mentis
1550 1157 1623 1182 suae
1641 1152 1895 1193 perceperunt.
1917 1147 2080 1184 Arietum
2095 1148 2190 1185 enim
2204 1150 2350 1187 nomine
2371 1160 2456 1198 apo-

1400 1207 1483 1244 stoli
1509 1213 1544 1244 et
1566 1208 1771 1254 apostolicae
1795 1209 1981 1255 dignitatis
2002 1210 2071 1245 viri
2095 1211 2328 1258 designantur
2342 1224 2350 1232 ·
2374 1213 2459 1259 quia
2508 1254 2512 1256 ,

1401 1268 1470 1315 ipsi
1489 1269 1599 1304 duces
1618 1274 1702 1304 sunt
1720 1268 1839 1314 gregis
1855 1269 1934 1304 Dei.
1954 1268 2058 1305 Unde
2080 1269 2211 1306 dicitur
2230 1272 2267 1307 in
2285 1271 2428 1310 Psalmo
2446 1283 2455 1310 :

1405 1341 1417 1361 ‹
1432 1328 1567 1364 Afferte
1585 1328 1751 1371 Domino,
1772 1327 1836 1363 filii
1850 1327 1930 1371 Dei,
1946 1327 2072 1365 afferte
2085 1329 2236 1367 Domino
2255 1331 2348 1369 filios
2366 1332 2460 1370 arie-

1401 1394 1477 1424 tum
1496 1387 1610 1434 (Psal.
1624 1387 1769 1435 xxviii).
1789 1400 1802 1422 ι
1820 1387 1923 1432 Quod
1940 1394 2058 1425 autem
2074 1390 2313 1438 subjungitur,
2335 1406 2347 1428 ι
2367 1395 2460 1433 filio·
2510 1437 2514 1439 λ

1401 1458 1480 1484 rum
1505 1447 1645 1492 Basan,
1672 1461 1684 1483 ι
1716 1448 1762 1484 ad
1788 1448 1954 1484 eumdem
1982 1450 2139 1495 pertinet
2170 1462 2314 1490 sensum
2336 1467 2344 1490 :
2374 1456 2459 1503 quia
2511 1456 2517 1469 ³

1400 1508 1517 1545 Basan
1535 1509 1714 1556 pinguedo
1735 1509 2012 1556 interpretatum
2033 1510 2097 1547 filii
2111 1511 2207 1548 enim
2230 1513 2459 1561 pinguedinis
2508 1531 2518 1539 ··

1400 1576 1503 1614 sunt,
1527 1570 1587 1616 qui
1610 1570 1808 1617 disciplinis
1828 1570 1918 1607 Novi
1938 1571 2160 1610 Testamenti
2178 1575 2458 1623 sunt.instituti‚
2510 1567 2514 1597 Ῑ

1400 1631 1461 1667 ubi
1486 1631 1646 1667 scientiae
1670 1631 1862 1668 multitudo
1887 1636 1924 1668 et
1942 1632 2117 1669 virtutum
2136 1634 2347 1681 magnitudo
2372 1646 2460 1674 con·
2511 1680 2522 1684 „-

1401 1694 1508 1730 sistit.
1533 1693 1608 1731 Nec
1627 1694 1853 1730 sufficiebant
1870 1693 1948 1730 haec
1973 1694 2081 1739 dona,
2100 1694 2171 1731 nisi
2189 1695 2408 1734 adderentur
2423 1703 2461 1735 et
2519 1723 2521 1726 ι

1401 1755 1506 1792 hirci.
1528 1755 1627 1791 Hirci
1644 1755 1741 1790 enim
1760 1754 1913 1802 figuram
1932 1755 2185 1802 poenitentium
2206 1756 2353 1801 habent,
2375 1758 2461 1804 quia

1399 1827 1466 1865 pro
1482 1822 1631 1863 peccato
1652 1816 1689 1851 in
1705 1815 1784 1862 lege
1798 1815 2056 1852 offerebantur.
2078 1815 2157 1852 Non
2176 1816 2272 1853 enim
2297 1817 2384 1854 satis
2402 1822 2462 1855 est

1401 1878 1493 1914 dona
1519 1878 1695 1914 virtutum
1724 1877 1859 1913 habere
1889 1876 2073 1918 fidelihus,
2109 1877 2178 1914 nisi
2209 1878 2460 1924 poenitentiam
2511 1879 2521 1881 “

1401 1938 1557 1974 habeant
1575 1948 1641 1983 pro
1661 1937 1735 1973 suis
1751 1937 1971 1974 excessibus.
1993 1936 2096 1974 Unde
2115 1937 2173 1973 ille
2191 1938 2252 1984 qui
2273 1948 2337 1975 rex
2354 1938 2462 1976 simul
2519 1967 2525 1973 „

1402 2001 1437 2034 et
1455 1997 1632 2042 propheta
1650 1995 1736 2039 suit,
1757 2001 1793 2032 et
1813 1997 1871 2032 cui
1889 1997 1933 2032 de
1951 1996 2201 2033 incarnatione
2222 1997 2357 2033 Christi
2377 2008 2460 2045 pro·
2524 2015 2525 2019 =

1400 2057 1550 2094 missum
1579 2061 1655 2099 est,
1681 2057 1777 2102 quod
1801 2067 1844 2092 ex
1871 2056 1949 2102 ejus
1978 2057 2115 2092 semine
2142 2062 2367 2103 nasceretur,
2394 2069 2460 2106 pro

1404 2118 1479 2155 suis
1498 2117 1638 2153 delictis
1654 2117 1844 2153 Dominum
1858 2116 2074 2163 deprecatur
2092 2117 2216 2154 dicens
2236 2130 2244 2154 z
2266 2130 2278 2151 ‹
2299 2118 2461 2165 Amplius
2519 2118 2522 2119 ⁷

1400 2178 1480 2214 lava
1511 2188 1581 2222 me,
1618 2178 1789 2221 Domine,
1826 2177 1870 2213 ab
1894 2176 2070 2222 injustitia
2099 2187 2193 2222 mea,
2223 2183 2260 2214 et
2288 2188 2309 2214 a
2329 2178 2462 2216 delicto
2519 2224 2522 2230 Δ

1400 2248 1481 2275 meo
1510 2239 1643 2274 munda
1672 2249 1743 2275 me.
1776 2237 1953 2282 Quoniam
1984 2237 2213 2283 iniquitatem
2244 2249 2364 2275 meam
2395 2250 2461 2287 ego

1401 2309 1595 2347 cognosco,
1614 2305 1651 2336 et
1674 2299 1844 2335 delictum
1867 2309 1988 2335 meum
2006 2305 2133 2336 contra
2159 2309 2218 2337 me
2240 2305 2295 2337 est
2318 2310 2462 2348 semper

1402 2361 1518 2409 (Psal.
1538 2360 1595 2408 L);
1620 2374 1632 2394 »
1657 2365 1693 2396 et
1711 2364 1751 2395 ut
1770 2359 1847 2396 haec
1864 2359 1986 2396 omnia
2003 2359 2178 2396 beneficia
2196 2369 2276 2406 quae
2289 2360 2462 2406 praedicta

1401 2422 1504 2466 sun't,
1539 2421 1777 2457 eminentiore
1809 2422 1902 2457 dono
1934 2421 2263 2465 accumularentur,
2301 2421 2460 2466 addidit,

1405 2496 1418 2518 ‹
1442 2483 1635 2520 medullam
1661 2482 1770 2518 tritici
1800 2488 1836 2518 et
1860 2483 2071 2529 sanguinem
2098 2492 2188 2517 uvae.
2215 2495 2228 2516 »
2251 2481 2343 2525 Quid
2362 2481 2458 2518 enim
2519 2486 2526 2498 ³

1401 2555 1466 2591 per
1490 2543 1683 2580 medullam
1708 2543 1841 2587 tritici,
1871 2542 1942 2579 nisi
1964 2552 2094 2589 corpus
2123 2542 2283 2579 Christi?
2309 2542 2355 2578 Et
2374 2541 2462 2588 quid
2520 2561 2525 2568 «

1401 2618 1466 2654 per
1483 2607 1695 2654 sanguinem
1715 2615 1793 2641 uvae
1806 2632 1815 2649 ,
1839 2604 1911 2641 nisi
1935 2604 2027 2641 calix
2047 2603 2138 2641 Novi
2159 2604 2402 2649 Testamenti,
2423 2604 2461 2641 in
2512 2619 2526 2639 s

1401 2667 1577 2714 sanguine
1600 2666 1734 2702 Christi
1751 2665 1949 2711 figuratur?
1984 2664 2154 2701 Plurimis
2178 2665 2274 2701 enim
2295 2664 2397 2701 donis
2415 2674 2461 2702 ex
2526 2694 2528 2698 .

1401 2728 1535 2774 pietate
1557 2726 1620 2762 Dei
1645 2725 1890 2762 ecclesiastico
1908 2725 2040 2771 populo
2057 2725 2253 2768 concessis,
2270 2725 2338 2761 hoc
2365 2725 2462 2762 inter
2523 2741 2529 2769 s

1401 2787 1524 2823 omnia
1544 2786 1710 2828 excellit,
1732 2785 1828 2831 quod
1853 2785 2016 2832 corporis
2043 2790 2080 2821 et
2103 2784 2288 2830 sanguinis
2317 2784 2373 2820 sui
2402 2794 2461 2821 sa·
2509 2792 2527 2837 „j-

1403 2853 1609 2890 cramenta‚
1633 2847 1669 2883 in
1690 2847 1793 2893 panis
1816 2852 1852 2883 et
1874 2846 1949 2883 vini
1970 2845 2213 2889 confectione,
2241 2843 2287 2881 ad
2306 2844 2460 2881 salutem
2518 2842 2528 2889 j

1401 2916 1575 2946 aeternam
1600 2908 1652 2944 illi
1676 2907 1906 2944 ministravit.
1931 2907 2129 2954 Sequitur:
2156 2918 2169 2940 ‹
2190 2905 2361 2942 Biberent
2384 2915 2461 2942 me-
2515 2917 2525 2924 ⁴

1403 2971 1644 3008 racissimum.
1675 2985 1687 3006 »
1723 2971 1814 3015 Quia
1840 2970 2008 3007 universa
2044 2970 2136 3006 dona
2171 2969 2236 3006 Dei
2267 2969 2346 3006 sine
2371 2969 2460 3007 saece
2516 2976 2528 2979 ”

1403 3034 1556 3081 alicuius
1574 3032 1745 3080 nequitiae
1769 3043 1830 3069 seu
1857 3030 2067 3079 improperii
2094 3029 2324 3068 credentibus
2346 3034 2384 3066 et
2403 3029 2459 3066 di·
2518 3030 2523 3055 ἶ

1402 3106 1471 3143 gne
1488 3095 1531 3132 de
1549 3095 1602 3131 eis
1626 3093 1885 3137 sentientibus,
1905 3091 2155 3129 conseruntur.
2178 3090 2249 3128 Sed
2266 3089 2360 3127 sicut
2378 3099 2459 3126 car-

1401 3157 1503 3193 nales
1524 3155 1707 3203 quondam
1723 3153 1896 3190 lsraelitae
1912 3152 2016 3189 donis
2031 3152 2095 3188 Dei
2118 3150 2221 3188 abusi
2239 3154 2342 3194 sunt,
2363 3154 2461 3186 etex
2514 3143 2528 3171 9·

1401 3215 1589 3253 beneficiis
1613 3213 1827 3261 largissimis
1849 3212 1993 3259 pejores
2017 3211 2123 3255 facti,
2149 3210 2195 3247 ad
2219 3209 2460 3246 idololatriam
2510 3206 2514 3239 T

1402 3275 1562 3323 prolapsi
1582 3279 1686 3317 sunt,
1707 3274 1757 3308 ita
1774 3273 1866 3318 proh
1897 3271 2017 3307 dolor!
2040 3280 2114 3307 non
2129 3267 2236 3315 pauci
2254 3267 2375 3315 populi
2401 3267 2458 3304 in-
2496 3317 2499 3326 μ

1403 3335 1495 3383 grati
1511 3333 1698 3372 beneficiis
1714 3331 1791 3375 Dei,
1807 3332 1853 3367 ad
1867 3330 1954 3366 vitia
1973 3330 2202 3372 relabuntur;
2223 3333 2260 3365 et
2278 3329 2348 3366 hoc
2363 3329 2460 3375 quod

1403 3395 1472 3434 sibi
1501 3395 1547 3431 ad
1575 3393 1725 3430 salutem
1744 3391 1913 3428 collatum
1931 3395 2007 3433 est,
2040 3389 2077 3426 in
2097 3388 2336 3435 perditionem
2356 3398 2459 3426 suam

1405 3459 1632 3494 convertunt.
1654 3453 1758 3490 Unde
1778 3451 2005 3499 subiungitur
2024 3462 2033 3486 t
2060 3462 2074 3484 ‹
2102 3450 2326 3487 Incrassatus
2348 3453 2461 3488 estet

1410 3529 1422 3551 ‹
1445 3513 1689 3554 recalcitravit
1718 3511 1882 3549 dilectus.
1915 3511 2159 3554 Incrassatus,
2193 3510 2456 3558 impinguatus,

1410 3592 1422 3613 ι
1446 3578 1628 3617 dilatatus.
1648 3573 1847 3621 Dei-eliquit
1863 3572 2055 3609 Dominum
2085 3570 2258 3608 factorem
2277 3580 2396 3614 suum,
2421 3574 2460 3608 et

1407 3654 1420 3675 ‹
1442 3638 1595 3678 recessit
1623 3647 1645 3673 a
1675 3636 1750 3672 Dec
1780 3634 1928 3671 salutari
1958 3644 2038 3672 suo.
2065 3633 2356 3670 Provocaverunt
2373 3641 2458 3670 eum

1407 3715 1421 3737 ι
1444 3702 1482 3739 in
1505 3699 1576 3736 diis
1597 3698 1738 3741 alienis,
1758 3702 1796 3734 et
1817 3697 1855 3733 in
1880 3695 2207 3734 abominationibus
2229 3693 2306 3732 suis
2321 3693 2368 3731 ad
2385 3693 2461 3731 ira-

1408 3775 1421 3797 «
1442 3759 1611 3799 cundiam
1643 3757 1927 3796 concitaverunt.
1961 3756 2242 3794 Immolaverunt
2271 3753 2460 3792 daemoni

1409 3835 1422 3859 ι
1444 3827 1480 3860 et
1495 3832 1567 3863 non
1582 3821 1671 3865 Deo,
1684 3819 1755 3857 diis
1767 3827 1860 3866 quos
1873 3818 2101 3866 ignorabant.
2116 3815 2208 3855 Novi
2222 3824 2331 3855 recen
2356 3829 2401 3847 ’νυ
2423 3836 2425 3842 ·
2444 3828 2450 3845 ἰ
