2540 4016
725 178 881 185 ------

93 199 164 239 549

685 179 1023 233 musmones
1046 178 1096 233 ΙΝ
1119 179 1386 234 Lisvl'flcfitl.
1411 213 1461 222 —
1484 190 1572 232 Lm.
1597 181 1677 235 ‘vn

2195 194 2266 246 sao

90 285 186 324 sunt,
205 278 291 327 quia
314 277 359 316 de
379 283 491 315 earne
507 272 587 323 eins
604 276 644 312 et
661 272 707 311 do
723 273 868 312 ossibus
900 273 980 321 ejus
1002 283 1140 312 sumus.
1160 274 1196 315 A
1213 273 1332 310 reddet
1370 273 1517 320 emptori
1544 271 1639 318 quod
1668 269 1842 319 reliquum
1865 277 1918 310 est
1947 285 2119 318 annorum
2145 285 2270 331 quibu

91 342 287 389 Sequitun

138 404 176 440 Si
194 410 309 439 autem
328 407 362 438 et
380 401 452 448 ipse
481 398 660 447 potuerit,
687 397 832 434 redimet
861 406 916 440 se,
947 395 1142 442 supputatis

89 467 261 502 duntaxat
275 465 376 502 annis
401 474 423 499 a
440 469 590 510 tempore
619 460 825 498 venditionis
857 470 931 496 sure
962 465 1071 505 usque
1096 457 1142 492 ad

89 538 220 563 annum
252 526 462 574 jubila’um;
490 530 523 560 et
559 523 707 570 pecunia
737 533 807 569 qua
839 520 998 557 venditus
1026 519 1142 566 suerat

82 588 188 632 juxta
208 597 380 622 annorum
396 595 578 621 numerum
603 589 634 619 el
651 583 821 619 rationem
841 580 1047 617 mercenarii
1061 591 1143 627 sup-

85 652 220 693 putata.
256 646 296 682 Si
317 645 395 692 plus
417 646 546 691 suerint
566 644 650 680 anni
666 645 727 691 qui
751 648 931 679 remanent
959 653 1067 688 usque
1096 641 1142 677 ad

80 705 280 752 jttbila’um,
298 705 487 741 secundum
507 705 569 740 hos
589 704 708 741 reddet
731 710 763 739 et
788 704 936 750 pretium
944 713 958 745 ;
975 702 1006 737 si
1022 702 1140 747 pauci,

83 773 210 815 ponent
229 768 399 803 rationem
415 778 493 803 cum
517 778 555 803 eo
568 766 676 813 juxta
695 775 867 802 annorum
890 773 1084 805 numerum,
1111 769 1143 798 et

84 830 201 866 reddet
220 831 380 877 emptori,
405 830 497 877 ryztod
523 829 694 876 reliquum
730 834 794 871 est,
812 834 984 862 annorum
1016 824 1141 869 quibus

83 898 162 928 ante
184 891 334 935 servivit,
355 891 567 926 mercedibus
599 888 801 935 imputati35
829 897 899 922 non
917 885 1042 932 affliqet
1061 895 1140 919 eum

82 953 293 990 violenterin
309 958 494 999 conspectu
512 959 585 986 tuo.
604 950 707 993 Quod
725 950 756 984 si
776 959 837 994 per
850 949 924 983 ltoec
934 947 1055 982 redimi
1072 957 1140 982 non

81 1017 350 1064 potuerit,anno
361 1013 507 1059 jubilwo
526 1011 721 1058 egredietur
739 1010 943 1045 cumliberis
959 1009 1055 1052 suis‚·
1074 1007 1141 1044 mei

80 1078 256 1114 enimsunt
267 1075 355 1110 servi
368 1074 434 1119 fitii
450 1072 577 1114 Israel,
587 1081 673 1118 quos
689 1071 795 1106 eduxi
809 1069 851 1105 de
866 1069 1035 1105 terraAEr
1022 1069 1138 1115 Jypti:

79 1150 139 1185 eqo
168 1138 341 1174 Dominus
370 1136 462 1171 Deus
497 1141 619 1171 vester.
638 1133 792 1168 Tantum
819 1133 863 1168 de
889 1132 1055 1168 libertate
1076 1142 1140 1167 no—

1208 334 1365 378 ret-vivit,
1386 333 1603 370 mercedibus
1623 333 1820 380 imputatis.
1842 333 2006 372 Primum
2023 348 2109 385 ergo
2143 354 2270 382 secun-

1213 393 1297 431 dum
1317 394 1395 431 haec
1409 394 1529 432 reddit
1544 393 1714 440 pretium,
1733 393 1771 430 id
1802 399 1862 431 est
1889 397 2087 433 comiadum
2117 408 2162 436 ea
2193 413 2272 448 quae

1210 456 1375 502 peccavit
1407 457 1468 502 qui
1486 457 1720 503 semetipsum
1738 455 1922 492 redimere
1936 456 2029 501 vult,
2057 462 2100 494 ut
2117 458 2270 499 forsitan

1211 527 1255 554 ex
1269 516 1351 563 gula
1369 518 1545 563 peccavit,
1570 526 1638 564 per
1661 516 1841 564 ieiunium
1863 517 2042 564 corrigat3
2070 520 2127 557 sin
2152 526 2272 560 autem

1212 589 1258 616 ex
1277 579 1512 623 verbositate,
1533 579 1676 615 studeat
1691 579 1992 624 taciturnitatem,
2015 579 2047 617 ei
2069 590 2116 618 ex
2145 580 2272 620 incau-

1210 641 1283 678 tela
1302 641 1490 678 oculorum
1507 642 1545 677 in
1569 641 1732 678 mulieris
1755 641 2090 688 concupiscentiam
2119 644 2271 689 cecidit,

1212 706 1295 748 agat
1316 712 1389 738 non
1419 702 1542 738 videre
1557 702 1742 746 mulieres,
1761 713 1879 748 neque
1897 703 2045 740 omnino
2058 702 2114 740 eis
2128 704 2274 741 obvium

1211 763 1303 800 fieri.
1325 764 1461 801 Deinde
1477 764 1508 801 si
1524 764 1600 800 vult
1632 764 1788 802 celerem
1807 766 1876 802 sibi
1896 766 2182 813 redemptionem
2211 777 2274 814 pa-

1211 836 1305 869 rare,
1324 826 1491 862 intendat
1506 826 1670 872 pecuniis
1688 827 1966 873 conquisitionis
1983 838 2070 871 suae,
2086 828 2197 865 verbo
2216 828 2270 864 vi-

1211 887 1342 923 delieet
1370 893 1407 923 et
1423 888 1612 931 doctrinm,
1632 889 1729 935 quod
1752 898 1835 925 eum
1858 888 2059 935 intelligere
2083 891 2271 936 proprium

1209 954 1419 992 peccatum,
1445 954 1481 984 et
1519 949 1623 985 subdi
1654 949 1863 985 admonenti
1881 949 1990 993 fecit,
2020 955 2058 987 et
2090 950 2122 986 si
2143 949 2275 986 viderit

1210 1008 1363 1043 multum
1385 1010 1504 1044 minus
1534 1019 1615 1045 esse
1635 1009 1681 1044 ad
1716 1020 1851 1045 annum
1882 1011 2133 1055 remissionis,
2163 1016 2199 1048 et
2227 1012 2273 1047 ad

1211 1070 1475 1105 correctionem
1488 1070 1658 1106 videlicet
1675 1071 1831 1106 definitae
1843 1071 1877 1106 ei
1901 1072 2138 1118 poenitentiae,
2155 1073 2272 1118 magis

1209 1136 1379 1176 operetur
1402 1131 1567 1174 virtutes,
1590 1136 1626 1167 et
1653 1131 1686 1166 la
1701 1132 1885 1167 boriosam
1905 1131 2067 1167 lucratur
2084 1132 2268 1177 poeniten-

78 1204 178 1242 stra,
208 1204 244 1234 et
273 1198 475 1237 honestate,
496 1200 532 1229 et
560 1193 772 1241 gloriatione
794 1193 830 1228 in
851 1193 967 1234 bonis,
985 1196 1021 1227 et
1045 1202 1133 1227 con·
1154 1183 1186 1222 Β
1205 1192 1305 1227 tiam.
1330 1192 1367 1227 Si
1387 1197 1506 1228 autem
1525 1193 1594 1228 hoc
1619 1202 1747 1228 rursus
1764 1203 1892 1238 parum
1915 1197 2086 1238 operatus
2103 1191 2224 1236 fuerit,
2240 1193 2270 1229 si

77 1258 222 1294 fidentia
257 1258 369 1294 sancti
404 1255 559 1302 Spiritus
584 1255 669 1301 agit,
695 1259 734 1289 ut
770 1263 1038 1299 uumquemque
1073 1263 1135 1288 no·

76 1324 190 1356 strum
214 1319 279 1356 sub
307 1318 479 1354 servitute
517 1315 656 1362 peccati
675 1315 909 1351 constitutum
940 1313 1135 1349 virtutibus

74 1379 258 1426 praecipiat
280 1379 418 1420 redimi,
437 1384 473 1414 et
491 1377 788 1419 correctionibus,
811 1375 856 1419 si,
882 1375 982 1410 verbi
1003 1375 1133 1421 gratia,

75 1442 230 1478 cilicium
253 1447 288 1476 et
317 1442 490 1483 cinerem,
507 1445 543 1475 et
563 1440 753 1485 lacrymas,
773 1443 808 1473 et
823 1448 904 1473 eam
924 1447 1003 1482 quae
1022 1437 1059 1471 in
1079 1436 1135 1472 his

75 1509 130 1539 est
165 1502 427 1539 consessionem
466 1501 599 1536 lucrari
630 1500 819 1542 volumus;
847 1503 883 1533 et
911 1506 1135 1543 quaecunque

74 1568 231 1604 cumbis
252 1577 383 1603 annum
408 1565 593 1602 continent
622 1563 755 1608 Jubilaei
786 1562 860 1598 sive
896 1560 1132 1604 remissionis,

73 1628 119 1665 ad
134 1627 336 1674 hujusmodi
357 1626 453 1663 enim
474 1625 720 1671 probationem
741 1622 931 1669 praesentia
953 1621 1130 1667 exposuit.

75 1688 138 1726 Sin
163 1696 282 1725 autem
303 1693 339 1724 ct
371 1689 446 1734 ipse
474 1687 629 1733 potuerit
653 1686 830 1723 redimere
861 1695 913 1727 se,
931 1683 1133 1730 supputatis

74 1751 249 1787 duntaxat
269 1751 373 1786 annis
405 1759 425 1785 a
447 1754 607 1794 tempore
627 1748 845 1785 venditionis
864 1758 938 1783 suae
957 1757 1071 1792 usque
1088 1746 1131 1782 ad

73 1822 205 1848 annum
223 1811 371 1858 jubilaei.
395 1809 433 1844 Si
453 1809 549 1845 enim
564 1819 700 1855 pauper
720 1808 836 1844 sactus
854 1813 908 1844 est
925 1819 988 1854 per
1004 1818 1131 1854 pecca-

71 1878 148 1908 tum
167 1871 227 1917 qui
246 1871 345 1916 prius
364 1870 464 1906 dives
486 1870 553 1905 suit
577 1870 612 1905 in
635 1869 827 1905 virtutibus
846 1874 882 1904 ct
898 1869 1131 1905 correctioni-

71 1933 152 1977 bus,
174 1938 272 1969 recte
291 1942 331 1968 se
351 1932 582 1978 semetipsum
611 1931 791 1975 liberavit,
815 1932 898 1967 dum
916 1931 1069 1967 sufficiat
1085 1931 1130 1967 ad

72 1994 359 2030 exhortationem
377 1992 573 2040 propriam,
594 1997 841 2028 verumtamen
863 2002 929 2028 nec
952 1990 1012 2026 hie
1032 1991 1127 2027 inte-

71 2068 173 2105 grum
196 2057 239 2093 de
260 2067 297 2093 se
308 2056 478 2099 confidat,
490 2060 529 2091 ut
546 2055 606 2101 qui
624 2054 736 2092 semel
751 2059 813 2090 aut
830 2053 1032 2090 infirmatus
1053 2059 1126 2096 est,

71 2118 320 2155 exhortatione
359 2124 396 2154 et
425 2117 576 2154 consilio
599 2127 722 2163 egens,
743 2120 927 2162 computat
959 2115 1053 2161 apud
1073 2126 1128 2151 se-

71 2181 278 2227 metipsum,
303 2180 339 2216 id
376 2185 453 2223 est,
495 2189 617 2216 secum
657 2184 789 2215 tractat
824 2184 860 2215 et
893 2179 1129 2224 disceptatur.

71 2241 299 2288 Computabit
332 2244 452 2276 autem
473 2241 517 2277 ab
548 2250 644 2276 anno
665 2249 735 2287 quo
755 2241 990 2288 semetipsum
1007 2241 1132 2277 vendi-

71 2302 122 2338 dit
138 2302 184 2345 ei,
202 2311 316 2347 usque
332 2300 376 2337 ad
402 2311 536 2336 annum
565 2299 700 2346 jubilaei
725 2302 801 2337 sive
832 2302 1058 2338 remissionis
1077 2329 1086 2345 ,
1111 2313 1132 2337 a

70 2374 141 2410 quo
158 2363 324 2400 videlieet
350 2373 505 2410 peccans
533 2363 630 2410 eguit
650 2362 800 2411 consilio
820 2364 857 2399 et
874 2363 1052 2407 doctrina,
1073 2373 1132 2399 us-

70 2438 139 2474 que
161 2427 242 2463 dum
260 2426 438 2473 integram
458 2430 494 2461 et
515 2426 757 2461 omnimodam
789 2425 929 2472 peragit
958 2426 1133 2471 poeniten-

71 2489 172 2531 tiam,
197 2489 319 2534 inqua
339 2488 588 2523 remissionem
607 2487 800 2533 acciplens,
823 2486 971 2531 :equalis
998 2487 1030 2521 ci
1053 2487 1130 2529 fiat,

70 2548 130 2594 qui
146 2548 287 2594 penitus
304 2558 375 2582 non
391 2547 565 2593 peccavit.
584 2547 676 2590 Quid
692 2553 812 2582 autem
828 2547 1021 2582 tractabit?
1046 2545 1132 2589 Qui-

71 2610 139 2645 bus
157 2605 350 2644 virtutibus
382 2613 418 2643 et
450 2607 734 2643 correctionibus
753 2618 833 2643 eam
869 2617 948 2652 quae
967 2618 1032 2653 per
1060 2610 1134 2643 stu-

72 2670 209 2706 diosam
249 2668 500 2715 poenitentiam
553 2673 608 2703 est
640 2667 892 2703 remissionem
932 2668 1132 2713 apprehen-

72 2732 156 2769 dere
189 2737 224 2768 et
251 2730 455 2778 praecedere
475 2730 599 2776 possit.
630 2729 839 2765 Sicutcnim
866 2728 925 2774 qui
942 2729 1128 2775 pecuniam

71 2793 189 2829 reddit
227 2791 445 2838 redemptori
479 2802 610 2827 annum
657 2790 880 2827 remissionis
921 2796 1131 2837 exspectare

72 2864 161 2900 opus
179 2864 248 2889 non
275 2853 444 2895 habebat,
468 2858 547 2888 crat
578 2857 696 2887 autem
716 2851 1048 2898 quinquagesinms,
1070 2852 1130 2896 qui

70 2913 236 2961 jubilaeus
253 2913 465 2949 dicebatur:
486 2912 538 2948 sic
568 2911 628 2957 qui
653 2918 839 2956 peccatum
860 2911 905 2947 ad
939 2911 1130 2947 delendum

73 2976 173 3018 illud,
188 2974 343 3020 aequales
374 2974 448 3009 sive
468 2982 573 3019 pares
594 2972 746 3007 virtutes
766 2971 935 3016 exquirit,
963 2970 1130 3018 praecedit

71 3036 321 3084 poenitentiam
361 3033 561 3070 actionibus
591 3032 694 3068 bonis
736 3042 774 3068 se
807 3031 1013 3067 redimens:
1036 3033 1130 3078 quod

73 3097 299 3132 demonstrat
319 3093 506 3135 Zachaeus,
535 3092 595 3138 qui
616 3102 698 3127 cum
718 3089 956 3137 plurimorum
976 3091 1129 3137 plurima

74 3156 288 3198 sustulisset,
310 3166 382 3191 non
404 3154 501 3201 eguit
521 3163 626 3189 saeco
646 3158 679 3188 et
697 3153 831 3195 cinere,
848 3158 886 3189 et
905 3153 1075 3199 lacrymis
1094 3158 1130 3188 et

72 3219 249 3255 oratione.
268 3216 335 3252 llic
355 3216 452 3251 enim
476 3215 580 3250 nobis
600 3220 655 3250 cst
687 3224 800 3249 annus
821 3213 1059 3256 remissionis,
1077 3213 1129 3249 sic

73 3280 192 3318 omnia
219 3279 356 3315 hahens
374 3288 454 3324 quae
474 3277 576 3313 nobis
605 3275 824 3311 fructificent
860 3275 1124 3311 remissionem.

74 3339 152 3378 Νοιι
166 3339 319 3386 indiguit
343 3343 485 3381 autem,
504 3337 587 3383 quia
604 3342 753 3382 peccata
781 3335 925 3382 quidem
946 3341 1051 3371 erant
1066 3345 1127 3381 pc-

75 3402 256 3446 cuniaria3
277 3402 353 3449 ipse
370 3407 491 3437 autem
506 3411 548 3437 ea
566 3410 645 3447 quae
660 3401 807 3447 abrepta
833 3399 979 3436 fuerant
994 3398 1129 3446 promi-

76 3462 125 3500 sit
144 3463 291 3506 reddere
313 3461 351 3499 in
370 3461 618 3509 quadruplum,
639 3461 827 3498 dimidium
845 3467 964 3496 autem
982 3469 1128 3496 suorum

75 3521 288 3568 minuere
321 3521 551 3569 pauperibus.
586 3512 737 3567 Propter
763 3521 859 3567 quod
891 3518 1055 3556 Christus
1083 3519 1131 3556 ad

77 3589 188 3631 “mg
196 3583 319 3622 Hodie
342 3584 439 3621 satus
466 3583 586 3620 domui
604 3583 685 3620 huic
706 3583 801 3630 sactu
824 3589 874 3618 est
899 3581 999 3630 (Luc.
1033 3574 1123 3629 xix),

79 3641 278 3704 meinimis
299 3645 471 3694 pecunias
494 3644 752 3703 redemptionis
766 3642 845 3691 eius
873 3640 977 3680 dixit.
1000 3641 1040 3679 Si
1063 3652 1126 3678 au-

79 3709 150 3742 tent
166 3688 258 3751 plus
267 3702 399 3770 W
426 3706 511 3754 unni
521 3706 818 3802 affluent
827 3708 936 3753 usque
964 3701 1010 3740 ad
1028 3702 1128 3751 jubi-

659 3770 692 3802 et

81 3747 200 3807 imum,
218 3747 407 3800 secundnm
427 3757 490 3802 'tos'
726 3763 901 3812 pretium;
936 3760 968 3800 si
999 3762 1126 3810 pauci,

82 3830 182 3865 vonet
209 3825 378 3864 rationem
402 3834 481 3863 cum
502 3825 662 3874 evineta
675 3818 850 3877 annorum
876 3834 1058 3885 nanterum
1065 3849 1077 3872 ,
1094 3827 1151 3883 ⁶⁸-
1168 3880 1178 3883 ‚.

1071 3931 1085 3941 ο
1122 3928 1190 3942 ³⁴³*

1203 1263 1274 1290 non
1293 1264 1357 1300 per
1381 1255 1548 1298 virtutes,
1576 1265 1641 1301 per
1670 1255 1851 1302 lacrymas
1889 1261 2009 1291 autem
2040 1260 2078 1291 et
2114 1255 2270 1301 suspiria

1202 1319 1238 1349 et
1285 1314 1418 1350 similia
1465 1315 1536 1350 alia
1581 1316 1739 1351 remedia
1772 1322 1921 1362 peccato
1958 1325 2109 1352 necesse
2143 1316 2265 1352 habet.

1203 1373 1249 1408 Et
1291 1385 1360 1408 non
1390 1375 1518 1420 affliqes
1555 1385 1633 1410 eum
1670 1375 1708 1410 in
1742 1375 1861 1410 labore
1892 1376 1929 1410 in
1964 1381 2150 1421 conspectu
2188 1382 2262 1412 tuo.

1202 1434 1293 1478 Quid
1314 1439 1435 1470 autem
1453 1435 1521 1471 hoc
1540 1436 1622 1472 est?
1652 1436 1699 1471 Ut
1714 1446 1797 1472 eum
1817 1436 1878 1481 qui
1909 1446 1975 1482 per
1992 1437 2164 1473 virtutem
2178 1447 2264 1483 pec-

1201 1500 1323 1530 catum
1348 1496 1499 1542 respuit,
1520 1506 1590 1531 non
1605 1495 1638 1531 ei
1655 1497 1928 1543 superimponas
1959 1497 2135 1534 districtae
2150 1497 2266 1544 poeni-

1202 1556 1324 1591 tentiae
1337 1557 1500 1602 pondus;
1521 1557 1632 1593 semel
1656 1557 1752 1593 enim
1780 1558 2013 1604 semetipsum
2030 1559 2134 1594 bonis
2148 1558 2270 1604 operi·

1200 1618 1268 1654 bus
1288 1618 1455 1654 redemit.
1477 1617 1573 1665 Ergo
1599 1619 1708 1655 nimis
1730 1625 1830 1655 recte
1848 1618 2100 1666 subdiditquae
2116 1629 2272 1666 sequun-

1199 1685 1259 1716 tur
1280 1693 1288 1716 :
1313 1681 1414 1725 Quod
1430 1682 1459 1717 si
1479 1692 1540 1728 per
1554 1682 1627 1717 ltoec
1645 1682 1768 1717 redimi
1785 1693 1854 1717 non
1870 1682 2048 1728 potuerit,
2083 1693 2175 1718 anno
2205 1683 2269 1728 ,γά-

1201 1742 1300 1778 biloeo
1321 1743 1516 1789 eqredietttr
1532 1754 1611 1779 cant
1631 1743 1749 1779 liberis
1770 1744 1858 1779 suis.
1881 1742 1950 1787 Qui
1968 1749 2090 1780 autem
2115 1744 2263 1790 aequali-

1198 1802 1266 1838 hus
1283 1810 1431 1848 peceato
1471 1804 1665 1839 virtutibus
1690 1804 1922 1850 semetipsum
1956 1814 2027 1841 non
2047 1805 2211 1849 redemit,
2231 1805 2268 1841 in

1198 1864 1441 1909 annojubilaei
1476 1865 1551 1900 sive
1582 1865 1806 1901 remissionis
1826 1865 1863 1902 id
1895 1870 1963 1909 est,
1993 1866 2029 1901 in
2049 1866 2210 1912 perfecta
2230 1872 2268 1903 et

1198 1923 1360 1960 districta
1377 1924 1588 1970 poenitentia
1601 1952 1609 1968 ‚
1626 1925 1930 1971 quemadmodum
1949 1927 2160 1973 frequenter
2178 1927 2269 1963 dixi-

1198 1995 1289 2027 mus,
1313 1989 1348 2021 et
1363 1985 1479 2031 ipsum
1496 1986 1624 2022 redimi
1656 1987 1838 2033 praecepit.
1874 1987 1944 2023 Sed
1973 1993 2007 2023 et
2027 1989 2120 2023 bona
2141 1998 2265 2034 opera,

1198 2056 1278 2092 quse
1313 2047 1413 2093 prius
1443 2056 1551 2093 quam
1589 2052 1774 2094 peccasset
1809 2048 1896 2094 egit,
1938 2048 2002 2083 filii
2040 2048 2268 2094 uniuscujus-

1199 2119 1269 2154 que
1290 2114 1454 2144 nostrum
1474 2113 1570 2145 sunt.
1593 2109 1631 2144 Si
1653 2115 1774 2145 autem
1789 2109 1844 2145 vis
1860 2119 2079 2156 cognoscere
2108 2120 2188 2156 qua:
2221 2110 2269 2145 sit

1200 2169 1359 2215 perfecta
1376 2169 1602 2216 poenitentia,
1622 2168 1800 2206 Ninivitas
1835 2171 1994 2215 intende,
2016 2172 2075 2217 „vui
2091 2171 2264 2217 proedica-

1200 2237 1320 2267 verunt
1350 2231 1543 2278 jejunium,
1566 2238 1597 2268 et
1615 2232 1729 2268 induti
1748 2238 1829 2268 sunt
1850 2243 1951 2268 sacco
1967 2243 1988 2267 a
2005 2232 2140 2278 majore
2158 2243 2266 2279 usque

1201 2292 1246 2327 ad
1266 2293 1447 2335 minorem,
1464 2299 1496 2328 et
1528 2293 1810 2330 exclamaverunt
1830 2294 1875 2328 ad
1905 2293 2017 2328 Deum
2036 2293 2167 2328 intente
2188 2319 2197 2337 ,
2231 2300 2263 2328 et

1202 2364 1279 2389 cum
1300 2359 1370 2389 toto
1390 2355 1530 2398 animo‚·
1548 2357 1581 2390 et
1601 2361 1799 2391 averterunt
1830 2367 1867 2392 se
1889 2356 2127 2402 unusquisque
2156 2366 2177 2390 a
2204 2355 2261 2390 via

1201 2427 1265 2451 sua
1282 2415 1397 2458 mala,
1422 2422 1454 2450 et
1477 2415 1518 2450 ab
1556 2417 1731 2462 injustitia
1760 2427 1837 2463 qua¹
1871 2418 1908 2452 in
1956 2416 2119 2452 inanibus
2147 2427 2267 2451 eorum

1201 2482 1274 2511 erat
1298 2475 1394 2521 (Jon.
1416 2475 1487 2523 ιιι).
1516 2476 1575 2512 Sic
1610 2477 1705 2512 enim
1732 2477 1827 2512 Deus
1859 2487 1984 2512 eorum
2013 2477 2265 2522 poenitentiam

1200 2535 1371 2581 suscepit,
1394 2540 1434 2570 ut
1468 2536 1641 2582 propheta
1675 2537 1866 2580 subderet,
1900 2537 2061 2572 misertas
2093 2543 2143 2573 est
2172 2537 2267 2574 Deus

1199 2606 1302 2641 super
1326 2595 1462 2631 malitia
1489 2607 1593 2642 quam
1623 2595 1759 2632 lacertus
1781 2597 1896 2643 suerat
1925 2603 1962 2632 ut
1995 2597 2125 2643 faceret
2149 2598 2198 2634 eis
2235 2604 2268 2634 et

1200 2667 1268 2691 non
1291 2656 1384 2702 fecit.
1406 2656 1450 2692 Et
1470 2666 1551 2703 quae
1571 2664 1626 2693 est
1647 2668 1755 2694 causa
1780 2669 1858 2704 quoe
1879 2659 2129 2704 poenitentiam
2148 2659 2267 2695 delere

1199 2722 1346 2763 peccata
1368 2717 1491 2762 saciat,
1508 2724 1544 2754 et
1564 2718 1650 2755 facit
1670 2718 1841 2754 mundam
1861 2719 2050 2764 poenitenti
2084 2719 2267 2766 profligari

1199 2782 1504 2827 redemptionem,
1533 2782 1583 2818 ita
1614 2787 1653 2818 ut
1686 2793 1752 2820 nec
1774 2793 1864 2829 opus
1885 2783 2016 2819 habeat
2047 2783 2156 2819 alium
2186 2782 2263 2829 jam

1199 2842 1451 2878 admonentem
1472 2870 1481 2887 ,
1517 2854 1633 2890 neque
1664 2845 1729 2880 sul)
1758 2844 1845 2891 jugo
1876 2844 2023 2881 alterius
2057 2855 2163 2892 agere
2198 2845 2263 2881 do-

1199 2902 1348 2938 ctrinae?
1366 2902 1437 2938 Mei
1456 2909 1535 2939 sunt
1552 2905 1644 2939 enim
1666 2905 1755 2940 servi
1779 2905 1845 2950 filii
1866 2905 1980 2941 lsrael
1998 2933 2008 2948 ,
2042 2917 2129 2952 quos
2156 2906 2262 2941 eduxi

1201 2962 1243 2998 de
1263 2968 1356 2999 terra
1392 2963 1550 3011 AEqypti.
1575 2963 1760 3009 Quomodo
1792 2971 1912 3002 autem
1935 2976 1996 3002 eos
2014 2966 2164 3002 eduxit?
2196 2965 2266 3002 Su-

1203 3025 1381 3071 spirantes
1395 3025 1575 3068 videlieet,
1594 3026 1690 3062 sicut
1720 3026 1932 3063 liber-nobis
1967 3026 2080 3062 Exodi
2113 3026 2262 3062 demon-

1202 3085 1352 3130 stravit,
1388 3086 1464 3132 ipse
1483 3091 1520 3123 et
1547 3094 1644 3122 nunc
1664 3097 1956 3133 unumquemque
1989 3087 2026 3122 in
2054 3086 2264 3132 poenitcntla

1201 3147 1440 3193 suspirantem
1451 3147 1591 3192 liberat,
1603 3153 1638 3184 et
1655 3148 1700 3183 al»
1710 3147 1921 3192 intelligibili
1932 3146 2087 3191 AEgypto
2105 3145 2260 3181 redimit.

1604 3209 1754 3246 CAPUT
1794 3207 1855 3243 XI.

1202 3268 1269 3307 vot
1305 3268 1462 3317 prohibet
1491 3271 1583 3306 Deus
1606 3270 1701 3305 idola
1733 3269 1847 3315 facere
1864 3294 1873 3310 ,
1907 3266 1958 3302 vel
1975 3265 2094 3301 titulos
2114 3267 2256 3312 eripere.

1248 3332 1348 3373 (Car.
1370 3331 1482 3379 xxvi.)
1504 3332 1578 3376 Eyo
1594 3329 1767 3365 Dominus
1789 3327 1884 3362 Deus
1907 3332 2031 3368 vester,
2051 3325 2110 3372 qui
2129 3324 2191 3360 itta
2205 3326 2259 3372 αφ’

1199 3399 1232 3429 et
1251 3394 1324 3429 ha¹c
1342 3392 1503 3439 proecepi‚
1524 3401 1594 3425 non
1611 3389 1747 3434 facietis
1768 3387 1860 3423 vobis
1875 3386 2062 3428 idolum,et
2077 3385 2234 3431 sculptile
2244 3397 2256 3430 ;

1200 3461 1262 3489 nec
1287 3453 1407 3488 titulos
1425 3452 1585 3496 eriqete's,
1608 3459 1669 3484 nec
1685 3450 1856 3494 inoiqnem
1875 3446 2028 3494 capidem
2060 3447 2192 3493 ponetis
2219 3447 2256 3482 ia

1200 3521 1292 3550 terra
1307 3518 1418 3547 vestra
1435 3521 1447 3545 :
1467 3517 1504 3545 ut
1523 3509 1676 3546 adoretis
1696 3514 1787 3544 eum.
1809 3504 1886 3555 Ego
1914 3508 2005 3544 enim
2038 3519 2116 3544 sum
2135 3507 2257 3543 Domi-

1200 3586 1264 3611 nus
1280 3573 1374 3610 Deus
1391 3577 1512 3615 vester,
1534 3570 1704 3607 'custodite
1718 3568 1863 3606 sabbata
1883 3575 1975 3614 mea,
1990 3572 2024 3606 et
2041 3574 2161 3616 pavete
2174 3578 2256 3604 san-

1198 3635 1371 3672 stuariam
1399 3636 1543 3669 meum:
1575 3642 1638 3679 eqo
1665 3629 1852 3667 Dominus.
1887 3626 1967 3667 Νοιι
2004 3629 2122 3666 solum
2149 3625 2255 3666 uoltis

1197 3695 1376 3746 quomodo
1382 3695 1573 3744 peccantes
1582 3693 1787 3731 libertatem
1797 3691 2011 3739 habeamus,
2019 3692 2102 3730 sed
2091 3693 2160 3730 nec
2167 3682 2255 3738 alio-

1197 3756 1279 3795 runi
1294 3751 1463 3794 docti-'iiia
1475 3754 1539 3792 a'ut
1553 3750 1805 3793 exhortatione
1817 3754 1999 3802 egeamus,
2017 3746 2075 3791 le'x
2090 3744 2222 3791 maffl‘
2199 3757 2252 3797 t,

1197 3826 1239 3862 ut
1252 3819 1505 3883 propheticum
1524 3818 1651 3882 illud·
1640 3829 1681 3863 ιιι
1701 3817 1807 3860 nobis
1836 3817 2048 3867 impleretur
2077 3816 2252 3861 verbum

1256 3927 1346 3943 ΝΜ,-
