2540 4016
287 197 356 234 575

731 199 772 236 B.
798 198 969 236 RABANI
992 199 1140 238 MAURI
1164 201 1377 240 ARCfflEP.
1404 204 1609 246 MOGUNT.
1637 211 1826 249 OPERUM
1851 213 1970 252 PARS
1994 213 2020 249 Ι.

2380 217 2450 254 576

282 276 390 312 terra,
410 269 663 317 quinquaqinta
678 271 773 307 siclis
788 271 906 308 vendet
925 275 1074 319 argenti.
1105 273 1144 310 Si
1163 275 1281 311 statim
1294 275 1337 311 ab
1355 276 1391 318 A
1407 285 1508 317 suam
1537 288 1575 318 et
1603 285 1852 331 cognationem
1881 293 1917 323 et
1949 286 2212 334 intelligibilem
2236 287 2383 328 domum
2414 292 2454 328 in

284 338 377 366 anno
391 328 586 375 incipientis
599 330 736 376 Jubilaei
755 332 885 367 voverit
916 344 1055 379 aqrum,
1081 340 1211 380 quanto
1225 334 1340 372 valere

283 393 408 434 potest,
421 394 518 424 tanto
533 390 774 426 (estimabitur.
785 390 822 426 Si
837 399 913 437 post
929 391 1149 438 aliquantum
1159 396 1336 442 temporis,

283 448 486 494 supputabit
505 450 667 486 sacerdos
681 452 878 497 pecuniam,
899 452 1008 498 juxta
1022 465 1194 491 annorum
1211 457 1271 503 qui
1284 469 1339 493 re-

285 507 370 556 liqui
383 517 463 546 sunt
482 522 676 555 numerum,
692 523 800 559 usque
823 513 868 548 ad
886 513 1067 558 iubilaeum
1088 522 1121 551 et
1137 517 1338 554 detrahetur

285 578 328 606 ex
341 572 463 616 pretio.
483 572 584 615 Quod
600 573 631 608 si
650 573 793 609 voluerit
815 575 982 612 redimere
995 588 1119 624 aqram
1137 579 1196 615 ille
1208 581 1267 627 qui
1280 592 1338 617 vo-

285 638 394 674 verat,
409 632 510 668 addet
524 634 681 680 quintam
693 641 827 681 partem
842 637 1021 674 oestimatoe
1031 640 1199 685 pecuniae,
1215 647 1246 676 et
1262 652 1338 687 pos-

286 691 411 727 sidebit
427 704 518 728 eum.

331 751 410 788 Non
430 753 686 799 qualiscunque
704 754 763 791 hic
777 756 919 802 paritur
943 757 1147 806 [quaeritur]
1166 760 1333 805 quaestio.

284 813 396 851 Paulo
417 822 497 862 post
514 817 609 852 enim
628 817 673 853 ad
693 817 803 854 finem
820 818 1004 865 legislator
1021 821 1073 857 sic
1091 821 1179 858 dicit
1199 834 1207 856 :
1227 821 1336 857 Omne

283 876 376 921 quod
398 876 547 912 Domino
570 885 806 923 consecratur,
825 881 896 916 sive
914 882 1016 917 nomo
1036 883 1100 918 erit
1115 884 1184 919 sive
1203 885 1336 927 anima,

283 936 353 971 sive
369 948 466 982 aqer,
483 949 553 973 non
572 940 740 975 vendetur
762 953 822 976 nec
843 942 966 978 redimi
982 945 1134 989 poterit;
1158 945 1336 990 quomodo

281 1005 367 1042 ergo
387 997 436 1032 ibi
451 998 597 1043 quidem
614 1000 742 1036 redimi
763 1002 883 1038 oblata
903 1003 1099 1048 prohibuit,
1131 1005 1190 1040 hic
1216 1011 1336 1041 autem

282 1057 429 1094 domum
449 1065 485 1095 et
509 1071 635 1106 agrum
657 1068 847 1108 postquam
878 1064 1100 1101 sanctificata
1129 1071 1226 1109 sunt,
1250 1077 1338 1112 prae—

281 1119 368 1164 cipit
398 1121 551 1156 redimi:
573 1127 636 1157 aut
667 1121 820 1159 forsitan
852 1126 1058 1163 omnimodo
1078 1126 1185 1163 aliam
1204 1128 1264 1164 hic
1282 1129 1336 1164 in-

1405 343 1680 381 sanctimoniam
1713 349 1919 384 conversari
1951 349 2042 392 vult,
2074 354 2115 384 ut
2142 348 2304 386 Ecclesia
2335 351 2384 388 sit
2417 358 2455 390 et

1404 404 1624 450 appelletur;
1661 409 1966 454 quemadmodum
1994 410 2098 446 multi
2134 409 2295 446 fidelium
2329 411 2456 450 domos

1404 473 1488 501 suas
1517 472 1667 513 propter
1695 469 2017 506 sanctificationem
2047 470 2221 507 ecclesias
2250 471 2454 517 habebant,

1404 524 1497 561 sicut
1518 525 1630 563 Paulo
1646 528 1826 565 scribente
1841 531 1887 565 ad
1899 530 2084 568 Romanos
2102 532 2331 570 audivimus:
2349 532 2457 570 Salu-

1404 590 1474 621 tate
1502 584 1664 622 Priscam
1686 594 1718 623 et
1736 588 1900 635 Aquilam
1925 590 2104 635 adiutores
2134 603 2227 628 meos
2252 593 2290 627 in
2317 592 2458 630 Christo

1403 643 1510 687 Jesu;
1529 647 1589 691 qui
1605 658 1668 692 pro
1695 659 1772 683 mea
1805 650 1923 685 anima
1951 651 2098 687 cervices
2127 664 2210 688 suas
2234 661 2424 700 posuerunt
2443 652 2470 690 .·’

1403 705 1528 750 quibus
1541 716 1610 741 non
1620 718 1680 753 eqo
1690 708 1786 744 solus
1799 703 1933 755 gratias
1950 723 2028 758 aqo,
2044 713 2105 748 sed
2120 719 2152 750 et
2163 725 2280 751 omnes
2288 715 2458 753 Ecclesiae

1403 765 1557 811 qentium
1571 772 1602 801 et
1620 769 1810 805 domestica
1827 782 1947 807 eorum
1961 771 2118 809 Ecclesia
2134 774 2253 821 (Rom.
2270 776 2362 824 xvl).

1453 825 1664 873 Quicunque
1681 839 1767 876 ergo
1792 830 1885 867 hanc
1906 832 2015 869 habet
2032 833 2279 877 intentionem,
2300 836 2378 881 ipse
2394 847 2456 872 au-

1404 892 1477 924 tem
1494 898 1557 934 per
1577 899 1614 925 se
1642 901 1712 926 non
1740 898 1795 927 est
1824 893 1973 929 idoneus
2003 894 2048 929 ad
2076 905 2165 940 opus
2191 897 2390 940 perducere
2415 907 2458 933 ea

1404 959 1484 995 quae
1503 949 1670 994 intendit,
1706 951 1812 996 hujus
1845 954 1992 990 domum
2019 956 2188 992 sacerdos
2214 961 2335 993 utrum
2362 957 2458 994 bona

1405 1018 1451 1043 an
1470 1008 1563 1044 mala
1591 1010 1638 1045 sit
1664 1011 1919 1056 considerabit,
1941 1019 1976 1050 et
2004 1015 2099 1050 sicut
2127 1017 2372 1060 aestimaverit,
2392 1017 2458 1054 sic

1405 1068 1487 1103 erit.
1513 1067 1631 1112 Quare
1645 1075 1766 1105 utrum
1782 1071 1875 1108 bona
1900 1083 1945 1108 an
1965 1074 2074 1117 mala,
2094 1080 2133 1110 ut
2153 1077 2236 1121 quia
2258 1077 2384 1114 domus
2402 1083 2457 1114 est

1404 1138 1449 1164 ex
1475 1129 1596 1165 multis
1623 1131 1787 1176 personis
1811 1138 1848 1169 et
1877 1133 2123 1172 differentibus
2150 1142 2305 1181 constat,
2324 1138 2358 1173 in
2378 1139 2458 1183 qui-

281 1179 493 1223 tentionem‚
517 1180 624 1216 aliam
651 1182 726 1218 illic
743 1182 926 1222 offerentis
959 1187 1059 1222 novit
1077 1198 1086 1223 :
1107 1188 1155 1224 ibi
1176 1189 1335 1234 quidem,
1355 1189 1387 1227 B
1405 1189 1472 1227 bus
1488 1191 1590 1226 multi
1610 1192 1915 1231 condescensione
1934 1203 2054 1242 egent,
2075 1207 2147 1233 non
2170 1198 2331 1234 valentes
2349 1209 2457 1246 agere

280 1244 320 1274 ut
346 1249 575 1286 nequaquam
595 1242 689 1278 ultra
708 1249 842 1281 tractet
858 1247 954 1291 quod
968 1248 1111 1292 obtulit,
1142 1249 1205 1285 sed
1223 1257 1262 1285 ut
1281 1261 1339 1296 pe-

279 1298 376 1334 nitus
397 1299 484 1335 illud
508 1309 742 1339 consecraret
775 1305 871 1348 Deo;
904 1312 1051 1352 propter
1076 1310 1171 1353 quod
1195 1321 1268 1346 non
1287 1311 1338 1346 ait

279 1360 583 1404 quemadmodum
603 1363 688 1398 bic:
709 1363 747 1399 Si
765 1369 1032 1403 consecraverit
1060 1369 1206 1405 domum
1234 1381 1336 1407 suam

278 1425 341 1454 aut
367 1430 493 1466 agrum
512 1423 752 1467 possessionis
769 1435 855 1468 suae,
880 1426 942 1461 sed
963 1438 1064 1462 omne
1077 1429 1170 1474 quod
1184 1429 1335 1468 Domino

277 1488 514 1525 consecratur,
535 1493 661 1519 eorum
688 1484 784 1520 enim
800 1495 878 1531 qnae
894 1486 1138 1524 offerebantur
1154 1490 1228 1526 Deo
1246 1491 1336 1527 nihil

277 1541 409 1578 licebat
440 1543 475 1578 in
503 1554 608 1580 usum
641 1545 838 1582 humanum
870 1548 963 1583 ultra
985 1551 1133 1586 reverti.
1168 1551 1239 1587 Sed
1268 1563 1335 1588 nec

277 1603 446 1639 sacerdos
482 1604 552 1640 illis
583 1606 636 1640 uti
669 1612 825 1651 poterat·
848 1608 1081 1646 Demonstrat
1113 1617 1233 1647 autem
1265 1613 1334 1648 hoc

277 1670 332 1704 ea,
353 1672 433 1707 qnae
451 1668 506 1698 est
529 1663 827 1710 Amalccitarum,
848 1668 1014 1705 historia.
1036 1669 1260 1716 Praeceptum
1278 1679 1334 1709 est

276 1725 372 1760 enim
390 1724 475 1760 Saul
492 1731 531 1760 ut
548 1727 738 1763 anathema
756 1735 879 1764 essent
900 1731 1020 1766 omnIa
1040 1731 1186 1768 Amalec
1204 1734 1330 1779 spolia,

277 1790 312 1820 ct
340 1785 435 1830 quod
468 1787 649 1822 concessit
673 1788 804 1834 populo
835 1790 997 1834 quaedam
1027 1792 1072 1828 dc
1105 1794 1274 1840 gregibus
1298 1801 1333 1830 et

276 1844 450 1880 armentis
488 1846 653 1892 accipere
670 1875 679 1890 ,
720 1848 954 1886 maledictum
993 1854 1128 1898 grande
1168 1855 1333 1902 iramque

275 1904 461 1948 sustinuit,
488 1912 523 1941 et
544 1907 748 1944 nullatenus
771 1910 803 1945 ei
831 1911 877 1946 ad
906 1911 1191 1950 satisfactionem
1224 1916 1333 1953 suffc-

275 1966 336 2007 cit,
353 1977 436 2002 cum
451 1968 671 2005 irasceretur
685 1970 831 2007 Samuel
846 1978 883 2008 et
896 1973 1095 2020 inquireret
1110 1988 1188 2024 quae
1203 1985 1252 2014 est
1266 1990 1333 2015 vox

274 2029 385 2073 qreqis
424 2029 529 2075 hujus
557 2030 595 2065 in
622 2031 767 2067 auribus
793 2034 878 2069 meis
908 2041 939 2070 et
971 2047 1036 2071 vox
1068 2045 1327 2084 armentorum,

275 2097 381 2132 quam
412 2099 473 2133 eqo
504 2089 610 2125 audio
630 2090 667 2136 (1
691 2090 776 2137 Req.
798 2093 882 2140 xv);
918 2095 1068 2142 ipseque
1094 2101 1330 2145 responderet

276 2145 346 2180 alia
368 2146 413 2181 ad
429 2148 641 2193 prophetam
658 2151 792 2193 verba;
816 2158 850 2188 et
867 2163 947 2198 quae
961 2158 1089 2192 erant?
1110 2158 1161 2193 De
1187 2159 1330 2196 Amalec

275 2204 410 2240 adduxi
438 2217 478 2241 ea
505 2218 583 2253 quoe
614 2211 793 2255 acquisivit
821 2213 997 2259 'populus,
1033 2216 1178 2253 meliora
1218 2221 1330 2266 qreqis

276 2272 308 2301 et
328 2266 445 2310 boum,
471 2274 507 2302 ut
531 2268 753 2306 immolentur
772 2271 923 2309 Domino
939 2273 1012 2310 Deo
1029 2281 1102 2319 tuo,
1122 2277 1255 2323 reliqua
1274 2290 1332 2314 oc-

275 2326 436 2363 cidimus.
458 2328 553 2375 Ergo
572 2330 669 2366 aliud
690 2337 745 2367 est
765 2333 994 2370 sanctificare
1015 2335 1104 2379 Deo,
1129 2336 1213 2373 licet
1233 2338 1330 2374 enim

275 2388 307 2423 ei
326 2388 386 2433 qui
410 2390 661 2434 sanctificavit,
682 2391 750 2428 hoc
773 2395 879 2430 modo
896 2395 1021 2442 utique
1045 2407 1140 2433 nunc
1155 2398 1260 2435 nobis
1281 2398 1332 2435 le-

276 2447 426 2492 gislator
445 2450 625 2494 ostendit;
655 2451 751 2488 aliud
785 2460 840 2489 est
869 2456 1062 2492 anathema
1087 2458 1173 2503 quid
1197 2458 1329 2495 facere.

276 2507 388 2553 Hujtis
402 2509 498 2545 enim
519 2521 606 2547 usus
630 2513 832 2558 prohibitus
854 2521 921 2552 cst.
953 2515 1089 2554 Similis
1109 2524 1230 2555 autem
1247 2520 1331 2558 huic

274 2574 309 2604 et
327 2569 529 2607 intellectus
550 2572 684 2618 suscipi
712 2573 819 2610 debet
839 2577 1168 2623 contemplationis,
1196 2580 1260 2616 sed
1286 2580 1330 2617 de

273 2629 502 2666 anathemate
529 2632 674 2677 quidem
702 2633 877 2679 dicemus,
899 2637 1043 2682 quando
1066 2637 1110 2673 ad
1126 2638 1224 2675 illam
1243 2649 1329 2686 par-

274 2695 348 2725 tem
364 2692 562 2728 sanctionis
582 2695 867 2738 pervenerimus.
899 2697 1001 2734 Nunc
1029 2707 1147 2736 autem
1178 2701 1265 2747 quid
1284 2701 1331 2738 sit

273 2749 420 2785 domum
451 2752 692 2797 sanctificare,
726 2756 811 2799 quid
839 2767 967 2803 agrum
1001 2759 1208 2805 doceamus,
1240 2767 1330 2798 nutu

273 2816 485 2857 suggerente
522 2813 683 2857 spiritus,
715 2814 784 2849 hoc
809 2817 925 2861 primo
944 2818 1023 2854 loco
1046 2819 1219 2863 dicentes,
1247 2822 1329 2867 quia

277 2870 374 2906 aliud
391 2876 444 2906 est
463 2872 692 2908 sanctificare
710 2872 797 2916 Deo,
816 2874 909 2911 aliud
932 2882 1094 2913 sanctum
1112 2888 1190 2914 esse
1206 2890 1215 2922 ;
1234 2880 1330 2915 aliud

279 2927 401 2964 offerri
440 2931 472 2965 ei
510 2931 670 2976 aliquid,
713 2931 807 2967 aliud
837 2943 907 2968 non
937 2944 1025 2980 opus
1053 2936 1186 2972 habere
1226 2938 1327 2973 obla-

273 2989 371 3024 tione
391 3001 398 3024 :
417 2990 479 3025 sed
506 2999 586 3026 esse
616 2991 679 3026 Dei
703 2997 739 3027 et
765 2991 949 3031 offerentis
980 3005 1051 3031 non
1075 3007 1195 3042 egere.
1223 2997 1327 3041 Quod

277 3049 374 3084 enim
404 3050 652 3086 sanctificatur
682 3057 719 3087 et
749 3051 913 3098 offertur,
932 3064 975 3090 eo
995 3066 1065 3101 quo
1083 3055 1231 3093 offertur
1245 3069 1328 3094 san-

273 3108 426 3145 ctificari
442 3110 581 3156 incipit.
605 3111 700 3156 Ergo
716 3112 816 3157 prius
835 3123 906 3149 non
925 3119 1004 3150 erat
1022 3122 1199 3152 sanctum.
1223 3117 1326 3161 Quod

275 3174 396 3205 autem
417 3170 543 3216 incipit
563 3171 799 3217 sanctificari,
831 3174 899 3211 hoc
929 3184 1018 3221 opus
1051 3176 1160 3212 habet
1185 3183 1220 3213 et
1241 3188 1326 3223 pro—

274 3237 417 3269 vectum
436 3237 472 3269 et
490 3243 556 3280 per
569 3239 692 3280 partes
712 3242 957 3282 augmentum.
977 3236 1081 3281 Quod
1106 3243 1225 3273 autem
1240 3238 1326 3274 olim

274 3298 441 3329 sanctum
461 3297 530 3337 est,
552 3299 588 3330 et
605 3294 691 3330 olim
710 3301 767 3331 est
780 3296 858 3340 Dei,
875 3297 945 3333 hoc
960 3296 1051 3332 nibil
1066 3297 1186 3333 minus
1204 3297 1325 3340 habet,

274 3352 337 3388 sed
369 3359 424 3389 est
452 3353 668 3400 perfectum,
709 3365 776 3392 nec
808 3356 882 3392 ullo
915 3357 1160 3394 additamento
1192 3367 1326 3404 egens:

271 3418 463 3457 propterea
493 3415 628 3451 bonum
660 3416 806 3462 quidem
838 3422 895 3454 est
916 3423 953 3454 et
975 3417 1148 3454 doctrinis
1175 3418 1326 3454 aliorum

276 3471 322 3508 ad
351 3473 674 3513 sanctificationem
704 3478 779 3522 uti;
813 3478 942 3515 melius
970 3484 1091 3515 tamen
1123 3479 1160 3516 in
1186 3484 1327 3515 tantum

274 3523 463 3578 proficere,
494 3541 535 3571 ut
558 3538 638 3582 quis
668 3543 705 3574 et
735 3540 983 3587 semetipsum,
1014 3546 1052 3577 et
1073 3550 1136 3577 eos
1167 3541 1228 3586 qui
1251 3540 1328 3587 ejus

277 3599 385 3638 sunt,
431 3596 477 3631 ad
515 3598 837 3636 sanctificationem
883 3601 1082 3647 perducat,
1122 3603 1218 3647 quod
1256 3612 1327 3638 non

279 3655 398 3692 omnis
429 3656 497 3692 viri
529 3664 605 3702 est,
633 3660 696 3696 sed
730 3660 841 3697 solius
873 3662 1020 3698 sensati.
1059 3662 1103 3698 Et
1135 3663 1211 3699 baec
1245 3667 1328 3699 sunt

281 3721 362 3756 quae
388 3714 426 3750 in
455 3716 524 3752 hoc
548 3717 626 3755 loco
644 3719 850 3766 significare
878 3721 1061 3768 legislator
1091 3723 1330 3759 intentionem

277 3769 399 3811 hebet.
427 3773 638 3816 §auctificat
663 3789 751 3827 ergo
782 3781 928 3819 domum
959 3782 1033 3822 Deo
1061 3783 1124 3830 qui
1151 3782 1327 3824 familiam

1405 1255 1468 1286 aut
1497 1260 1623 1296 sapere
1650 1262 1730 1296 quae
1761 1253 1922 1298 perfecta
1957 1261 2053 1298 sunt,
2095 1256 2183 1292 nihil
2217 1257 2269 1293 eis
2295 1258 2458 1304 injungat

1404 1319 1525 1354 grave,
1556 1311 1618 1346 sed
1639 1311 1921 1359 uniuscujusque
1937 1324 2092 1360 pensans
2114 1316 2298 1359 virtutem,
2323 1327 2343 1351 a
2361 1317 2457 1353 malo

1404 1377 1465 1403 eos
1483 1368 1665 1406 declinare
1679 1375 1716 1407 et
1729 1372 1774 1407 ad
1792 1372 1946 1409 virtutes
1961 1383 2023 1411 eos
2036 1374 2213 1420 proficere
2226 1374 2366 1421 jubeat.
2391 1375 2456 1412 Sin

1404 1419 1519 1463 autem
1539 1429 1597 1465 ille
1624 1432 1841 1476 quivoverat
1872 1433 2016 1470 voluerit
2050 1436 2218 1472 redimere
2245 1449 2338 1481 eam,
2359 1438 2455 1473 dabit

1402 1490 1559 1535 quintam
1590 1498 1726 1537 partem
1758 1495 2000 1532 (estimationis
2025 1508 2131 1543 supra
2164 1505 2196 1533 et
2225 1500 2362 1534 habebit
2394 1501 2458 1535 do-

1402 1559 1519 1591 mum;
1544 1549 1579 1585 id
1594 1556 1669 1593 est,
1695 1551 1726 1587 si
1746 1552 1874 1590 domus
1893 1554 2083 1600 Dominus,
2114 1558 2175 1602 qui
2198 1567 2279 1594 eam
2297 1559 2456 1596 sanctifi-

1403 1617 1486 1643 care
1511 1608 1600 1651 vult,
1622 1620 1705 1645 cum
1724 1621 1795 1647 non
1814 1611 1942 1649 fuisset
1963 1621 2087 1651 sancta
2101 1616 2215 1662 prius,
2240 1628 2308 1655 nec
2320 1619 2457 1664 potuis-

1402 1673 1457 1704 set
1488 1668 1648 1704 Ecclesia
1684 1671 1878 1717 appellari;
1910 1684 1993 1709 nam
2029 1680 2064 1710 et
2086 1676 2307 1714 sanctificata
2332 1679 2455 1725 utique

1402 1735 1510 1774 esset,
1534 1732 1629 1777 quod
1656 1744 1753 1769 nunc
1778 1744 1816 1770 se
1844 1735 1893 1770 ita
1926 1746 1998 1772 non
2022 1737 2143 1781 babet,
2175 1739 2238 1775 sed
2269 1741 2455 1776 exordium

1402 1790 1497 1835 capit
1528 1791 1824 1830 sanctificationis
1849 1804 1858 1829 :
1886 1795 1916 1831 si
1951 1805 2037 1842 ergo
2064 1797 2124 1833 hic
2150 1798 2276 1835 redimi
2309 1800 2455 1837 domum

1402 1860 1502 1886 suam
1523 1852 1599 1887 vult
1618 1852 1706 1889 illud
1729 1854 1892 1891 absolute
1924 1857 2105 1894 mundans
2135 1858 2213 1905 eJ‘us
2249 1861 2344 1905 quod
2372 1872 2454 1898 eam

1401 1911 1727 1949 sanctificationem
1747 1923 1853 1961 egere
1871 1917 2072 1954 sacerdotis
2086 1918 2375 1958 exhortationem
2391 1931 2454 1958 ne-

1401 1974 1598 2009 cessariam
1618 1975 1753 2012 habere
1776 1975 1952 2022 faciebat3
1974 1979 2121 2016 redimit
2140 1985 2261 2017 autem
2286 1991 2365 2020 eam
2390 1991 2455 2029 per

1402 2035 1603 2071 doctrinam
1635 2041 1672 2073 et
1691 2037 1774 2074 vitae
1801 2037 2013 2082 formulam,
2046 2040 2206 2078 liberans
2237 2051 2299 2079 eos
2328 2049 2365 2079 et
2399 2043 2452 2080 di-

1349 2081 1380 2124 C
1402 2093 1505 2130 luens
1521 2095 1696 2142 quidquid
1713 2097 1766 2133 eis
1783 2098 1953 2135 obviabat
1976 2099 2021 2136 ad
2047 2101 2337 2147 sanctimoniam,
2365 2104 2454 2150 quid

1396 2156 1528 2192 saciet?
1556 2157 1676 2202 Dabit,
1702 2159 1794 2203 sive,
1810 2162 2005 2199 secundum
2033 2162 2280 2210 Septuaginta,
2313 2165 2454 2211 adjiciet

1396 2216 1554 2262 quintam
1574 2225 1708 2263 partem
1733 2221 1974 2258 (estimationis
1998 2234 2129 2270 supra,·
2145 2225 2345 2262 sacerdotis
2356 2226 2453 2265 enim

1399 2275 1587 2321 doctrinae,
1610 2279 1668 2314 cui
1685 2280 1830 2317 domum
1847 2283 1891 2318 ab
1911 2283 2013 2319 initio
2034 2294 2138 2320 suam
2160 2285 2290 2321 obtulit
2310 2290 2350 2322 ut
2372 2295 2453 2323 eam

1399 2337 1609 2382 aestimaret,
1627 2339 1663 2375 id
1682 2346 1750 2384 est,
1784 2342 2029 2379 definitionem
2060 2345 2261 2391 imponeret
2279 2346 2325 2382 ad
2341 2356 2450 2392 quam

1400 2398 1546 2434 deberet
1565 2404 1663 2435 stare
1678 2401 1755 2439 sive
1773 2405 1996 2448 conversari,
2013 2406 2089 2451 ipse
2109 2406 2254 2451 adjiciet
2271 2408 2340 2444 hoc
2358 2408 2453 2454 quod

1399 2463 1454 2494 est
1473 2458 1698 2503 intellectus;
1717 2460 1786 2498 hoc
1806 2462 1902 2497 enim
1922 2469 1977 2499 est
1994 2464 2132 2509 quinta,
2153 2465 2190 2500 id
2210 2470 2279 2508 est,
2308 2471 2349 2501 ut
2374 2477 2453 2512 quae

1399 2519 1571 2556 dicuntur
1599 2522 1773 2571 suscipiat
1799 2528 1835 2559 et
1858 2525 2119 2570 superaedificet
2143 2526 2343 2564 sacerdotis
2373 2538 2451 2564 ser-

1399 2581 1587 2624 monibus;
1608 2581 1834 2628 frequentior
1850 2585 1947 2620 enim
1973 2587 2269 2623 commemoratio
2290 2593 2453 2624 sensatos

1398 2645 1434 2677 et
1449 2639 1689 2686 intelligentes
1703 2642 1869 2678 homines
1882 2642 1982 2679 tacit.
2001 2644 2047 2680 Et
2063 2645 2113 2680 sic
2125 2645 2264 2682 habebit
2285 2646 2450 2690 domum;

1398 2710 1470 2736 non
1500 2701 1655 2747 perdens
1688 2702 1908 2739 sanctificari
1938 2703 2033 2748 Deo,
2057 2714 2125 2741 nec
2160 2705 2198 2740 in
2229 2705 2399 2742 damnum
2417 2707 2450 2741 ei

1399 2761 1645 2804 convertitur;
1679 2762 1742 2797 sed
1768 2763 1917 2799 babebit
1937 2774 2033 2808 eam,
2053 2765 2137 2810 quia
2157 2765 2189 2800 ei
2212 2765 2450 2802 sanctificatio

1398 2819 1553 2865 propriae
1582 2819 1709 2856 domus
1742 2822 1947 2866 ascribitur,
1976 2833 2048 2860 non
2076 2823 2192 2859 solum
2211 2829 2251 2859 ut
2271 2823 2447 2867 offerenti,

1399 2879 1463 2914 sed
1479 2884 1514 2915 et
1535 2885 1573 2914 ut
1589 2880 1731 2915 docenti
1748 2891 1757 2916 :
1774 2882 1897 2928 sicque
1922 2893 1995 2919 suae
2017 2884 2141 2920 domui
2166 2884 2258 2921 bene
2280 2885 2452 2932 praeposi.

1399 2943 1456 2973 tus
1480 2943 1516 2973 ct
1539 2949 1760 2985 recuperans
1790 2952 1872 2978 cam
1901 2944 1970 2980 sibi
2000 2944 2168 2981 sacerdos
2188 2945 2450 2991 quodammodo

1400 2998 1592 3034 invenitur.
1623 3001 1713 3044 Quia
1744 3001 1876 3040 Paulus
1907 3015 1989 3040 eum
2016 3006 2078 3052 qui
2105 3006 2173 3042 scit
2195 3015 2351 3052 proeesse
2376 3017 2450 3042 suae

1401 3060 1536 3103 domui,
1561 3062 1606 3097 ad
1631 3063 1858 3110 episcopatus
1873 3065 2090 3103 electionem
2110 3072 2217 3113 atque
2235 3067 2448 3114 dignitatem

1401 3121 1606 3158 sublimavit
1626 3123 1661 3170 (Ι
1679 3123 1768 3159 Tim.
1789 3125 1858 3172 111).
1876 3126 2030 3173 Propter
2048 3129 2144 3174 quod
2157 3128 2302 3175 Aquila,
2320 3139 2386 3175 pro
2405 3139 2448 3166 eo

1399 3180 1494 3224 quod
1527 3181 1662 3217 dictum
1693 3188 1773 3219 est:
1795 3185 1855 3228 qui
1880 3195 1959 3220 eam
1983 3186 2247 3231 sanctificavit,
2278 3188 2446 3224 redimit:

1401 3239 1441 3275 Si
1467 3241 1690 3285 sanctificans
1717 3242 1763 3276 ad
1779 3243 1884 3286 finem
1905 3244 2038 3288 fecerit,
2068 3247 2191 3282 edidit.
2215 3246 2308 3292 Quid
2329 3253 2446 3284 aulem

1397 3308 1442 3334 ex
1468 3299 1536 3333 hoc
1565 3299 1766 3335 discimus?
1791 3301 1882 3344 Quia
1901 3302 1931 3337 si
1950 3303 2076 3340 domus
2107 3305 2175 3340 sibi
2205 3307 2447 3353 principatum

1397 3365 1435 3396 et
1459 3360 1769 3405 gubernationem,
1806 3362 1867 3407 qui
1899 3363 2164 3409 sanctificavit,
2200 3365 2380 3410 vindicat,
2411 3372 2448 3403 et

1397 3421 1492 3458 hanc
1507 3422 1583 3468 ipse
1604 3422 1792 3467 acquirere
1811 3423 1886 3458 vult
1903 3451 1911 3459 .
1930 3425 1974 3460 ad
1993 3424 2103 3461 tinem
2121 3433 2243 3463 autem
2258 3426 2377 3464 faeere
2394 3438 2448 3465 se-

1397 3482 1554 3518 cundum
1578 3481 1693 3529 legem
1719 3487 1786 3524 est,
1819 3482 1900 3519 aliis
1929 3484 2023 3522 sicut
2045 3491 2240 3531 cognatum
2269 3488 2445 3535 praeponi,

1400 3542 1479 3578 haec
1510 3541 1619 3578 faciat
1649 3553 1730 3589 quae
1760 3542 1795 3578 in
1822 3544 1992 3588 praesenti
2020 3544 2204 3592 legislator
2226 3546 2346 3593 jussit.
2376 3548 2446 3586 His

1399 3606 1519 3636 autem
1552 3601 1600 3637 ita
1628 3610 1666 3636 se
1697 3600 1928 3645 habentibus,
1959 3604 2056 3649 quod
2079 3606 2225 3652 proprie
2255 3610 2444 3654 argentum

1398 3661 1604 3697 divinorum
1644 3661 1871 3707 eloquiorum
1911 3664 2104 3702 doctoralis
2137 3667 2343 3704 exhortatio
2371 3666 2444 3712 sit,

1398 3723 1481 3760 audi
1496 3723 1609 3759 David
1625 3724 1802 3759 dicentem
1818 3736 1826 3759 ε
1843 3723 1994 3771 Eloquia
2011 3725 2153 3763 Domini
2170 3727 2310 3776 eloquia
2325 3733 2440 3772 casta,

1397 3789 1577 3832 argentum
1605 3783 1684 3832 iqne
1702 3784 1950 3833 ‚examinatum
1979 3785 2163 3834 probatum
2185 3792 2289 3826 terroe
2304 3797 2446 3837 purga·-
