2540 4016
51 113 124 152 285

52 256 264 295 innocentia
274 256 358 294 boni
371 255 502 304 operis,
511 254 567 291 vel
577 248 614 290 in
623 252 768 290 sublimi
777 257 882 300 pastu
892 249 1115 298 contempla-

53 317 163 354 tionis
185 319 391 355 ascendere.
406 315 553 358 Et,bene
567 324 696 363 agnam
713 313 757 351 de
768 313 949 361 gregibus,
966 322 1115 359 capram

52 389 147 417 vero
164 381 293 418 offerre
308 381 352 417 de
361 379 531 427 gregibus
547 388 617 414 non
632 377 791 423 ‚iubetuig
809 377 893 423 quia
909 376 1025 412 activa
1040 375 1115 411 vita

53 442 254 479 multorum
271 447 337 485 est,
357 440 631 486 contemplativa
648 448 859 485 paucorum.
874 437 919 473 Et
935 447 1016 473 cum
1037 436 1116 473 haec

54 512 71 535 ss
81 504 197 551 giinus
208 514 287 550 qua}
302 500 432 538 multos
447 511 552 548 agere
566 506 601 536 et
616 500 732 547 egisse.
746 499 1001 545 conspicimus,
1012 497 1115 543 quasi

58 574 187 611 agnam
210 564 252 600 de
276 563 443 610 gregibus
460 563 606 605 damus;
626 561 687 597 sed
702 571 783 597 cum
798 559 985 595 offerentis
1000 559 1115 595 virtus

57 626 100 660 ad
113 635 242 672 agnam
252 634 468 670 capramque
483 635 553 659 non
570 623 713 665 suflicit,
724 623 758 658 in
770 622 929 658 remedio
939 621 1116 667 poeniteu-

57 686 116 722 tiae
133 686 340 732 adjungitur
355 691 392 721 ut
410 684 480 721 duo
497 685 744 721 columbarum
763 683 849 729 pulli
865 683 920 718 vel
940 684 1019 719 duae
1040 688 1117 718 tur-

56 751 155 782 tures
172 745 383 782 oli'erantur.
411 746 553 782 Scimus
572 747 655 792 quia
677 745 924 781 columbarum
943 743 1030 789 pulli
1051 753 1115 789 pro

55 814 163 845 cantu
183 810 336 855 gemitus
355 809 508 853 hahent;
531 810 616 855 qnid
634 819 719 854 ergo
738 818 802 853 per
819 807 908 843 duos
933 806 1117 842 columha-

55 882 135 906 rum
155 871 283 917 pullos,
301 870 356 906 vel
374 870 463 906 duos
480 876 650 911 turtures,
668 869 736 903 nisi
751 867 879 913 duplex
894 866 1116 911 poenitcntiae

53 937 188 967 nostrae
221 932 374 979 gemitus
407 930 635 976 designatur?
668 933 707 963 ut
739 938 821 963 cnm
856 927 900 963 ad
933 926 1115 962 offerenda

53 992 146 1027 hona
172 1003 280 1038 opera
303 1003 372 1027 non
394 991 628 1037 assurgimus,
657 989 900 1034 nosmetipsos
925 988 1117 1034 dupliciter

54 1053 260 1094 defleamus,
282 1052 366 1098 quia
387 1056 423 1086 et
442 1057 541 1086 recta
565 1061 637 1086 uon
659 1051 821 1089 fecimus,
842 1056 878 1086 et
900 1061 1011 1096 prava
1029 1061 1116 1096 ope-

53 1187 138 1212 vero
169 1175 290 1211 offerri
318 1176 353 1210 in
387 1175 637 1211 holocaustum
663 1175 832 1221 jubetur,
867 1175 1116 1210 holocaustum

51 1246 209 1283 namque
237 1241 352 1272 totum
374 1237 558 1272 incensum
587 1237 730 1272 dicitur.
754 1237 873 1273 Unum
893 1247 978 1283 ergo
1001 1242 1117 1272 turtu-

52 1309 128 1335 rem
150 1310 215 1346 pro
235 1304 383 1344 peccato
404 1298 603 1342 offerimus,
626 1309 706 1334 cum
734 1309 800 1345 pro
818 1299 920 1345 eulpa
942 1299 1115 1345 gemitum

53 1361 197 1405 datuus3
232 1361 275 1397 de
307 1361 420 1397 altero
448 1371 535 1397 vero
557 1361 808 1397 holocaustum
836 1361 1003 1404 facimus,
1033 1372 1115 1398 cunt

50 1433 117 1470 pru
135 1433 177 1459 eo
196 1423 289 1469 quod
309 1423 401 1458 bona
427 1422 666 1469 negleximus,
689 1423 931 1469 nosmetipsos
954 1423 1115 1458 funditus

53 1483 314 1519 succendentes
334 1484 415 1530 igne
434 1484 567 1520 doloris
592 1485 772 1520 ardemus.
804 1484 878 1519 Nee
899 1484 1042 1519 silentio
1062 1488 1117 1519 est

52 1544 363 1589 praetereundum,
400 1544 436 1578 in
470 1543 539 1578 hae
571 1543 752 1579 oblatione
788 1544 939 1579 turturis
971 1543 1026 1578 vel
1058 1553 1116 1578 co-

53 1603 183 1639 lumbae
198 1614 277 1649 quae
296 1614 361 1649 pro
378 1608 527 1649 peccato
539 1603 685 1650 jubetur
700 1603 835 1646 oll'erri,
856 1608 963 1649 atque
979 1608 1018 1638 ut
1034 1608 1116 1649 post

54 1670 208 1701 mortem
228 1662 354 1700 hostiae
371 1665 514 1711 corpori
536 1671 641 1711 caput
659 1665 847 1706 inhaereat,
868 1664 951 1710 quia
982 1664 1115 1700 Media-

53 1728 143 1764 toris
163 1728 275 1764 nostri
294 1737 447 1773 persona
467 1727 657 1773 allegorice
682 1727 716 1762 in
743 1737 784 1762 ea
803 1731 922 1772 potest
949 1726 1112 1772 intelligi.

54 1787 127 1835 (Ex
156 1785 354 1834 Greqorio.)
388 1785 639 1832 Redemptoris
668 1786 765 1822 enim
795 1787 911 1822 nostri
942 1796 1040 1822 mors
1070 1786 1115 1821 ad

37 1849 342 1895 conjunctionem
363 1849 416 1884 sui
438 1849 615 1895 corporis,
644 1848 681 1884 id
700 1854 756 1884 est
777 1848 963 1892 Ecclesiae,
987 1848 1111 1891 valuit,

52 1921 123 1947 non
144 1910 189 1947 ad
209 1910 487 1957 separationem.
510 1908 684 1948 Mediator
700 1911 835 1947 etenim
854 1911 917 1947 Dei
937 1915 973 1947 et
998 1912 1114 1947 homi-

51 1982 135 2008 num
150 1999 159 2015 ,
182 1972 218 2008 id
236 1978 291 2008 est
316 1977 425 2019 eaput
442 1973 602 2009 omnium
625 1978 808 2016 nostrum,
833 1978 868 2008 et
893 1982 987 2009 verae
1006 1984 1112 2008 mun-

38 2033 206 2070 ·dationis
237 2034 375 2074 hostia,
407 2035 502 2070 unde
531 2045 597 2081 pro
630 2035 734 2071 nobis
764 2040 919 2071 mortem
949 2036 1110 2082 pertulit,

51 2095 134 2131 inde
161 2096 265 2132 nobis
284 2097 405 2132 verius
433 2096 588 2133 inhaesit.
618 2097 706 2134 Post
730 2098 927 2134 sectionem
951 2108 1036 2146 ergo
1056 2109 1116 2135 ca-

39 2161 115 2202 ¹put
131 2157 281 2193 turturis
305 2168 369 2194 suo
396 2158 537 2204 corpori
563 2158 734 2202 inhaeret,
757 2160 841 2205 quia
865 2159 1051 2196 Christum
1071 2161 1114 2195 ab

53 2218 213 2254 Ecclesia
231 2229 297 2255 nec
316 2230 415 2262 mors
437 2220 680 2258 interveniens
699 2222 835 2258 dividit.
859 2221 1115 2260 Persecutores

40 2278 164 2326 »igitur
186 2285 403 2326 peregerunt
429 2280 499 2317 hoe
524 2282 619 2327 quod
643 2284 845 2329 perniciose
866 2284 980 2321 moliti
1007 2290 1112 2329 sunt;

41 2340 250 2377 <intulerunt
271 2348 444 2386 mortem,
472 2348 512 2379 ut
536 2344 581 2380 ab
608 2355 650 2381 eo
678 2346 931 2382 abscinderent
955 2345 1115 2383 fidelium

41 2401 300 2446 ·devotionem;
336 2403 398 2438 sed
431 2403 514 2440 inde
542 2405 630 2441 fides
663 2407 800 2450 crevit,
834 2408 930 2444 unde
954 2409 1048 2444 lianc
1077 2419 1115 2445 se

41 2463 283 2509 *exstinguere
299 2463 498 2500 infidelium
515 2466 711 2503 erudelitas
726 2469 896 2512 credidit;
910 2479 1064 2515 cumque
1078 2480 1116 2506 se

41 2522 234 2558 aestimant
269 2522 346 2568 ejus
383 2525 557 2562 miracula
593 2529 842 2574 persequendo
875 2530 1088 2566 abscindere
1104 2558 1113 2574 ‚

42 2584 149 2620 thane
185 2584 356 2619 nimirum
387 2586 562 2632 compulsi
601 2594 684 2624 sunt
721 2591 914 2626 nesciendo
948 2591 1113 2626 dilatare.

41 2643 144 2687 Quis
161 2652 315 2689 namque
335 2651 442 2690 caput
455 2653 618 2681 nostrum
633 2653 708 2691 est,
731 2649 801 2684 nisi
818 2649 1038 2696 Redemptor
1056 2661 1116 2698 ge-

42 2706 154 2741 :neris
172 2706 345 2741 humani?
363 2703 406 2742 de
424 2717 495 2752 quo
514 2709 688 2754 seriptum
706 2715 762 2746 est
779 2723 786 2745 :
813 2710 930 2758 Ipsum
946 2712 1040 2748 dedit
1057 2725 1116 2749 ca-

41 2772 115 2814 ,put
135 2776 240 2812 supra
258 2777 394 2802 omnem
413 2767 607 2804 Ecclesiam
627 2769 733 2817 (Eph.
753 2770 792 2818 ι),
814 2782 894 2817 quae
913 2778 967 2809 est
984 2784 1116 2821 corpus

4 2858 5 2861 ,
42 2828 192 2875 tipsius,
224 2837 331 2876 quem
365 2839 445 2865 eum
479 2830 593 2867 Judaei
625 2839 951 2879 persequerentur,
984 2842 1114 2872 nomen

0 2909 2 2915 ·
41 2888 133 2936 «ejus
150 2889 273 2925 delere
293 2889 337 2925 de
355 2894 448 2925 terra
469 2891 588 2926 eonati
609 2898 704 2936 sunt,
724 2904 876 2940 eumque
897 2905 979 2931 eum
999 2897 1117 2932 cruci-

43 2949 165 2986 tflxum
185 2956 223 2986 et
247 2951 424 2998 sepultum
448 2953 639 2997 viderunt,
663 2963 746 2990 eum
764 2965 803 2991 se
823 2950 868 2992 ab
887 2967 1010 2994 amore
1034 2967 1113 2994 om—

43 3010 156 3047 mium
187 3012 353 3048 divisisse
383 3013 626 3050 crediderunt.
661 3014 732 3051 Sed
758 3021 866 3062 eaput
898 3019 1049 3056 turturis
1078 3026 1114 3056 et

42 3071 208 3109 tinetsum
226 3078 299 3115 est,
325 3079 362 3110 et
384 3079 503 3110 tamen
522 3085 540 3110 a
567 3085 632 3112 suo
655 3085 807 3122 corpore
826 3078 1024 3115 abscissum
1043 3089 1114 3115 non

42 3137 126 3177 ieet,
146 3134 229 3179 quia
245 3143 290 3169 ex
305 3143 349 3170 eo
367 3135 462 3180 quod
479 3145 545 3181 pro
560 3136 664 3172 nobis
683 3142 835 3173 mortem
852 3139 1022 3184 pertulit,
1038 3151 1116 3176 om-

42 3198 122 3236 mes
143 3202 209 3228 nos
229 3193 296 3229 sibi
318 3193 438 3230 verius
466 3195 502 3230 in
529 3195 642 3241 ipsam
664 3202 766 3233 suain
793 3205 946 3234 mortem
966 3196 1116 3246 eonju‘m

44 3250 125 3296 isse.
145 3254 218 3302 (Em
236 3254 440 3303 Hesychia.)
462 3255 551 3300 Quia
575 3263 695 3294 autem
719 3267 790 3295 non
807 3269 915 3296 omne
934 3260 1040 3298 facile
1059 3269 1115 3299 est

42 3308 107 3359 Μ
122 3316 370 3362 poenitendum
395 3321 552 3364 tempus,
580 3318 654 3355 imo
681 3319 872 3367 aliquando
901 3327 939 3358 et
958 3322 1114 3368 difficile,

42 3369 56 3429 Ι
153 3380 185 3420 ⁸3
199 3378 349 3423 quando
366 3378 469 3414 abusi
495 3386 619 3416 sumus
632 3380 722 3427 ,ipsa
740 3382 975 3428 poenitentia,
998 3385 1116 3420 virtu-

42 3436 56 3472 1
127 3485 133 3490 ⁴
218 3438 299 3485 eius
317 3440 583 3486 qttodammodo
609 3442 854 3488 abolevimus,
883 3444 980 3490 quod
995 3445 1118 3481 evenit

40 3503 57 3539 1
131 3547 145 3550 Ν
180 3498 310 3540 »inne
334 3495 506 3548 peccans,
527 3507 564 3538 et
590 3503 768 3550 paenitere
797 3513 836 3540 se
862 3504 1050 3548 simulans,
1072 3505 1118 3541 ad

254 3562 421 3606 audeat.
445 3563 541 3609 quod
558 3569 596 3600 et
607 3563 738 3602 Petrus
755 3565 1026 3612 reprehendens
1041 3566 1117 3602 niti

234 3659 243 3669 ,,
269 3622 418 3661 mwri
431 3625 614 3670 proverbii
631 3637 641 3661 ι
656 3624 764 3663 Canis
781 3636 938 3664 moerens
953 3627 1000 3663 ad
1016 3637 1119 3663 cuum

243 3683 385 3730 „wia
404 3683 482 3722 Mn
497 3682 538 3723 ix
553 3685 736 3724 witlam
750 3688 839 3725 mi
865 3687 927 3738 (st
943 3686 1043 3725 Petr.
1062 3688 1119 3736 ιι).

69 3726 366 3828 HQ
440 3745 627 3794 >mim
645 3747 840 3790 torm
853 3755 918 3789 ιιι
931 3749 1120 3796 numa..

676 107 1012 149 EXPOSITIONES
1037 107 1083 144 IN
1109 108 1376 149 LEVITICUM.
1403 133 1452 140 —
1476 113 1563 151 LIB.
1587 113 1615 150 I.

53 192 499 240 iunipiere,adsacrificium
509 183 573 228 bei
582 201 660 228 sese
673 179 1063 233 studiosiusdebet‚vel
1078 180 1114 224 in
1132 188 1167 230 Δ
1184 195 1223 226 ut
1245 182 1357 234 Esau,
1381 189 1443 238 qui
1465 197 1608 237 propter
1631 194 1739 224 unam
1765 195 1881 226 escam
1898 193 2053 230 vendidit
2070 195 2247 242 primitiva

2174 115 2246 157 286

1182 260 1277 287 sua:
1300 250 1421 287 scitote
1450 251 1542 286 enim
1569 250 1653 297 quia
1682 253 1715 285 et
1742 255 1862 296 postea
1891 251 2011 291 volens
2039 256 2252 295 hoeredimn

1184 311 1469 356 benedictionem,
1498 310 1703 359 reprobatas
1728 316 1804 353 εσυ
1824 319 1895 346 non
1911 312 2004 347 enim
2029 313 2158 353 invenit
2177 329 2248 365 ρω-

1183 374 1338 410 nitentia?
1363 373 1495 416 locam,
1523 383 1724 421 quanquam
1751 382 1831 408 cum
1854 371 2019 419 lacrymis
2045 378 2248 422 exquicicset

1183 445 1259 471 eam
1279 433 1404 483 (Hebr.
1425 433 1508 482 xii).
1542 434 1637 481 Ergo
1656 434 1742 481 quia
1772 433 1906 470 talibus
1933 444 2005 470 non
2024 434 2141 472 facilis
2157 447 2249 482 prte-

1182 497 1289 533 betur
1303 496 1529 543 poenitemiae
1547 496 1680 538 aditus,
1700 505 1786 531 eece
1801 505 1900 531 nunc
1915 495 2100 542 legislator
2117 496 2247 541 innuit,

1184 557 1234 593 ait
1260 556 1358 592 enim
1381 569 1388 592 ε
1413 556 1517 600 Quod
1543 557 1574 592 si
1599 566 1667 592 non
1693 556 1840 603 quiverit
1865 564 1992 591 manus
2022 556 2099 602 ejus
2124 558 2250 602 offerre

1183 619 1272 656 duos
1289 626 1455 663 turtures,
1475 618 1526 655 vel
1547 619 1634 655 daos
1651 618 1767 666 pullos
1782 615 1964 654 columboe.
1988 619 2055 664 Qui
2073 630 2160 656 vero
2175 620 2251 659 haec

1184 692 1253 718 non
1272 688 1405 728 potest,
1427 682 1635 717 omnimodo
1657 691 1722 717 nec
1740 681 1881 717 haedum
1904 690 1972 717 nee
1988 690 2091 716 ovem
2108 686 2248 726 potest3

1185 753 1296 788 quare
1314 749 1433 777 autem
1454 753 1524 777 non
1544 742 1688 787 potest?
1708 743 1770 778 sed
1787 747 1826 777 ut
1843 741 1938 777 Lxx
1956 741 2095 784 dicunt,
2117 753 2185 778 non
2203 743 2252 777 in-

1184 804 1287 847 venit,
1315 803 1399 848 quia
1425 803 1562 838 divitiis
1588 803 1811 848 poenitentiae
1841 803 1934 839 male
1960 813 2063 846 usus,
2092 813 2164 839 non
2191 813 2253 838 eas

1184 865 1487 910 quemadmodum
1511 865 1701 911 oportebat
1720 865 1904 911 expendit.
1927 864 2018 909 Quid
2039 875 2126 911 ergo
2147 864 2254 901 saciet

1184 931 1312 960 utnon
1339 926 1543 972 desperatio
1570 927 1602 962 ci
1629 937 1738 962 causa
1763 926 1978 973 perditionis
2005 925 2091 962 stat?
2122 926 2253 972 Offeret

1184 996 1246 1032 pro
1272 991 1414 1030 peccalo
1439 997 1501 1020 suo
1519 986 1671 1021 similam
1686 1014 1694 1028 ,
1721 994 1855 1032 partem
1877 987 1955 1034 ephi
1971 987 2165 1029 decimam,
2184 998 2254 1023 non

1186 1046 1295 1080 mittet
1311 1046 1348 1080 in
1368 1057 1408 1082 ea
1426 1045 1556 1089 oleum,
1577 1057 1638 1082 nec
1660 1047 1773 1082 thuris
1799 1047 1933 1093 aliquid
1954 1055 2071 1094 ponet,
2087 1050 2170 1095 quia
2191 1059 2254 1094 pro

52 1116 120 1151 rati
147 1125 293 1156 sumus;
322 1114 416 1149 unde
436 1119 471 1149 et
495 1124 587 1149 nnus
610 1119 729 1149 turtur
747 1124 812 1159 pro
837 1120 1001 1159 peceato,
1022 1113 1114 1149 alter
1134 1100 1164 1139 B
1182 1113 1322 1153 peccalo
1342 1112 1405 1142 681·
1426 1106 1510 1142 Haess
1528 1116 1614 1153 ffl'gO
1633 1107 1773 1152 species
1791 1108 1823 1143 Οἱ
1842 1109 2066 1154 poenitentiae
2082 1119 2254 1145 concessa

1183 1174 1258 1212 est,
1278 1179 1386 1214 quam
1407 1169 1498 1205 dixit
1518 1181 1525 1204 :
1549 1170 1692 1206 anxiari
1715 1175 1834 1206 autem
1854 1176 1889 1205 et
1907 1171 2036 1206 timere
2062 1171 2187 1214 dehet,
2211 1181 2255 1207 ne

1184 1230 1276 1266 forte
1306 1239 1378 1267 non
1409 1232 1630 1278 suscipiatur
1649 1231 1741 1278 ejus,
1762 1238 1802 1268 ut
1827 1239 1911 1278 pote
1932 1232 2142 1280 frequenter
2161 1234 2256 1279 iuju-

1183 1292 1290 1335 riata,
1302 1293 1528 1338 poenitentia,
1540 1299 1734 1339 propterea
1746 1294 1937 1330 ueeoleum
1950 1295 2193 1340 superfundit,
2204 1300 2258 1330 ut-

1183 1362 1267 1400 pote
1283 1354 1451 1390 dubitans
1469 1365 1513 1389 an
1533 1355 1785 1390 misericordia
1803 1360 1839 1391 et
1858 1356 2110 1401 compassione
2126 1357 2256 1403 dignus

1185 1417 1252 1459 sit;
1288 1416 1352 1452 sed
1387 1427 1453 1452 nec
1484 1417 1603 1453 thuris
1634 1417 1770 1464 aliquid
1798 1418 1971 1463 imponit,
2006 1423 2047 1454 ut
2079 1425 2163 1465 pote
2193 1419 2255 1464 qni

1184 1478 1299 1514 nescit
1325 1483 1448 1513 utrum
1471 1478 1557 1513 boni
1581 1478 1702 1514 odoris
1729 1478 1775 1514 sit
1801 1477 1879 1523 ejus
1907 1478 2022 1514 oratio
2042 1489 2152 1524 quam
2183 1478 2255 1515 sre-

1185 1543 1338 1584 qnenter
1367 1539 1627 1584 praevaricatus
1656 1545 1725 1574 est.
1760 1539 1863 1576 Unde
1889 1538 1967 1575 Joel
1998 1540 2174 1586 propheta
2210 1538 2256 1575 ad

1183 1599 1325 1646 plebem
1346 1598 1554 1634 Judoeorum
1576 1599 1719 1635 dicebat
1747 1611 1756 1635 t
1785 1597 2037 1636 convertimini
2057 1599 2104 1635 ad
2129 1599 2254 1635 Domi--

1184 1673 1268 1697 num
1287 1661 1401 1697 Deum
1423 1667 1577 1696 vestrum
1591 1688 1600 1705 ‚
1618 1662 1701 1708 quia
1726 1662 1894 1709 benignus
1910 1668 1942 1698 et
1970 1662 2169 1698 misericors
2188 1667 2255 1706 est,

1183 1725 1319 1772 patiens
1352 1731 1382 1760 et
1418 1724 1567 1760 ”tultum
1597 1727 1813 1770 misericors,
1846 1731 1878 1761 et
1910 1725 2121 1773 pra’stabilis
2152 1736 2258 1773 super

1183 1785 1335 1821 malitia.
1358 1784 1446 1828 Quis
1467 1786 1530 1821 scit
1555 1786 1584 1821 si
1603 1789 1826 1821 convertatur
1846 1792 1876 1821 et
1895 1787 2074 1832 iquoscat,
2094 1793 2126 1822 et
2146 1786 2255 1822 relin-

1183 1853 1267 1892 quat
1287 1853 1363 1894 post
1394 1859 1430 1882 se
1460 1847 1748 1891 benedictionem,
1777 1848 1994 1893 sacrificium
2027 1853 2059 1883 et
2093 1847 2256 1883 libamem

1182 1907 1335 1942 Domino
1353 1907 1426 1942 Deo
1444 1909 1587 1943 nostro?
1607 1908 1712 1955 (Joel.
1728 1907 1786 1955 ιι.)
1811 1909 1853 1944 Et
1868 1908 2050 1954 quomodo
2070 1908 2257 1944 dubitatur

1186 1970 1230 2005 de
1259 1970 1497 2006 misericorde
1516 1976 1552 2005 ct
1575 1970 1750 2015 patiente,
1779 1976 1815 2006 et
1843 1970 1964 2006 multat
1994 1970 2255 2014 miserationis,

1186 2031 1216 2068 si
1235 2037 1471 2067 eonvertatur
1494 2036 1529 2067 et
1547 2031 1743 2077 poeniteat,
1764 2036 1800 2066 et
1818 2031 1847 2066 si
1869 2030 2090 2067 sacrificium
2111 2036 2145 2067 et
2167 2031 2238 2067 liba

1186 2102 1269 2128 men
1288 2102 1355 2137 pro
1373 2091 1534 2137 peccatis
1550 2091 1728 2137 accipiat?
1744 2090 1819 2126 Nisi
1841 2091 1925 2137 quia
1946 2091 2078 2137 populo
2098 2091 2257 2137 maligno

1186 2162 1222 2194 et
1246 2155 1408 2203 diligenti
1435 2160 1585 2201 peccata
1611 2154 1794 2202 loquitur?
1815 2153 1882 2198 Qui
1906 2164 1989 2191 cnm
2010 2162 2104 2199 saepe
2124 2153 2255 2198 egerit,

1185 2228 1370 2263 nunquam
1396 2216 1556 2263 perstitit
1582 2216 1616 2251 in
1636 2225 1727 2261 pura
1746 2215 1973 2262 poenitentia.
1995 2215 2090 2262 Ergo
2110 2225 2177 2252 nec
2194 2216 2255 2251 de-

1186 2277 1429 2325 sperationem
1452 2276 1522 2311 illis
1544 2275 1663 2311 iacere
1688 2276 1783 2318 vult,
1812 2286 1879 2312 nec
1904 2286 2030 2312 rursus
2050 2285 2114 2312 eos
2137 2275 2253 2321 poeni-

1185 2344 1304 2375 teutes
1321 2336 1425 2374 valde
1443 2347 1680 2383 praesumere,
1697 2342 1806 2382 atque
1823 2337 1906 2372 ideo
1922 2337 2043 2372 verbis
2061 2343 2115 2373 est
2135 2337 2256 2372 dubiis

1184 2410 1285 2436 usus.
1324 2400 1369 2434 Et
1401 2398 1636 2443 quamobrem
1671 2408 1743 2433 non
1781 2397 1972 2443 oportebat
2004 2395 2255 2442 prresumptio-

1185 2470 1268 2496 nem
1298 2460 1351 2496 eis
1382 2458 1487 2494 facile
1518 2458 1624 2494 dari?
1654 2457 1706 2494 Ne
1732 2459 1816 2493 data
1845 2457 2081 2503 proesumptio
2110 2457 2156 2492 ad
2185 2457 2255 2493 alia

1186 2530 1312 2556 rursus
1349 2524 1500 2566 peccata
1531 2529 1594 2555 eos
1627 2518 1907 2564 negligentiores
1941 2517 2119 2562 etliceret,
2158 2519 2256 2555 velut

1185 2582 1358 2619 relaxatis
1381 2581 1575 2627 prioribus.
1597 2579 1763 2617 Infirmos
1783 2580 1915 2625 qnippe
1940 2580 2115 2625 quosdam
2137 2586 2174 2616 et
2194 2581 2253 2616 in-

1186 2650 1395 2681 constantes
1432 2643 1469 2678 in
1502 2642 1698 2678 virtutibus
1736 2641 1922 2686 legislator
1955 2641 2086 2677 innuit.
2124 2641 2254 2678 Tradet

1185 2714 1302 2742 cautem
1318 2717 1394 2742 eam
1412 2704 1600 2741 sacerdoti.
1619 2703 1682 2740 llle
1698 2711 1819 2739 autem
1835 2708 1875 2738 ut
1891 2708 1975 2749 pote
1989 2703 2069 2748 pius
2086 2703 2254 2740 Cin-istus

1185 2769 1318 2816 qnippe
1341 2773 1414 2810 est,
1439 2768 1500 2814 qui
1529 2767 1639 2802 etiam
1659 2777 1757 2802 nunc
1787 2776 1853 2813 per
1873 2766 2174 2812 significationem
2195 2768 2253 2803 in-

1185 2830 1359 2875 telligitur
1391 2829 1603 2872 sacerdotis,
1636 2828 1699 2875 qui
1733 2827 1874 2875 plenum
1907 2839 1950 2864 ea:
1984 2834 2056 2864 toto
2079 2828 2253 2875 puqillum

1186 2891 1352 2927 hauriens
1370 2889 1536 2926 cremabit
1563 2900 1667 2936 super
1691 2888 1818 2931 altare,
1836 2889 1873 2924 in
1900 2889 2151 2925 monimentum
2176 2890 2253 2935 ejus

1185 2953 1244 3000 qui
1263 2951 1402 2995 obtulit,
1422 2952 1564 2999 species
1577 2951 1770 2988 oblationis
1780 2949 2012 2997 acceptabilis
2027 2955 2096 2993 est,
2112 2951 2195 2996 ephi
2210 2951 2255 2987 si-

1188 3014 1295 3050 milae·
1325 3014 1416 3060 Eplii
1436 3019 1557 3049 autem
1581 3022 1751 3048 mensura
1769 3016 1826 3049 est
1854 3012 1964 3048 trium
1985 3021 2252 3056 mensurarum,

1187 3076 1223 3112 id
1258 3081 1335 3119 est,
1366 3074 1604 3111 tres·modios
1624 3074 1782 3120 capiens.
1808 3073 1903 3120 Ergo
1927 3072 2096 3109 Christus
2118 3072 2254 3119 estqui

1187 3137 1406 3173 sacrificium
1423 3136 1541 3179 offert,
1563 3141 1600 3172 et
1620 3135 1696 3182 ipse
1713 3139 1769 3173 est
1794 3135 2015 3173 sacrificium
2034 3135 2128 3180 quod
2146 3133 2255 3170 offer-

1187 3203 1247 3234 tur
1265 3211 1274 3234 ε
1295 3196 1378 3244 ephi
1401 3197 1512 3241 enim,
1533 3204 1616 3233 eum
1633 3197 1682 3232 sit
1707 3202 1878 3233 mensura
1905 3195 2012 3231 trium
2033 3193 2252 3238 modiorum,

1188 3260 1373 3296 evidenter
1391 3258 1609 3298 Trinitatem
1630 3257 1760 3299 innuit,
1789 3266 1868 3302 qum
1889 3262 1961 3292 uua
1982 3255 2128 3300 quidem
2147 3264 2252 3290 men-

1188 3328 1271 3358 sura
1307 3326 1377 3365 est,
1410 3321 1495 3366 quia
1534 3329 1606 3355 una
1634 3319 1672 3355 in
1705 3329 1747 3355 ea
1777 3323 1833 3354 est
1859 3317 2000 3359 deitas3
2037 3320 2112 3351 tres
2131 3319 2252 3355 autem

1188 3382 1299 3418 hahet
1319 3387 1530 3424 mensuras,
1551 3381 1588 3417 id
1605 3384 1683 3422 est,
1709 3383 1784 3414 tres
1810 3386 1986 3423 personas
2003 3375 2184 3422 perfectas
2215 3381 2252 3417 et

1187 3450 1242 3481 tot
1260 3445 1528 3488 subsistentias,
1548 3449 1590 3479 ut
1605 3441 1837 3479 manifestum
1855 3441 1903 3477 sit
1921 3451 1995 3478 uon
2013 3452 2079 3479 nos
2097 3448 2253 3490 peecare

1189 3505 1267 3551 eius
1281 3511 1440 3552 partem,
1459 3512 1607 3541 onmem
1623 3501 1768 3538 Domini
1789 3501 1965 3545 dicentes,
1983 3509 2132 3551 propter
2151 3505 2253 3542 inser·

1188 3564 1391 3610 parabilem
1425 3569 1511 3599 oum
1540 3564 1583 3598 ea
1617 3562 1654 3597 in
1687 3559 1867 3600 incarnati
1895 3562 2006 3600 Verbi
2034 3563 2251 3603 unitionem.

1189 3626 1311 3670 Quare
1341 3629 1463 3660 autom
1492 3622 1669 3659 trinitati·
1685 3632 1772 3668 pan
1790 3623 1871 3666 est?
1903 3623 1996 3668 Quia
2022 3625 2254 3666 indivisim&

1190 3684 1270 3730 ejus
1285 3690 1342 3720 est
1358 3683 1472 3731 gioria
1490 3688 1531 3720 οι
1547 3682 1678 3727 virtus,
1694 3682 1747 3719 ita
1767 3686 1809 3720 ut
1821 3681 1955 3722 Paulus
1971 3684 2019 3723 de
2032 3684 2181 3725 Christe
2196 3684 2253 3726 fi

1189 3743 2252 3798 mimmenah-‘mmmmm
