2540 4016
265 223 333 258 599

698 214 739 251 B.
765 211 936 250 RABANI
960 211 1110 252 MAum
1134 209 1349 248 ARGfflEP.
1378 194 1583 247 MOGUNT.
1609 209 1799 248 OPERUM
1824 206 1945 246 PARS
1969 208 1999 243 1.

2347 203 2430 240 ’600

263 298 374 345 ἕῃῑῑῖθ
393 296 491 331 enim
512 294 620 330 fiebat
641 293 676 328 5¹¹
695 293 772 344 ¹¹2⁰
792 292 978 328 ¹¹⁰mi¹¹¹¹¹¹¹
994 291 1108 328 mima
1123 299 1207 326 cum
1221 298 1317 324 θοαὶ·
1333 287 1367 328 Α
1383 301 1429 336 stt
1447 301 1631 346 fidelibus,
1649 302 1687 337 in
1715 301 1833 344 verbo,
1846 301 1886 336 in
1903 297 2180 340 conversatione,
2194 297 2234 332 in
2252 295 2435 342 charitate,

260 362 486 406 putarentur.
508 354 672 400 Quinque
685 354 798 400 igitur
814 353 891 396 illa,
913 353 949 389 id
963 357 1021 388 est
1033 379 1042 395 ,
1058 350 1316 398 cognationes,

260 420 388 454 domus
407 427 449 454 ac
468 416 613 452 familiae
629 420 666 450 et
685 414 805 460 capita
829 419 866 450 et
889 415 1037 450 nomina
1064 412 1313 459 singulorum3

260 484 297 514 et
310 478 378 513 ista
393 476 522 513 deinde
532 479 700 520 quatuor,
711 483 832 516 sexus,
847 478 948 515 aetas,
959 473 1090 516 virtus,
1101 471 1315 519 recognitio,

259 539 415 576 sortasse
435 539 471 573 in
493 538 570 583 ipso
591 546 742 572 numero
764 535 899 581 aliquid
916 534 1135 581 significant.
1160 533 1199 569 Si
1219 533 1317 569 enim

259 602 388 637 horum
410 599 564 634 duorum
583 607 830 640 numerorum,
849 597 885 632 id
908 601 976 640 est,
994 595 1150 642 quinarii
1171 600 1208 631 et
1230 604 1318 640 qua-

259 660 408 696 ternarii
423 659 515 695 alter
533 658 792 704 multiplicetur
809 668 854 694 ex
868 657 998 700 altero,
1019 657 1054 692 id
1072 662 1141 698 est,
1157 661 1198 691 ut
1214 655 1318 701 quin-

261 722 362 767 quies
384 721 573 767 quaterni,
591 725 652 755 aut
683 724 811 765 quater
840 719 941 764 quini
972 718 1170 759 ducantur,
1191 715 1319 752 vicinti

263 782 366 817 siunt.
386 781 464 825 Quo
482 791 633 817 numero
653 781 763 816 etiam
782 779 1067 816 adolescentium
1087 783 1176 813 aetas
1195 777 1255 812 illa
1277 776 1321 812 si-

262 847 406 887 gnatur,
429 842 490 886 qui
512 851 684 877 numerus
700 845 1020 881 commemoratur,
1037 843 1073 874 et
1092 838 1237 883 quando
1265 837 1320 871 in-

262 891 379 938 tratur
399 903 435 937 in
454 907 587 937 terram
612 901 906 948 repromissionis
919 927 928 942 ‚
949 904 985 934 et
1001 899 1133 934 dicitur
1151 898 1212 933 illa
1232 902 1321 933 aetas

262 963 389 1008 viginti
407 972 598 1005 annorum,
616 973 696 1008 quae
713 972 784 997 non
811 960 1045 996 declinaverit
1066 960 1102 994 in
1135 959 1322 994 dexteram

263 1028 324 1058 aut
345 1023 543 1058 sinistram.
564 1022 633 1058 Ubi
663 1022 753 1056 mihi
773 1021 940 1055 videntur
974 1019 1168 1064 significari
1206 1016 1322 1052 sancti

263 1082 387 1117 fideles
404 1092 448 1117 ex
466 1088 618 1126 utroque
638 1081 870 1116 Testamento
885 1080 991 1114 fidem
1002 1088 1126 1113 veram
1142 1082 1320 1113 tenentes.

264 1141 356 1177 Nam
367 1143 478 1177 Vetus
496 1141 764 1176 Testamentum
786 1141 943 1186 quinque
962 1139 1065 1174 libris
1080 1138 1193 1184 Moysi
1209 1137 1324 1173 maxi-

265 1213 322 1238 me
343 1203 502 1246 exeellit,
520 1209 556 1239 et
575 1202 714 1239 Novum
733 1207 887 1247 quatuor
913 1200 1131 1247 Evangeliis.

688 1262 839 1299 CAPUT
860 1263 901 1297 ll.

265 1323 317 1360 De
332 1335 402 1360 non
422 1325 647 1360 numerandis
667 1324 793 1358 Levitis
810 1335 888 1358 cum
908 1323 991 1367 filiis
1006 1321 1202 1356 Israel.·sed
1222 1331 1325 1365 super

412 1370 676 1406 tabernaculum
701 1370 888 1404 testimonii
915 1368 1177 1403 constituendis.

315 1429 435 1478 (Iam.)
453 1430 672 1475 Locutusque
688 1434 736 1463 est
753 1429 924 1462 Dominus
943 1427 989 1462 ad
1006 1426 1151 1468 Moysen
1168 1425 1285 1458 dicens
1313 1434 1324 1458 .·

269 1490 410 1525 Tribuni
426 1490 507 1524 Levi
523 1489 594 1524 noli
609 1499 805 1531 numerare,
825 1499 933 1533 neque
950 1498 1058 1532 ponas
1076 1496 1247 1521 summam
1269 1494 1326 1518 eo-

267 1562 343 1586 rum
362 1562 440 1585 cum
457 1550 540 1594 filiis
561 1549 697 1590 Israel,·
725 1549 785 1583 sed
810 1549 994 1583 constitues
1015 1558 1071 1582 eos
1093 1557 1194 1591 super
1210 1545 1325 1579 taber-

268 1612 433 1646 naculum
452 1611 654 1652 testimonii,
666 1616 695 1645 et
712 1621 816 1655 super
832 1615 956 1644 cuncta
975 1620 1058 1643 vasa
1077 1608 1166 1654 ejus,
1178 1612 1208 1641 et
1227 1605 1328 1651 quid—

270 1676 352 1720 quid
372 1674 416 1708 ad
443 1673 666 1707 coeremonias
686 1672 846 1717 pertinet.
866 1671 940 1716 Ipsi
955 1670 1142 1716 portabunt
1164 1668 1327 1703 tuberna-

271 1735 388 1770 culum
409 1742 441 1769 et
459 1736 574 1769 omniu
597 1734 759 1769 utensilia
779 1733 853 1779 ejus
873 1743 884 1766 .·
903 1739 935 1767 et
955 1738 1054 1767 erunt
1071 1731 1102 1766 ei
1119 1731 1155 1765 in
1174 1729 1329 1764 ministe-

273 1799 337 1840 rio,
356 1808 395 1831 ac
410 1808 470 1843 per
489 1807 610 1842 ayrilm
631 1794 846 1829 tabernaculi
867 1793 1104 1828 metabuntur.
1128 1789 1214 1825 Cum
1249 1800 1330 1835 pro-

274 1858 498 1904 ficiscendum
529 1858 645 1902 suerit,
669 1857 849 1901 disponent
879 1855 1006 1890 Levitce
1041 1850 1329 1893 tabernaculuin;

274 1930 351 1953 cum
368 1924 483 1953 castra
499 1917 677 1960 metanda,
694 1918 838 1962 erigent.
862 1916 954 1960 Quid
971 1916 1007 1950 in
1024 1914 1119 1949 tribu
1147 1912 1231 1947 Levi
1261 1911 1331 1946 nisi

274 1979 508 2015 sacerdotalis
528 1979 616 2014 ordo
648 1978 863 2023 exprimitur
879 2004 889 2020 ,
923 1975 984 2020 qui
1026 1973 1243 2010 constitutus
1277 1975 1332 2006 est

275 2049 382 2084 super
402 2037 672 2074 tabernaculum
692 2035 915 2078 testimonii,
932 2040 971 2070 ut
988 2039 1122 2070 sanctae
1146 2031 1330 2074 Ecclesiae,

275 2102 312 2136 in
331 2111 401 2145 qua
426 2106 641 2135 testamenta
660 2098 780 2134 divina
811 2098 879 2132 rite
912 2096 1055 2132 condita
1086 2102 1189 2137 sunt,
1208 2093 1333 2130 eondi—
1351 2086 1381 2127 C

277 2171 386 2206 gnam
406 2170 531 2195 euram
551 2164 652 2205 gerat
675 2171 682 2193 ε
707 2164 886 2204 quatenus
902 2156 1024 2193 omnia
1045 2167 1131 2192 vasa
1149 2154 1225 2199 ejus
1238 2182 1247 2197 ,
1265 2155 1333 2189 hoc

277 2226 333 2256 est
355 2221 488 2266 quique
510 2220 632 2254 fideles
651 2224 687 2254 et
706 2218 822 2254 saneti
840 2218 907 2253 viri
929 2217 990 2262 qui
1008 2226 1094 2252 vasa
1121 2217 1194 2250 Deo
1220 2215 1334 2249 electa

279 2286 375 2323 sunt,
397 2285 479 2325 apta
499 2280 542 2314 ad
562 2278 803 2314 ministerium
824 2275 1024 2323 spirituale,
1047 2275 1183 2320 absque
1212 2283 1335 2310 errore

279 2346 315 2376 et
332 2341 498 2376 sordibus
517 2340 705 2382 vitiorum,
726 2339 835 2374 illaesa
862 2336 1120 2382 permaneant?
1155 2334 1220 2369 Hic
1248 2334 1336 2369 ordo

281 2402 454 2447 quidquid
474 2401 518 2436 ad
533 2399 765 2435 caeremonias
780 2398 870 2443 legis
886 2398 949 2432 Dei
967 2395 1125 2441 pertinet
1140 2403 1338 2440 procurare

281 2463 400 2506 dehet,
414 2463 498 2508 quia
520 2462 586 2506 ipsi
609 2461 899 2496 commendatum
922 2465 977 2494 est
996 2464 1035 2493 ut
1051 2457 1183 2504 populo
1203 2456 1267 2491 Dei
1284 2456 1338 2491 in-

282 2525 401 2561 sinuet
439 2523 595 2568 qualiter
635 2521 832 2557 seeundum
870 2520 984 2566 legem
1023 2519 1085 2554 Dei
1114 2517 1336 2559 incedentes,

282 2587 432 2622 honeste
452 2590 489 2620 et
512 2583 708 2619 secundum
737 2582 902 2618 ordinem
923 2582 957 2616 in
983 2581 1147 2616 Ecclesia
1167 2580 1232 2615 Dei
1251 2589 1338 2615 eon-

282 2651 485 2681 versentur.
507 2643 578 2688 Ipsi
609 2643 805 2688 portabunt
839 2640 1113 2677 tabernaculum
1147 2645 1184 2675 et
1218 2638 1340 2675 omnia

284 2705 453 2741 utensilia
477 2703 567 2748 ejus,
590 2704 672 2748 quia
707 2714 771 2748 per
805 2702 1093 2748 compassionem
1114 2701 1340 2736 infirmorum

286 2773 405 2801 mores
424 2763 626 2804 toleranda,
646 2767 682 2797 et
715 2761 852 2796 solatiis
882 2761 1092 2806 opportunis
1124 2759 1340 2804 adjuvando,

287 2831 449 2862 sanctam
466 2823 661 2860 Ecclesiam
671 2822 774 2868 quasi
789 2823 950 2857 humeris
964 2821 1098 2856 laboris
1115 2821 1342 2866 etpatientiae

287 2892 446 2932 portant.
472 2885 516 2920 Hi
534 2894 677 2930 quoque
710 2893 776 2928 per
805 2893 931 2929 gyrum
967 2881 1190 2917 tabernaculi
1226 2887 1341 2916 meta-

287 2949 435 2989 buntur,
453 2947 536 2991 quia
554 2956 599 2981 ne
615 2945 733 2989 aliqua
747 2954 831 2989 pars
847 2943 1100 2978 insidiantibus
1115 2943 1280 2978 hostibus
1297 2943 1342 2977 ad

290 3007 531 3043 invadendum
551 3010 693 3050 pateat,
713 3014 799 3039 cura
831 3003 1002 3049 pastorali
1034 3003 1191 3047 undique
1222 3002 1343 3047 provi-

290 3068 387 3103 dent.
406 3067 476 3113 Ipsi
495 3067 677 3111 deponunt
693 3063 967 3100 tabernaculum
999 3073 1079 3098 cum
1110 3061 1346 3107 proficiscen-

291 3131 462 3171 dumest,
483 3134 617 3164 etcum
632 3132 759 3163 eastra
789 3126 976 3168 metanda,
998 3126 1156 3171 erigunt,
1175 3134 1257 3160 cum
1277 3124 1346 3169 ipsi

292 3199 459 3225 sermone
479 3188 585 3224 simul
612 3192 649 3223 et
677 3186 839 3231 exemplo
860 3186 1055 3230 disponunt
1074 3184 1230 3229 qualiter
1250 3183 1347 3228 quis-

293 3259 362 3296 que
381 3248 586 3284 humilitate
602 3251 820 3292 prostratus,
838 3246 875 3282 in
893 3244 1055 3291 profectu
1072 3245 1247 3280 virtutum
1266 3253 1347 3288 gra-

294 3309 429 3351 diatur,
450 3312 487 3343 et
506 3306 662 3353 qualiter
680 3316 743 3352 spe
760 3311 904 3342 erectus
928 3305 964 3340 in
995 3308 1092 3340 statu
1124 3307 1232 3338 rectae
1263 3301 1347 3337 fidei

295 3374 333 3404 et
350 3368 551 3404 constantia
566 3367 742 3403 bonorum
770 3365 924 3401 firmiter
955 3364 1143 3400 consistat.
1178 3363 1224 3398 Et
1256 3362 1350 3397 bene

297 3427 431 3464 Levitae
453 3437 536 3463 cum
555 3426 697 3463 caeteris
717 3425 882 3461 tribubus
909 3423 1093 3460 numerari
1109 3432 1181 3458 non
1201 3421 1351 3468 permit-

299 3493 437 3530 tuntur,
449 3487 531 3531 quia
545 3487 710 3532 specialis
729 3486 835 3523 debet
849 3495 929 3521 esse
942 3484 1169 3521 sacerdotum
1189 3481 1352 3518 doctrina

301 3553 338 3584 et
370 3547 597 3583 conversatio
616 3573 626 3590 ,
659 3557 776 3592 neque
818 3556 901 3582 cum
940 3544 1082 3591 plebeia
1122 3541 1352 3579 multitudine

302 3613 486 3659 permista.
506 3611 608 3649 Unde
630 3617 667 3649 et
706 3611 839 3648 Paulus
863 3610 1035 3657 praecepit
1063 3610 1262 3656 episcopum
1283 3615 1356 3642 esse

304 3671 651 3717 irreprehensibilem,
671 3677 702 3706 et
719 3672 884 3706 diaconos
911 3669 1047 3705 nullum
1067 3669 1200 3704 crimen
1229 3666 1355 3702 habere

307 3731 344 3776 (Ι
368 3732 458 3768 Tim.
476 3733 547 3778 ιιι).
580 3733 770 3770 Timotheo
796 3741 942 3778 quoque
957 3730 1140 3770 scribitur
1159 3727 1356 3776 exemplum

357 3814 377 3834 ⁸
400 3805 504 3853 Apud
520 3805 560 3843 S.
579 3806 689 3854 Aug„
706 3808 949 3844 distenaendo.

1383 362 1421 396 ιη
1434 361 1504 407 fiae
1523 368 1554 397 et
1571 362 1729 397 castitate
1750 359 1785 408 (Ι
1801 360 1892 396 Tim.
1913 359 1977 408 w).
1995 359 2074 395 Non
2091 358 2188 394 enim
2201 357 2306 394 decet
2321 362 2362 393 ut
2376 358 2440 404 qui
2496 342 2500 346 ’

1385 424 1551 470 superior,
1564 428 1620 459 est
1639 423 1780 458 caeteris
1796 421 1924 468 gradu,
1936 420 2087 458 inferior
2102 420 2150 456 sit
2164 419 2341 455 bonorum
2355 429 2442 466 ope-

1384 495 1466 522 rum
1484 490 1600 532 gestu.
1615 484 1687 531 (Ex
1702 482 1928 529 Auqustt'no.)
1950 482 2054 526 Quod
2071 482 2123 517 ait
2143 481 2186 517 de
2203 480 2441 517 tabernaculo

1386 544 1634 591 distringendo
1660 551 1677 570 Β
1691 570 1700 585 ,
1725 541 1891 584 levando,
1913 541 2098 586 erigendo,
2121 540 2288 587 Quisquis
2324 545 2443 575 extra-

1386 617 1530 642 neorum
1548 604 1745 647 accesserit,
1757 602 1946 645 occidetur,
1959 602 2033 637 sive
2047 605 2087 636 ut
2101 601 2137 636 in
2158 600 2256 636 Lxx
2274 599 2441 644 habetur,

1386 672 1417 700 et
1443 664 1639 710 alieniqena
1660 665 1719 710 qui
1735 663 1930 706 accesserit,
1954 662 2140 704 meriacum
2160 661 2219 697 hic
2240 660 2441 708 alienigena

1387 724 1643 770 intelligendus
1664 729 1720 759 est
1739 723 1851 759 etiam
1869 732 1914 758 ex
1947 722 2018 758 illis
2049 721 2131 757 filiis
2151 721 2261 758 Israel
2288 721 2349 768 qui
2373 731 2445 758 non

1389 786 1434 821 de
1454 785 1513 820 illa
1536 785 1631 820 tribu
1651 784 1794 820 fuerant
1814 792 1922 828 quam
1943 781 2179 818 tabernaculo
2197 781 2335 817 servire
2355 791 2446 827 prae-

1389 845 1498 891 cepit,
1518 846 1554 880 id
1582 850 1653 887 est,
1684 845 1745 889 qui
1778 854 1849 878 non
1878 842 1986 878 suerit
2004 842 2047 877 de
2070 841 2167 877 tribu
2189 840 2292 876 Levi.
2317 840 2447 876 Mirum

1391 907 1461 942 hoc
1481 904 1660 950 quomodo
1680 903 1827 939 abusive
1846 901 2044 946 alienigena
2064 900 2208 943 dicitur,
2220 900 2316 946 quod
2334 899 2449 945 magis

1391 966 1541 1002 alterius
1560 964 1704 1010 generis
1720 963 1903 998 hominem
1923 960 2114 1007 significat,
2128 960 2162 995 id
2179 960 2448 1008 εει,ἁλλογενής,

1391 1032 1428 1064 et
1448 1037 1518 1063 non
1540 1026 1654 1071 magis
1675 1024 1867 1070 ἀλλόφυλος,
1889 1023 1984 1067 quod
2017 1021 2198 1068 signifieat
2218 1020 2367 1056 alterius
2388 1020 2452 1054 tri-

1391 1089 1458 1124 bus
1479 1087 1659 1122 hominem
1678 1095 1749 1129 quo
1767 1083 1913 1119 nomine
1935 1082 2050 1128 magis
2069 1082 2183 1116 utitur
2207 1081 2396 1126 Scriptura
2416 1080 2452 1115 in

1394 1148 1546 1183 aliarum
1563 1146 1721 1192 gentium
1737 1143 2007 1186 hominibus‚ut
2021 1142 2190 1188 allophyli
2211 1141 2451 1187 appellentur,

1394 1209 1496 1254 quasi
1516 1208 1667 1243 aliarum
1681 1207 1838 1242 tribuum
1858 1205 2038 1241 homines.
2056 1203 2206 1250 Mystiee
2221 1208 2340 1238 autem
2357 1202 2455 1247 quis-

1394 1269 1475 1314 quis
1497 1268 1666 1313 indignus
1704 1267 1749 1302 ad
1788 1276 1930 1302 sacrum
1967 1265 2208 1301 ministerium
2245 1265 2452 1307 accesserit,

1394 1334 1497 1364 reatu
1530 1327 1823 1374 praesumptionis
1851 1326 2134 1371 constringitur,
2162 1334 2230 1360 nec
2252 1325 2380 1360 evadet
2399 1334 2456 1359 su-

1394 1391 1528 1436 perbiae
1546 1390 1758 1431 vindictam,
1782 1389 1812 1424 si
1841 1398 1912 1423 non
1933 1393 2038 1423 curat
2058 1387 2242 1434 propriam
2261 1396 2456 1432 agnoscere

1394 1460 1618 1487 mensuram.
1640 1449 1715 1484 Nec
1734 1449 1816 1494 quis
1845 1449 1912 1484 sibi
1949 1449 2056 1484 debet
2083 1458 2260 1493 usurpare
2293 1448 2456 1483 illicitum

1395 1512 1583 1552 honorem,
1602 1520 1667 1545 nec
1682 1514 1850 1554 appetere
1864 1519 1928 1554 per
1941 1508 2074 1543 fastum
2089 1507 2239 1553 gradum
2255 1507 2455 1551 celsiorem,

1395 1573 1455 1608 sed
1474 1572 1533 1618 qui
1550 1577 1690 1606 vocatus
1703 1576 1753 1605 est
1767 1581 1789 1604 a
1804 1570 1953 1604 Domino
1971 1575 2138 1615 tanquam
2153 1569 2271 1604 Aaron
2291 1568 2388 1615 (Hel.
2402 1568 2457 1616 v),

1396 1638 1432 1668 et
1467 1643 1556 1677 quos
1580 1632 1708 1667 electio
1734 1631 1852 1666 divina
1878 1630 2062 1676 praescivit
2097 1640 2139 1665 ae
2174 1629 2457 1675 praedestinavit.

1399 1694 1500 1730 Unde
1535 1693 1642 1728 Ozias
1679 1703 1752 1736 rex,
1781 1692 1840 1737 qui
1876 1690 2070 1727 sacerdotii
2103 1684 2314 1735 dignitatem
2335 1695 2461 1725 contra

1398 1755 1512 1800 legem
1534 1754 1740 1799 appetebat,
1763 1752 1860 1799 lepra
1889 1763 2073 1798 percussus
2099 1751 2137 1787 in
2159 1751 2274 1797 fronte
2297 1750 2351 1798 (11
2369 1750 2457 1786 Par.

1398 1814 1514 1860 xxvi),
1530 1813 1702 1850 confusus
1717 1813 1800 1850 inde
1818 1813 2061 1848 abscesserat.

1814 1889 1966 1926 CAPUT
1988 1888 2045 1925 111.

1399 1953 1452 1988 De
1492 1953 1615 1987 castris
1650 1950 1806 1996 filiorum
1845 1948 1959 1985 Israel
1995 1960 2057 1995 per
2082 1958 2206 1994 qyrum
2244 1948 2462 1983 tabernaculi

1448 1998 1720 2091 §.gerlitgzijzznpuid
1754 1996 1960 2044 spiritaliter
1996 1996 2032 2031 in
2067 1994 2226 2030 Ecclesia
2267 1994 2461 2040 significent

1451 2108 1549 2155 (Car.
1575 2107 1631 2154 ιι.)
1665 2107 1886 2152 Locutusque
1911 2111 1960 2141 est
1979 2104 2151 2140 Dominus
2180 2103 2225 2138 ad
2258 2102 2403 2148 Moysen
2432 2109 2464 2136 et

1403 2170 1522 2204 Aaron
1542 2170 1660 2203 dicens
1685 2178 1696 2202 :
1719 2167 1857 2214 Sinyuli
1886 2178 1946 2213 per
1978 2172 2111 2202 turmas
2133 2175 2215 2200 suas
2239 2164 2339 2210 siqua
2361 2168 2464 2209 atque

1403 2229 1530 2265 vexilla
1545 2235 1576 2263 et
1593 2228 1714 2263 domos
1740 2228 1987 2273 cognationum
2017 2236 2177 2268 suarum,
2210 2230 2325 2259 castra
2356 2228 2466 2258 mela-

1406 2292 1534 2326 buntur
1552 2289 1618 2335 filii
1634 2288 1747 2324 Israel
1762 2299 1822 2334 per
1841 2299 1963 2334 qyrum
1979 2285 2195 2322 tabernaculi
2210 2284 2362 2331 foederis.
2381 2281 2466 2318 Sive

1401 2352 1505 2396 juxta
1546 2352 1651 2386 aliam
1681 2351 1875 2386 editionem
1889 2377 1898 2392 ‚
1932 2349 2046 2384 Homo
2081 2348 2273 2384 secundum
2307 2345 2465 2382 ordinem

1406 2423 1523 2454 simin,
1538 2418 1569 2446 et
1588 2411 1779 2446 secundum
1800 2411 1901 2455 siqna
1919 2420 1997 2450 sua,
2011 2407 2202 2443 secundum
2225 2407 2347 2440 domos
2366 2405 2468 2450 fariti-

1407 2472 1535 2507 liarum
1551 2476 1666 2506 castra
1682 2469 1849 2504 collocent
1874 2467 1939 2513 filii
1961 2465 2074 2502 Israel
2093 2477 2135 2501 ex
2153 2465 2299 2500 adverso
2335 2463 2372 2497 in
2403 2463 2468 2497 cir-

1408 2535 1504 2569 cuitu
1520 2531 1737 2568 tabernaculi
1753 2531 1954 2566 testimonii.
1975 2529 2117 2575 Moyses
2134 2526 2222 2562 dicit
2244 2538 2252 2560 ι
2275 2524 2391 2560 Homo
2412 2534 2468 2560 se-

1409 2594 1565 2630 cundum
1589 2593 1755 2629 ordinem
1787 2601 1906 2633 suum,
1925 2596 1961 2625 et
1980 2588 2179 2625 secundum
2204 2586 2306 2632 signa
2331 2595 2411 2628 sua,
2432 2591 2470 2622 et

1409 2653 1606 2691 secuudum
1628 2653 1753 2688 domos
1774 2650 1994 2686 familiarum
2015 2657 2163 2684 suarum
2185 2646 2330 2682 incedat
2348 2645 2383 2680 in
2403 2655 2469 2680 ca-

1411 2716 1518 2758 stris;
1544 2719 1580 2750 et
1599 2713 1733 2749 Paulus
1755 2712 1844 2747 dicit
1863 2723 1871 2745 :
1894 2710 2022 2746 Omnia
2051 2709 2194 2743 honeste
2224 2712 2256 2741 et
2278 2704 2468 2740 secundum

1411 2775 1567 2810 ordinem
1586 2773 1673 2818 fiant
1695 2771 1729 2819 (Ι
1750 2771 1831 2806 Cor.
1850 2769 1939 2817 xiv).
1959 2769 2004 2804 Et
2028 2778 2099 2803 non
2125 2766 2190 2802 tibi
2213 2765 2356 2800 videtur
2375 2773 2469 2799 unus

1411 2845 1488 2870 esse
1500 2833 1657 2879 Spiritus
1669 2832 1733 2866 Dei
1748 2831 1807 2876 qui
1825 2836 1860 2866 et
1876 2831 1912 2865 in
1927 2829 2049 2876 Moyse
2062 2827 2222 2873 loquitur
2232 2830 2269 2861 et
2282 2825 2318 2860 in
2337 2823 2470 2859 Paulo?

1413 2894 1619 2929 Secundum
1632 2892 1794 2928 ordinem
1814 2891 1952 2937 Moyses
1970 2889 2087 2925 incedi
2102 2888 2251 2923 mandat
2266 2886 2303 2921 in
2323 2885 2468 2928 eastris,

1413 2955 1610 2992 seeundum
1645 2954 1806 2989 ordinem
1830 2953 1866 2988 in
1882 2951 2044 2988 Ecclesia
2062 2954 2191 2987 cuneta
2213 2949 2287 2995 geri
2310 2947 2472 2994 praecipit

1416 3016 1561 3052 Paulus.
1582 3014 1627 3049 Et
1646 3013 1784 3060 Moyses
1815 3014 1974 3059 quidem,
1996 3011 2059 3057 qui
2074 3011 2147 3057 legi
2167 3008 2411 3051 ministrabat,
2435 3007 2471 3042 in

1418 3077 1548 3113 castris
1578 3075 1752 3111 custodiri
1781 3075 1944 3110 ordinem
1958 3072 2078 3118 jubet3
2113 3071 2247 3108 Paulus
2273 3079 2375 3113 vero,
2392 3074 2471 3104 tan-

1419 3148 1526 3185 quam
1545 3136 1730 3182 Evangelii
1753 3136 1931 3177 minister,
1949 3145 2021 3170 non
2046 3133 2160 3170 solum
2180 3133 2218 3168 in
2239 3131 2392 3174 actibus,
2409 3129 2473 3165 sed
2493 3175 2498 3178 Ι

1418 3200 1507 3235 etin
1530 3199 1607 3244 ipso
1622 3198 1747 3233 habitu
1773 3197 1981 3232 ordinatum
2004 3196 2083 3231 vult
2099 3205 2179 3232 esse
2209 3193 2469 3231 Christianum.

1419 3259 1463 3294 Et
1480 3259 1561 3294 ideo
1581 3257 1666 3292 dicit
1687 3269 1694 3290 :
1718 3254 1882 3290 Mulieres
1905 3254 2065 3289 similiter
2090 3255 2128 3289 in
2159 3253 2279 3289 habitu
2312 3252 2473 3288 ordinato

1420 3318 1503 3366 (Tit.
1525 3317 1579 3364 11).
1612 3316 1696 3351 lnde
1719 3324 1805 3361 ergo
1823 3314 1981 3350 arbitror
1999 3313 2094 3358 quod
2113 3322 2187 3348 non
2205 3313 2321 3348 solum
2342 3313 2377 3346 in
2397 3310 2474 3347 offi-

1421 3380 1487 3416 ciis
1501 3384 1538 3415 et
1553 3377 1679 3414 habitu
1701 3375 1837 3412 servari
1857 3373 2019 3410 ordinem
2049 3372 2189 3415 volunt,
2208 3372 2271 3408 sed
2301 3371 2386 3407 dant
2420 3371 2475 3406 in-

1422 3437 1548 3485 telligi,
1565 3436 1660 3482 quod
1679 3435 1725 3471 sit
1742 3434 1872 3480 aliquis
1893 3433 2004 3469 etiam
2019 3432 2057 3467 in
2082 3431 2204 3467 anima
2223 3431 2314 3467 ordo
2335 3431 2380 3466 de
2401 3440 2473 3476 quo

1425 3501 1566 3537 dicatur
1575 3497 1670 3545 quod
1683 3495 1930 3542 unusquisque
1942 3492 2111 3529 incedere
2130 3491 2260 3528 debeat
2277 3491 2473 3527 secundum

1425 3561 1588 3597 ordinem
1610 3566 1728 3595 suum.
1746 3554 1815 3599 Qui
1831 3553 1920 3591 ordo
1938 3552 2118 3599 praecipue
2145 3551 2293 3598 quidem
2317 3561 2363 3588 ex
2389 3559 2475 3596 ope-

1425 3632 1507 3659 rum
1530 3617 1707 3656 fructibus
1723 3615 1916 3658 indicatur,
1930 3613 2165 3650 nihilominus
2183 3617 2304 3648 autem
2323 3620 2370 3646 ex
2397 3619 2475 3647 ma-

1425 3679 1631 3730 gnificentia
1647 3686 1832 3715 sensuum.
1852 3673 1944 3710 Nam
1967 3683 2061 3720 saepe
2080 3671 2212 3709 accidit
2225 3675 2266 3708 ut
2279 3670 2313 3708 is
2327 3669 2390 3717 qui
2406 3669 2476 3725 huf-

1425 3741 1549 3780 milem
1565 3748 1711 3779 sensum
1725 3737 1820 3786 gerit
1836 3739 1874 3772 et
1889 3733 2068 3783 abiectum
2083 3738 2121 3771 et
2133 3731 2197 3780 qui
2209 3735 2354 3770 terrena
2367 3728 2475 3777 sapit,

1467 3813 1470 3822 .
2213 3803 2216 3806 Δ
2251 3800 2272 3810 ι,
2327 3799 2338 3805 4,
2379 3791 2382 3797 ’
2432 3792 2437 3818 ι,
2456 3789 2472 3806 a
