2540 4016
290 206 380 246 ¹¹ss

711 204 753 241 B.
779 201 950 241 RABANI
973 200 1120 242 MAURI
1145 203 1357 242 ARCHIEP.
1384 202 1589 243 MOGUNT.
1614 204 1803 244 OPERUM
1825 203 1944 242 PARS
1968 204 1997 241 1.

2353 204 2451 256 1¹12

1239 365 1296 408 IN
1299 365 1509 411 CIPIUNT

495 489 1186 571 COMMENTARIA
1242 492 1341 568 IN
1397 491 1748 570 LIBRUM
1801 490 2242 572 JUDthtM.

1116 693 1318 747 LIBER
1364 693 1644 748 PRIMUS.

630 883 778 921 CAPUT
803 882 997 920 PRIMUM.

289 976 338 1012 De
348 972 485 1022 eoquod
503 971 567 1019 filii
586 971 697 1008 Israel
712 977 786 1018 post
804 977 951 1007 mortem
965 970 1075 1006 Josue
1095 969 1342 1005 consuluerunt

332 1022 522 1059 Dominum
551 1019 626 1066 quis
650 1030 769 1054 eorum
791 1018 864 1052 dua:
884 1024 1005 1053 contra
1032 1017 1249 1052 Cltananceos
1266 1016 1343 1062 fieri

333 1070 481 1104 deberet.
510 1067 555 1101 Et
572 1067 613 1101 de
642 1066 879 1110 intersectione
898 1064 1158 1098 Adonibezerclt
1190 1064 1294 1108 repis,
1312 1069 1343 1097 et

333 1114 587 1161 oppuqnatione
607 1111 886 1147 Cltananworum
908 1121 948 1145 ac
964 1110 1058 1144 urbis
1080 1109 1317 1144 Hierusalem.

335 1189 434 1236 (Car.
453 1187 494 1234 t.)
523 1186 607 1222 Post
634 1192 778 1221 mortem
818 1185 944 1227 Josue,
991 1184 1241 1220 consuluerunt
1278 1184 1344 1229 filii

290 1250 402 1286 Israel
435 1249 634 1289 Dominum,
662 1248 839 1282 dicentes:
864 1246 951 1289 Quis
982 1247 1142 1281 ascendet
1171 1253 1250 1281 ante
1283 1257 1345 1281 nos

289 1317 410 1346 contra
426 1308 679 1349 chananeum,
697 1311 728 1340 et
747 1306 810 1340 erit
830 1306 903 1341 dua·
921 1305 1028 1341 belli?
1041 1306 1206 1350 Dixitque
1225 1305 1347 1339 Domi-

289 1383 368 1413 nus,
392 1370 507 1404 Judas
535 1366 718 1408 ascenden·
751 1377 827 1400 ecce
848 1366 979 1400 tradidi
1013 1371 1143 1400 terram
1155 1365 1194 1399 in
1223 1375 1346 1399 manus

288 1433 378 1479 ejus.
403 1430 449 1465 Et
468 1430 516 1464 ait
537 1428 652 1463 Judas
680 1426 834 1462 Simeoni
854 1426 958 1471 fratri
978 1435 1069 1461 suo:
1091 1425 1249 1460 Ascende
1269 1435 1341 1460 me-

289 1503 369 1527 cum
386 1491 423 1525 in
438 1496 529 1525 sorte
548 1499 624 1523 mea
646 1514 655 1531 ,
675 1492 706 1522 et
728 1498 845 1533 puqna
878 1491 998 1521 contra
1035 1484 1290 1528 Cltanana’um,
1310 1490 1348 1520 ut

289 1558 322 1587 et
342 1560 403 1595 eqo
431 1561 572 1597 pergam
604 1554 717 1584 tecum
741 1547 778 1582 in
804 1551 896 1582 sorte
921 1551 993 1581 tua.
1027 1545 1073 1581 Et
1095 1545 1179 1580 abiit
1211 1556 1291 1580 cum
1309 1555 1348 1580 eo

289 1610 445 1653 Simeon,
463 1609 685 1655 ascenditque
699 1607 828 1651 Judas,
844 1613 876 1643 et
892 1606 1038 1642 tradidit
1067 1605 1236 1640 Dominus
1254 1604 1349 1640 Clta-

290 1680 454 1706 nanceum
470 1681 510 1704 ac
533 1669 758 1704 Phereza‘um
779 1668 815 1702 in
844 1678 968 1702 manus
991 1676 1124 1709 eorum,
1141 1670 1176 1701 et
1195 1664 1347 1711 rellqua.

292 1730 332 1766 ln
355 1730 426 1765 fine
456 1729 539 1765 libri
557 1728 643 1764 Jesu
678 1728 776 1764 Nave
794 1727 954 1763 breviter
990 1731 1157 1762 narrator
1185 1725 1350 1772 porrexit

1357 884 1393 924 A
1409 884 1524 920 tribus
1549 883 1765 930 postulasse,
1790 884 1885 930 quod
1913 884 2092 929 redderet,
2114 894 2196 923 cum
2219 890 2254 922 et
2270 883 2321 922 illi
2344 884 2382 923 in
2398 895 2465 925 sua
2515 881 2518 883 ’

1413 951 1509 982 sorte
1526 946 1660 982 habere
1677 946 1876 990 inciperent
1897 947 2154 983 necessarium.

1458 1006 1737 1052 Inveneruntque
1766 1006 2006 1042 Adonibezeclt
2037 1007 2072 1041 in
2092 1007 2243 1051 Bezeclt,
2283 1013 2314 1043 et
2335 1019 2468 1055 puqna-

1412 1072 1532 1102 verunt
1565 1072 1685 1102 contra
1716 1077 1808 1109 eum,
1839 1078 1879 1101 ac
1898 1072 2139 1111 percusserunt
2173 1065 2413 1104 Chananoe'um
2433 1075 2467 1104 et

1413 1126 1655 1161 Plzerezreum.
1681 1125 1713 1159 F
1716 1126 1787 1172 uqit
1818 1132 1932 1162 autem
1958 1126 2218 1171 Adonibezeclt,
2239 1139 2340 1174 quem
2359 1128 2468 1163 secuti

1414 1188 1758 1234 comprehenderunt,
1769 1188 1866 1223 cresis
1882 1189 2139 1223 summitatibus
2153 1200 2321 1224 manuum
2338 1189 2414 1234 ejus
2428 1200 2470 1224 ac

1413 1248 1554 1294 pedum,
1572 1253 1641 1283 etc.
1666 1247 1753 1291 Quis
1788 1252 1907 1282 autem
1943 1246 2010 1281 iste
2039 1246 2309 1290 Adonihezech,
2343 1247 2471 1284 melius

1414 1317 1523 1352 quam
1544 1306 1706 1342 diabolus
1738 1306 1887 1351 intelligi
1922 1311 2068 1351 potest,
2098 1307 2212 1343 hostis
2244 1307 2413 1353 antiquus
2434 1313 2471 1344 et

1415 1367 1582 1402 inimicus
1610 1366 1727 1402 omnis
1745 1366 1923 1411 justitiae,T
1945 1367 2007 1412 qui
2030 1374 2158 1414 regnat
2178 1368 2215 1404 in
2234 1368 2386 1412 Bezecb,
2403 1369 2474 1405 hoc

1416 1432 1485 1469 est,
1502 1426 1538 1462 in
1558 1426 1697 1474 fulgore
1714 1426 1773 1462 vel
1793 1427 1829 1462 in
1850 1433 2063 1474 contemptu
2083 1439 2189 1465 vano.
2211 1429 2475 1476 Interpretatur

1417 1493 1536 1523 autem
1563 1487 1830 1532 Adonibezeeh,
1852 1489 2012 1525 dominus
2031 1489 2200 1535 fulminis.
2222 1490 2264 1525 Et
2281 1490 2474 1536 Apostolus

1419 1549 1463 1585 de
1482 1549 1607 1585 eodem
1635 1550 1784 1596 antiquo
1803 1551 1907 1586 hoste
1932 1551 1981 1586 ita
2004 1551 2091 1587 dicit
2116 1563 2124 1586 τ
2148 1551 2227 1598 Ipse
2255 1552 2346 1587 enim
2365 1552 2473 1588 Sata-

1419 1619 1483 1644 nas
1498 1609 1728 1656 transfiqurat
1744 1621 1779 1646 se
1793 1610 1830 1645 in
1849 1610 2010 1656 anqelum
2026 1609 2112 1646 lucis
2132 1610 2188 1658 (ΙΙ
2205 1609 2286 1646 Cor.
2304 1611 2360 1658 ιι).
2382 1612 2474 1648 Tota

1420 1674 1539 1704 autem
1555 1668 1631 1714 ejus
1645 1671 1807 1716 potentia
1828 1676 1935 1716 atque
1953 1676 2113 1717 potestas
2131 1672 2274 1709 vanitas
2289 1677 2357 1716 est,
2369 1682 2477 1718 quem

1421 1731 1485 1767 filii
1514 1731 1618 1775 Juda,
1641 1734 1710 1770 hoe
1729 1739 1795 1775 est,
1817 1734 1883 1780 lilii
1902 1734 2143 1780 confessionis,
2165 1745 2207 1771 ae
2223 1735 2286 1771 lilii
2316 1735 2476 1779 Simeon,

293 1790 487 1827 historiam
505 1798 693 1835 quousque
710 1789 773 1824 filii
790 1788 901 1824 lsrael
915 1787 960 1823 ad
976 1787 1144 1823 colendos
1161 1786 1246 1822 deos
1265 1785 1352 1821 alie·
1370 1786 1402 1827 B
1422 1794 1490 1829 hoe
1510 1800 1577 1838 est,
1604 1794 1667 1840 ficu
1682 1795 1928 1837 exauditionis,
1950 1795 2143 1839 debellant,
2156 1806 2236 1832 eum
2258 1796 2380 1832 fideles
2399 1796 2478 1842 qui-

292 1862 360 1889 nos
387 1852 683 1896 declinaverunt;
706 1851 742 1887 in
763 1851 832 1887 hoc
859 1856 979 1886 antem
1010 1850 1102 1886 libro
1125 1849 1170 1884 ad
1187 1848 1351 1885 ordinem

291 1913 412 1957 redit,
456 1914 634 1959 quomodo
670 1912 925 1959 consequentia
959 1916 1060 1958 gesta
1100 1910 1235 1946 suerint
1270 1915 1352 1956 post

292 1979 449 2010 mortem
471 1973 555 2010 ‚Iesu
582 1973 692 2010 Nave.
714 1973 791 2010 Non
811 1982 897 2019 ergo
925 1974 969 2008 ab
987 1971 1048 2007 illo
1076 1976 1238 2017 tempore
1259 1969 1351 2004 inci-

291 2034 345 2080 pit
364 2035 455 2071 liber
473 2046 543 2081 quo
562 2036 712 2081 populus
731 2035 777 2070 ad
801 2033 952 2071 colenda
976 2032 1171 2068 sintulacra
1188 2029 1348 2073 defluxit,

293 2095 393 2131 seda
413 2095 595 2141 prioribus
624 2094 846 2140 interpositis
880 2093 1105 2139 temporibus
1141 2091 1270 2137 quibus
1308 2099 1351 2125 ea

293 2159 394 2200 gesta
408 2159 492 2190 sunt
510 2160 590 2200 post
608 2165 688 2201 quae
703 2154 747 2189 ad
778 2153 839 2190 illa
859 2152 1037 2199 pervenit.

348 2215 390 2254 Et
411 2215 542 2261 sactum
563 2222 613 2251 est
633 2221 816 2261 postquam
833 2214 1018 2259 defunctus
1039 2219 1088 2248 est
1110 2213 1228 2255 Jesus,
1244 2213 1352 2247 inter-

295 2275 465 2322 roqabant
481 2274 669 2319 filiilsrael
677 2274 881 2315 Dominum,
900 2273 1050 2308 dicentes
1067 2272 1176 2315 :Quis
1193 2272 1354 2306 ascendet

295 2335 478 2370 nobiscum
498 2334 544 2369 ad
568 2333 807 2369 Cltananoeum
826 2333 899 2367 dux
919 2333 964 2368 ad
986 2332 1230 2367 debellandum
1250 2332 1355 2367 eum?

296 2395 343 2431 Et
361 2395 451 2431 discit
469 2395 640 2431 Dominus
661 2403 672 2429 .·
691 2394 804 2430 Judas
822 2394 984 2430 ascendet
1003 2402 1015 2427 .·
1032 2405 1108 2430 ecce
1127 2394 1207 2429 dedi
1226 2400 1355 2430 terram

294 2457 332 2492 in
347 2467 471 2492 manus
502 2456 627 2503 ipsius.
648 2455 715 2493 Hie
735 2455 910 2503 quaeritur
928 2459 1052 2492 utrum
1084 2455 1216 2502 aliquis
1246 2456 1356 2492 homo

295 2516 407 2554 ‚ludas
425 2519 644 2562 vocabatur,
670 2529 717 2554 an
742 2519 857 2564 ipsam
876 2519 1025 2562 tribum,
1057 2518 1108 2554 ita
1126 2524 1165 2555 ut
1179 2518 1282 2561 solet,
1304 2518 1356 2555 sic

296 2580 520 2626 appellavit?
540 2580 611 2617 Sed
634 2580 685 2617 illi
718 2580 780 2627 qui
817 2581 1132 2628 interrogaverant
1161 2580 1356 2617 Dominum

295 2647 379 2688 post
401 2647 555 2680 mortem
584 2641 671 2679 Jesu
695 2642 808 2687 Nave,
831 2643 960 2679 ducem
990 2643 1244 2689 requirebant;
1262 2642 1356 2678 unde

296 2709 444 2749 putatur
478 2703 586 2740 unius
609 2714 820 2750 expressum
857 2704 1015 2742 hominis
1048 2714 1193 2741 nomen.
1219 2704 1356 2740 Verum

298 2762 384 2809 quia
402 2773 474 2798 non
500 2763 590 2800 solet
612 2765 719 2800 duces
741 2765 928 2801 nominare
950 2765 1150 2812 Scriptura,
1172 2775 1255 2801 cum
1270 2774 1357 2800 eon-

298 2824 500 2860 stituuntur
517 2852 526 2868 ,
546 2825 615 2860 nisi
635 2833 915 2862 commemorata
935 2827 1043 2862 ctiam
1067 2826 1208 2873 origine
1223 2835 1356 2872 paren-

300 2889 389 2926 tum,
410 2890 447 2920 et
465 2889 608 2922 constat
627 2891 707 2932 post
725 2884 848 2922 Jesum
867 2887 975 2922 duces
996 2878 1166 2922 habuisse
1185 2886 1358 2932 populum

300 2945 432 2987 lsrael,
453 2955 605 2990 quorum
634 2947 772 2991 primus
804 2952 860 2984 est
887 2947 1054 2983 Othouiel
1076 2946 1170 2982 silius
1207 2947 1324 2982 Zenez
1346 2958 1355 2983 .·

301 3003 436 3039 rectius
452 3004 661 3050 intelligitur
675 3005 819 3040 nomine
833 3005 932 3040 Judae
947 3005 1080 3039 tribum
1099 3004 1229 3039 Judam
1246 3004 1358 3040 fuisse

303 3063 564 3110 significatan13
586 3064 631 3099 ab
649 3064 726 3109 ipsa
752 3065 849 3100 enim
865 3065 962 3101 tribu
982 3065 1095 3101 voluit
1115 3065 1291 3101 Dominus
1306 3066 1359 3101 in-

303 3125 424 3171 cipere
442 3126 580 3163 conteri
608 3125 843 3163 Chananaeos.
866 3127 911 3162 Et
932 3138 1015 3163 eum
1036 3129 1191 3174 populus
1211 3130 1254 3166 de
1269 3129 1360 3166 duee

304 3186 575 3232 interrogasset,
607 3187 652 3222 ab
675 3187 743 3223 hoc
775 3186 887 3223 valuit
914 3187 1104 3233 responsio
1133 3188 1297 3232 Domini,
1318 3194 1360 3225 ut

310 3246 418 3282 sciret
434 3247 548 3282 Deum
578 3246 737 3283 noluisse
755 3247 800 3283 ab
817 3247 985 3284 universo
1004 3247 1136 3294 populo
1153 3248 1280 3284 bellari
1295 3249 1360 3285 ad-

306 3317 432 3343 versus
459 3306 694 3343 Chananaeos.
711 3307 809 3343 Dixit
841 3298 954 3355 ergo:
975 3308 1090 3344 Judas
1111 3307 1286 3344 ascendet.
1311 3308 1360 3344 Et

308 3366 474 3411 sequitur
505 3365 691 3411 Scriptura
712 3376 865 3402 narrans
884 3378 893 3402 :
916 3366 963 3402 Et
982 3365 1071 3401 dixit
1090 3364 1206 3401 Judas
1233 3366 1279 3401 ad
1299 3365 1360 3401 Si·

307 3439 411 3464 meon
428 3428 573 3473 fratrem
605 3439 708 3463 suum
723 3438 735 3462 .-
755 3429 880 3474 utique
915 3429 1031 3465 tribus
1050 3428 1095 3464 ad
1113 3428 1259 3464 tribum.
1281 3428 1361 3466 Non

309 3488 406 3523 enim
426 3487 543 3524 adhuc
575 3488 741 3524 vivebant
775 3489 828 3525 illi
863 3488 928 3525 filii
947 3488 1057 3526 Jacob
1076 3489 1137 3535 qui
1157 3490 1245 3525 dicti
1279 3494 1363 3526 sunt

308 3544 419 3583 Judas
434 3551 470 3582 et
486 3545 646 3589 Simeon,
675 3547 770 3583 inter
786 3552 937 3583 caeteros
952 3547 1082 3584 fratres
1103 3558 1188 3584 suos
1204 3548 1363 3595 propriis

309 3606 517 3643 nominibus
528 3607 710 3652 appellati.
729 3606 802 3644 Sed
819 3607 910 3644 dixit
928 3608 1043 3645 tribus
1059 3607 1152 3645 Juda
1165 3609 1211 3645 ad
1228 3609 1363 3646 tribum

311 3665 482 3702 Simeon:
502 3666 659 3702 Ascende
690 3677 826 3704 mecum
856 3667 894 3703 in
912 3673 1003 3703 sorte
1022 3678 1099 3703 mea
1118 3694 1127 3710 ,
1149 3674 1181 3703 et
1198 3667 1363 3705 bellemus

310 3725 349 3759 ’ἶη
374 3724 589 3770 Cleananceo,
604 3733 636 3763 et
656 3727 711 3763 ibo
723 3728 827 3763 etiam
841 3739 902 3775 eqo
921 3734 1034 3763 tecum
1051 3728 1088 3763 in
1102 3734 1230 3764 sortem
1250 3735 1362 3766 tuam.

319 3782 543 3824 tlatiisestum
561 3792 619 3825 est
649 3787 822 3827 auxilium
844 3788 912 3826 sibi
933 3787 1064 3826 tribum
1093 3787 1185 3826 Juda
1215 3787 1364 3827 alterius

1422 1864 1492 1900 que
1508 1860 1610 1892 scuto
1628 1856 1710 1891 lidei
1726 1862 1835 1902 atque
1855 1857 1966 1892 armis
1986 1857 2161 1892 virtutum
2182 1862 2307 1892 contra
2327 1866 2410 1892 eum
2425 1856 2478 1892 di-

1421 1916 1570 1958 micant,
1601 1918 2021 1962 comprehendentesque
2046 1927 2128 1953 eum
2149 1917 2296 1953 caedunt
2327 1915 2478 1952 summi-

1422 1982 1516 2013 tates
1530 1988 1700 2013 manuum
1721 1989 1764 2013 ac
1781 1978 1927 2023 pedum,
1953 1989 2033 2014 cum
2057 1979 2255 2024 primordia
2275 1977 2377 2013 malae
2395 1987 2480 2023 ope-

1422 2039 1571 2074 rationis
1592 2044 1698 2083 atquc
1715 2039 1865 2083 vestigia
1886 2040 1986 2083 pravi
2007 2039 2162 2084 exempli
2195 2039 2408 2075 abscindere
2424 2038 2479 2074 vi-

1422 2099 1538 2134 riliter
1556 2099 1790 2140 contendunt,
1810 2104 1986 2144 quatenus
2005 2099 2151 2145 maligni
2171 2099 2270 2135 fraus
2284 2098 2479 2135 efficaciam

1422 2160 1619 2204 repentinae
1649 2160 1868 2204 deceptionis
1888 2170 1958 2194 non
1984 2159 2157 2203 inveniat,
2188 2169 2271 2195 cum
2293 2159 2397 2206 vigor
2427 2159 2479 2195 illi

1423 2219 1573 2255 nocendi
1595 2219 1746 2263 spiritali
1765 2219 1996 2254 dimicatione
2012 2218 2187 2255 aufertur.

1474 2278 1721 2324 Oppuqnantcs
1738 2289 1817 2324 erqo
1848 2278 1914 2324 filii
1933 2278 2031 2315 Juda
2062 2278 2286 2315 Hierusalem
2317 2284 2481 2326 ceperunt

1424 2347 1515 2380 eam,
1541 2343 1571 2372 et
1584 2345 1826 2384 percusserunt
1846 2340 1957 2375 inore
1979 2340 2102 2385 aladii,
2125 2340 2300 2376 tradentes
2319 2345 2480 2376 cunctam

1424 2397 1583 2432 incendio
1594 2398 1780 2433 civitatem.
1802 2397 1846 2432 Et
1859 2405 1977 2443 postea
1987 2399 2230 2435 descendentes
2240 2404 2480 2446 puqnaoerunt

1425 2464 1545 2494 contra
1561 2458 1815 2501 Chanana’um,
1837 2459 1896 2505 qui
1920 2449 2100 2494 habitabat
2120 2459 2157 2494 in
2176 2459 2366 2501 montanis,
2385 2464 2416 2494 et
2434 2458 2480 2493 ad

1424 2519 1619 2562 meridiem,
1641 2524 1673 2555 et
1693 2519 1729 2554 in
1750 2519 2012 2565 campestribus.
2029 2518 2250 2566 Peryensque
2264 2518 2379 2554 Judas
2399 2528 2482 2554 con-

1425 2584 1481 2614 tra
1501 2577 1759 2623 Cltananoeum,
1782 2580 1840 2626 qui
1861 2579 2041 2615 habitabat
2066 2580 2104 2615 in
2121 2571 2241 2615 Ebron
2255 2607 2265 2623 ,
2302 2579 2402 2626 cujus
2423 2590 2484 2615 no-

1427 2650 1506 2675 men
1524 2639 1591 2685 fuit
1614 2641 1824 2686 antiquitus,
1845 2639 2089 2683 Cariatharbe,
2119 2641 2288 2687 percussit
2316 2639 2426 2684 Sisai,
2445 2646 2482 2678 ⁴et

1375 2688 1404 2730 C
1426 2700 1591 2743 Abiman,
1622 2707 1655 2736 et
1692 2700 1871 2744 Tltolmar‚
1893 2707 1995 2747 atque
2012 2701 2093 2736 inde
2120 2701 2295 2747 profectus
2323 2701 2411 2736 adiit
2432 2701 2479 2735 ad

1427 2759 1638 2796 habitatores
1670 2760 1783 2795 Dabir
1804 2761 1905 2807 cujus
1932 2771 2056 2796 nomen
2079 2766 2173 2797 vetus
2200 2766 2274 2797 erat
2307 2759 2482 2796 Cariatse-

1425 2820 1523 2865 plter,
1540 2820 1575 2856 id
1596 2826 1657 2863 est,
1676 2820 1795 2856 civitas
1810 2821 2020 2857 litterarum.
2040 2820 2153 2868 liujus
2169 2821 2238 2857 Ioci
2254 2820 2481 2867 Josephusin

1426 2881 1518 2917 libro
1554 2881 1819 2927 Antiquitatum
1849 2884 1975 2929 quinto
1995 2911 2005 2927 ,
2039 2883 2088 2919 ita
2127 2882 2291 2919 meminit
2331 2882 2479 2919 dicens:

1431 2953 1443 2975 ι
1473 2941 1570 2977 luter
1596 2942 1674 2978 haec
1709 2943 1931 2980 obsederunt
1950 2942 2249 2990 Hierosolymam,
2286 2944 2350 2980 sed
2387 2944 2482 2980 hanc

1427 3002 1573 3049 quidem
1595 3003 1701 3050 longo
1721 3009 1881 3050 tempore
1899 3005 2095 3051 capientes,
2115 3015 2241 3042 omnes
2262 3006 2299 3042 in
2315 3015 2358 3042 ea
2378 3005 2482 3042 habi-

1429 3068 1546 3100 tantes
1566 3063 1840 3102 interemerunt.
1858 3067 1946 3102 Erat
1975 3067 2072 3102 enim
2091 3068 2144 3103 eis
2162 3068 2267 3104 valde
2284 3067 2405 3114 gravis
2421 3067 2484 3104 de-

1428 3133 1536 3170 super
1554 3126 1707 3161 munitio
1730 3137 1931 3171 murorum,
1952 3134 1989 3163 et
2016 3128 2086 3164 loci
2117 3134 2247 3164 natura
2277 3129 2482 3165 resistendi.

1429 3184 1532 3221 Unde
1549 3188 1793 3222 castrametati
1811 3188 1945 3223 suntin
1966 3187 2100 3230 Ebron,
2123 3193 2160 3223 et
2178 3189 2273 3224 hanc
2301 3188 2484 3233 capientes

1428 3245 1547 3279 omnia
1567 3245 1841 3281 interfecerunt.
1863 3259 1876 3280 ι
1902 3246 2186 3291 Relinquebatur
2214 3252 2335 3282 autem
2368 3256 2483 3294 genus

1429 3305 1547 3340 adbuc
1573 3306 1784 3351 gigantium,
1811 3307 1871 3351 qui
1894 3311 2044 3352 propter
2078 3306 2344 3352 magnitudines
2373 3311 2484 3353 atque

1429 3364 1563 3401 formas
1582 3364 1618 3400 in
1636 3364 1733 3401 nullo
1751 3365 1831 3401 aliis
1858 3365 2062 3402 hominibus
2081 3366 2267 3411 proximas
2292 3367 2387 3404 ultra
2404 3379 2482 3405 mo-

1431 3425 1516 3461 dum
1543 3425 1741 3462 mirabiles.
1762 3425 1943 3462 Hactenus
1971 3436 2096 3462 eorum
2125 3437 2207 3463 ossa
2231 3430 2491 3465 monstrantur

1431 3486 1468 3522 in
1501 3486 1598 3523 nullo
1617 3486 1681 3533 *his
1710 3487 1754 3523 de
1791 3487 1920 3532 quibus
1949 3486 2039 3523 fides
2074 3488 2277 3524 habebatur
2313 3488 2480 3535 aequalia.

1434 3547 1593 3592 Quorum
1627 3558 1739 3594 genus
1773 3548 1909 3584 Levitis
1941 3549 2121 3596 praecipue
2153 3549 2299 3587 dederat
2334 3555 2482 3598 munus,
2525 3584 2540 3596 ¹.

1434 3607 1544 3643 etiam
1563 3617 1645 3644 cum
1669 3607 1810 3644 duobus
1828 3607 1985 3645 millibus
2007 3609 2151 3646 >cubitis
2182 3614 2317 3646 terram
2338 3619 2484 3656 quoque
2526 3596 2540 3664 *Ι

1437 3666 1531 3703 dono
1550 3667 1724 3704 dederant
1758 3672 1881 3703 manto
1913 3668 2077 3713 Moseos;
2097 3669 2156 3706 hic
2179 3670 2274 3706 enim
2306 3669 2374 3707 fuit
2389 3678 2485 3708 unus
2519 3670 2523 3694 ἓ

1435 3726 1714 3773 exploratorum,
1734 3737 1823 3775 quos
1842 3728 1940 3767 misit
1961 3729 2101 3777 Moyses
2125 3730 2163 3768 in
2189 3730 2442 3770 chananaeam.
2463 3742 2480 3771 t
