2540 4016
29 420 34 422 ,
79 373 156 422 ‘sed
173 376 330 417 eoelestis

55 186 165 238 ,ata

615 181 883 222 ENARRATIO
907 181 1060 221 SUPER
1083 182 1500 228 DEtJ'rEnonotuun.
1526 207 1572 219 -—
1594 189 1682 230 ΜΒ.
1706 191 1764 229 111.

2188 201 2260 241 950

79 246 174 298 ''1000
183 257 288 308 juxta
313 259 473 294 montem
489 253 650 293 Garizim
670 240 842 293 incedunt
861 255 906 292 ad
933 255 1147 294 benedicen-
1166 258 1199 298 Δ
1214 259 1466 297 haereticorum
1493 243 1577 308 (ipsi
1600 268 1685 300 sunt
1709 263 1866 303 artifices
1881 272 2053 312 vanitatis
2070 280 2180 323 atque
2198 286 2260 314 gu.

94 313 195 368 d‘iim,
211 317 275 358 etis
290 314 492 365 figuraliter
508 308 692 359 indicant,
721 314 784 362 qui
809 325 883 352 non
897 320 996 351 metu
1016 326 1146 362 poenae,

387 370 612 416 remissionis
643 384 767 413 amore
798 375 979 420 succensi,
1001 377 1149 415 veniunt

84 440 138 480 ‘sd
153 438 320 478 salutem.
341 433 395 478 lli
411 447 497 474 vero
515 431 669 481 dimidii,
687 431 747 483 qui
760 433 863 484 juxta
883 442 1043 475 montem
1058 438 1149 478 Ebal

92 498 275 545 incedunt,
296 494 333 538 in
364 510 435 546 quo
459 494 732 537 maledictiones
760 498 909 546 prolatae
939 505 1036 544 sunt,
1069 501 1149 537 illos

92 555 266 608 indicant,
286 555 348 610 qui
365 573 435 599 non
457 573 580 599 amore
603 563 898 601 benedictionum
917 563 972 599 vel
990 565 1147 610 promis-

91 621 247 669 sionum,
258 620 319 662 sed
329 620 534 661 futurorum
546 625 802 672 suppliciorum
826 626 954 663 timore
969 627 1150 673 complent

91 700 171 737 quae
189 687 225 724 in
244 683 321 734 lege
343 689 477 734 scripta
496 693 593 730 sunt,
614 694 654 724 ut
674 689 887 734 perveniant
907 690 951 726 ad
979 690 1145 726 salutem.

137 749 271 799 Omnes
279 756 398 786 autem
409 750 504 786 circa
516 760 637 786 arcam
650 750 833 792 incedunt,
846 750 907 796 qui
924 751 969 786 ab
980 751 1149 788 Ecclesiae

90 811 170 850 sinu
191 822 263 847 non
296 810 482 847 recedunt.
514 810 584 847 Sed
612 803 809 847 nobiliores
829 819 909 846 esse
930 809 1009 847 illos
1044 811 1147 847 novi-

89 883 170 908 mus
188 872 263 918 qui,
290 869 376 908 boni
399 872 512 918 ipsius
532 871 728 913 desiderio,
765 876 910 907 aeternae
929 870 1148 907 benedictio-

89 935 146 972 nis
166 945 302 977 amore,
324 935 420 980 quod
438 935 574 970 bonum
598 938 654 969 est
675 937 801 978 agunt,
835 941 943 978 quam
974 931 1054 967 illos
1087 933 1148 978 qui

87 1007 154 1044 pro
184 997 288 1034 malis
306 997 441 1032 bonum
458 1000 659 1030 sectantur.
684 993 790 1028 Solus
805 1002 892 1038 crgo
910 991 1013 1028 Jesus
1030 999 1148 1039 potest

87 1066 133 1092 ex
163 1056 331 1092 omnibus
354 1053 495 1102 populis
528 1053 735 1099 hujusmodi
767 1060 907 1090 mentes
936 1055 1149 1101 animosque

87 1125 322 1163 congregare,
350 1120 386 1150 et
420 1115 510 1152 aiios
550 1113 697 1159 quidem
742 1119 902 1150 statuere
924 1114 960 1150 in
988 1122 1148 1151 montem

1214 319 1505 366 perstitiosorum
1537 321 1743 367 dogmatum
1772 324 1836 369 qui
1853 329 2015 369 ‹zu-mina
2029 338 2069 370 et
2095 335 2259 376 incanta-

1215 378 1333 415 tiones
1361 379 1487 428 agunt)
1506 379 1707 417 abdicatur.
1736 381 1948 430 Quicunque
1969 390 2067 430 enim
2096 404 2260 434 errorem

1214 447 1282 484 pro
1306 439 1460 479 veritate
1480 439 1519 477 in
1545 440 1687 492 occulto
1719 452 1785 482 seu
1809 442 1847 482 in
1866 446 2058 486 manifesto
2087 454 2260 502 sequitur,

1215 499 1377 545 profecto
1406 501 1586 538 idolorum
1603 501 1720 542 cultor
1738 503 1964 553 designatur,
1986 513 2060 550 tam
2079 510 2124 548 de
2140 515 2266 554 ordine

1215 562 1460 608 praelatorum,
1490 574 1600 610 quam
1633 565 1743 603 etiam
1769 567 2009 607 subditorum.
2032 572 2123 616 Quia
2143 583 2267 614 omnes

1216 625 1355 672 pariter
1388 631 1425 661 et
1457 626 1552 662 hona
1571 627 1729 670 ¹laudare
1753 634 1790 666 et
1809 630 1902 666 mala
1923 631 2094 670 detestari
2113 643 2266 682 oportet.

1221 698 1234 720 ι
1260 685 1468 723 Maledictus
1494 687 1563 733 qui
1593 698 1664 725 non
1696 690 1851 727 honorat
1883 698 2024 739 patrem
2051 706 2168 740 suum,
2200 711 2212 734 ι
2234 706 2272 736 et

1217 745 1368 792 reliqua.
1392 746 1569 784 Convenit
1588 758 1675 796 ergo
1704 751 1898 798 unicuique
1915 760 2060 799 patrem
2084 765 2188 793 suum
2203 763 2272 796 ter-

1217 817 1346 844 renum
1381 814 1418 845 et
1451 814 1602 846 matrem
1631 814 1809 849 venerari.
1839 813 1910 851 Sed
1928 816 2170 864 multomagis
2192 820 2273 856 uni-

1216 878 1404 905 versorum
1439 870 1583 907 Patrem
1599 872 1711 908 Deum
1731 879 1767 909 et
1786 880 1937 911 matrem
1954 877 2154 915 Ecclesiam
2172 881 2272 917 omni

1217 931 1450 968 veneratione
1470 942 1511 968 ac
1532 933 1767 980 religiositate
1799 936 1842 971 ab
1864 937 2042 974 universis
2079 940 2182 976 decet
2201 941 2271 977 coli

1218 998 1327 1037 atque
1353 993 1523 1028 honorari
1541 1005 1548 1028 :
1573 994 1633 1030 ubi
1655 999 1690 1030 et
1711 996 1968 1040 magistrorum
1986 998 2201 1043 spiritalium
2216 1010 2274 1037 re-

1218 1052 1381 1087 verentia
1402 1053 1539 1097 pariter
1571 1055 1903 1099 comprehenditur,
1930 1058 2013 1102 quia
2030 1059 2205 1096 Dominus
2221 1059 2274 1096 di-

1219 1111 1366 1156 scipulis
1398 1112 1473 1148 suis
1499 1113 1549 1148 ait
1571 1124 1579 1148 ε
1604 1126 1616 1147 ι
1642 1113 1710 1157 Qui
1726 1124 1790 1150 vos
1810 1116 1980 1160 honorat,
2004 1127 2061 1153 me
2095 1119 2273 1163 honor-au

88 1177 246 1214 Garizim
285 1167 329 1212 ad
350 1175 662 1216 benedicendum;
702 1175 793 1211 alios
813 1186 899 1211 vero
926 1175 963 1211 in
989 1182 1149 1212 montem
1167 1173 1200 1215 B
1219 1179 1255 1209 ei
1288 1173 1347 1218 qui
1380 1183 1445 1208 VOS
1466 1174 1617 1219 spernit,
1653 1185 1711 1210 ¹¹¹ss
1733 1176 1885 1222 spernit·
1923 1189 1935 1211 ¹
1968 1177 2191 1223 Maledictus,
2213 1181 2274 1226 qui

86 1240 176 1277 Ebal
211 1244 371 1275 statuere
409 1239 453 1273 ad
488 1237 778 1272 maledictionem
802 1249 809 1271 :
832 1247 904 1272 non
929 1242 968 1272 ut
1002 1237 1150 1273 maledi-

88 1302 229 1339 ctiones
263 1300 459 1346 accipiant,
488 1299 549 1334 sed
575 1304 629 1340 ut,
665 1303 880 1339 metuentes,
918 1300 1149 1344 praescriptas

88 1362 360 1402 maledictiones
380 1367 416 1397 ct
435 1372 561 1407 poenas
582 1360 832 1406 peccatoribus
852 1361 1068 1396 constitutas
1092 1362 1149 1397 in-

88 1435 237 1462 currere
271 1428 436 1465 caveant,
475 1433 517 1458 ac
559 1422 775 1467 semctipsos
797 1415 938 1458 timoris
973 1422 1149 1468 supplicio

87 1487 286 1532 corrigant,
327 1497 338 1517 ι
381 1485 426 1519 Ει
442 1484 741 1530 pronuntiabunt,
772 1483 900 1528 inquit,
924 1483 1073 1527 Levitce,
1097 1485 1150 1519 di-

88 1552 244 1592 centque
264 1546 308 1582 ad
327 1555 453 1580 omnes
472 1545 570 1580 viros
590 1544 714 1586 lsrael,
734 1543 876 1580 excelsa
895 1554 997 1580 voce.
1024 1558 1036 1579 i
1055 1544 1150 1588 Quid

87 1614 144 1644 est
179 1607 275 1652 quod
318 1606 452 1642 Levitis
484 1606 655 1652 praeeepit
684 1611 725 1641 ut
753 1606 798 1641 ad
833 1607 930 1642 viros
966 1606 1076 1642 lsrael
1098 1608 1150 1643 lu-

89 1674 248 1716 quantur
278 1669 422 1704 excelsa
456 1679 556 1709 voce,
576 1668 645 1704 nisi
667 1668 749 1713 quia
771 1667 962 1704 ostendere
987 1670 1062 1704 vult
1088 1681 1148 1705 sa-

88 1729 296 1767 cerdotibus
317 1728 451 1765 Christi
470 1729 566 1775 quod
587 1739 658 1764 non
676 1730 854 1775 segniter,
885 1731 949 1766 sed
970 1730 1150 1767 instanter

89 1791 220 1828 debent
241 1790 305 1826 Dei
335 1790 486 1827 verbum
505 1790 645 1835 populis
659 1791 879 1835 praedicare?
902 1791 948 1826 Ut
967 1791 1098 1833 sciant,
1120 1792 1149 1827 si

89 1851 333 1899 praeterierint
352 1850 415 1886 Dei
433 1851 618 1893 mandata,
654 1861 733 1896 quae
753 1852 806 1888 eis
824 1852 1036 1888 immineant
1055 1853 1150 1899 peri-

90 1914 190 1957 cula;
213 1913 244 1949 si
282 1918 401 1949 autem
427 1913 630 1949 obedierint
653 1915 841 1959 praeceptis
868 1914 944 1957 Dei,
982 1925 1060 1960 quae
1088 1923 1150 1950 eos

89 1980 287 2020 sequantur
307 1974 482 2010 beneficia
503 1986 511 2008 ε
535 1985 616 2010 cum
635 1975 669 2009 in
684 1976 855 2020 praesenti
874 1976 947 2010 vita
964 1977 1147 2019 solatium,

90 2044 126 2076 et
147 2039 182 2074 in
203 2037 324 2074 futura
355 2039 543 2084 praemium
574 2039 802 2084 promittitur
825 2044 1014 2075 aeternum.
1041 2041 1149 2076 Male-

1221 1233 1393 1269 transsert
1415 1235 1589 1270 terminos
1623 1236 1776 1280 proximi
1806 1237 1875 1272 sui.
1908 1250 1921 1272 ι
1957 1237 2032 1274 Hoc
2071 1239 2276 1276 testimonio

1220 1299 1320 1329 vetat
1346 1294 1549 1338 avaritiam,
1582 1295 1821 1342 haeresimque
1851 1298 2064 1335 detestatur.
2088 1300 2276 1338 Transfert

1220 1364 1305 1400 ergo
1334 1355 1507 1390 terminos
1527 1356 1680 1401 proximi
1711 1357 1780 1399 sui,
1802 1358 1862 1403 qui
1897 1369 1968 1394 non
1990 1365 2182 1396 contentus
2204 1362 2275 1396 erit

1219 1415 1503 1451 orthodoxorum
1533 1416 1602 1452 lide
1630 1423 1737 1461 atque
1758 1418 1937 1462 doctrina,
1958 1420 2021 1456 sed
2045 1421 2273 1466 superstitio-

1219 1489 1282 1514 nes
1303 1489 1345 1515 ac
1374 1484 1491 1515 sectas
1522 1480 1763 1525 superbiendo
1797 1483 1938 1519 noviter
1961 1483 2170 1520 introducit.
2204 1484 2272 1529 Qui

1220 1539 1315 1574 euim
1350 1540 1428 1575 haec
1462 1540 1548 1586 agit,
1574 1541 1697 1586 procul
1722 1541 1829 1577 dubio
1859 1549 1995 1579 :eterna
2021 1544 2275 1580 maledictione

1220 1610 1304 1636 reus
1324 1601 1405 1635 erit.
1426 1600 1526 1636 Unde
1546 1602 1710 1646 sequitur
1733 1614 1740 1637 :
1767 1614 1777 1635 ι
1805 1603 2015 1641 Maledictus
2033 1606 2092 1651 qui
2111 1606 2198 1642 saclt
2214 1615 2271 1642 er-

1219 1671 1300 1696 rare
1315 1671 1450 1696 caecuin
1483 1662 1519 1696 in
1539 1662 1611 1697 via.
1639 1676 1650 1696 ι
1673 1662 1815 1698 Caecum
1831 1664 1867 1699 in
1898 1665 2027 1701 itinere
2048 1665 2136 1702 iacit
2149 1675 2272 1702 errare

1219 1721 1279 1767 qui
1315 1721 1512 1767 simplicem
1548 1728 1656 1768 atque
1676 1723 1939 1769 imprudentem
1972 1735 2038 1771 per
2071 1727 2272 1762 doctrinam

1219 1782 1347 1818 salsam
1379 1782 1415 1817 in
1437 1782 1565 1818 itinere
1587 1782 1855 1829 Sci·iptur·.·rum
1876 1785 1962 1822 facit
1977 1796 1997 1821 a
2018 1787 2180 1822 veritatis
2196 1792 2270 1822 tra-

1219 1842 1307 1877 mite
1337 1842 1492 1878 deviare.
1525 1842 1601 1879 Hoc
1629 1854 1714 1891 crgo
1730 1855 1838 1890 quam
1859 1847 2101 1892 perniciosum
2118 1849 2164 1883 sit
2177 1846 2277 1894 Apo-

1220 1903 1333 1939 stolus
1354 1904 1509 1939 ostendit
1535 1904 1657 1940 dicens
1680 1916 1687 1939 :
1723 1918 1734 1938 ‹
1775 1906 1812 1942 Si
1829 1908 1910 1953 quis
1930 1919 2001 1944 uon
2035 1914 2132 1944 amat
2152 1909 2276 1945 Domi-

1220 1973 1306 1998 num
1337 1962 1460 1999 Jesum
1501 1964 1767 2011 Christum,sit
1797 1969 1989 2005 anathema
2021 1972 2234 2007 maranatha
2257 1984 2270 2005 ι

1221 2023 1255 2070 (I
1277 2023 1358 2060 Cor.
1386 2024 1434 2071 v).
1475 2026 1518 2061 Et
1543 2027 1660 2063 alias:
1686 2040 1697 2061 ‹
1735 2029 1958 2076 Quicunque,
1988 2033 2052 2077 ait,
2086 2033 2179 2069 hanc
2219 2043 2276 2069 re-

91 2099 269 2136 dictiones
289 2108 389 2145 ergo,
412 2099 487 2135 sive
505 2099 778 2136 benedictiones
800 2110 891 2146 quas
908 2100 1000 2137 liber
1019 2102 1150 2139 Dente·
1169 2093 1199 2135 C
1221 2088 1340 2134 gulam
1353 2089 1466 2124 secuti
1485 2088 1631 2132 suerint,
1649 2101 1719 2136 pax
1737 2101 1844 2137 super
1864 2093 1942 2129 iiiOS
1957 2100 1992 2129 et
2012 2094 2276 2138 misericordia,

90 2161 246 2198 renomii
281 2160 455 2204 continet,
484 2165 521 2196 ct
557 2162 794 2197 historialiter
818 2161 969 2208 intelligi
1000 2168 1151 2208 possunt

91 2221 138 2257 ad
157 2230 220 2257 eos
237 2221 437 2266 pertinere,
455 2221 517 2266 qui
532 2227 714 2257 terrenam
734 2222 943 2259 felicitatem
964 2224 1150 2267 amabant,

92 2281 148 2317 vel
168 2281 230 2327 qui
252 2287 398 2317 terrena
422 2282 555 2317 damna
574 2283 643 2318 sihi
669 2283 814 2318 evenire
835 2284 1058 2319 metuebant.
1081 2284 1153 2321 Sed

36 2346 37 2349 ’
92 2341 205 2377 multo
235 2342 351 2388 magis
383 2347 439 2378 est
467 2341 684 2377 Christianis
709 2343 924 2386 cavendum,
946 2354 990 2379 nc
1005 2348 1153 2390 propter

92 2401 374 2438 inobedientiam
394 2401 611 2447 spiritalium
638 2413 762 2438 rerum
782 2409 818 2439 et
843 2404 1017 2439 virtutum
1032 2405 1153 2450 potius

93 2463 279 2509 patiantur
312 2463 502 2508 penuriam
524 2473 632 2508 quam
662 2468 890 2499 terrenarum
919 2465 1154 2511 indigentiam

93 2531 229 2558 rerum·
252 2521 341 2565 Quia
360 2523 490 2568 saepius
518 2522 672 2568 legimus
687 2523 868 2568 perfectos
882 2525 982 2559 viros
997 2534 1154 2569 praesen-

93 2583 184 2620 tium
219 2592 342 2619 rerum
371 2582 606 2628 indigentiam
642 2583 732 2627 pati,
758 2584 820 2618 sed
842 2588 961 2619 tamen
980 2585 1155 2620 virtutum

95 2643 196 2688 copia
215 2641 368 2687 repleri;
390 2641 485 2677 sicut
511 2641 698 2686 apostolus
716 2641 850 2677 Paulus
880 2643 947 2678 sibi
968 2650 1005 2679 et
1026 2654 1156 2691 coope—

94 2701 277 2739 ratoribus
309 2701 384 2736 suis
408 2701 605 2746 saepissime
633 2701 779 2738 evenire
813 2706 969 2738 testatur
999 2704 1152 2740 dicens:

99 2775 113 2798 ι
134 2762 256 2808 Usque
273 2762 318 2797 ad
332 2762 425 2798 hanc
441 2762 566 2797 horam
582 2762 776 2806 esurimus,
789 2770 826 2799 et
839 2764 994 2808 sitimus,
1011 2770 1046 2801 et
1069 2767 1155 2802 nudi

97 2831 236 2865 sumus,
248 2825 281 2855 et
297 2820 457 2867 colaphis
468 2821 654 2864 caedimur,
668 2828 705 2857 et
716 2821 903 2859 instabiles
919 2834 1054 2868 sumus,
1066 2831 1102 2860 et
1112 2825 1156 2861 la-

96 2883 284 2925 boramus,
294 2887 487 2927 operantes
500 2882 666 2918 manibus
677 2883 811 2919 nostris
825 2894 832 2918 :
846 2884 1108 2926 maledicimur,
1123 2891 1158 2923 et

106 2943 366 2986 benedicimus,
387 2949 672 2989 persecutionem
684 2944 854 2989 patimur,
867 2949 903 2980 et
914 2946 1134 2984 sustinemus
1147 2959 1155 2991 ;

1226 2155 1262 2185 et
1278 2161 1385 2196 super
1415 2151 1524 2186 lsrael
1561 2151 1625 2187 Dei
1651 2164 1662 2185 ›
1699 2150 1793 2198 (Gal.
1827 2153 1892 2200 vr).
1932 2165 1943 2187 ‹
1969 2153 2191 2199 MaledictuS,
2218 2155 2279 2202 qui

1223 2211 1397 2256 pervertit
1414 2209 1590 2255 judicium
1622 2212 1780 2256 advenae,
1797 2213 1924 2259 pupilli
1942 2219 1978 2249 et
1999 2214 2124 2250 viduae.
2151 2227 2163 2249 ι
2184 2214 2280 2260 inju-

1225 2279 1320 2308 stum
1348 2273 1525 2317 judicium
1551 2274 1686 2309 nchni
1718 2275 1917 2310 secundum
1949 2276 2138 2312 historiam
2158 2277 2278 2313 facere

1224 2333 1325 2374 licet,
1345 2334 1407 2368 sed
1427 2343 1492 2368 nec
1527 2334 1723 2369 secundum
1744 2335 1954 2380 allegoriam
1976 2336 2150 2371 advenam
2170 2336 2276 2381 spiri·

1226 2392 1349 2435 talem,
1384 2392 1558 2438 pupillum
1593 2398 1702 2438 atque
1733 2394 1890 2436 viduam,
1915 2394 2046 2438 iniuste
2074 2394 2279 2440 opprimere

1226 2452 1330 2488 dccet
1350 2463 1358 2487 :
1380 2452 1553 2497 pupillum
1572 2453 1709 2498 utique,
1732 2453 1774 2488 de
1789 2460 1860 2498 quo
1881 2454 1915 2488 in
1934 2453 2071 2499 psalmo
2099 2459 2154 2490 cst
2186 2455 2278 2504 εει-ἰ-

1225 2519 1327 2558 ptum
1347 2523 1355 2547 ι
1378 2524 1389 2545 ι
1413 2512 1506 2555 Tibi,
1524 2512 1687 2556 Domine,
1714 2512 1908 2549 derelictus
1944 2519 1998 2549 cst
2027 2523 2165 2560 pauper
2186 2524 2196 2550 :
2220 2524 2278 2551 or-

1225 2577 1344 2622 phano
1362 2581 1399 2611 tu
1420 2576 1492 2611 eris
1514 2576 1655 2621 adjutor
1675 2589 1686 2609 ι
1723 2575 1837 2622 (Psal.
1860 2574 1925 2621 ix).
1954 2575 2105 2611 Viduam
2141 2582 2277 2620 autem,

1227 2636 1271 2671 de
1301 2646 1372 2682 qua
1404 2636 1498 2671 idem
1533 2635 1709 2681 Propheta
1745 2646 1788 2672 ex
1822 2646 1974 2681 persona
2011 2636 2151 2673 Domini
2196 2635 2277 2674 ait:

1233 2708 1244 2730 ι
1269 2696 1419 2731 Viduam
1429 2696 1505 2741 ejus
1517 2697 1733 2733 benedicens
1749 2697 1959 2733 benedicam
1975 2710 1986 2731 ›
2012 2695 2127 2745 (Psal.
2141 2699 2277 2745 cxxxi).

1233 2770 1245 2790 ‹
1276 2757 1483 2794 Maledictus
1514 2759 1573 2804 qui
1600 2759 1732 2795 dormit
1758 2769 1839 2795 cum
1875 2769 1986 2795 uxore
2015 2760 2130 2806 patris
2156 2759 2224 2803 sui,
2245 2766 2282 2796 et

1234 2830 1246 2851 ‹
1271 2819 1406 2854 revelat
1432 2820 1698 2864 operimentum
1717 2820 1807 2866 ejus.
1829 2833 1841 2855 ι
1864 2819 2090 2856 Manifestum
2110 2826 2166 2857 est
2184 2820 2280 2856 enim

1230 2879 1326 2924 quod
1340 2880 1458 2915 omnis
1478 2881 1637 2916 incestus
1676 2880 1895 2917 abominatio
1931 2885 1987 2917 cst
2023 2881 2116 2927 apud
2150 2881 2275 2918 Deum.

1234 2939 1303 2976 Sed
1327 2947 1448 2977 tamen
1466 2942 1533 2978 hac
1564 2943 1742 2978 sententia
1765 2941 1961 2990 legislator,
1979 2943 2176 2981 secundum
2195 2942 2282 2980 alle-

99 3004 403 3050 blasphemamur‚
421 3009 457 3040 et
484 3003 739 3040 obsecramus:
759 3009 930 3051 tanquam
948 3017 1160 3054 purgamen..
1176 2990 1213 3030 D
1230 3002 1382 3048 goriam,
1412 3004 1601 3040 haereticos
1620 3010 1726 3050 atque
1753 3004 2005 3041 schismaticos
2025 3004 2196 3051 percutit,
2218 3005 2279 3051 qui

101 3069 138 3100 ta
174 3063 281 3109 hujus
316 3063 440 3100 mundi
469 3062 556 3099 sacti
579 3073 703 3100 sumus
737 3065 899 3102 omnium
917 3068 1120 3113 peripsema
1141 3082 1152 3103 ι

102 3123 138 3172 (Ι
171 3123 255 3161 Cor.
292 3123 358 3170 tv).
394 3124 439 3160 Et
471 3125 556 3161 item
580 3135 588 3159 t
612 3137 623 3158 ι
649 3124 840 3169 Libenter,
882 3127 1018 3173 iuquit,
1050 3129 1158 3175 igitur

102 3183 286 3231 gloriabor
303 3185 339 3222 in
357 3184 630 3222 infirmitatibus
656 3187 759 3229 meis,
780 3191 820 3222 ut
850 3187 1026 3223 inhabitet
1046 3188 1081 3223 in
1100 3197 1157 3226 me

101 3245 218 3284 virtus
235 3246 385 3285 Christi.
402 3246 554 3294 Propter
572 3247 666 3293 quod
686 3247 813 3292 placeo
832 3247 921 3282 mihi
943 3249 977 3283 in
999 3248 1155 3284 infirmi-

103 3308 239 3344 tatibus
261 3308 365 3352 meis‚
393 3308 432 3344 in
458 3309 705 3351 contumeliis,
735 3308 773 3344 in
804 3309 1096 3354 necessitatibus,
1119 3311 1155 3348 in

104 3370 281 3417 angustiis
298 3381 365 3418 pro
389 3370 547 3408 Christo.
572 3371 664 3408 Cum
681 3372 779 3407 enim
793 3372 970 3416 infirmor,
997 3378 1079 3409 tune
1095 3383 1158 3419 po-

104 3435 186 3469 tens
201 3442 281 3469 sum
296 3432 354 3480 (11
377 3432 460 3469 Gor.
482 3433 541 3480 n).
577 3446 590 3468 ι
613 3433 854 3470 Peccantibus
871 3439 990 3470 autem
1007 3433 1157 3471 maledi-

106 3492 244 3529 ctiones
270 3492 477 3539 hujusmodi
491 3493 636 3531 indietae
653 3498 736 3530 sunt
753 3502 764 3531 t
786 3504 798 3527 ι
818 3489 1030 3530 Maledictus
1049 3493 1156 3530 homo

109 3563 125 3589 ι
145 3553 209 3601 qui
237 3553 326 3593 facit
365 3554 532 3600 sculptile
563 3561 600 3593 et
631 3554 811 3592 conflatile
852 3554 1156 3591 abominationem

109 3625 126 3649 ι
148 3614 292 3658 Domim
322 3627 331 3654 z
355 3625 446 3662 opus
478 3624 653 3653 manuum
676 3615 870 3659 artificum,
903 3619 1083 3661 ponetque
1118 3613 1155 3649 in

111 3682 127 3707 ί
149 3672 360 3714 emunito
382 3675 483 3715 ittud-
515 3676 563 3717 Et
593 3676 825 3724 respondebit
853 3676 971 3712 omnis
986 3674 1154 3721 populus,

113 3743 128 3768 ⁸
149 3732 320 3779 Amen...
338 3736 417 3777 noo
430 3738 528 3776 mim
544 3739 704 3785 amulo
721 3748 794 3776 non
811 3738 927 3775 sotum
950 3735 1155 3773 idololatria

104 3803 191 3846 quae
204 3793 244 3845 i·
257 3795 462 3841 cumben·
477 3797 818 3846 urunt-utum,
833 3798 896 3837 sed
914 3797 1035 3835 munis
1051 3805 1154 3846 error

1227 3073 1396 3108 sponsam
1419 3064 1567 3109 Christi,
1598 3066 1659 3111 qui
1692 3065 1943 3101 universorum
1977 3071 2080 3112 pater
2107 3071 2161 3103 est
2195 3065 2277 3112 quia

1226 3125 1386 3162 omnium
1404 3130 1560 3167 creator,
1585 3125 1704 3171 aliquo
1723 3125 1828 3160 modo
1844 3134 1908 3170 per
1928 3128 2088 3160 errorem
2108 3134 2274 3170 corrupe-

1226 3191 1312 3226 rint.
1346 3187 1549 3224 Secundum
1570 3196 1656 3222 vero
1689 3185 1938 3231 tropologiam,
1958 3184 2025 3219 hoc
2043 3182 2208 3230 prohibet
2227 3194 2273 3221 ne

1225 3251 1307 3298 quis
1341 3248 1519 3285 actionem
1550 3245 1664 3292 patris
1696 3244 1749 3278 sui
1783 3253 1943 3288 pravam,
1965 3251 2073 3287 quam
2093 3241 2152 3277 iile
2176 3241 2271 3279 male

1230 3310 1352 3358 gessit,
1382 3309 1450 3344 iste
1479 3305 1643 3350 nequiter
1664 3301 1837 3338 imitando
1868 3299 2048 3344 diffan1et;
2081 3301 2271 3350 necigno-

1229 3373 1376 3410 miniam
1407 3370 1550 3413 spargat
1575 3374 1682 3410 super
1713 3372 1843 3398 nomen
1878 3362 2007 3408 patris,
2032 3361 2063 3398 si
2095 3360 2202 3398 iteret
2237 3362 2272 3398 in

1229 3434 1326 3470 sacto
1343 3430 1435 3466 unde
1449 3428 1508 3463 ille
1523 3425 1760 3471 reprehensus
1774 3428 1833 3459 est
1853 3423 1998 3460 merito.
2025 3427 2037 3457 ι’
2062 3419 2274 3459 Maledictus

1234 3505 1247 3527 ‹
1272 3492 1333 3538 qui
1351 3488 1482 3526 dormit
1503 3496 1583 3523 cum
1599 3485 1695 3522 omni
1720 3484 1897 3531 jumento.
1923 3497 1936 3519 »
1956 3482 2063 3521 Juxta
2086 3479 2273 3521 historiam

1229 3552 1385 3589 maxima
1415 3548 1567 3586 stultitia
1602 3551 1656 3583 est
1679 3556 1761 3582 cum
1793 3545 1909 3582 brutis
1942 3544 2159 3582 animalibus
2185 3554 2272 3579 mue-

1227 3673 1316 3711 Cum
1351 3677 1437 3718 ergo
1453 3669 1509 3705 vir
1539 3669 1602 3704 aut
1619 3667 1748 3705 mulier
1765 3663 1810 3703 ad
1829 3665 2050 3715 alienigenas
2069 3661 2270 3712 voluptates

1228 3735 1263 3771 in
1278 3736 1417 3770 tantum
1436 3729 1626 3772 incumbit,
1645 3733 1685 3764 ut
1707 3736 1775 3764 nec
1790 3725 1935 3774 quidem
1949 3734 2016 3772 per
2029 3722 2205 3763 desidiam
2223 3723 2269 3759 ab

1228 3794 1282 3832 eis
1301 3792 1474 3843 capiatur,
1495 3789 1559 3828 sed
1578 3790 1651 3827 imo
1667 3786 1773 3826 valde
1799 3783 1853 3825 eis
1870 3780 2052 3826 cohaereat
2063 3788 2103 3822 et
2117 3793 2199 3822 cum
2217 3781 2271 3819 eis
