2540 4016
260 193 327 234 ⁷87

705 194 746 231 B.
773 193 943 233 mnam
968 194 1117 233 Manat
1141 193 1357 235 anantes.
1384 194 1593 241 uocum.
1618 195 1812 239 ornauit
1834 194 1956 237 raas
1982 186 2012 231 1.'

2367 195 2438 233 788

251 271 442 322 permittas
460 271 605 321 explere
618 274 802 315 desideria
827 285 908 319 sua,
928 285 997 312 nec
1010 274 1190 312 concedas
1209 273 1243 311 ei
1259 272 1312 309 la·
1329 277 1366 321 A
1381 276 1502 322 potius
1525 276 1724 317 secundum
1740 274 1942 323 Scriptum
1961 271 2232 317 auctoritatem,
2255 274 2375 320 ipsun
2403 275 2438 313 ei

253 333 372 371 sciviis
389 334 548 385 evagari.
567 336 643 380 sed,
657 337 696 375 in
711 343 887 386 quantum
900 342 1020 383 potest
1038 335 1129 378 fieri,
1148 332 1266 382 afflige
1277 339 1314 371 et

251 396 401 439 humilia
419 407 516 439 flam.
547 398 711 445 Denique
742 405 779 435 et
796 398 945 437 Paschae
967 396 1149 434 festivitas
1166 401 1204 433 et
1220 395 1312 443 Azy-

250 466 408 505 morum,
436 467 569 505 panem
589 456 798 500 afflictionis
818 458 954 496 habere
977 457 1125 495 dicitur.
1150 456 1229 501 Non
1247 467 1314 504 po-

252 524 322 557 test
337 519 418 570 quis
453 529 562 568 agere
577 519 674 561 diem
694 518 843 564 festum,
859 519 931 557 nisi
951 519 1158 563 afflictionis
1181 528 1312 568 panem

250 581 535 625 manducaverit,
558 587 597 619 et
623 582 1051 629 manducaverit'pascha
1075 592 1158 618 cum
1179 581 1313 621 amari-

250 641 387 678 tudine.
409 641 673 680 Manducabitis
691 643 801 686 enim,
822 642 954 689 inquit,
972 652 1100 689 azyma
1116 651 1199 678 cum
1214 649 1311 676 ama-

251 704 423 741 ritudine.
447 705 555 742 Vides
583 715 670 752 ergo
700 705 826 752 quales
852 709 938 741 sunt
973 702 1189 740 festivitates
1223 700 1312 736 Dei?

252 763 330 801 Non
362 766 539 812 recipiunt
557 766 783 804 dulcedinem
797 765 1036 813 corporalem,
1076 764 1166 801 nihil
1186 762 1313 800 remis-

253 836 346 870 sum,
369 827 459 864 nihil
491 828 745 876 voluptuosum
765 835 827 865 aut
846 829 1071 864 luxuriosum
1090 827 1228 870 volunt,
1250 824 1312 862 sed

253 885 485 923 afflictionem
505 888 647 931 animae,
681 894 719 924 et
742 888 1022 925 amaritudinem
1056 886 1313 923 bumilitatem-

254 956 336 993 que·
356 947 567 995 deposcunt.
607 948 700 992 Quia
723 950 783 996 qui
817 961 852 985 se
886 948 1064 992 humiliat,
1101 947 1314 983 exaltabitur

252 1007 348 1054 apud
367 1007 481 1044 Deum
499 1008 601 1056 (Luc.
632 1009 722 1056 xlv).
743 1009 819 1045 Hoc
846 1019 933 1056 ergo
952 1008 1112 1055 deposcit
1134 1013 1170 1044 et
1192 1006 1314 1054 propi-

252 1068 415 1107 tiationis
432 1070 522 1108 dies.
543 1070 631 1106 Cum
647 1072 742 1107 enim
761 1071 894 1107 afflicta
914 1071 1025 1107 fuerit
1044 1072 1180 1114 anima,
1197 1075 1234 1106 et
1248 1071 1314 1106 hu-

252 1129 394 1165 miliata
425 1129 462 1165 in
498 1136 694 1177 conspectu
727 1131 885 1174 Domini,
921 1135 1007 1166 tunc
1031 1131 1064 1166 ei
1098 1130 1314 1176 propitiatur

251 1188 370 1235 Deus3
391 1195 429 1226 et
461 1195 548 1227 tunc
579 1192 625 1227 ad
658 1202 736 1228 eam
764 1192 861 1229 venit
884 1192 957 1236 ille,
990 1203 1097 1238 quem
1126 1193 1313 1239 proposuit

251 1248 647 1298 Deuspropitiatorium
666 1262 729 1298 per
742 1251 850 1288 fidem
868 1253 903 1287 in
926 1253 1100 1298 sanguine
1116 1262 1193 1296 suo,
1209 1251 1313 1289 Jesus

252 1309 421 1347 Christus
442 1311 616 1347 Dominus
635 1318 671 1346 et
687 1311 906 1358 Redemptor
926 1311 1016 1356 ojus.

301 1370 571 1414 Quintadecima
603 1382 680 1406 vero
702 1372 758 1406 die
787 1373 914 1412 mensis
938 1372 1074 1418 septimi
1109 1382 1187 1417 quie
1219 1372 1313 1407 vobis

251 1432 317 1467 erit
343 1438 469 1468 sancta
489 1439 592 1479 atque
622 1432 842 1475 venerabilis,
876 1444 976 1468 omne
992 1443 1078 1478 opus
1101 1431 1224 1467 servile
1245 1443 1315 1468 non

253 1492 389 1539 facietis
415 1494 453 1528 in
478 1504 541 1536 ea,·
558 1493 619 1528 sed
637 1493 853 1529 celebrabitis
884 1493 1138 1529 solemnitatem
1163 1494 1313 1530 Domino

252 1559 378 1601 septem
390 1553 527 1599 diebus,
544 1555 767 1602 offeretisque
782 1556 817 1591 in
835 1556 977 1591 odorem
988 1556 1235 1591 suavissimum
1248 1556 1316 1592 Do-

254 1613 362 1661 mino,
399 1613 524 1650 vitulos
547 1615 590 1650 de
623 1622 781 1652 armento
825 1616 1001 1660 tredecim,
1040 1618 1166 1652 arietes
1211 1617 1313 1661 duos,

254 1683 361 1724 aqnos
406 1674 670 1718 immaculatos,
722 1676 906 1713 anm'cnloa
941 1678 1231 1723 (suatuordecitm
1282 1684 1315 1714 et

252 1732 291 1768 in
335 1732 532 1770 libamentis
568 1746 688 1771 eorum
722 1737 846 1773 similoe
898 1737 973 1774 oleo
1022 1750 1215 1785 conspersoe
1244 1744 1315 1775 tres

252 1793 406 1830 decimas
434 1806 495 1841 per
527 1795 682 1842 singulos
707 1797 845 1842 vitulos,
879 1799 939 1846 qui
965 1806 1046 1835 sunt
1081 1799 1187 1836 simul
1216 1799 1316 1836 vituli

254 1855 486 1900 tredecim,·et
511 1857 599 1894 duas
629 1859 783 1896 decimas
803 1860 905 1896 arieti
939 1872 1027 1905 uuo,
1058 1862 1093 1897 id
1120 1868 1185 1905 est,
1212 1860 1316 1898 simul

254 1916 420 1958 arietibus
439 1917 588 1963 duobus,
610 1926 642 1955 et
667 1919 836 1956 decimam
854 1921 997 1957 decima:
1018 1922 1118 1971 aquis
1139 1921 1287 1968 sinqutis
1304 1934 1314 1960 .·

254 1978 313 2023 qui
341 1984 422 2017 sum
451 1979 556 2016 simul
577 1981 659 2031 aqui
695 1983 987 2029 quatuordecim,·
1028 1989 1059 2021 et
1087 1983 1223 2021 hircum
1254 1994 1315 2030 pro

254 2044 409 2084 peccato,
431 2044 559 2092 absque
578 2040 781 2079 holocausto
797 2043 1022 2090 sempiterno,
1039 2049 1070 2079 et
1086 2043 1263 2091 sacrificio
1284 2050 1317 2080 et

255 2096 420 2134 libamine
438 2099 514 2146 ejus
529 2127 538 2143 ‚
575 2106 613 2136 et
632 2107 774 2137 caetera.
796 2101 875 2139 Jam
898 2114 985 2141 vero
1004 2104 1151 2143 ultimus
1172 2105 1249 2142 dies
1267 2104 1319 2142 se·

257 2160 335 2191 stus
352 2154 417 2192 Del
437 2157 498 2203 qui
517 2159 576 2202 sit,
597 2170 669 2207 quo
686 2160 782 2198 Deus
796 2162 939 2199 laetatur
958 2163 995 2200 in
1022 2164 1180 2208 homine,
1200 2165 1320 2202 videa-

257 2225 339 2253 mus
361 2229 369 2252 :
390 2216 632 2267 Scenopegia‚
670 2221 808 2267 inquit..
837 2222 995 2259 Laetatur
1016 2233 1102 2270 ergo
1133 2235 1242 2271 super
1263 2231 1317 2269 te,

258 2286 341 2314 cum
361 2278 494 2316 viderit
523 2281 560 2318 in
582 2282 651 2318 hoc
669 2283 805 2321 mundo
837 2283 874 2320 in
892 2285 1134 2333 tabernaculis
1153 2286 1320 2323 babitan-

257 2344 354 2384 tem3
374 2350 457 2377 cum
476 2346 512 2379 te
527 2342 660 2380 viderit
680 2354 754 2381 non
775 2345 911 2382 habere
929 2345 1041 2382 fixum
1060 2353 1097 2384 et
1130 2345 1319 2383 fundatum

258 2400 416 2437 animum
437 2412 477 2439 ac
501 2405 726 2450 propositum
745 2415 854 2459 super
869 2410 1000 2451 terras,
1019 2417 1088 2444 nee
1106 2407 1318 2447 desideran-

257 2467 330 2498 tem
350 2472 429 2510 quae
448 2470 595 2505 terrena
611 2472 709 2512 sunt,
731 2477 799 2505 nec
812 2468 979 2505 umbram
994 2469 1078 2508 vitae
1093 2468 1201 2517 hujus
1216 2470 1321 2516 quasi

255 2527 522 2572 possessionem
546 2529 730 2579 propriam
750 2535 787 2571 et
814 2535 1027 2578 perpetuam
1063 2531 1319 2579 deputantem,

258 2586 322 2623 sed
341 2587 491 2625 velutin
515 2590 670 2628 transitu
686 2591 857 2639 positum,
883 2596 921 2628 et
943 2592 988 2629 ad
1006 2601 1130 2629 veram
1146 2591 1245 2629 illam
1259 2602 1322 2640 pa-

261 2647 367 2684 triam
386 2648 483 2685 unde
498 2659 664 2701 egressus
692 2661 731 2689 es
755 2652 916 2702 paradisi
941 2651 1173 2689 festinantem
1193 2662 1236 2689 ac
1269 2653 1323 2692 di-

259 2713 425 2745 centem:
445 2710 569 2746 Incola
601 2723 661 2758 eqo
680 2723 757 2749 sam
770 2740 780 2757 ,
801 2720 834 2750 et
856 2715 1059 2762 pereqrinus
1097 2715 1187 2751 sicut
1203 2725 1322 2751 omnes

259 2774 375 2816 patres
395 2770 463 2805 mei
487 2768 604 2817 (Psal.
625 2772 766 2826 cxvni).
802 2774 842 2810 ln
869 2776 1110 2814 tabernaculis
1141 2776 1238 2813 enim
1258 2777 1323 2813 ha-

258 2828 468 2867 bitaverunt
485 2835 520 2866 et
537 2837 677 2878 patres,
697 2838 734 2869 et
749 2834 931 2872 Abrabam
957 2836 993 2873 in
1013 2837 1160 2880 casulis,
1187 2838 1223 2875 id
1238 2844 1295 2876 est
1310 2866 1321 2883 ,

261 2890 299 2928 in
320 2891 562 2932 tabernaculis
580 2892 771 2938 habitavit,
791 2904 874 2932 cum
894 2895 994 2933 Isaac
1022 2902 1059 2934 et
1078 2896 1190 2937 Jacob
1206 2899 1323 2937 0011ae-

1380 337 1426 373 da
1442 336 1636 375 Dominum
1656 337 1785 375 lucem.
1811 334 1911 372 Pone
1928 337 2091 372 astantes
2111 333 2260 380 angelos
2294 333 2438 381 gloria,

1377 407 1471 445 pone
1490 398 1658 441 virtutes,
1675 397 1794 438 sedes,
1809 394 2092 439 dominationes,
2109 400 2219 441 atque
2245 405 2352 433 omne
2380 406 2443 433 no-

1378 468 1463 498 men
1485 457 1724 495 clarissimum
1739 455 2015 501 coelestiumque
2026 455 2216 501 virtutum,
2233 465 2307 492 non
2324 455 2442 493 solum

1379 518 1474 567 quod
1492 518 1530 554 in
1550 515 1720 563 praesenti
1742 514 1874 553 saeculo
1892 515 2113 559 nominatur,
2135 516 2198 553 sed
2217 516 2314 562 quod
2332 515 2442 553 etiam

1379 578 1417 614 in
1439 578 1576 616 futuro.
1593 577 1682 612 Item
1700 575 1768 613 hos
1782 585 1910 613 omnes
1923 575 2128 620 considera,
2146 582 2183 612 et
2197 576 2336 623 conjice
2353 586 2443 622 quo-

1378 638 1485 674 modo
1502 637 1560 683 agi
1583 636 1724 684 possint
1742 635 1819 672 dies
1835 635 1920 672 festi
1938 636 2095 680 Domini,
2113 647 2194 682 quae
2221 636 2271 673 ibi
2299 635 2440 673 festivi-

1379 702 1486 741 tates,
1508 708 1588 744 quae
1605 697 1748 744 gaudia,
1769 707 1849 743 quae
1873 697 2006 737 laetitiae
2030 698 2256 743 magnitudo.
2287 697 2379 734 Nam
2398 697 2443 735 de

1378 758 1436 797 his
1473 768 1552 803 quae
1578 767 1686 803 supra
1709 757 1867 794 diximus
1902 758 2125 804 spiritalibus
2160 756 2439 802 festivitatibus,

1379 819 1488 857 etiam
1518 819 1548 855 si
1577 829 1715 865 magnae
1738 824 1822 855 sunt
1840 824 1876 855 et
1895 829 2003 864 verae,
2026 819 2206 866 praecipue
2229 829 2311 856 cum
2332 818 2441 865 spiri-

1380 880 1501 916 taliter
1527 885 1701 926 geruntur
1719 880 1754 916 in
1774 880 1908 924 anima,
1932 885 2054 916 tamen
2075 891 2120 917 ex
2139 885 2244 927 parte
2257 885 2354 924 sunt,
2370 890 2444 917 non

1381 952 1426 978 ex
1444 941 1598 988 integro.
1617 940 1718 977 Sicut
1742 942 1839 978 enim
1861 942 2168 988 dixitApostolus,
2186 942 2270 988 quia
2290 952 2332 977 ex
2346 948 2445 988 parte

1380 1004 1525 1046 scimus,
1545 1008 1577 1037 et
1609 1013 1651 1037 ex
1670 1007 1769 1049 parte
1804 1003 2051 1048 prophetamus
2088 1002 2124 1049 (I
2143 1002 2225 1038 Cor.
2246 1001 2355 1048 xm),
2395 1001 2446 1037 ita

1382 1073 1607 1109 consequens
1625 1068 1696 1106 est,
1718 1068 1758 1098 ut
1776 1072 1820 1099 ex
1848 1068 1950 1108 parte
1983 1063 2080 1098 diem
2114 1062 2244 1098 festum
2264 1071 2443 1109 geramus.

1384 1125 1431 1162 Ut
1451 1131 1571 1161 autem
1596 1125 1689 1161 scias
1709 1125 1786 1160 haec
1818 1124 1867 1160 ita
1884 1133 1964 1160 esse
1982 1151 1991 1167 ,
2027 1124 2219 1160 redeamus
2243 1125 2301 1160 ‚ad
2335 1124 2447 1170 ipsius

1331 1174 1363 1216 Β
1382 1186 1484 1223 Pauli
1511 1197 1729 1228 sermonem,
1751 1186 1813 1231 qui
1834 1185 1878 1221 de
1911 1186 2036 1221 diebus
2056 1185 2159 1221 festis
2178 1191 2213 1221 et
2232 1185 2275 1222 de
2298 1195 2447 1221 neome-

1382 1247 1452 1283 niis
1471 1246 1604 1292 posuit.
1625 1246 1670 1280 Et
1702 1245 1784 1280 vide
1821 1245 2001 1290 quomodo
2037 1245 2291 1281 observantem
2323 1245 2416 1281 dixit
2434 1255 2445 1281 t

1384 1308 1498 1343 Nemo
1519 1318 1620 1352 εει-90,
1643 1306 1693 1341 ait
1707 1332 1715 1349 ,
1729 1306 1866 1351 judicet
1885 1307 1921 1342 in
1941 1307 2037 1350 cibo,
2057 1313 2117 1342 aut
2138 1308 2174 1342 in
2199 1314 2282 1354 potu
2297 1334 2306 1350 ,
2329 1313 2390 1342 aut
2410 1309 2448 1344 in

1383 1376 1482 1415 parte
1500 1369 1569 1404 diei
1592 1369 1684 1413 festi.
1722 1368 1774 1403 Ex
1794 1374 1896 1414 parte
1928 1370 2040 1413 enim,
2065 1376 2101 1406 et
2120 1380 2192 1407 non
2219 1382 2265 1407 ex
2289 1370 2446 1415 integro,

1385 1433 1479 1468 diem
1500 1431 1632 1466 festum
1651 1431 1689 1466 in
1712 1431 1781 1466 hoc
1800 1431 1934 1467 mundo
1962 1432 2201 1468 celebramus.
2236 1432 2447 1478 Interpella-

1384 1504 1466 1530 mur
1489 1493 1599 1528 etiam
1628 1493 1657 1528 si
1676 1491 1844 1527 nolumus
1863 1492 1908 1527 ab
1927 1502 2038 1527 onere
2068 1492 2201 1535 carnis,
2222 1493 2408 1538 pulsamur
2426 1503 2447 1528 a

1385 1557 1688 1603 concupiscentiis
1706 1556 1796 1602 ejuS,
1818 1556 1989 1601 curisque
2022 1562 2059 1591 et
2082 1554 2383 1592 sollicitudinibus
2403 1558 2450 1589 te-

1385 1619 1589 1654 rebramur.
1619 1615 1753 1662 Corpus
1783 1617 1880 1653 enim
1905 1615 2144 1662 corruptibile,
2164 1620 2204 1650 ut
2222 1615 2272 1650 ait
2307 1613 2449 1659 sapien-

1386 1678 1562 1720 tissimus,
1582 1683 1748 1723 aqqravat
1766 1677 1934 1719 animam,
1950 1682 1983 1711 et
2001 1676 2164 1722 deprimit
2180 1685 2320 1710 sensum
2338 1673 2449 1708 multa

1386 1739 1596 1785 coqitantem
1618 1737 1718 1784 (Sap.
1745 1736 1811 1784 ix).
1833 1737 1887 1772 Ex
1919 1741 2024 1781 parte
2045 1736 2141 1772 enim
2160 1735 2195 1771 in
2215 1735 2284 1770 hoc
2314 1733 2448 1770 mundo

1386 1800 1502 1838 sancti
1519 1804 1630 1847 agunt
1652 1799 1750 1836 diem
1767 1798 1916 1841 festum,
1952 1798 2035 1844 quia
2055 1806 2100 1834 ex
2116 1802 2220 1842 parte
2253 1795 2384 1837 sciunt,
2409 1798 2446 1830 et

1386 1872 1428 1899 ex
1453 1868 1556 1909 parte
1571 1862 1803 1908 prophetant.
1825 1859 1915 1896 Cum
1941 1864 2062 1895 autem
2079 1857 2244 1894 venerint
2264 1866 2344 1902 quae
2363 1865 2448 1901 pcr-

1388 1924 1483 1961 fecta
1504 1928 1601 1967 sunt,
1618 1923 1853 1960 destruentur
1872 1922 1941 1957 ista
1954 1930 2034 1966 quoe
2047 1929 2092 1955 ex
2113 1923 2216 1965 parte
2234 1922 2330 1954 sunt.
2348 1915 2450 1952 Sicut.

1387 1987 1484 2022 enim
1506 1985 1674 2031 perfectae
1699 1984 1860 2024 scientiae
1876 1983 1970 2020 cedit
1996 1984 2064 2019 ista
2085 1991 2164 2028 qua:
2181 1991 2225 2017 ex
2245 1987 2348 2026 parte
2377 1983 2446 2021 est,

1388 2047 1437 2083 ita
1454 2054 1489 2083 et
1503 2046 1672 2093 perfectae
1686 2045 1875 2083 festivitati
1893 2045 1989 2081 cedit
2006 2045 2076 2081 ista
2100 2053 2179 2088 quae
2197 2053 2241 2078 cx
2258 2048 2361 2087 parte
2393 2046 2450 2076 est

1388 2108 1579 2146 festivitas.
1607 2107 1732 2153 Neque
1762 2107 1858 2145 enim
1884 2106 1980 2152 quod
2007 2105 2207 2151 perfectum
2239 2108 2295 2138 est
2321 2110 2449 2147 capcre

1386 2171 1543 2207 mundus
1560 2170 1628 2205 iste
1651 2174 1786 2214 potest,
1806 2168 1882 2211 ubi,
1903 2172 1943 2204 ut
1962 2166 2132 2209 diximus,
2154 2163 2351 2200 necessitas
2369 2172 2450 2198 cor-

1386 2230 1499 2276 poris,
1513 2238 1608 2265 nunc
1622 2229 1756 2272 cibum,
1774 2238 1869 2265 nunc
1883 2232 2128 2274 potum,nunc
2143 2233 2309 2262 somnum
2323 2232 2450 2269 sugge-

1388 2292 1456 2335 rit;
1473 2301 1567 2327 nunc
1583 2291 1693 2326 ctiam
1711 2294 2025 2335 quantamcunque
2043 2287 2248 2324 necessario
2257 2286 2339 2322 vitae
2354 2294 2448 2329 prae-

1388 2353 1500 2390 sentis
1516 2351 1791 2389 sollicitudinem
1806 2355 1940 2387 movet.
1954 2349 2039 2392 Quae
2053 2348 2172 2384 omnia
2185 2348 2451 2391 interrumpunt

1387 2413 1467 2449 sine
1476 2411 1584 2447 dubio
1594 2410 1902 2446 continuationem
1918 2408 2126 2444 festivitatis
2141 2407 2218 2444 Dei.
2230 2406 2319 2443 Cum
2330 2411 2450 2442 autem

1386 2471 1529 2509 venerit
1546 2470 1634 2507 illud
1647 2470 1744 2516 quod
1763 2469 1898 2505 dictum
1917 2473 1973 2503 est
1996 2467 2040 2503 de
2063 2467 2120 2503 his
2134 2467 2196 2512 qui
2213 2466 2450 2502 restituentur

1388 2535 1427 2571 in
1443 2538 1570 2571 sancta
1581 2560 1591 2577 ,
1610 2532 1642 2569 si
1661 2537 1698 2568 et
1716 2541 1783 2567 nos
1800 2540 1843 2567 ex
1862 2529 1918 2566 his
1934 2538 2013 2565 esse
2030 2537 2246 2570 mereamur,
2268 2526 2329 2572 qui
2346 2526 2451 2561 resti-

1388 2594 1514 2632 tuendi
1534 2598 1633 2636 sunt,
1655 2592 1718 2639 qui
1738 2600 1855 2637 neque
1876 2590 2051 2632 esurient,
2071 2598 2189 2634 neque
2217 2587 2366 2630 sitient,
2392 2594 2452 2621 ne-

1389 2667 1460 2705 que
1481 2655 1739 2697 dormitabunt,
1756 2663 1873 2699 neque
1904 2651 2130 2694 laborabunt,
2151 2649 2213 2686 sed
2233 2654 2340 2687 erunt
2369 2659 2451 2694 per-

1389 2719 1517 2767 vigiles
1554 2718 1648 2756 sicut
1678 2715 1891 2763 angelorum
1923 2713 2009 2749 vita.
2048 2711 2243 2759 Pervigiles
2263 2711 2447 2753 dicentur,

1390 2792 1474 2818 cum
1506 2781 1544 2817 iu
1575 2779 1676 2816 illum
1704 2777 1869 2814 ordinem
1897 2773 2039 2811 restitui
2078 2772 2331 2813 merebuntur;
2363 2775 2447 2805 tunc

1392 2843 1462 2881 erit
1487 2851 1574 2878 vera
1602 2845 1640 2876 et
1671 2839 1881 2882 incorrupta
1909 2834 2100 2875 festivitas,
2122 2829 2222 2876 cujus
2245 2829 2450 2866 festivitatis

1391 2904 1574 2951 princepS,
1591 2905 1630 2936 et
1645 2908 1815 2946 sponsus,
1835 2902 1871 2933 et
1887 2895 2068 2938 dominus,
2079 2894 2149 2930 erit
2167 2892 2271 2929 Jesus
2283 2891 2450 2928 Christus

261 2951 408 2988 redibus
426 2953 717 2999 repromissionis
749 2954 921 3002 ejusdem.
960 2956 1050 2993 Cum
1083 2968 1170 3005 ergo
1201 2960 1318 2997 incola
1336 2968 1371 3008 D
1389 2963 1558 3003 Salvator
1594 2965 1732 2996 noster.
1776 2957 1909 2995 Paulus
1939 2965 2082 3002 quoque
2121 2953 2303 3000 apostolus
2329 2952 2450 2989 sciens

261 3010 374 3055 fueris
388 3015 425 3048 et
442 3012 653 3062 peregrinus
683 3013 720 3049 in
752 3015 874 3059 terris,
894 3021 930 3055 et
947 3025 1020 3055 non
1044 3022 1102 3054 est
1138 3028 1240 3057 mens
1259 3026 1318 3059 tua

260 3072 334 3110 fixa
352 3078 390 3110 et
404 3073 567 3110 radicata
585 3074 624 3114 in
642 3073 831 3118 desideriis
858 3080 1096 3122 terrenorum,
1119 3079 1183 3117 sed
1208 3089 1318 3125 para·

261 3139 322 3169 tus
334 3143 374 3170 es
393 3138 436 3170 ut
449 3133 522 3171 cito
546 3140 711 3172 transeas
743 3136 788 3171 ad
811 3141 949 3175 terram
979 3135 1150 3179 fluentem
1193 3139 1250 3177 lac
1284 3146 1321 3178 et

261 3193 346 3238 mel,
355 3199 393 3230 et
410 3193 655 3231 haereditatem
663 3195 786 3245 capias
799 3194 1025 3242 futurorum;
1041 3198 1072 3235 si
1090 3204 1139 3242 te,
1156 3199 1317 3246 inquam,

261 3254 420 3301 positum
454 3253 494 3298 iu
521 3253 578 3293 his
597 3254 718 3292 videat
732 3254 843 3300 Deus,
868 3254 1012 3297 laetatur
1034 3256 1069 3295 in
1090 3262 1139 3300 te,
1155 3263 1193 3294 et
1224 3258 1320 3294 diem

262 3313 395 3351 festum
410 3318 493 3362 aget
528 3323 636 3362 super
655 3319 704 3352 te.
741 3314 826 3353 Haec
853 3305 998 3363 quidem
1020 3316 1059 3356 in
1075 3318 1259 3368 praesenti.
1279 3317 1319 3354 ln

263 3374 386 3412 futuro
400 3375 431 3412 si
448 3375 503 3412 vis
515 3375 758 3422 considerare,
771 3374 951 3424 quomodo
964 3377 1040 3415 dies
1056 3375 1139 3416 festi
1153 3383 1318 3426 agantur,

266 3435 365 3482 erige
377 3435 409 3472 si
422 3441 528 3484 potes
543 3436 732 3487 paululum
754 3447 882 3475 sensus
900 3442 981 3483 taos
1003 3448 1026 3475 a
1048 3443 1158 3483 terra,
1175 3444 1214 3476 et
1230 3439 1321 3481 obli-

266 3495 406 3532 viscere
431 3496 614 3545 paulisper
630 3508 710 3546 quae
727 3497 908 3539 habentur
947 3498 986 3540 in
1008 3498 1120 3541 facie.
1150 3501 1323 3542 Describe

268 3566 356 3595 vero
373 3557 440 3595 tibi
473 3559 653 3606 quomodo
681 3560 814 3599 coelum
845 3566 882 3600 et
910 3566 1009 3607 terra
1031 3566 1249 3607 transeant,
1286 3567 1325 3600 et

269 3626 378 3664 quam
394 3617 443 3659 sit
462 3619 581 3658 omnis
603 3619 787 3658 habitatus
820 3621 945 3661 mundi
974 3621 1055 3663 bic:
1078 3622 1211 3665 coelum
1237 3632 1325 3665 vero

271 3687 404 3716 novum
432 3683 470 3717 et
497 3685 594 3720 terra
626 3691 718 3718 nova
754 3680 939 3719 fundetur.
969 3681 1107 3721 Amore
1140 3682 1251 3720 etiam
1281 3683 1327 3721 de

272 3739 522 3784 conspectibus
537 3741 609 3778 tuis
622 3741 710 3779 solis
729 3740 836 3787 hujus
857 3741 988 3786 lucem,
1006 3747 1044 3779 et
1059 3743 1104 3780 da
1121 3743 1174 3779 illi
1191 3745 1326 3781 mundo

275 3797 339 3847 qui
354 3805 526 3843 venturus
538 3802 716 3854 miste-911⁸
735 3803 851 3855 buius
868 3803 1072 3859 septuplum
1091 3805 1235 3852 lumen,
1251 3806 1326 3848 imo

1390 3035 1471 3064 esse
1491 3022 1655 3069 quaedam
1669 3020 1787 3066 prima
1804 3017 1989 3056 imbuendi
2006 3016 2122 3060 initia,
2141 3020 2228 3051 tunc
2245 3014 2372 3051 deinde
2384 3022 2450 3059 per

1392 3093 1533 3132 tempus
1551 3084 1661 3120 etiam
1678 3082 1725 3118 ad
1745 3079 2003 3128 perfectionem
2027 3078 2166 3120 venire,
2184 3076 2346 3113 scribens
2364 3074 2448 3121 qui-

1390 3147 1543 3183 busdam
1561 3144 1706 3180 dicebat
1726 3153 1735 3178 :
1755 3141 1897 3177 Etenim
1915 3150 1993 3175 cum
2010 3138 2179 3174 deberetis
2190 3137 2270 3184 jam
2289 3136 2450 3182 maqistri

1391 3218 1464 3245 esse
1496 3211 1636 3253 propter
1663 3209 1797 3247 tempus
1819 3227 1829 3244 ,
1858 3211 1978 3235 rursus
1997 3199 2160 3245 indiqetis
2194 3203 2234 3233 ut
2256 3196 2449 3233 doceamini

1391 3278 1470 3313 quoe
1488 3267 1558 3302 sint
1573 3264 1742 3300 elementa
1766 3261 1902 3297 exordii
1917 3269 2116 3295 sermonum
2130 3259 2210 3301 Dei,
2224 3265 2257 3293 et
2272 3259 2357 3303 sacti
2366 3259 2448 3293 entis

1392 3326 1516 3375 quibus
1535 3326 1624 3360 lacte
1646 3333 1732 3368 opus
1750 3322 1794 3357 sit
1830 3331 1900 3355 non
1926 3320 2000 3354 cibo
2025 3319 2120 3364 sorti.
2139 3318 2262 3352 Omnis
2279 3318 2371 3352 enim
2387 3316 2448 3363 qui

1392 3386 1483 3425 tam
1504 3384 1614 3423 alitur
1629 3409 1639 3425 ,
1669 3391 1789 3426 expers
1809 3385 1859 3415 eat
1887 3378 2055 3414 sermonis
2085 3377 2236 3423 justitia»
2249 3387 2262 3412 .·
2278 3375 2448 3422 parvulus

1393 3446 1486 3484 enim
1500 3449 1564 3481 est.
1587 3440 1829 3487 Persectorum
1844 3447 1924 3474 vero
1945 3443 1994 3472 est
2015 3436 2111 3471 citam
2142 3435 2291 3478 solidus,
2305 3436 2365 3482 qui
2382 3447 2447 3483 pro

1393 3504 1622 3553 possibilitate
1651 3498 1824 3542 sumendi,
1839 3497 2045 3534 exercitatos
2074 3495 2201 3531 liabent
2217 3506 2339 3531 semaa
2356 3523 2365 3540 ‚
2398 3497 2446 3532 ad

1394 3563 1638 3604 discretionem
1667 3559 1750 3596 boni
1767 3564 1802 3596 ot
1835 3555 1920 3594 mali
1939 3555 2062 3603 (Hetr.
2085 3555 2136 3603 v).
2170 3555 2216 3591 Et
2250 3555 2380 3591 iterum
2408 3556 2446 3592 in

1393 3623 1475 3662 aliis
1493 3623 1653 3663 litteram
1670 3618 1761 3666 tegis
1772 3626 1995 3662 omnemque
2011 3615 2215 3661 hujusmodi
2229 3617 2447 3662 scripturam

1393 3684 1572 3723 elementa
1586 3678 1714 3716 mundi
1734 3686 1816 3715 esse
1830 3681 2102 3714 commemorat.
2123 3675 2171 3712 Et
2188 3686 2285 3713 nunc
2301 3686 2389 3724 ergo
2402 3685 2447 3714 en

1393 3754 1473 3792 quae
1485 3742 1738 3790 pertinuerunt
1762 3739 1809 3776 ad
1825 3738 1907 3776 illos
1928 3737 1991 3784 qui
2004 3737 2132 3784 primis
2149 3738 2359 3775 imbuantur
2370 3737 2448 3774 ab·

1392 3805 1541 3851 mentis.
1558 3802 1722 3845 modesta
1757 3800 1862 3841 nobis
1882 3799 2003 3848 ptimo
2018 3799 2188 3838 videntur
2214 3798 2351 3842 audttu.
2367 3798 2464 3838 Uet-1-
