2540 4016
335 196 402 234 507

750 188 790 221 B.
819 184 990 221 RABANI
1017 184 1163 222 MAttnt
1189 184 1400 221 ABClllEl‘.
1430 182 1637 221 MOGUNT.
1666 184 1854 222 OPERUM
1880 184 1999 221 PARS
2023 185 2052 220 1.

2414 184 2487 225 568

334 266 544 314 differentias
564 262 720 299 noveritis
737 259 854 295 mundi
867 266 897 294 et
913 261 1141 302 immuncli,et
1155 260 1272 295 sciatis
1286 259 1369 304 quid
1388 261 1421 299 A
1440 259 1527 295 titus
1544 266 1599 296 est
1621 261 1746 303 vitam,
1766 261 1827 306 qui
1846 261 1882 296 in
1901 261 2031 296 sudore
2057 258 2178 296 vultus
2204 259 2391 297 comedere
2421 272 2488 308 pa-

330 324 504 362 comedere
516 329 575 358 aut
588 322 669 368 quid
683 329 836 364 respuere
845 318 1011 353 debeatis.
1024 319 1095 365 (Ex
1107 318 1256 364 eodem.)
1274 318 1366 363 Ergo

329 394 400 419 non
417 383 485 418 cibi
504 391 568 417 nos
591 379 737 414 mundos
753 377 918 419 reddunt,
939 386 1005 411 nec
1020 377 1195 421 polluunt,
1214 377 1276 412 sed
1303 387 1367 412 nos

330 453 406 485 eos,
421 441 592 487 siquidem
611 448 673 473 nos
699 436 918 471 vivificamus
949 445 990 470 ca
1015 446 1095 480 quae
1119 436 1364 471 comeduntur.

331 501 376 535 Et
394 497 684 544 quemadmodum
704 494 813 528 omnis
832 493 928 528 cibus
952 493 1060 529 honus
1093 501 1125 529 et
1159 494 1246 529 nihil
1282 495 1367 540 reji-

330 557 486 591 ciendum
501 559 561 594 est,
577 552 666 597 quod
686 561 762 585 cum
783 551 976 596 qratiarum
997 551 1133 586 actione
1156 553 1367 597 percipitur,-

329 614 565 657 sanctificatur
580 612 668 646 enim
701 621 762 655 per
778 611 917 646 verbum
936 611 1022 654 Dei,
1043 612 1134 647 sicut
1153 613 1200 647 ait
1224 613 1366 653 Paulus,

327 672 559 708 cierationem
575 670 607 716 (l
627 670 774 704 Timoth.
795 669 861 715 tv),
880 670 931 704 sic
950 680 991 705 ea
1022 680 1099 715 quac
1119 671 1367 712 comeduntur,

328 742 369 767 ea
402 731 563 766 videlicet
591 739 668 774 quac
700 729 861 763 nutriunt
894 729 1065 770 animam,
1094 729 1127 763 id
1158 734 1226 770 est,
1257 729 1369 763 bonas

329 793 586 833 actiones,nos
604 789 839 831 vivificamus,
862 789 890 824 si
918 789 1008 824 bene
1036 790 1088 823 eis
1116 794 1281 830 utamur;
1313 789 1368 824 sin

328 857 446 887 autem
467 850 567 891 male,
585 859 653 884 uon
674 848 983 888 vivificamus,sed
1000 847 1261 883 mortificamus
1279 859 1286 881 τ
1307 848 1367 891 qui

329 912 423 946 enim
438 921 480 945 ex
502 909 687 954 iniquitate
703 908 787 942 facit
801 907 1074 953 eleemosynam,
1087 907 1279 942 mortilicat
1293 906 1370 950 ejus

331 971 497 1005 virtutem
518 969 592 1003 sive
611 968 825 1013 potentiam;
848 972 884 1002 ct
917 967 976 1011 qui
1010 977 1028 1001 a
1060 967 1150 1002 cibis
1176 966 1367 1008 abstinent,

329 1040 392 1076 per
402 1029 566 1074 linguam
582 1038 667 1063 vero
686 1026 857 1062 tratribus
875 1027 1079 1068 detrabunt,
1095 1026 1138 1061 de
1155 1026 1284 1071 quibus
1303 1026 1371 1061 Da-

330 1089 388 1123 vid
419 1088 531 1123 dicit:
560 1086 627 1128 Qui
657 1087 820 1121 devorant
844 1086 973 1131 plebem
1008 1097 1117 1120 meam
1145 1086 1231 1120 sicut
1258 1097 1369 1121 escam

330 1148 428 1192 panis
443 1146 555 1193 (Psal.
575 1146 669 1193 xtu),
690 1146 905 1182 mortificant
918 1147 953 1181 bi
976 1145 1239 1182 abstinentiam.

737 1221 823 1258 CAP
860 1221 887 1257 T
914 1222 955 1258 V.

332 1268 383 1305 De
400 1269 601 1305 mulieribus
623 1269 776 1315 quandiu
801 1222 877 1315 pcIJJst
902 1274 1039 1314 partum
1069 1268 1257 1303 immundoe
1283 1268 1366 1302 sint.

379 1329 476 1375 (Car.
498 1330 577 1375 xu.)
594 1329 743 1364 Locutus
754 1336 800 1364 est
818 1329 986 1364 Dominus
1003 1330 1048 1363 ad
1068 1328 1210 1374 Moysen
1227 1329 1367 1364 dicens:

330 1388 483 1434 Loquere
500 1388 582 1433 filiis
604 1388 713 1423 lsrael
730 1395 761 1423 et
779 1389 870 1424 dices
891 1389 936 1424 ad
951 1400 1008 1424 eos
1030 1398 1042 1422 .·
1064 1389 1193 1423 Mulier
1206 1389 1236 1423 si
1253 1400 1369 1425 susce-

329 1455 385 1494 pto
401 1450 527 1484 semine
543 1450 708 1495 pepererit
729 1449 934 1492 masculum,
954 1450 1132 1484 immunda
1160 1450 1223 1484 ert‘t
1241 1456 1368 1496 septem

329 1508 462 1551 diebus,
491 1509 594 1553 juxta
627 1509 699 1544 dies
739 1510 966 1555 separationis
1009 1516 1214 1554 menstruoe‚
1248 1516 1280 1545 et
1313 1511 1369 1545 die

330 1575 444 1602 octat-o
470 1569 734 1603 circumcidetur
758 1569 975 1614 infantulus,·
1014 1571 1089 1616 ipsa
1120 1583 1198 1606 vero
1227 1572 1369 1618 triqt‘nla

330 1627 437 1661 tribus
455 1626 573 1661 diibus
595 1627 742 1662 manebit
761 1628 795 1662 in
814 1630 1254 1677 sanquine·purificationis
1281 1642 1367 1674 succ,

330 1696 430 1719 omne
443 1692 597 1719 sanctum
615 1696 681 1720 non
699 1692 825 1731 tanqet,
843 1693 874 1720 et
892 1698 950 1721 nec
981 1688 1192 1734 inqreclietur
1211 1696 1370 1724 sanctua-

331 1745 435 1787 rium,
455 1745 561 1779 donee
576 1745 782 1790 impleantur
797 1747 868 1781 dies
888 1749 1102 1793 purgationis
1118 1749 1193 1795 ejus
1209 1759 1220 1783 .·
1235 1751 1287 1784 sin
1307 1761 1370 1784 au-

331 1808 396 1836 tem
413 1803 576 1846 seminam
595 1806 774 1849 pepererit,
793 1806 971 1841 immunda
995 1809 1059 1842 erit
1080 1809 1215 1844 dualms
1243 1810 1370 1844 hebdo-

327 1863 498 1904 madibus,
513 1863 618 1908 Jua‘ta
639 1864 741 1899 ritum
760 1866 875 1910 fluxus
890 1869 1070 1910 menstrui,
1086 1875 1117 1902 et
1139 1870 1318 1914 sexaginta
1338 1875 1370 1904 et

275 1920 283 1926 ’
327 1931 387 1955 sea:
421 1922 540 1957 diebus
573 1924 721 1958 manebit
750 1924 787 1958 in
822 1925 989 1969 sanquine
1012 1926 1263 1970 purificationis
1282 1938 1368 1961 suoe.

329 1979 399 2025 (Ex
415 1981 616 2028 Hesychia.)
635 1982 703 2017 Per
722 1982 878 2017 litteram
895 1983 1016 2028 igitur,
1032 1994 1152 2019 semen
1170 1986 1370 2030 suscipiens

329 2045 384 2075 cst
398 2041 538 2083 mulier,
551 2051 629 2086 quae
640 2041 707 2076 viri
721 2043 934 2087 concepitex
950 2045 1096 2079 semine.
1114 2044 1212 2081 Hanc
1232 2052 1366 2091 septem
1387 2034 1415 2074 C
1438 2029 1557 2059 amem
1585 2036 1657 2062 ⁵¹¹ae
1692 2029 1942 2064 ¹¹¹⁰bediem¹ae
1976 2030 2239 2065 ¹mm¹¹¹¹d¹²¹³m
2269 2029 2373 2065 ¹¹⁰b¹⁵
2405 2037 2481 2063 sor*

329 2097 455 2132 diebus
477 2108 556 2134 esse
574 2099 792 2134 immundam
813 2100 911 2135 dicit.
941 2101 986 2137 Et
1017 2103 1084 2138 hoc
1115 2104 1368 2149 quamobrem?

330 2156 504 2192 Videlicet
529 2158 611 2202 quia
637 2162 733 2193 sator
763 2159 966 2196 immundus
991 2166 1059 2204 est,
1077 2167 1116 2197 ut
1141 2168 1223 2207 pote
1255 2163 1369 2200 haeres

329 2217 458 2261 Adam,
469 2219 529 2264 qui
543 2228 606 2264 per
620 2221 939 2265 transgressionem
952 2222 1156 2258 immundus
1171 2223 1287 2260 sactus
1299 2230 1368 2267 est,

329 2282 437 2322 atque
454 2278 509 2313 'ita
529 2278 611 2313 Evae
628 2279 772 2323 mixtus,
789 2290 895 2316 omne
917 2290 1029 2326 genus
1060 2282 1256 2317 humanum
1286 2282 1370 2318 fecit

329 2336 562 2372 immundum.
594 2337 725 2382 Aperte
751 2345 870 2375 autem
894 2341 962 2376 hoc
986 2341 1022 2376 in
1049 2348 1151 2376 sacra
1185 2341 1369 2387 Scriptura

328 2396 468 2441 legitur,
489 2398 583 2442 quod
601 2403 788 2444 postquam
808 2401 895 2435 exiit
920 2401 963 2436 de
980 2402 1160 2446 paradiso,
1182 2402 1369 2438 mulierem

327 2463 427 2489 suam
440 2454 552 2490 Adam
571 2457 749 2500 cognovit,
769 2464 877 2504 atque
897 2460 946 2494 ita
966 2460 1091 2496 deduci
1106 2461 1215 2505 coepit
1235 2462 1366 2498 huma-

327 2524 411 2549 num
429 2525 550 2560 genus.
575 2515 720 2562 Septem
740 2523 858 2553 antem
886 2519 961 2555 dies
981 2520 1060 2556 ideo
1074 2521 1260 2556 mulierem
1286 2533 1366 2559 esse

325 2573 491 2618 praecepit
511 2574 742 2619 immundam,
758 2577 841 2622 quia
863 2577 992 2622 Adam,
1011 2590 1076 2625 per
1109 2580 1210 2625 cujus
1243 2592 1365 2618 semen

326 2631 480 2676 suscepit
508 2631 769 2669 immunditiam
803 2645 885 2671 cum
916 2646 1059 2682 genere,
1086 2639 1196 2674 vitam
1223 2651 1365 2686 quoque

327 2695 485 2725 nostram
503 2691 651 2736 polluit;
685 2694 739 2729 vel
756 2700 891 2740 septem
911 2697 1050 2733 dierum
1066 2709 1236 2734 numerus
1256 2700 1365 2745 signi-

326 2747 421 2790 ficat,
436 2759 500 2794 per
516 2760 622 2795 quem
645 2757 802 2798 tempora
822 2755 1066 2799 revolvuntur,
1093 2764 1239 2802 propter
1269 2761 1364 2804 quod

325 2807 433 2842 etiam
449 2809 526 2854 eius
545 2811 703 2855 requies,
723 2814 874 2858 septima
894 2815 970 2851 dies
997 2822 1067 2859 est,
1086 2817 1121 2852 id
1147 2824 1215 2860 est,
1236 2819 1366 2855 intelli-

326 2866 432 2911 gibile
447 2874 611 2912 speratur
628 2871 830 2908 sabbatum.
848 2874 1034 2918 Quomodo
1062 2880 1181 2911 autem
1203 2885 1361 2915 nostram

325 2925 450 2969 polluit
469 2928 601 2963 vitam?
621 2930 792 2968 Inducens
815 2934 847 2969 ei
869 2935 1156 2972 maledictionem
1191 2943 1227 2972 et
1252 2945 1364 2976 trans-

326 2986 444 3022 ferens
460 2988 504 3022 ad
533 2990 713 3027 miseriam
735 3003 814 3029 eam
841 3007 949 3042 quam
973 2997 1089 3033 sortiti
1107 2997 1290 3035 fueramus
1320 3003 1364 3038 ab

325 3045 428 3081 initio
446 3047 714 3086 beatitudinem.
729 3053 829 3096 Quod
850 3057 1080 3092 manifestum
1094 3063 1202 3093 estex
1214 3059 1274 3094 bis
1285 3071 1364 3105 quae

324 3103 418 3142 Deus
434 3107 479 3142 ad
505 3106 617 3144 Adam
648 3111 734 3147 dicit
755 3123 764 3148 t
792 3113 980 3151 Maledicta
1006 3122 1106 3152 terra
1140 3117 1176 3152 in
1207 3120 1364 3164 operibus

322 3166 404 3210 tuis,
421 3169 538 3213 spinas
558 3175 590 3205 et
615 3172 759 3209 tribulos
775 3177 981 3220 qen-minabit
998 3178 1062 3213 tibi
1075 3177 1175 3225 (Gen.
1193 3180 1261 3226 ιιι).
1279 3181 1366 3217 Pro-

322 3229 444 3271 pterea
457 3233 493 3264 et
510 3239 605 3266 nune
618 3230 813 3278 legislator,
830 3237 1020 3272 secundum
1041 3237 1115 3272 dies
1133 3241 1361 3284 separationis

322 3292 519 3331 menstruoe,
530 3289 598 3334 vei,
615 3291 708 3327 sicut
727 3292 974 3342 Septuaginta,
993 3296 1181 3332 secundum
1196 3299 1268 3334 dies
1281 3311 1364 3346 pur-

325 3345 471 3387 gationis
482 3355 678 3395 menstruae,
690 3352 870 3389 immunda
887 3356 965 3390 erit.
977 3355 1069 3398 Quid
1082 3361 1202 3393 autem
1216 3359 1285 3394 hoc
1301 3360 1361 3404 sit,

328 3400 387 3436 alii
403 3402 614 3451 interpretes
629 3410 770 3455 planius
789 3412 978 3449 ediderunt
999 3413 1265 3460 :Symmachus
1281 3418 1361 3462 qui-

327 3456 408 3493 dem
422 3461 542 3498 dicens
562 3477 570 3500 :
594 3467 791 3505 Secundum
809 3470 882 3507 dies
907 3474 1134 3518 separationis
1148 3474 1364 3521 afflictionis;

326 3517 468 3563 Aquila,
485 3526 708 3567 separationis
721 3530 891 3575 miserim
916 3531 1153 3578 Theodotion,
1172 3539 1365 3582 separatio-

330 3576 380 3611 nis
400 3577 529 3616 doloris
542 3582 630 3627 ejus.
1362 3591 1366 3606 ³

375 3635 514 3675 Miseria
527 3647 647 3678 autem
661 3650 699 3681 et
714 3645 858 3684 afflictio
873 3654 909 3686 et
918 3650 1021 3687 dolor
1033 3656 1120 3689 tune
1137 3663 1220 3690 esse
1238 3657 1361 3702 coepit,

331 3701 516 3741 postquam
541 3708 724 3748 separatus
740 3716 761 3742 a
777 3709 944 3753 paradiso
967 3709 1096 3758 Adam,
1111 3719 1272 3752 nostram
1287 3725 1366 3754 sor-

1381 2915 1416 2953 D
1434 2922 1582 2966 peperit,
1593 2933 1699 2958 omne
1717 2930 1880 2961 sanctum
1894 2937 1964 2962 non
1980 2933 2114 2975 tanget,
2129 2929 2215 2966 etin
2234 2930 2483 2966 sanctuarium

1434 328 1515 353 nem
1547 320 1774 355 condemnati
1809 328 1945 354 sumus.
1977 317 2068 353 Huic
2088 319 2208 354 sensui
2231 319 2430 365 planiorem
2450 326 2488 357 et

1434 377 1702 414 indubitabilem
1732 378 1869 413 addidit
1894 377 2166 422 probationem,
2190 389 2272 415 cum
2300 379 2387 415 dicit
2410 393 2419 416 :
2439 381 2487 416 Et

1433 439 1489 475 die
1509 447 1627 476 octavo
1649 440 1915 476 circumcidetur
1933 439 2142 483 infantulus.
2177 440 2261 476 Dies
2276 441 2371 477 enim
2391 447 2490 478 octa-

1434 509 1500 535 vus
1522 500 1689 544 quoniam
1709 499 1869 545 septimae
1890 498 1975 542 diei,
1996 499 2058 544 qui
2078 499 2195 546 imago
2221 506 2276 536 est
2297 502 2488 546 praesentis

1433 559 1720 602 vitae,succedit,
1751 559 1902 604 liguram
1935 559 2029 604 gerit
2056 558 2166 595 futuri
2197 561 2334 605 saeculi,
2351 562 2388 597 in
2414 572 2488 607 quo

1434 628 1578 653 carnem
1600 619 1764 664 pra-putii
1781 619 2086 663 circumcidimus,
2107 620 2225 655 omnia
2246 631 2355 667 opera
2369 622 2489 658 carnis

1434 678 1666 722 deponentes.
1689 679 1789 714 Tunc
1809 679 1939 724 quippe
1963 689 2034 714 non
2057 680 2170 715 solum
2192 690 2263 716 non
2290 681 2486 726 peccaturi,

1435 737 1497 772 sed
1520 747 1586 772 nec
1607 739 1815 781 comesturi,
1838 744 1900 774 aut
1915 739 2076 782 bibituri,
2095 745 2156 775 aut
2175 742 2322 787 nupturi
2337 751 2485 778 sumus:

1435 798 1563 834 eriutus
1585 804 1700 833 autem
1721 799 1845 844 procul
1874 800 1995 842 dubio,
2023 801 2116 836 sicut
2145 801 2195 836 ait
2218 802 2390 838 Dominus
2407 829 2417 845 ,
2443 812 2488 838 ex
2536 803 2540 823 ἵ

1436 857 1741 902 corruptibilibus,
1752 858 2054 903 incorruptibiles,
2064 859 2151 894 sieut
2166 859 2295 905 anuali,
2313 865 2349 895 et
2366 861 2487 896 mundi
2538 872 2540 882 ¹

1436 916 1552 952 modis
1570 917 1736 953 omnibus
1765 927 1809 952 ex
1844 917 2036 953 immundis
2067 918 2256 954 efficimur.
2285 917 2487 954 Seminatur
2534 893 2540 995 ⁴

1437 977 1560 1022 igitur,
1577 977 1626 1012 ait
1640 977 1787 1020 Paulus,
1809 978 1846 1011 in
1867 978 2088 1023 corruptione
2101 1005 2110 1020 ,
2126 984 2242 1023 suryet
2270 978 2307 1013 in
2325 979 2482 1013 incorru-

1437 1037 1611 1082 ptionem,·
1629 1038 1821 1072 seminatur
1840 1048 1965 1084 corpus
1979 1037 2272 1084 anitnale,sur9et
2284 1049 2407 1084 corpus
2422 1039 2490 1084 spi·
2535 1051 2540 1070 t

1439 1096 1540 1132 ritule
1565 1097 1598 1144 (1
1615 1096 1696 1132 Cor.
1717 1097 1793 1143 xv).

1388 1146 1420 1183 B
1485 1170 1580 1216 Ergo
1595 1171 1655 1206 bic
1669 1176 1725 1206 cst
1738 1170 1865 1206 modus
1882 1176 2028 1216 propter
2046 1181 2152 1216 quem
2172 1171 2346 1207 infantem
2358 1177 2489 1208 octavo

1437 1230 1494 1266 die
1506 1230 1608 1275 jubet
1618 1231 1847 1273 circumcidi;
1867 1232 2158 1267 incircumcisum
2175 1239 2294 1267 autem
2309 1232 2429 1277 perire
2443 1234 2489 1268 de

1435 1291 1566 1337 populo
1581 1301 1644 1326 suo
1665 1291 1833 1333 ostendit,
1868 1292 1952 1336 quia
1985 1297 2067 1327 ante
2096 1292 2406 1328 circumcisionem
2425 1293 2490 1329 ab-

1435 1351 1664 1386 ominabilem
1675 1352 1783 1386 babet
1798 1362 1943 1387 carnem
1957 1357 1993 1388 et
2003 1352 2235 1395 immundam,
2244 1358 2391 1397 propter
2403 1363 2488 1388 cau-

1435 1421 1492 1446 sas
1506 1411 1671 1446 vidclicet
1685 1421 1774 1456 quas
1789 1411 1953 1456 superius
1971 1411 2144 1447 diximus:
2157 1412 2349 1447 mundatur
2366 1417 2487 1447 autem

1435 1482 1499 1518 per
1528 1471 1853 1515 circumcisionem,
1872 1482 1951 1517 quae
1982 1473 2171 1519 imaginem
2203 1473 2294 1518 gerit.
2321 1483 2485 1508 resurrc-
2531 1495 2535 1503 x

1435 1533 1564 1568 ctionis
1583 1539 1819 1568 mortuorum.

1481 1606 1570 1643 lllud
1601 1613 1721 1643 autem
1754 1608 1862 1643 nimis
1891 1608 2123 1653 quaerendum
2156 1613 2226 1651 est,
2242 1607 2484 1653 quamobrem

1436 1677 1585 1712 puerum
1612 1669 1822 1705 circumcidi
1856 1670 1913 1705 lex
1939 1671 2166 1715 praecipiens,
2194 1670 2307 1716 ipsius
2339 1671 2485 1716 quidem

1436 1729 1699 1764 immunditiam
1729 1735 1835 1772 tacet,
1856 1735 2009 1765 matrem
2027 1736 2146 1765 autem
2165 1730 2385 1765 immundam
2401 1739 2482 1765 esse

1437 1787 1534 1829 dicit,
1552 1799 1666 1834 usque
1685 1790 1728 1825 ad
1747 1790 1840 1825 diem
1858 1790 1893 1824 in
1920 1800 1990 1834 quo
2022 1789 2140 1825 infans
2170 1789 2441 1825 circumciditur
2470 1801 2479 1824 z

1436 1852 1560 1881 octava
1570 1849 1699 1894 quippe
1714 1849 1882 1894 praecepit
1896 1849 1952 1884 die
1967 1848 2194 1891 circumcidi;
2212 1854 2347 1894 septem
2363 1853 2483 1883 autem

1437 1905 1562 1942 diebus
1581 1908 1631 1942 ait
1654 1915 1805 1945 matrem
1825 1920 1904 1945 esse
1924 1910 2158 1945 immundam.
2181 1909 2253 1945 Aut
2273 1909 2383 1952 sorte,
2401 1909 2484 1955 quia

1437 1963 1686 2003 inobedientia:
1704 1978 1811 2004 causa
1828 1969 1899 2004 Eva
1915 1970 2061 2005 seducta
2076 1969 2228 2012 exstitit,
2244 1968 2484 2015 transgressio

1438 2083 1589 2129 demque
1603 2089 1800 2131 contraxit;
1823 2090 1904 2125 ideo
1919 2091 1999 2133 boc,
2011 2090 2106 2134 quod
2122 2095 2177 2125 est
2195 2089 2359 2134 amplius,
2374 2087 2484 2134 legis·
2512 2122 2514 2128 .

1436 2144 1528 2180 lator
1544 2146 1581 2180 in
1604 2147 1752 2182 muliere
1768 2151 1958 2186 convertit.
1993 2150 2064 2186 Sed
2094 2155 2131 2186 et
2159 2150 2392 2196 quaerendum
2427 2151 2484 2185 est
2508 2165 2511 2171 ·

1438 2213 1502 2238 cur
1518 2203 1622 2248 hujus
1637 2206 1688 2241 rei
1718 2209 1832 2252 gratia
1861 2210 1896 2244 in
1923 2211 2095 2255 sanguine
2127 2209 2386 2256 purificationis
2410 2218 2485 2245 suae

1436 2273 1584 2298 manere
1602 2265 1787 2301 mulierem
1821 2271 2003 2314 praecepit,
2021 2280 2092 2305 non
2124 2270 2298 2317 sanguine
2324 2269 2481 2312 sordido,
2500 2258 2506 2263 ¹

1436 2322 1498 2357 sed
1519 2323 1553 2357 in
1575 2325 1748 2369 sauguine
1776 2329 1929 2369 mundo,
1952 2329 1987 2364 id
2009 2335 2084 2372 est,
2104 2329 2364 2374 purificationis
2383 2329 2503 2380 ejus,v

1436 2381 1530 2417 sicut
1556 2383 1591 2418 iu
1615 2385 1671 2420 his
1691 2396 1770 2430 quae
1794 2395 1993 2433 sequuntur
2019 2390 2222 2425 ostenditur
2242 2401 2251 2426 :
2273 2389 2360 2425 Haee
2383 2381 2499 2425 omne*

1434 2448 1592 2476 sanctum
1611 2454 1679 2478 non
1695 2451 1822 2491 tanget,
1843 2453 1874 2481 et
1894 2448 1929 2481 in
1947 2448 2146 2482 sanctuario
2167 2459 2234 2482 non
2252 2448 2479 2494 inyredietur,

1434 2512 1542 2547 usque
1556 2501 1639 2536 dum
1659 2503 1869 2549 impleantur
1881 2506 1953 2541 dies
1964 2508 2217 2553 purificationis
2237 2507 2325 2552 ejus.
2343 2507 2380 2542 Si
2396 2517 2482 2553 ergo

1433 2560 1470 2595 in
1498 2562 1671 2606 sanguiue
1696 2565 1829 2600 mundo
1854 2566 1998 2611 triginta
2030 2572 2102 2603 tres
2122 2568 2210 2610 dies,
2235 2568 2296 2603 sed
2321 2573 2358 2603 et
2377 2578 2482 2604 omne

1432 2627 1594 2657 sanctum
1614 2633 1684 2658 non
1703 2625 1877 2670 tangit,et
1891 2627 1926 2661 in
1943 2628 2146 2664 sanctuario
2160 2639 2231 2664 uon
2246 2629 2480 2675 ingredietur,

1431 2683 1525 2719 unde
1549 2684 1751 2730 hujusmodi
1771 2697 1929 2730 causam,
1947 2689 2017 2724 nisi
2037 2699 2081 2725 ex
2110 2684 2248 2726 dierum
2277 2695 2481 2736 perscruta·
2510 2691 2511 2694 ’

1434 2743 1529 2778 tione
1549 2745 1791 2789 reperiemus?
1823 2747 1983 2794 Triginta
2005 2750 2133 2795 quippe
2150 2754 2187 2786 et
2205 2754 2278 2785 tres
2301 2750 2378 2786 dies
2399 2749 2480 2785 ideo

1431 2804 1591 2845 tradidit,
1608 2810 1647 2838 ut
1665 2804 1795 2850 adjecti
1812 2813 1962 2852 septem,
1984 2810 2101 2845 cuncti
2125 2809 2356 2856 quadraginta
2378 2809 2476 2844 liant.

1432 2862 1503 2907 (Ex
1522 2861 1745 2910 Auyustino.)
1771 2864 1862 2907 Quid
1882 2873 1936 2902 est
1953 2868 2047 2913 quod
2071 2869 2122 2905 ait
2142 2869 2186 2905 de
2214 2869 2364 2904 muliere
2400 2873 2481 2914 quae

1434 2989 1504 3014 non
1524 2980 1698 3017 introibit.
1723 2982 1824 3026 Quod
1845 2988 2089 3023 sanctuarium
2112 2989 2188 3024 vult
2206 2989 2376 3036 intelligi,
2395 2999 2438 3024 cu

1433 3037 1571 3084 legatur
1589 3040 1624 3075 in
1650 3042 1916 3079 tabernaculum
1943 3056 2015 3082 non
2039 3047 2108 3084 nisi
2131 3049 2334 3086 sacerdotes
2363 3050 2437 3086 sole
2464 3059 2481 3078 -·

1433 3097 1586 3143 ingredi,
1608 3106 1644 3135 et
1668 3112 1779 3147 usque
1795 3103 1839 3138 ad
1857 3104 1975 3139 velum
1994 3106 2144 3144 interius
2175 3109 2362 3152 secundos,
2383 3109 2434 3145 ult

1433 3155 1551 3191 velum
1572 3162 1691 3192 autem
1711 3158 1841 3203 ipsum,
1864 3160 1925 3195 ubi
1945 3167 2023 3197 erat
2043 3173 2140 3206 arca,
2159 3174 2230 3200 non
2262 3165 2332 3201 nisi
2367 3176 2438 3202 unu
2461 3180 2478 3196 ι,

1435 3223 1615 3250 summum
1632 3218 1877 3253 sacerdotem?
1890 3218 1944 3254 An
1964 3226 2000 3256 et
2015 3227 2099 3257 ante
2115 3223 2398 3268 tabernaculum,
2412 3235 2452 3260 ιι
2472 3242 2475 3248 ·

1433 3278 1513 3307 erat
1528 3273 1640 3309 altare
1669 3275 1950 3320 sacrificiorum,
1966 3281 2209 3316 sanctuarium
2239 3283 2310 3319 dici
2338 3275 2466 3330 potuit'

1434 3330 1522 3366 Nam
1557 3342 1651 3377 saepe
1684 3334 1882 3379 appellatur
1915 3337 2014 3374 locus
2045 3345 2211 3383 sanctus,
2231 3343 2338 3378 etiam
2358 3345 2452 3390 ipsu

1434 3389 1581 3433 atrium,
1597 3400 1679 3426 cum
1700 3391 1832 3427 dicitur
1851 3404 1859 3428 :
1879 3392 1925 3428 In
1945 3393 2020 3430 loco
2037 3403 2157 3432 saneto
2175 3398 2277 3434 edent
2303 3410 2358 3435 ea.
2387 3401 2428 3437 111
2439 3413 2454 3444 ις

1432 3445 1599 3486 fortassis
1609 3451 1771 3487 solebant
1785 3452 1920 3490 intrare
1937 3454 2105 3492 mulieres
2118 3458 2261 3503 quando
2279 3458 2404 3498 offere·

1432 3508 1524 3545 dona
1541 3519 1620 3554 sua,
1636 3521 1719 3557 quoe
1733 3511 1999 3558 imponerentur
2017 3514 2135 3551 alt-ari.

1478 3594 1552 3642 (Ex
1564 3595 1768 3645 Hesychia.)
1783 3597 1889 3635 Aliud
1901 3609 1986 3648 ergo
2000 3611 2066 3648 per
2082 3603 2152 3641 hoc
2164 3604 2346 3653 legislator

1430 3653 1527 3712 neat.
1542 3654 1632 3699 Quia
1649 3666 1734 3703 ergo
1742 3657 1780 3693 in
1798 3657 1924 3696 diebus
1939 3661 2174 3710 quadraginta
2190 3665 2434 3715 ιιιιιεῡιιιιιε, ἰ““

1431 3721 1490 3753 tur
1505 3715 1624 3755 infans
1645 3715 1815 3765 formari,
1834 3719 1905 3758 duo
1925 3721 2002 3760 haec
2015 3733 2081 3770 per
2095 3734 2138 3762 ea
2165 3735 2246 3773 quae
2269 3726 2364 3766 dicta
2395 3729 2422 3775 j
