2540 4016
68 147 157 217 (11117

65 272 75 278 ἡ
90 265 108 291 ι
127 253 208 291 Non
234 251 371 300 poteris
394 251 582 288 immolare
602 252 716 298 phase
743 252 781 287 in
806 252 966 298 qualibet
993 254 1136 291 urbium

69 321 281 358 tentatum,
299 313 363 350 sed
381 313 420 348 in
435 313 524 349 urbe
543 322 652 359 quam
667 312 841 349 Dominus
855 313 950 349 Deus
965 319 1048 350 tuus
1063 314 1136 350 ele-
1151 298 1188 338 A

64 402 69 405 -
88 386 108 414 c
124 375 230 424 gerit,
246 379 287 411 ut
310 374 488 411 inhabitet
506 385 638 410 nomen
661 373 819 420 ejus·ibi.
840 374 1049 411 Immolabis
1073 385 1136 410 au-

86 446 104 473 c
123 440 196 473 tem
210 436 324 482 phase
340 444 489 480 vespere
503 435 548 471 ad
565 435 650 471 solis
663 445 845 479 occasum,
863 436 1005 482 quando
1018 445 1137 482 egres-

89 509 102 531 (
126 507 186 533 505
207 497 249 533 (10
277 495 433 543 AEgypto
451 506 513 539 es;
539 501 576 532 et
595 507 729 542 coques
753 502 790 532 et
809 497 976 533 comedes
994 496 1032 531 in
1056 496 1135 532 loco

80 570 101 593 a
125 568 232 605 quem
254 557 403 604 elegerit
420 557 593 594 Dominus
613 557 708 594 Deus
729 563 812 594 tuus
829 570 837 593 :
859 567 1037 604 maneque
1052 567 1137 593 con-

87 632 99 654 «
125 630 288 666 surgens,
310 621 419 656 vades
437 620 475 655 in
495 620 726 656 tabernacula
743 626 817 656 tua.
842 633 854 655 1
874 620 912 656 10
931 631 1003 656 una
1028 621 1135 658 domo

81 691 194 729 agnus
209 681 389 728 paschalis
407 681 465 718 edi
479 681 639 727 jubetur,
661 689 697 718 et
716 682 752 718 in
766 691 838 718 uno
856 682 935 718 loco
954 682 1134 718 immolari

79 743 188 790 phase
208 743 374 779 similiter
392 744 619 790 praecipitur,
647 745 716 781 1100
736 750 807 787 051,
825 745 862 779 10
882 754 953 779 003
973 743 1134 779 Ecclesia

78 803 265 840 catholica.
289 804 399 840 Extra
421 805 520 840 illam
540 811 662 841 autem
682 815 788 840 nemo
806 810 906 840 recte
921 803 1057 850 pascha
1080 802 1133 838 sa-

77 873 158 899 eere
175 870 305 909 potest.
328 864 374 900 Et
394 865 474 900 ideo
499 870 598 901 vetat
622 865 805 911 legislator
830 864 867 899 in
893 863 1052 909 qualibet
1067 874 1131 899 ur-

75 923 174 960 bium
190 926 323 970 pascha
340 926 473 969 facere,
486 927 570 972 quia
588 936 712 962 omnes
726 925 1035 971 congregationes,
1053 935 1131 970 quae

74 990 177 1019 extra
194 985 392 1021 Ecclesiam
409 991 508 1029 sunt,
530 987 599 1022 1100
618 992 674 1022 est
688 986 899 1036 ..ludaeorum
914 1012 923 1028 ,
940 985 1130 1022 haeretico-1

72 1054 165 1086 rum,
186 1050 294 1090 atque
320 1045 528 1091 gentilium,
549 1046 646 1082 omni
666 1046 773 1082 modo
793 1047 1011 1083 detestandae
1030 1052 1127 1083 sunt.

71 1103 228 1150 Vespere
247 1116 354 1152 ergo,
385 1106 453 1142 hoc
478 1112 534 1142 051
558 1107 595 1142 111
619 1107 816 1144 novissima
847 1113 952 1144 aetate
984 1109 1126 1153 saeculi,

71 1165 215 1210 quando
238 1175 346 1201 verus
365 1165 426 1202 Sol
451 1166 487 1201 in
517 1167 685 1212 passione
716 1169 898 1213 occubuit,
929 1175 965 1205 et
984 1170 1127 1215 quando

69 1225 284 1273 AEgyptiaca
302 1228 492 1274 captivitas
508 1238 571 1273 per
587 1229 864 1276 Redemptorem
882 1237 1047 1266 nostrum
1067 1232 1128 1267 de-

71 1291 209 1322 structa
239 1292 316 1331 est,
337 1289 473 1334 pascha
497 1289 697 1335 legitimum
726 1296 762 1325 et
787 1291 861 1326 Deo
880 1292 1126 1336 gratissimum

68 1345 203 1382 sactum
222 1357 314 1391 esse,
336 1347 487 1394 ejusque
508 1351 732 1386 sanctionem
752 1361 877 1387 omnes
896 1352 1017 1388 fideles
1038 1361 1127 1388 tem-

0 1411 3 1422 *
65 1417 153 1455 pore
167 1411 355 1455 praesentis
367 1412 449 1446 vitae
463 1411 617 1447 fideliter
631 1413 762 1449 debent
775 1414 988 1449 observare:
1009 1427 1020 1447 ‹
1042 1415 1126 1460 quia

0 1480 2 1487 ·
64 1470 200 1514 pascha
219 1476 396 1515 nostrum,
416 1471 528 1508 Paulo
543 1477 711 1517 testante,
732 1474 938 1510 immolatus
955 1480 1010 1511 est
1026 1474 1127 1511 Chri-

65 1534 143 1565 stus
163 1529 196 1576 (I
215 1530 296 1565 Cor.
316 1531 367 1577 v).
391 1544 403 1565 1
426 1531 470 1566 Ε1
491 1532 571 1568 ideo
597 1533 767 1569 debemus
792 1544 863 1569 non
890 1534 926 1570 in
945 1535 1124 1571 fermento

65 1591 178 1626 veteri
196 1601 313 1636 neque
331 1591 369 1626 in
386 1591 565 1628 fermento
585 1593 730 1629 malitiae
753 1599 788 1630 et
807 1595 989 1640 nequitiae,
1009 1596 1124 1631 sedin

65 1653 202 1699 azymis
220 1653 442 1689 sinceritatis
464 1661 500 1690 ct
518 1654 683 1690 veritatis
703 1655 791 1691 illud
812 1660 974 1700 tempore
989 1663 1124 1693 morta-

63 1712 177 1749 litatis
194 1719 325 1749 nostrae
347 1714 524 1760 condigne
545 1715 744 1754 celebrare.
766 1716 868 1760 Quod
885 1723 1005 1753 autem
1020 1718 1122 1762 dicit,

69 1786 81 1806 (
106 1784 210 1810 mane
228 1784 452 1819 consurgens
473 1776 583 1811 vades
601 1776 638 1811 in
666 1777 895 1813 tabernacula
918 1784 998 1822 tua,
1024 1791 1036 1813 1
1058 1779 1121 1814 (10-

65 1840 243 1870 monstrat
267 1841 348 1880 post
370 1841 556 1881 peractum
586 1836 746 1872 divinum
770 1838 981 1882 servitium,
1009 1839 1047 1874 in
1066 1838 1121 1874 la·-

63 1895 149 1932 boi·e
171 1897 360 1941 praesentis
380 1897 478 1940 vitae,
500 1908 604 1933 mane
623 1899 902 1935 resurrectionis
918 1898 1062 1942 suturae,
1085 1899 1122 1934 in

63 1958 294 1993 tabernacula
327 1963 462 1993 aeterna
492 1959 596 1995 nobis
629 1960 858 2005 migrandum
885 1970 986 2003 esse,
1016 1964 1052 1995 et
1072 1959 1122 1995 ibi

63 2019 320 2064 quiescendum
347 2029 426 2055 esse
448 2021 493 2056 ab
513 2020 610 2055 omni
641 2030 750 2066 opere
782 2020 1027 2063 solummodo,
1059 2019 1120 2055 ubi

54 2079 255 2116 'laetandum
273 2086 329 2116 est
355 2082 397 2117 de
416 2088 587 2128 percepta
604 2082 855 2117 retributione.
881 2081 982 2117 Unde
1000 2081 1120 2126 sequi-

63 2144 121 2176 tur
137 2154 144 2175 :
169 2153 179 2173 ‹
196 2140 267 2177 Sex
288 2142 411 2177 diebus
431 2142 599 2177 comedes
615 2152 754 2187 azyma,
774 2147 810 2177 et
827 2142 863 2177 in
879 2142 935 2178 die
952 2141 1117 2187 septima,

633 173 899 213 ENARRATIO
924 175 1076 214 SUPER
1097 178 1510 219 DEUTERONOMIUM·
1533 202 1578 214 ·--
1599 186 1686 224 Lm.
1709 185 1754 224 n.

1147 1198 1178 1236 Β

1140 2102 1168 2143 C

64 2199 146 2244 quia
167 2200 318 2235 collecta
339 2205 394 2236 est
415 2200 558 2236 Domini
577 2202 641 2237 Dei
663 2202 726 2244 tui,
747 2211 819 2237 non
838 2201 951 2237 facies
972 2211 1072 2247 opus.
1104 2213 1116 2235 ›
1150 2227 1156 2232 .

65 2257 300 2303 Septenarius
323 2269 410 2305 ergo
438 2269 610 2295 numerus
628 2265 776 2305 propter
801 2260 990 2295 sabbatum
1010 2259 1121 2305 signi-

65 2318 149 2355 ficat
179 2319 339 2355 suturam
371 2320 545 2364 requiem,
575 2321 636 2355 ubi
654 2319 731 2364 jam
765 2330 831 2355 nec
864 2325 1017 2364 tempus,
1052 2329 1118 2355 nec

62 2380 174 2424 locus,
200 2392 267 2417 nee
297 2382 387 2417 ratio
421 2388 476 2417 cst
510 2382 708 2427 operandi,
738 2382 801 2417 sed
829 2382 865 2417 in
893 2381 1058 2417 laudibus
1082 2387 1119 2417 ct

63 2442 365 2488 contemplatione
388 2443 600 2488 conditoris,
628 2443 746 2488 dignis
764 2443 967 2490 quibusque
990 2453 1117 2489 perpe-

63 2503 207 2540 tualiter
225 2504 390 2540 vacandi.

463 2563 613 2600 CAPUT
646 2563 705 2599 XI.

107 2622 160 2658 De
180 2623 400 2658 Pentecostes
421 2622 650 2657 celebratione
675 2623 817 2669 ejusque
837 2624 1064 2659 coeremoniis.

109 2684 226 2731 (11101.)
249 2697 260 2717 ‹
284 2683 429 2730 Septem
445 2684 688 2720 hebdomadas
704 2684 912 2720 numerabis
928 2685 990 2721 tibi
1007 2685 1052 2720 ab
1070 2694 1114 2720 ca

66 2758 78 2780 ‹
102 2746 160 2781 die
183 2755 254 2791 qua
280 2744 408 2780 falcem
436 2745 471 2780 in
493 2748 649 2790 segetem
666 2745 821 2787 miseris,
851 2749 886 2780 et
915 2744 1113 2780 celebrabis

65 2819 77 2841 (
103 2807 196 2842 diem
217 2806 349 2842 festum
370 2806 674 2842 hebdomadarum
695 2806 844 2842 Domino
866 2806 939 2842 Deo
959 2811 1034 2849 tuo,
1050 2807 1114 2842 ob-

64 2879 76 2901 «
100 2867 268 2904 lationem
303 2874 536 2913 spontaneam
565 2878 695 2904 manus
728 2873 821 2911 tuae,
851 2877 958 2913 quam
985 2867 1112 2903 offeres

64 2938 76 2960 t
95 2925 199 2972 juxta
223 2927 511 2963 benedictionem
536 2928 680 2964 Domini
700 2927 764 2964 Dei
785 2929 858 2972 tui,
879 2934 948 2964 ete.
976 2942 987 2963 ›
1013 2928 1113 2972 Quae-

60 2986 211 3022 rendum
245 2986 423 3032 quomodo
452 2988 624 3032 praecepit
661 2987 846 3023 observari
863 3014 872 3030 ,
906 2988 1003 3033 quod
1034 2987 1108 3023 ait:

60 3044 205 3092 Septem
219 3047 437 3092 septimanas
451 3047 696 3084 dinumerabis
713 3049 923 3094 tibimetipsi
938 3049 1110 3084 inchoare

55 3103 188 3140 13100111
203 3104 350 3150 injicere
364 3107 400 3142 in
414 3113 584 3153 segetem.
600 3108 753 3154 Incipies
767 3118 958 3144 numerare
972 3114 1109 3155 septem

60 3166 303 3211 septimanas;
332 3171 368 3202 et
397 3166 507 3203 facies
534 3168 630 3204 diem
660 3168 791 3204 festum
823 3170 1108 3214 septimanarum

59 3225 210 3263 Domino
227 3227 301 3263 Deo
318 3234 394 3271 tuo,
409 3227 609 3275 offeresque
621 3237 663 3266 ut
678 3230 773 3266 valet
787 3241 915 3267 manus
934 3236 995 3266 tua
1011 3241 1109 3276 quae-

61 3297 201 3335 cunque
219 3289 284 3325 tibi
304 3289 476 3326 Dominus
491 3291 644 3336 dederit,
671 3293 868 3329 secundum
886 3294 982 3339 quod
999 3293 1108 3329 bene-

61 3346 154 3383 dicet
182 3353 218 3384 te
242 3348 415 3386 Dominus
437 3349 532 3386 Deus
556 3357 659 3396 tuus,
687 3358 724 3388 et
742 3353 945 3399 epulaberis
964 3354 1001 3389 in
1022 3363 1108 3390 con·-

62 3411 187 3452 spectn
202 3408 345 3445 Domini
362 3408 427 3446 Dei
442 3411 507 3446 tui.
529 3410 568 3448 Si
585 3413 682 3448 enim
710 3414 755 3450 ab
783 3414 952 3450 universo
975 3414 1105 3459 populo

61 3465 140 3502 haec
159 3472 366 3514 pentecoste
382 3470 460 3506 visa
484 3477 541 3508 est
564 3473 771 3517 observari,
795 3474 955 3518 nunquid
979 3483 1106 3509 omnes

59 3534 135 3563 uno
152 3527 211 3564 die
225 3529 444 3566 credendum
459 3537 514 3567 est
530 3531 641 3570 falces
655 3533 776 3579 jussos
797 3534 941 3568 mittere
956 3533 992 3568 in
1012 3542 1109 3568 mes-

61 3587 167 3624 10101
189 3588 231 3627 Si
243 3596 364 3628 autem
380 3593 449 3629 sibi
465 3593 616 3640 quisque
629 3595 798 3632 observat
810 3595 917 3631 istam
934 3594 1109 3640 quinqua-

62 3645 501 3695 gesimm„dtnumerans
518 3653 564 3690 ab
579 3653 640 3691 illo
658 3655 716 3692 die
732 3665 804 3702 quo
827 3654 956 3691 falcem
980 3653 1105 3695 mittit,

63 3717 137 3746 ⁸10⁰
154 3718 227 3746 lma
243 3714 303 3751 0βὶ
314 3713 484 3753 universo
499 3715 644 3762 populo.
661 3715 726 3752 lua
738 3726 825 3754 vero
840 3726 914 3753 una
927 3721 984 3752 est
994 3741 1004 3760 ,
1025 3724 1104 3762 quoe

1638 42 1655 55 9

2170 203 2241 244 898

1205 257 1299 294 datae
1313 257 1402 306 legis
1426 259 1465 295 in
1494 258 1595 296 Sina.
1624 261 1697 298 Sed
1723 262 1829 309 hujus
1854 254 2095 319 pentecostes,
2124 287 2243 326 neque

1202 320 1344 363 tempus
1361 328 1478 365 neque
1497 329 1669 356 numerus
1684 330 1706 356 a
1721 322 1852 368 populo
1869 323 2070 368 Judaeorum
2087 340 2243 378 custodi.

1203 381 1278 420 tur,
1294 388 1315 412 a
1335 379 1440 416 nobis
1457 385 1579 416 autem
1598 390 1680 416 cum
1697 382 1996 428 contemplatione
2017 393 2053 423 et
2077 394 2121 428 ad
2146 395 2243 436 litte-

1203 444 1283 471 ram
1304 438 1518 475 custoditur.
1536 439 1684 476 Planius
1701 440 1798 476 enim
1816 441 1998 488 legislator
2013 445 2246 491 intentionem

1203 504 1304 531 suam
1325 496 1576 535 demonstrare
1600 499 1746 543 volens,
1775 500 1820 536 ab
1840 501 1953 538 altero
1971 504 2028 540 die
2046 507 2185 545 sabbati
2212 512 2248 549 in

1202 553 1364 590 Levitico
1383 557 1574 597 ‚numerari
1600 559 1771 604 praeeepit
1796 559 2052 607 quinquaginta
2073 565 2163 610 dies,
2181 568 2249 604 Do-

1201 614 1375 651 minicum
1409 616 1504 652 diem
1534 618 1660 664 procul
1691 619 1798 655 dubio
1829 620 1954 657 volens
1987 622 2146 670 intelligi.
2176 625 2250 664 Hoc

1201 676 1297 711 enim
1331 677 1444 713 altera
1474 678 1552 714 dies
1581 679 1734 715 sabbati.
1757 680 1797 716 ln
1825 682 1893 718 hac
1915 682 2011 719 enim
2034 688 2250 725 resurrectio

1200 734 1297 772 facta
1316 742 1385 781 est,
1407 749 1488 784 quae
1505 739 1748 777 hebdomades
1764 749 1999 779 numerantur
2021 750 2173 792 septem,
2193 759 2251 785 us·
2267 744 2275 781 ,ὅ

1201 805 1270 842 que
1286 797 1332 832 ad
1348 796 1503 833 alterum
1520 798 1614 835 diem
1632 800 1845 846 expletionis
1862 802 2109 841 hebdomadae.
2129 788 2280 855 Domi-i}

1199 856 1281 892 nica
1306 867 1431 894 rursus
1447 858 1505 895 die
1518 858 1751 897 Pentecostes
1766 861 1990 900 celebramus
2004 865 2248 911 festivitatem,
2261 855 2286 912 ’ἷ-

1198 916 1236 952 111
1268 928 1338 963 qua
1370 920 1486 955 sancti
1520 920 1674 967 Spiritus
1707 923 1898 959 adventum
1927 928 2145 963 meruimus:
2177 939 2250 965 non

1197 976 1334 1015 frustra
1354 991 1416 1016 eos
1434 987 1571 1027 septem
1588 983 1895 1021 hebdomadarum
1918 987 2108 1024 adventum
2130 995 2249 1027 custo-
2277 991 2280 997 '

1197 1035 1357 1081 dientes,
1389 1040 1452 1075 sed
1483 1045 1522 1075 ut
1552 1050 1619 1077 nos
1639 1051 1936 1088 cognosceremus
1961 1047 2045 1091 quia
2065 1054 2166 1085 vetus
2190 1050 2249 1087 lex

1196 1097 1286 1133 nihil
1306 1099 1491 1142 saeculare,
1507 1099 1598 1135 nihil
1613 1100 1709 1136 Deus
1727 1111 1833 1148 agere
1846 1106 2016 1150 praecepit
2030 1109 2250 1154 corruptioni

1197 1158 1311 1193 veteri
1330 1159 1537 1203 proximum
1555 1160 1613 1196 his
1634 1161 1696 1206 qui
1711 1171 1793 1198 eum
1808 1164 1955 1209 cupiunt
1968 1167 2171 1212 percipere,
2186 1170 2249 1206 sed

1197 1228 1331 1254 novum
1351 1219 1570 1256 sacrificium
1589 1220 1740 1258 Domino
1757 1227 1841 1259 tunc
1859 1224 1978 1260 oss'erri
1994 1225 2116 1270 jussit.
2134 1228 2250 1266 Adve-

1197 1283 1301 1318 niens
1322 1293 1480 1329 namque
1499 1284 1656 1330 Spiritus
1683 1291 1795 1321 totam
1826 1293 1987 1324 nostram
2014 1290 2123 1326 vitam
2145 1302 2249 1330 reno-

1194 1344 1305 1387 vavit,
1331 1346 1475 1390 quando
1505 1346 1732 1383 confirmavit
1762 1347 1896 1384 Christi
1926 1351 2180 1398 traditionem,
2212 1363 2249 1392 et

1195 1403 1369 1439 stabilivit
1388 1406 1715 1449 conversationem,
1738 1418 1845 1453 quam
1866 1409 1902 1444 in
1922 1409 1993 1446 illis
2007 1412 2169 1456 perfecit.
2187 1415 2248 1452 Ait

1194 1463 1290 1497 enim
1309 1475 1317 1498 :
1350 1476 1361 1497 ‹
1393 1464 1443 1499 De
1476 1475 1556 1501 meo
1590 1466 1763 1511 accipiet,
1798 1473 1837 1502 ut
1870 1470 2058 1506 annuntiet
2086 1471 2198 1507 vobis.
2229 1485 2242 1506 1

1193 1521 1345 1569 Propter
1366 1524 1460 1569 quod
1479 1536 1550 1561 non
1575 1527 1613 1562 in
1641 1527 1711 1563 3113
1739 1529 1975 1567 hebdomadis
2001 1532 2059 1569 die
2078 1534 2244 1578 advenit,

1177 1583 1256 1618 -sed
1274 1594 1344 1628 qua
1361 1586 1580 1621 resurrectio
1595 1586 1691 1622 sacta
1708 1593 1776 1624 est.
1797 1589 1840 1624 Et
1858 1591 2062 1636 manipulus
2079 1591 2245 1638 intelligi-

1192 1643 1274 1679 bilis
1289 1645 1428 1682 oblatus
1442 1652 1559 1690 cst,ut
1571 1653 1606 1683 et
1620 1648 1689 1684 hoc
1697 1650 1881 1694 probaret,
1893 1652 1978 1696 quia
1987 1662 2080 1687 nova
2095 1663 2245 1689 eonver-

1192 1706 1284 1741 satio
1314 1711 1393 1752 quae
1416 1717 1481 1743 nos
1515 1707 1723 1744 reformavit
1754 1709 1939 1747 liberando
1971 1721 1991 1746 a
2017 1713 2244 1758 corruptione

1191 1766 1403 1810 vetustatis,
1426 1769 1693 1805 resurrectione
1722 1769 1855 1806 Christi
1885 1777 1922 1806 ct
1951 1773 2066 1808 sancti
2088 1773 2242 1819 Spiritus

1190 1826 1346 1861 adventu
1363 1833 1526 1864 correcta
1539 1834 1605 1864 est.
1623 1829 1829 1866 Manil'estat
1845 1837 1966 1867 autem
1984 1833 2119 1869 oblatio
2134 1834 2241 1870 ctiam

1190 1885 1266 1932 ipsa
1278 1888 1433 1932 speciem
1447 1889 1588 1932 hostiae,
1603 1901 1710 1936 quam
1724 1892 1895 1938 praecepit
1906 1893 1997 1935 lieri,
2010 1894 2103 1929 sicut
2117 1900 2242 1940 aperte

1190 1948 1365 1994 scriptum
1382 1950 1595 1994 reperimus.
1618 1963 1628 1983 ‹
1652 1951 1697 1986 Et
1719 1953 1782 1995 sic,
1804 1953 1935 1998 inquit,
1957 1953 2114 1991 offeretis
2130 1955 2241 1991 sacri-

1194 2020 1205 2041 (
1231 2008 1353 2045 ficium
1369 2020 1502 2046 novum
1524 2012 1688 2055 Domino,
1710 2023 1754 2048 ex
1770 2013 1938 2049 omnibus
1958 2014 2240 2053 habitationibus

1195 2081 1206 2102 ‹
1231 2071 1374 2106 vestris.
1392 2070 1507 2107 Panes
1519 2072 1762 2117 primitiarum
1780 2073 1869 2109 (1005
1882 2084 1926 2109 ex
1942 2074 2079 2110 duabus
2093 2075 2242 2112 decimis

1196 2142 1207 2163 ‹
1233 2130 1362 2166 similae
1381 2131 1619 2175 fermentatae,
1641 2143 1730 2178 quas
1746 2134 1908 2178 coquetis
1928 2134 1965 2169 111
1984 2134 2162 2180 primitias
2177 2136 2243 2172 Do-

1194 2203 1207 2224 «
1234 2191 1346 2236 mino,
1369 2198 1405 2228 et
1426 2192 1478 2228 sic
1501 2192 1660 2229 offeretis
1689 2204 1771 2230 cum
1803 2194 1957 2240 panibus
1977 2201 2114 2241 septem
2134 2207 2243 2242 agnos

1194 2264 1206 2286 ‹
1231 2253 1501 2298 immaculatos,
1531 2255 1735 2299 anniculos,
1759 2262 1794 2291 et
1824 2256 1974 2292 vitulum
2004 2257 2047 2292 de
2079 2264 2242 2294 armento

1194 2326 1205 2347 α
1228 2325 1338 2349 00001
1353 2342 1362 2358 ,
1385 2320 1420 2350 01
1449 2316 1580 2352 arietes
1612 2317 1712 2353 duos.
1737 2331 1750 2351 ›
1780 2317 1919 2353 Novum
1941 2319 2159 2354 sacrificium
2183 2321 2238 2355 (11-

1189 2385 1272 2410 0005
1285 2401 1294 2418 ,
1327 2375 1416 2420 legis
1447 2376 1624 2411 sacrificia
1649 2383 1686 2412 et
1704 2382 1827 2412 vetera
1847 2378 2011 2421 exclusit,
2031 2379 2237 2425 evangelica

1187 2441 1307 2471 autem
1325 2444 1393 2480 pro
1413 2435 1483 2471 illis
1501 2436 1721 2480 introduxit3
1752 2437 1879 2473 deinde
1902 2438 2046 2480 addens,
2072 2450 2084 2471 ‹
2107 2439 2151 2474 de
2170 2439 2236 2474 ha-

1185 2497 1420 2533 bitationibus
1444 2497 1589 2541 vestris,
1612 2510 1624 2531 1
1649 2497 1849 2533 Ecclesiam
1877 2498 2111 2544 significavit,
2130 2500 2236 2546 eique

1185 2557 1320 2602 offerri,
1340 2568 1420 2604 quae
1434 2558 1527 2594 dicta
1543 2563 1626 2594 sunt
1646 2559 1794 2603 optavit.
1816 2558 1940 2605 Neque
1958 2560 2054 2596 enim
2070 2561 2170 2604 dixit,
2189 2572 2234 2598 ex

1185 2618 1351 2654 omnibus
1375 2619 1608 2661 habitaculis,
1644 2620 1707 2654 sed
1741 2631 1752 2652 ι
1786 2628 1830 2654 ex
1861 2620 2076 2657 habitaculis
2104 2623 2234 2660 vestris

1184 2681 1365 2723 omnibus,
1389 2693 1401 2714 ›
1423 2686 1463 2715 ut
1492 2680 1654 2716 absolute
1681 2681 1824 2726 aliquod
1849 2682 2092 2720 habitaculum
2110 2686 2234 2731 praeci-

1182 2750 1292 2786 puum
1310 2740 1527 2784 ostenderet,
1550 2741 1594 2776 de
1611 2750 1681 2786 quo
1701 2741 1752 2775 ait
1768 2741 1900 2776 David:
1927 2753 1939 2774 ‹
1961 2741 2062 2778 Beati
2093 2744 2155 2790 qui
2170 2745 2234 2780 ba-

1182 2802 1298 2836 bitant
1327 2801 1364 2836 in
1394 2801 1499 2837 domo
1530 2806 1590 2836 tua
1621 2800 1740 2847 (Psal.
1760 2802 1932 2848 Lxxxui).
1961 2815 1972 2837 1
1997 2803 2042 2839 Et
2061 2814 2229 2841 rursum:

1187 2875 1198 2896 (
1229 2863 1342 2899 Unam
1365 2864 1452 2910 petii
1471 2874 1491 2898 a
1508 2864 1674 2907 Domino,
1691 2864 1783 2900 hanc
1806 2865 2009 2910 requiram,
2031 2871 2069 2901 ut
2090 2866 2231 2902 inhabi-

1183 2929 1253 2959 tem
1289 2925 1326 2959 in
1359 2924 1465 2959 domo
1497 2924 1638 2960 Domini
1673 2925 1839 2961 omnibus
1869 2925 1994 2962 diebus
2027 2926 2109 2962 vitae
2143 2937 2232 2964 meae

1184 2984 1298 3032 (Psal.
1311 2983 1425 3031 xxvi).
1441 2997 1453 3018 ›
1474 2984 1519 3019 Et
1534 2995 1643 3029 panes
1663 2986 1806 3030 quidem
1820 2986 2059 3031 primitiarum
2075 2988 2176 3031 dnos,
2195 2988 2230 3024 id

1182 3052 1259 3091 est,
1293 3047 1408 3092 legem
1431 3052 1468 3082 et
1486 3047 1732 3092 Evangelium.
1755 3047 1870 3084 Panes
1889 3049 1986 3085 enim
2013 3054 2096 3085 sunt
2111 3050 2228 3085 cibum

1182 3110 1384 3145 animarum
1405 3109 1563 3145 fidelium
1585 3110 1823 3146 continentes.
1851 3109 1943 3145 Sunt
1962 3115 2079 3145 autem
2098 3115 2134 3144 et
2149 3110 2226 3153 pri-

1180 3171 1378 3214 minarum,
1402 3171 1493 3214 sive,
1511 3175 1551 3205 ut
1577 3170 1823 3215 Septuaginta,
1850 3170 2028 3213 separati:
2055 3169 2224 3214 quoniam

1180 3232 1302 3268 omnia
1318 3232 1461 3277 quidem
1480 3230 1654 3276 sapientia
1671 3234 1753 3264 sunt
1768 3227 1931 3273 praeputii
1948 3238 1957 3261 ε
1985 3228 2029 3262 ab
2045 3237 2086 3263 ea
2104 3233 2222 3265 autem

1180 3303 1260 3338 quae
1278 3291 1437 3328 exterior
1454 3295 1521 3331 est,
1538 3288 1692 3333 separati
1707 3292 1742 3322 et
1758 3285 1949 3330 conjttncti.
1970 3285 2061 3321 Sunt
2079 3296 2164 3333 ergo
2176 3297 2222 3324 ex

1179 3353 1318 3389 duabus
1336 3350 1483 3387 decimis
1501 3347 1625 3384 similae
1638 3347 1872 3389 fermentatae,
1896 3356 1940 3382 ex
1958 3347 2119 3383 doctrina
2141 3358 2220 3395 quae

1176 3412 1373 3459 perfectam
1390 3409 1454 3444 Dei
1468 3407 1690 3443 divinitatem
1703 3411 1739 3441 et
1752 3405 1948 3451 perfectam
1961 3407 2219 3447 humanitatem

1177 3472 1299 3507 tradit.
1332 3469 1405 3504 Nec
1433 3467 1538 3502 aliter
1563 3466 1687 3510 coqui,
1712 3465 1781 3502 nisi
1799 3475 1864 3512 per
1883 3466 1990 3503 talem
2017 3468 2215 3509 doctrinam

1175 3533 1345 3575 possunt,
1377 3527 1440 3563 sed
1469 3526 1710 3572 primitiarum
1741 3530 1825 3561 sunt
1858 3525 2023 3566 Domino.
2055 3529 2217 3567 Primum

1175 3589 1270 3625 enim
1298 3586 1469 3623 Dominus
1495 3585 1610 3631 legem
1633 3584 1804 3631 perfecit,
1829 3591 1868 3622 et
1880 3585 2111 3634 Evangelium
2131 3593 2215 3635 post

1164 3649 1244 3684 'hoc
1266 3647 1399 3683 docuit.
1424 3657 1436 3680 (
1457 3645 1602 3690 Αο(1110,
1617 3646 1700 3691 (1013
1718 3646 1851 3682 dictum
1868 3652 1924 3683 est
1936 3648 2114 3694 antiquis:
2134 3649 2215 3689 Non

1175 3709 1328 3748 occides.
1347 3708 1424 3754 Ego
1439 3714 1559 3746 autem
1575 3709 1655 3746 dieo
1672 3709 1798 3746 vobis:
1823 3709 1948 3748 Omnis
1963 3711 2024 3759 qui
2043 3712 2216 3752 irascitur

54 3771 291 3816 mmputatur
306 3770 353 3811 ab
366 3770 614 3821 immolatione
638 3775 783 3823 paschae
807 3786 923 3823 usque
942 3776 981 3816 in
1006 3775 1103 3816 diem
1143 3829 1154 3834 -
1172 3768 1277 3829 fratri
1297 3767 1597 3830 ἕψε-1110031153,
1613 3770 1683 3809 erit
1706 3780 1792 3810 reus
1803 3769 1940 3819 judicio
1957 3771 2099 3818 (nauh.
2116 3772 2168 3822 v).
2190 3785 2208 3809 1

858 3883 872 3891 .
890 3876 906 3892 ἰ
932 3874 1002 3893 12?
1015 3870 1031 3892 ‘-
