<?xml version="1.0" encoding="UTF-8"?>
<!DOCTYPE html PUBLIC "-//W3C//DTD XHTML 1.0 Transitional//EN"
    "http://www.w3.org/TR/xhtml1/DTD/xhtml1-transitional.dtd">
<html xmlns="http://www.w3.org/1999/xhtml" xml:lang="en" lang="en">
 <head>
  <title>
</title>
<meta http-equiv="Content-Type" content="text/html;charset=utf-8" />
  <meta name='ocr-system' content='tesseract 3.04.00' />
  <meta name='ocr-capabilities' content='ocr_page ocr_carea ocr_par ocr_line ocrx_word'/>
</head>
<body>
  <div class='ocr_page' id='page_1' title='image "./patrologiae00unknuoft_0443.png"; bbox 0 0 2540 4016; ppageno 0'>
   <div class='ocr_carea' id='block_1_1' title="bbox 0 319 81 4016">
    <p class='ocr_par' dir='ltr' id='par_1_1' title="bbox 0 319 81 4016">
     <span class='ocr_line' id='line_1_1' title="bbox 0 319 81 4016; baseline 0 0"><span class='ocrx_word' id='word_1_1' title='bbox 0 319 81 4016; x_wconf 95' lang='lat' dir='ltr'> </span> 
     </span>
    </p>
   </div>
   <div class='ocr_carea' id='block_1_2' title="bbox 57 163 130 214">
    <p class='ocr_par' dir='ltr' id='par_1_2' title="bbox 26 151 130 224">
     <span class='ocr_line' id='line_1_2' title="bbox 57 163 130 214; baseline 0 -13"><span class='ocrx_word' id='word_1_2' title='bbox 57 163 130 214; x_wconf 62' lang='lat'>3⁷⁵</span> 
     </span>
    </p>
   </div>
   <div class='ocr_carea' id='block_1_3' title="bbox 578 156 1704 198">
    <p class='ocr_par' dir='ltr' id='par_1_3' title="bbox 578 156 1704 198">
     <span class='ocr_line' id='line_1_3' title="bbox 578 156 1704 198; baseline -0.001 -2"><span class='ocrx_word' id='word_1_3' title='bbox 578 157 847 198; x_wconf 76' lang='lat' dir='ltr'>ENARRATIO</span> <span class='ocrx_word' id='word_1_4' title='bbox 872 157 1026 196; x_wconf 84' lang='lat' dir='ltr'>SUPER</span> <span class='ocrx_word' id='word_1_5' title='bbox 1049 156 1466 197; x_wconf 80' lang='lat' dir='ltr'>DEUTERONOMIUM.</span> <span class='ocrx_word' id='word_1_6' title='bbox 1490 174 1539 186; x_wconf 90' lang='lat'>—</span> <span class='ocrx_word' id='word_1_7' title='bbox 1560 158 1648 197; x_wconf 79' lang='lat' dir='ltr'>Lm.</span> <span class='ocrx_word' id='word_1_8' title='bbox 1672 159 1704 196; x_wconf 89' lang='lat'>1.</span> 
     </span>
    </p>
   </div>
   <div class='ocr_carea' id='block_1_4' title="bbox 1233 5 2226 96">
    <p class='ocr_par' dir='ltr' id='par_1_4' title="bbox 1233 5 2226 96">
     <span class='ocr_line' id='line_1_4' title="bbox 1233 5 1279 48; baseline 0 0"><span class='ocrx_word' id='word_1_9' title='bbox 1233 5 1279 48; x_wconf 57' lang='grc' dir='ltr'><em>Β</em></span> 
     </span>
     <span class='ocr_line' id='line_1_5' title="bbox 2189 61 2226 96; baseline 0 0"><span class='ocrx_word' id='word_1_10' title='bbox 2189 61 2226 96; x_wconf 64' lang='lat' dir='ltr'>Q</span> 
     </span>
    </p>
   </div>
   <div class='ocr_carea' id='block_1_5' title="bbox 2161 165 2236 216">
    <p class='ocr_par' dir='ltr' id='par_1_5' title="bbox 2161 165 2236 216">
     <span class='ocr_line' id='line_1_6' title="bbox 2161 165 2236 216; baseline 0 0"><span class='ocrx_word' id='word_1_11' title='bbox 2161 165 2236 216; x_wconf 63' lang='lat'>871,</span> 
     </span>
    </p>
   </div>
   <div class='ocr_carea' id='block_1_6' title="bbox 31 231 2235 290">
    <p class='ocr_par' dir='ltr' id='par_1_6' title="bbox 31 231 2235 290">
     <span class='ocr_line' id='line_1_7' title="bbox 31 231 2235 290; baseline 0.002 -16"><span class='ocrx_word' id='word_1_12' title='bbox 31 237 39 263; x_wconf 43' lang='grc' dir='ltr'>θ’</span> <span class='ocrx_word' id='word_1_13' title='bbox 56 231 212 288; x_wconf 57' lang='lat' dir='ltr'>lapideis</span> <span class='ocrx_word' id='word_1_14' title='bbox 246 235 508 280; x_wconf 75' lang='lat' dir='ltr'><strong>scriberentur,</strong></span> <span class='ocrx_word' id='word_1_15' title='bbox 537 235 602 272; x_wconf 86' lang='lat' dir='ltr'>sed</span> <span class='ocrx_word' id='word_1_16' title='bbox 630 235 668 272; x_wconf 92' lang='lat' dir='ltr'>in</span> <span class='ocrx_word' id='word_1_17' title='bbox 699 235 763 271; x_wconf 92' lang='lat' dir='ltr'>illo</span> <span class='ocrx_word' id='word_1_18' title='bbox 794 234 888 272; x_wconf 89' lang='lat' dir='ltr'>libro</span> <span class='ocrx_word' id='word_1_19' title='bbox 916 235 1028 282; x_wconf 85' lang='lat' dir='ltr'>legis,</span> <span class='ocrx_word' id='word_1_20' title='bbox 1055 236 1118 272; x_wconf 89' lang='lat' dir='ltr'>ubi</span> <span class='ocrx_word' id='word_1_21' title='bbox 1135 237 1172 278; x_wconf 79' lang='lat' dir='ltr'>A</span> <span class='ocrx_word' id='word_1_22' title='bbox 1185 235 1237 271; x_wconf 88' lang='lat' dir='ltr'>ut&#39;</span> <span class='ocrx_word' id='word_1_23' title='bbox 1245 233 1314 281; x_wconf 88' lang='lat' dir='ltr'>ipsi</span> <span class='ocrx_word' id='word_1_24' title='bbox 1334 233 1460 270; x_wconf 87' lang='lat' dir='ltr'>sintin</span> <span class='ocrx_word' id='word_1_25' title='bbox 1473 232 1619 270; x_wconf 85' lang='lat' dir='ltr'>Christo</span> <span class='ocrx_word' id='word_1_26' title='bbox 1633 233 1777 280; x_wconf 77' lang='lat' dir='ltr'>iustitia</span> <span class='ocrx_word' id='word_1_27' title='bbox 1793 233 1873 270; x_wconf 89' lang='lat' dir='ltr'>Dei.</span> <span class='ocrx_word' id='word_1_28' title='bbox 1887 235 1979 274; x_wconf 87' lang='lat' dir='ltr'>Nam</span> <span class='ocrx_word' id='word_1_29' title='bbox 1995 245 2032 276; x_wconf 86' lang='lat' dir='ltr'>et</span> <span class='ocrx_word' id='word_1_30' title='bbox 2047 241 2121 278; x_wconf 84' lang='lat' dir='ltr'>illic</span> <span class='ocrx_word' id='word_1_31' title='bbox 2136 241 2235 290; x_wconf 86' lang='lat' dir='ltr'>Apo-</span> 
     </span>
    </p>
   </div>
   <div class='ocr_carea' id='block_1_7' title="bbox 57 294 1131 1136">
    <p class='ocr_par' dir='ltr' id='par_1_7' title="bbox 57 294 1131 1136">
     <span class='ocr_line' id='line_1_8' title="bbox 57 294 1114 344; baseline -0.008 -7"><span class='ocrx_word' id='word_1_32' title='bbox 57 300 175 339; x_wconf 81' lang='lat' dir='ltr'>multa</span> <span class='ocrx_word' id='word_1_33' title='bbox 205 298 410 344; x_wconf 88' lang='lat' dir='ltr'>conscripta</span> <span class='ocrx_word' id='word_1_34' title='bbox 437 301 535 333; x_wconf 88' lang='lat' dir='ltr'>sunt.</span> <span class='ocrx_word' id='word_1_35' title='bbox 566 295 675 333; x_wconf 81' lang='lat' dir='ltr'>Certe</span> <span class='ocrx_word' id='word_1_36' title='bbox 700 294 790 331; x_wconf 91' lang='lat' dir='ltr'>illud</span> <span class='ocrx_word' id='word_1_37' title='bbox 814 294 914 340; x_wconf 85' lang='lat' dir='ltr'>quod</span> <span class='ocrx_word' id='word_1_38' title='bbox 939 294 1114 340; x_wconf 90' lang='lat' dir='ltr'>sequitur,</span> 
     </span>
     <span class='ocr_line' id='line_1_9' title="bbox 63 354 1120 405; baseline -0.008 -8"><span class='ocrx_word' id='word_1_39' title='bbox 63 373 79 397; x_wconf 72' lang='grc' dir='ltr'>ι</span> <span class='ocrx_word' id='word_1_40' title='bbox 97 360 144 397; x_wconf 88' lang='lat' dir='ltr'>Et</span> <span class='ocrx_word' id='word_1_41' title='bbox 159 365 239 396; x_wconf 87' lang='lat' dir='ltr'>erat</span> <span class='ocrx_word' id='word_1_42' title='bbox 262 359 311 395; x_wconf 91' lang='lat' dir='ltr'>ibi</span> <span class='ocrx_word' id='word_1_43' title='bbox 341 358 482 405; x_wconf 85' lang='lat' dir='ltr'>Moyses</span> <span class='ocrx_word' id='word_1_44' title='bbox 499 358 538 394; x_wconf 93' lang='lat' dir='ltr'>in</span> <span class='ocrx_word' id='word_1_45' title='bbox 561 362 758 404; x_wconf 89' lang='lat' dir='ltr'>conspectu</span> <span class='ocrx_word' id='word_1_46' title='bbox 789 355 933 392; x_wconf 88' lang='lat' dir='ltr'>Domini</span> <span class='ocrx_word' id='word_1_47' title='bbox 962 354 1120 402; x_wconf 82' lang='lat' dir='ltr'>quadra-</span> 
     </span>
     <span class='ocr_line' id='line_1_10' title="bbox 61 409 1120 469; baseline -0.006 -12"><span class='ocrx_word' id='word_1_48' title='bbox 61 421 160 469; x_wconf 78' lang='lat' dir='ltr'>ginta</span> <span class='ocrx_word' id='word_1_49' title='bbox 179 420 320 463; x_wconf 91' lang='lat' dir='ltr'>diebus,</span> <span class='ocrx_word' id='word_1_50' title='bbox 338 424 376 456; x_wconf 91' lang='lat' dir='ltr'>et</span> <span class='ocrx_word' id='word_1_51' title='bbox 404 419 644 466; x_wconf 86' lang='lat' dir='ltr'>quadraginta</span> <span class='ocrx_word' id='word_1_52' title='bbox 673 418 852 455; x_wconf 87' lang='lat' dir='ltr'>noctibus.</span> <span class='ocrx_word' id='word_1_53' title='bbox 885 409 1024 452; x_wconf 86' lang='lat' dir='ltr'>Pane&#39;m</span> <span class='ocrx_word' id='word_1_54' title='bbox 1046 425 1120 451; x_wconf 88' lang='lat' dir='ltr'>non</span> 
     </span>
     <span class='ocr_line' id='line_1_11' title="bbox 61 476 1119 528; baseline -0.007 -9"><span class='ocrx_word' id='word_1_55' title='bbox 61 483 308 525; x_wconf 86' lang='lat' dir='ltr'>manducavit,</span> <span class='ocrx_word' id='word_1_56' title='bbox 334 487 371 518; x_wconf 92' lang='lat' dir='ltr'>et</span> <span class='ocrx_word' id='word_1_57' title='bbox 389 491 520 528; x_wconf 88' lang='lat' dir='ltr'>aquam</span> <span class='ocrx_word' id='word_1_58' title='bbox 538 491 612 517; x_wconf 89' lang='lat' dir='ltr'>non</span> <span class='ocrx_word' id='word_1_59' title='bbox 628 479 734 517; x_wconf 88' lang='lat' dir='ltr'>bibit.</span> <span class='ocrx_word' id='word_1_60' title='bbox 752 479 800 515; x_wconf 90' lang='lat' dir='ltr'>Et</span> <span class='ocrx_word' id='word_1_61' title='bbox 830 477 975 525; x_wconf 74' lang='lat' dir='ltr'>scripsit</span> <span class='ocrx_word' id='word_1_62' title='bbox 1004 476 1042 512; x_wconf 90' lang='lat' dir='ltr'>in</span> <span class='ocrx_word' id='word_1_63' title='bbox 1063 481 1119 512; x_wconf 91' lang='lat' dir='ltr'>ta-</span> 
     </span>
     <span class='ocr_line' id='line_1_12' title="bbox 60 537 1123 585; baseline -0.006 -6"><span class='ocrx_word' id='word_1_64' title='bbox 60 543 156 580; x_wconf 86' lang='lat' dir='ltr'>bulis</span> <span class='ocrx_word' id='word_1_65' title='bbox 174 542 285 578; x_wconf 87' lang='lat' dir='ltr'>verba</span> <span class='ocrx_word' id='word_1_66' title='bbox 303 541 512 578; x_wconf 78' lang='lat' dir='ltr'>testamenti</span> <span class='ocrx_word' id='word_1_67' title='bbox 529 542 668 585; x_wconf 90' lang='lat' dir='ltr'>decem,</span> <span class='ocrx_word' id='word_1_68' title='bbox 685 554 697 575; x_wconf 83' lang='lat'><strong>»</strong></span> <span class='ocrx_word' id='word_1_69' title='bbox 718 543 806 577; x_wconf 88' lang='lat' dir='ltr'>satis</span> <span class='ocrx_word' id='word_1_70' title='bbox 825 538 1018 576; x_wconf 81' lang='lat' dir='ltr'>manifeste</span> <span class='ocrx_word' id='word_1_71' title='bbox 1035 537 1123 574; x_wconf 87' lang='lat' dir='ltr'>dicit</span> 
     </span>
     <span class='ocr_line' id='line_1_13' title="bbox 62 598 1123 648; baseline -0.005 -8"><span class='ocrx_word' id='word_1_72' title='bbox 62 603 229 642; x_wconf 88' lang='lat' dir='ltr'>eumdem</span> <span class='ocrx_word' id='word_1_73' title='bbox 247 602 396 648; x_wconf 85' lang='lat' dir='ltr'>Moysen</span> <span class='ocrx_word' id='word_1_74' title='bbox 424 602 463 637; x_wconf 92' lang='lat' dir='ltr'>in</span> <span class='ocrx_word' id='word_1_75' title='bbox 484 601 616 638; x_wconf 91' lang='lat' dir='ltr'>tabulis</span> <span class='ocrx_word' id='word_1_76' title='bbox 642 602 722 638; x_wconf 82' lang='lat' dir='ltr'>haec</span> <span class='ocrx_word' id='word_1_77' title='bbox 739 601 866 638; x_wconf 90' lang='lat' dir='ltr'>decem</span> <span class='ocrx_word' id='word_1_78' title='bbox 894 599 1005 636; x_wconf 88' lang='lat' dir='ltr'>verba</span> <span class='ocrx_word' id='word_1_79' title='bbox 1034 598 1123 636; x_wconf 89' lang='lat' dir='ltr'>scri-</span> 
     </span>
     <span class='ocr_line' id='line_1_14' title="bbox 59 660 1126 714; baseline -0.004 -14"><span class='ocrx_word' id='word_1_80' title='bbox 59 663 192 714; x_wconf 85' lang='lat' dir='ltr'>psisse,</span> <span class='ocrx_word' id='word_1_81' title='bbox 215 672 287 698; x_wconf 87' lang='lat' dir='ltr'>non</span> <span class='ocrx_word' id='word_1_82' title='bbox 307 661 421 697; x_wconf 87' lang='lat' dir='ltr'>Deum</span> <span class='ocrx_word' id='word_1_83' title='bbox 438 673 446 696; x_wconf 80' lang='lat' dir='ltr'><em>z</em></span> <span class='ocrx_word' id='word_1_84' title='bbox 465 661 535 698; x_wconf 93' lang='lat' dir='ltr'>nisi</span> <span class='ocrx_word' id='word_1_85' title='bbox 552 661 647 698; x_wconf 83' lang='lat' dir='ltr'>forte</span> <span class='ocrx_word' id='word_1_86' title='bbox 666 661 844 698; x_wconf 86' lang='lat' dir='ltr'>violenter</span> <span class='ocrx_word' id='word_1_87' title='bbox 867 660 1014 707; x_wconf 88' lang='lat' dir='ltr'>quidem</span> <span class='ocrx_word' id='word_1_88' title='bbox 1027 687 1037 703; x_wconf 95' lang='lat'>,</span> <span class='ocrx_word' id='word_1_89' title='bbox 1061 660 1126 696; x_wconf 89' lang='lat' dir='ltr'>sed</span> 
     </span>
     <span class='ocr_line' id='line_1_15' title="bbox 64 720 1126 768; baseline -0.005 -8"><span class='ocrx_word' id='word_1_90' title='bbox 64 729 163 761; x_wconf 88' lang='lat' dir='ltr'>certa</span> <span class='ocrx_word' id='word_1_91' title='bbox 183 723 401 758; x_wconf 79' lang='lat' dir='ltr'>necessitate</span> <span class='ocrx_word' id='word_1_92' title='bbox 421 722 684 768; x_wconf 85' lang='lat' dir='ltr'>compellimur,</span> <span class='ocrx_word' id='word_1_93' title='bbox 706 722 768 759; x_wconf 88' lang='lat' dir='ltr'>ubi</span> <span class='ocrx_word' id='word_1_94' title='bbox 794 722 931 758; x_wconf 83' lang='lat' dir='ltr'>dictum</span> <span class='ocrx_word' id='word_1_95' title='bbox 947 726 1024 763; x_wconf 90' lang='lat' dir='ltr'>est,</span> <span class='ocrx_word' id='word_1_96' title='bbox 1049 733 1061 754; x_wconf 87' lang='lat'><strong>‹</strong></span> <span class='ocrx_word' id='word_1_97' title='bbox 1081 720 1126 756; x_wconf 88' lang='lat' dir='ltr'>Et</span> 
     </span>
     <span class='ocr_line' id='line_1_16' title="bbox 65 783 1125 830; baseline -0.008 -7"><span class='ocrx_word' id='word_1_98' title='bbox 65 785 211 830; x_wconf 85' lang='lat' dir='ltr'><strong>scripsit</strong></span> <span class='ocrx_word' id='word_1_99' title='bbox 242 785 280 820; x_wconf 87' lang='lat' dir='ltr'>in</span> <span class='ocrx_word' id='word_1_100' title='bbox 312 783 445 820; x_wconf 87' lang='lat' dir='ltr'>tabulis</span> <span class='ocrx_word' id='word_1_101' title='bbox 471 785 582 820; x_wconf 81' lang='lat' dir='ltr'>verba</span> <span class='ocrx_word' id='word_1_102' title='bbox 618 784 826 821; x_wconf 75' lang='lat' dir='ltr'>testamenti</span> <span class='ocrx_word' id='word_1_103' title='bbox 849 783 1016 824; x_wconf 84' lang='lat' dir='ltr'>decem,›</span> <span class='ocrx_word' id='word_1_104' title='bbox 1052 791 1125 816; x_wconf 92' lang='lat' dir='ltr'>non</span> 
     </span>
     <span class='ocr_line' id='line_1_17' title="bbox 64 843 1126 893; baseline -0.005 -10"><span class='ocrx_word' id='word_1_105' title='bbox 64 845 210 893; x_wconf 86' lang='lat' dir='ltr'>Moysen</span> <span class='ocrx_word' id='word_1_106' title='bbox 240 846 448 890; x_wconf 82' lang='lat' dir='ltr'>subaudire,</span> <span class='ocrx_word' id='word_1_107' title='bbox 480 847 543 882; x_wconf 90' lang='lat' dir='ltr'>sed</span> <span class='ocrx_word' id='word_1_108' title='bbox 562 847 689 883; x_wconf 91' lang='lat' dir='ltr'>Deum.</span> <span class='ocrx_word' id='word_1_109' title='bbox 714 846 831 891; x_wconf 90' lang='lat' dir='ltr'>Supra</span> <span class='ocrx_word' id='word_1_110' title='bbox 855 843 950 880; x_wconf 90' lang='lat' dir='ltr'>enim</span> <span class='ocrx_word' id='word_1_111' title='bbox 967 843 1126 889; x_wconf 90' lang='lat' dir='ltr'>positum</span> 
     </span>
     <span class='ocr_line' id='line_1_18' title="bbox 65 904 1127 954; baseline -0.004 -11"><span class='ocrx_word' id='word_1_112' title='bbox 65 904 117 943; x_wconf 84' lang='lat' dir='ltr'>est</span> <span class='ocrx_word' id='word_1_113' title='bbox 140 919 147 942; x_wconf 92' lang='lat'>:</span> <span class='ocrx_word' id='word_1_114' title='bbox 174 919 186 940; x_wconf 83' lang='lat'>‹</span> <span class='ocrx_word' id='word_1_115' title='bbox 206 907 252 942; x_wconf 91' lang='lat' dir='ltr'>Et</span> <span class='ocrx_word' id='word_1_116' title='bbox 272 912 352 943; x_wconf 88' lang='lat' dir='ltr'>erat</span> <span class='ocrx_word' id='word_1_117' title='bbox 366 907 414 943; x_wconf 89' lang='lat' dir='ltr'>ibi</span> <span class='ocrx_word' id='word_1_118' title='bbox 430 907 572 954; x_wconf 87' lang='lat' dir='ltr'>Moyses</span> <span class='ocrx_word' id='word_1_119' title='bbox 590 907 627 943; x_wconf 91' lang='lat' dir='ltr'>in</span> <span class='ocrx_word' id='word_1_120' title='bbox 642 911 838 952; x_wconf 89' lang='lat' dir='ltr'>conspectu</span> <span class='ocrx_word' id='word_1_121' title='bbox 851 904 1010 947; x_wconf 89' lang='lat' dir='ltr'>Domini,</span> <span class='ocrx_word' id='word_1_122' title='bbox 1026 916 1038 937; x_wconf 75' lang='grc' dir='ltr'><strong><em>ι</em></strong></span> <span class='ocrx_word' id='word_1_123' title='bbox 1052 908 1092 938; x_wconf 92' lang='lat' dir='ltr'>ut</span> <span class='ocrx_word' id='word_1_124' title='bbox 1107 914 1127 939; x_wconf 89' lang='lat' dir='ltr'>a</span> 
     </span>
     <span class='ocr_line' id='line_1_19' title="bbox 64 965 1129 1014; baseline -0.004 -9"><span class='ocrx_word' id='word_1_125' title='bbox 64 970 219 1005; x_wconf 87' lang='lat' dir='ltr'>Domino</span> <span class='ocrx_word' id='word_1_126' title='bbox 233 969 269 1006; x_wconf 90' lang='lat' dir='ltr'>in</span> <span class='ocrx_word' id='word_1_127' title='bbox 281 968 384 1014; x_wconf 83' lang='lat' dir='ltr'>cujus</span> <span class='ocrx_word' id='word_1_128' title='bbox 392 974 589 1014; x_wconf 88' lang='lat' dir='ltr'>conspectu</span> <span class='ocrx_word' id='word_1_129' title='bbox 601 972 680 1004; x_wconf 89' lang='lat' dir='ltr'>erat</span> <span class='ocrx_word' id='word_1_130' title='bbox 694 966 847 1012; x_wconf 86' lang='lat' dir='ltr'>Moyses,</span> <span class='ocrx_word' id='word_1_131' title='bbox 863 977 875 998; x_wconf 87' lang='lat'>‹</span> <span class='ocrx_word' id='word_1_132' title='bbox 888 965 1129 1012; x_wconf 85' lang='lat' dir='ltr'>quadraginta</span> 
     </span>
     <span class='ocr_line' id='line_1_20' title="bbox 66 1027 1130 1076; baseline -0.006 -9"><span class='ocrx_word' id='word_1_133' title='bbox 66 1032 208 1073; x_wconf 87' lang='lat' dir='ltr'>diebus,</span> <span class='ocrx_word' id='word_1_134' title='bbox 227 1035 263 1067; x_wconf 92' lang='lat' dir='ltr'>et</span> <span class='ocrx_word' id='word_1_135' title='bbox 287 1031 527 1076; x_wconf 87' lang='lat' dir='ltr'>quadraginta</span> <span class='ocrx_word' id='word_1_136' title='bbox 543 1029 712 1065; x_wconf 88' lang='lat' dir='ltr'>noctibus</span> <span class='ocrx_word' id='word_1_137' title='bbox 734 1036 865 1073; x_wconf 85' lang='lat' dir='ltr'>panem</span> <span class='ocrx_word' id='word_1_138' title='bbox 887 1037 960 1062; x_wconf 93' lang='lat' dir='ltr'>non</span> <span class='ocrx_word' id='word_1_139' title='bbox 979 1027 1130 1062; x_wconf 87' lang='lat' dir='ltr'>mandu-</span> 
     </span>
     <span class='ocr_line' id='line_1_21' title="bbox 66 1088 1131 1136; baseline -0.007 -7"><span class='ocrx_word' id='word_1_140' title='bbox 66 1103 153 1129; x_wconf 90' lang='lat' dir='ltr'>cans</span> <span class='ocrx_word' id='word_1_141' title='bbox 174 1097 211 1128; x_wconf 90' lang='lat' dir='ltr'>et</span> <span class='ocrx_word' id='word_1_142' title='bbox 240 1101 372 1136; x_wconf 89' lang='lat' dir='ltr'>aquam</span> <span class='ocrx_word' id='word_1_143' title='bbox 403 1101 476 1127; x_wconf 91' lang='lat' dir='ltr'>non</span> <span class='ocrx_word' id='word_1_144' title='bbox 505 1090 676 1133; x_wconf 83' lang='lat' dir='ltr'>bibens,›</span> <span class='ocrx_word' id='word_1_145' title='bbox 710 1089 847 1134; x_wconf 87' lang='lat' dir='ltr'>scripta</span> <span class='ocrx_word' id='word_1_146' title='bbox 882 1088 1131 1132; x_wconf 81' lang='lat' dir='ltr'>intelligantur</span> 
     </span>
    </p>
   </div>
   <div class='ocr_carea' id='block_1_8' title="bbox 1188 293 2258 1135">
    <p class='ocr_par' dir='ltr' id='par_1_8' title="bbox 1188 293 2252 814">
     <span class='ocr_line' id='line_1_22' title="bbox 1188 293 2234 349; baseline 0.006 -17"><span class='ocrx_word' id='word_1_147' title='bbox 1188 296 1302 333; x_wconf 92' lang='lat' dir='ltr'>stolus</span> <span class='ocrx_word' id='word_1_148' title='bbox 1318 300 1514 341; x_wconf 89' lang='lat' dir='ltr'>utrumque</span> <span class='ocrx_word' id='word_1_149' title='bbox 1545 293 1653 336; x_wconf 88' lang='lat' dir='ltr'>dicit,</span> <span class='ocrx_word' id='word_1_150' title='bbox 1684 298 1721 330; x_wconf 90' lang='lat' dir='ltr'>et</span> <span class='ocrx_word' id='word_1_151' title='bbox 1741 294 1856 330; x_wconf 90' lang='lat' dir='ltr'>Deum</span> <span class='ocrx_word' id='word_1_152' title='bbox 1886 299 2038 340; x_wconf 85' lang='lat' dir='ltr'>operari,</span> <span class='ocrx_word' id='word_1_153' title='bbox 2059 306 2096 336; x_wconf 85' lang='lat' dir='ltr'>et</span> <span class='ocrx_word' id='word_1_154' title='bbox 2120 303 2234 349; x_wconf 80' lang='lat' dir='ltr'>ipsos.</span> 
     </span>
     <span class='ocr_line' id='line_1_23' title="bbox 1189 355 2236 402; baseline 0.005 -10"><span class='ocrx_word' id='word_1_155' title='bbox 1189 356 1281 392; x_wconf 89' lang='lat' dir='ltr'>Nam</span> <span class='ocrx_word' id='word_1_156' title='bbox 1299 357 1330 392; x_wconf 91' lang='lat' dir='ltr'>si</span> <span class='ocrx_word' id='word_1_157' title='bbox 1351 356 1420 402; x_wconf 89' lang='lat' dir='ltr'>ipsi</span> <span class='ocrx_word' id='word_1_158' title='bbox 1438 366 1512 392; x_wconf 87' lang='lat' dir='ltr'>non</span> <span class='ocrx_word' id='word_1_159' title='bbox 1530 355 1788 402; x_wconf 84' lang='lat' dir='ltr'>operabantur,</span> <span class='ocrx_word' id='word_1_160' title='bbox 1805 356 1984 400; x_wconf 90' lang='lat' dir='ltr'>quomodo</span> <span class='ocrx_word' id='word_1_161' title='bbox 1999 357 2052 393; x_wconf 84' lang='lat' dir='ltr'>eis</span> <span class='ocrx_word' id='word_1_162' title='bbox 2070 360 2210 400; x_wconf 81' lang='lat' dir='ltr'>dicebat</span> <span class='ocrx_word' id='word_1_163' title='bbox 2223 373 2236 400; x_wconf 69' lang='grc' dir='ltr'><strong>ε</strong></span> 
     </span>
     <span class='ocr_line' id='line_1_24' title="bbox 1194 414 2240 459; baseline 0.006 -8"><span class='ocrx_word' id='word_1_164' title='bbox 1194 428 1205 450; x_wconf 77' lang='grc' dir='ltr'>ι</span> <span class='ocrx_word' id='word_1_165' title='bbox 1225 415 1315 452; x_wconf 90' lang='lat' dir='ltr'>Cum</span> <span class='ocrx_word' id='word_1_166' title='bbox 1341 416 1472 452; x_wconf 87' lang='lat' dir='ltr'>timore</span> <span class='ocrx_word' id='word_1_167' title='bbox 1488 421 1525 452; x_wconf 90' lang='lat' dir='ltr'>et</span> <span class='ocrx_word' id='word_1_168' title='bbox 1542 420 1702 451; x_wconf 87' lang='lat' dir='ltr'>tremore</span> <span class='ocrx_word' id='word_1_169' title='bbox 1718 418 1880 450; x_wconf 83' lang='lat' dir='ltr'>vestram</span> <span class='ocrx_word' id='word_1_170' title='bbox 1903 414 2064 459; x_wconf 90' lang='lat' dir='ltr'>ipsorum</span> <span class='ocrx_word' id='word_1_171' title='bbox 2087 418 2240 457; x_wconf 82' lang='lat' dir='ltr'>salutem</span> 
     </span>
     <span class='ocr_line' id='line_1_25' title="bbox 1190 474 2239 523; baseline 0.003 -11"><span class='ocrx_word' id='word_1_172' title='bbox 1190 476 1413 523; x_wconf 87' lang='lat' dir='ltr'>operamini?</span> <span class='ocrx_word' id='word_1_173' title='bbox 1434 489 1446 511; x_wconf 73' lang='grc' dir='ltr'>ι</span> <span class='ocrx_word' id='word_1_174' title='bbox 1474 475 1654 522; x_wconf 84' lang='lat' dir='ltr'>Operatur</span> <span class='ocrx_word' id='word_1_175' title='bbox 1679 484 1766 521; x_wconf 87' lang='lat' dir='ltr'>ergo</span> <span class='ocrx_word' id='word_1_176' title='bbox 1788 474 1870 517; x_wconf 91' lang='lat' dir='ltr'>ille,</span> <span class='ocrx_word' id='word_1_177' title='bbox 1896 484 2131 520; x_wconf 88' lang='lat' dir='ltr'>cooperamur</span> <span class='ocrx_word' id='word_1_178' title='bbox 2159 488 2239 515; x_wconf 89' lang='lat' dir='ltr'>nos.</span> 
     </span>
     <span class='ocr_line' id='line_1_26' title="bbox 1190 535 2245 582; baseline 0.002 -9"><span class='ocrx_word' id='word_1_179' title='bbox 1190 536 1271 573; x_wconf 87' lang='lat' dir='ltr'>Non</span> <span class='ocrx_word' id='word_1_180' title='bbox 1302 537 1399 573; x_wconf 88' lang='lat' dir='ltr'>enim</span> <span class='ocrx_word' id='word_1_181' title='bbox 1429 535 1559 581; x_wconf 85' lang='lat' dir='ltr'>offert,</span> <span class='ocrx_word' id='word_1_182' title='bbox 1582 535 1646 573; x_wconf 88' lang='lat' dir='ltr'>sed</span> <span class='ocrx_word' id='word_1_183' title='bbox 1667 535 1814 582; x_wconf 84' lang='lat' dir='ltr'>adjuvat</span> <span class='ocrx_word' id='word_1_184' title='bbox 1834 535 1938 572; x_wconf 84' lang='lat' dir='ltr'>bonae</span> <span class='ocrx_word' id='word_1_185' title='bbox 1969 535 2163 574; x_wconf 87' lang='lat' dir='ltr'>voluntatis</span> <span class='ocrx_word' id='word_1_186' title='bbox 2188 548 2245 575; x_wconf 90' lang='lat' dir='ltr'>ar-</span> 
     </span>
     <span class='ocr_line' id='line_1_27' title="bbox 1190 597 1356 635; baseline -0.006 0"><span class='ocrx_word' id='word_1_187' title='bbox 1190 597 1356 635; x_wconf 85' lang='lat' dir='ltr'>bitrium.</span> 
     </span>
     <span class='ocr_line' id='line_1_28' title="bbox 1570 659 1842 698; baseline -0.007 -1"><span class='ocrx_word' id='word_1_188' title='bbox 1570 660 1722 698; x_wconf 83' lang='lat' dir='ltr'>CAPUT</span> <span class='ocrx_word' id='word_1_189' title='bbox 1746 659 1842 696; x_wconf 84' lang='lat' dir='ltr'>XVI.</span> 
     </span>
     <span class='ocr_line' id='line_1_29' title="bbox 1195 719 2252 767; baseline 0.001 -10"><span class='ocrx_word' id='word_1_190' title='bbox 1195 720 1378 758; x_wconf 78' lang='lat' dir='ltr'>Transitus</span> <span class='ocrx_word' id='word_1_191' title='bbox 1412 720 1566 767; x_wconf 78' lang='lat' dir='ltr'>filiorum</span> <span class='ocrx_word' id='word_1_192' title='bbox 1586 720 1763 756; x_wconf 73' lang='lat' dir='ltr'>Israelem</span> <span class='ocrx_word' id='word_1_193' title='bbox 1791 720 1920 756; x_wconf 80' lang='lat' dir='ltr'>Beroth</span> <span class='ocrx_word' id='word_1_194' title='bbox 1950 721 1988 756; x_wconf 82' lang='grc' dir='ltr'>ἰη</span> <span class='ocrx_word' id='word_1_195' title='bbox 2017 719 2161 764; x_wconf 71' lang='lat' dir='ltr'>Musra,</span> <span class='ocrx_word' id='word_1_196' title='bbox 2192 722 2252 758; x_wconf 77' lang='lat' dir='ltr'>ubi</span> 
     </span>
     <span class='ocr_line' id='line_1_30' title="bbox 1421 767 2023 814; baseline 0 -10"><span class='ocrx_word' id='word_1_197' title='bbox 1421 768 1541 804; x_wconf 85' lang='lat' dir='ltr'>Aaron</span> <span class='ocrx_word' id='word_1_198' title='bbox 1557 774 1715 803; x_wconf 82' lang='lat' dir='ltr'>mortuus</span> <span class='ocrx_word' id='word_1_199' title='bbox 1735 774 1783 803; x_wconf 82' lang='lat' dir='ltr'>est</span> <span class='ocrx_word' id='word_1_200' title='bbox 1802 774 1834 803; x_wconf 81' lang='lat' dir='ltr'>et</span> <span class='ocrx_word' id='word_1_201' title='bbox 1853 767 2023 814; x_wconf 78' lang='lat' dir='ltr'>sepultus.</span> 
     </span>
    </p>

    <p class='ocr_par' dir='ltr' id='par_1_9' title="bbox 1202 843 2258 1135">
     <span class='ocr_line' id='line_1_31' title="bbox 1244 843 2254 892; baseline 0 -11"><span class='ocrx_word' id='word_1_202' title='bbox 1244 843 1342 892; x_wconf 60' lang='lat' dir='ltr'>(Car.</span> <span class='ocrx_word' id='word_1_203' title='bbox 1356 844 1411 891; x_wconf 85' lang='lat' dir='ltr'>x.)</span> <span class='ocrx_word' id='word_1_204' title='bbox 1436 856 1448 878; x_wconf 90' lang='lat'>‹</span> <span class='ocrx_word' id='word_1_205' title='bbox 1466 844 1548 880; x_wconf 87' lang='lat' dir='ltr'>Filii</span> <span class='ocrx_word' id='word_1_206' title='bbox 1578 849 1696 880; x_wconf 89' lang='lat' dir='ltr'>autem</span> <span class='ocrx_word' id='word_1_207' title='bbox 1721 844 1832 880; x_wconf 86' lang='lat' dir='ltr'>Israel</span> <span class='ocrx_word' id='word_1_208' title='bbox 1852 850 1971 880; x_wconf 89' lang='lat' dir='ltr'>castra</span> <span class='ocrx_word' id='word_1_209' title='bbox 1991 852 2183 882; x_wconf 89' lang='lat' dir='ltr'>moverunt</span> <span class='ocrx_word' id='word_1_210' title='bbox 2209 855 2254 881; x_wconf 88' lang='lat' dir='ltr'>ex</span> 
     </span>
     <span class='ocr_line' id='line_1_32' title="bbox 1202 905 2257 949; baseline 0.003 -10"><span class='ocrx_word' id='word_1_211' title='bbox 1202 918 1214 939; x_wconf 72' lang='grc' dir='ltr'><strong><em>ι</em></strong></span> <span class='ocrx_word' id='word_1_212' title='bbox 1243 905 1379 943; x_wconf 91' lang='lat' dir='ltr'>Beroth</span> <span class='ocrx_word' id='word_1_213' title='bbox 1399 905 1556 942; x_wconf 82' lang='lat' dir='ltr'>liliorum</span> <span class='ocrx_word' id='word_1_214' title='bbox 1574 905 1685 942; x_wconf 84' lang='lat' dir='ltr'>Jacan</span> <span class='ocrx_word' id='word_1_215' title='bbox 1704 906 1741 941; x_wconf 90' lang='lat' dir='ltr'>in</span> <span class='ocrx_word' id='word_1_216' title='bbox 1770 905 1901 949; x_wconf 87' lang='lat' dir='ltr'>Musra,</span> <span class='ocrx_word' id='word_1_217' title='bbox 1924 906 1984 942; x_wconf 88' lang='lat' dir='ltr'>ubi</span> <span class='ocrx_word' id='word_1_218' title='bbox 2009 911 2173 942; x_wconf 90' lang='lat' dir='ltr'>mortuus</span> <span class='ocrx_word' id='word_1_219' title='bbox 2200 911 2257 942; x_wconf 89' lang='lat' dir='ltr'>est</span> 
     </span>
     <span class='ocr_line' id='line_1_33' title="bbox 1202 967 2255 1013; baseline 0.002 -12"><span class='ocrx_word' id='word_1_220' title='bbox 1202 979 1216 1001; x_wconf 73' lang='grc' dir='ltr'>ι</span> <span class='ocrx_word' id='word_1_221' title='bbox 1245 968 1368 1004; x_wconf 84' lang='lat' dir='ltr'>Aaron</span> <span class='ocrx_word' id='word_1_222' title='bbox 1388 978 1430 1004; x_wconf 90' lang='lat' dir='ltr'>ac</span> <span class='ocrx_word' id='word_1_223' title='bbox 1444 968 1617 1013; x_wconf 92' lang='lat' dir='ltr'>sepultus.</span> <span class='ocrx_word' id='word_1_224' title='bbox 1639 967 1709 1003; x_wconf 91' lang='lat' dir='ltr'>Pro</span> <span class='ocrx_word' id='word_1_225' title='bbox 1726 977 1797 1013; x_wconf 92' lang='lat' dir='ltr'>quo</span> <span class='ocrx_word' id='word_1_226' title='bbox 1813 968 2014 1003; x_wconf 89' lang='lat' dir='ltr'>sacerdotio</span> <span class='ocrx_word' id='word_1_227' title='bbox 2030 967 2174 1004; x_wconf 84' lang='lat' dir='ltr'>functus</span> <span class='ocrx_word' id='word_1_228' title='bbox 2198 973 2255 1003; x_wconf 89' lang='lat' dir='ltr'>est</span> 
     </span>
     <span class='ocr_line' id='line_1_34' title="bbox 1204 1027 2257 1074; baseline 0.002 -12"><span class='ocrx_word' id='word_1_229' title='bbox 1204 1038 1217 1061; x_wconf 86' lang='lat'><strong>‹</strong></span> <span class='ocrx_word' id='word_1_230' title='bbox 1247 1028 1342 1063; x_wconf 78' lang='lat' dir='ltr'>silius</span> <span class='ocrx_word' id='word_1_231' title='bbox 1358 1027 1435 1072; x_wconf 88' lang='lat' dir='ltr'>ejus</span> <span class='ocrx_word' id='word_1_232' title='bbox 1452 1028 1616 1063; x_wconf 87' lang='lat' dir='ltr'>Eleazar.</span> <span class='ocrx_word' id='word_1_233' title='bbox 1647 1027 1733 1063; x_wconf 91' lang='lat' dir='ltr'>Inde</span> <span class='ocrx_word' id='word_1_234' title='bbox 1761 1034 1937 1064; x_wconf 83' lang='lat' dir='ltr'>venerunt</span> <span class='ocrx_word' id='word_1_235' title='bbox 1955 1028 1993 1063; x_wconf 92' lang='lat' dir='ltr'>in</span> <span class='ocrx_word' id='word_1_236' title='bbox 2018 1027 2178 1074; x_wconf 83' lang='lat' dir='ltr'>Gadgad.</span> <span class='ocrx_word' id='word_1_237' title='bbox 2205 1029 2257 1064; x_wconf 89' lang='lat' dir='ltr'>De</span> 
     </span>
     <span class='ocr_line' id='line_1_35' title="bbox 1209 1088 2258 1135; baseline 0 -12"><span class='ocrx_word' id='word_1_238' title='bbox 1209 1100 1222 1122; x_wconf 87' lang='lat'>‹</span> <span class='ocrx_word' id='word_1_239' title='bbox 1254 1099 1326 1135; x_wconf 90' lang='lat' dir='ltr'>quo</span> <span class='ocrx_word' id='word_1_240' title='bbox 1352 1088 1431 1124; x_wconf 91' lang='lat' dir='ltr'>loco</span> <span class='ocrx_word' id='word_1_241' title='bbox 1449 1088 1617 1134; x_wconf 85' lang='lat' dir='ltr'>profecti,</span> <span class='ocrx_word' id='word_1_242' title='bbox 1637 1093 1757 1124; x_wconf 89' lang='lat' dir='ltr'>castra</span> <span class='ocrx_word' id='word_1_243' title='bbox 1774 1089 1899 1124; x_wconf 88' lang='lat' dir='ltr'>metati</span> <span class='ocrx_word' id='word_1_244' title='bbox 1929 1094 2014 1124; x_wconf 86' lang='lat' dir='ltr'>sunt</span> <span class='ocrx_word' id='word_1_245' title='bbox 2030 1089 2067 1124; x_wconf 89' lang='lat' dir='ltr'>in</span> <span class='ocrx_word' id='word_1_246' title='bbox 2083 1088 2258 1124; x_wconf 86' lang='lat' dir='ltr'>Jothaba-</span> 
     </span>
    </p>
   </div>
   <div class='ocr_carea' id='block_1_9' title="bbox 65 1135 2253 1197">
    <p class='ocr_par' dir='ltr' id='par_1_10' title="bbox 65 1135 2253 1197">
     <span class='ocr_line' id='line_1_36' title="bbox 65 1135 2253 1197; baseline -0.002 -7"><span class='ocrx_word' id='word_1_247' title='bbox 65 1154 143 1190; x_wconf 88' lang='lat' dir='ltr'>haec</span> <span class='ocrx_word' id='word_1_248' title='bbox 162 1153 287 1189; x_wconf 91' lang='lat' dir='ltr'>decem</span> <span class='ocrx_word' id='word_1_249' title='bbox 304 1151 416 1187; x_wconf 89' lang='lat' dir='ltr'>verba</span> <span class='ocrx_word' id='word_1_250' title='bbox 439 1150 476 1186; x_wconf 92' lang='lat' dir='ltr'>in</span> <span class='ocrx_word' id='word_1_251' title='bbox 506 1149 653 1193; x_wconf 88' lang='lat' dir='ltr'>tabulis,</span> <span class='ocrx_word' id='word_1_252' title='bbox 681 1149 774 1185; x_wconf 88' lang='lat' dir='ltr'>sicut</span> <span class='ocrx_word' id='word_1_253' title='bbox 794 1155 878 1184; x_wconf 90' lang='lat' dir='ltr'>ante</span> <span class='ocrx_word' id='word_1_254' title='bbox 896 1147 1126 1194; x_wconf 85' lang='lat' dir='ltr'>promiserat.</span> <span class='ocrx_word' id='word_1_255' title='bbox 1149 1135 1181 1175; x_wconf 88' lang='grc' dir='ltr'>Β</span> <span class='ocrx_word' id='word_1_256' title='bbox 1205 1162 1217 1184; x_wconf 74' lang='grc' dir='ltr'><strong><em>ι</em></strong></span> <span class='ocrx_word' id='word_1_257' title='bbox 1249 1151 1312 1186; x_wconf 83' lang='lat' dir='ltr'>tha</span> <span class='ocrx_word' id='word_1_258' title='bbox 1330 1155 1428 1187; x_wconf 85' lang='lat' dir='ltr'>terra</span> <span class='ocrx_word' id='word_1_259' title='bbox 1446 1160 1621 1197; x_wconf 86' lang='lat' dir='ltr'>aquarum</span> <span class='ocrx_word' id='word_1_260' title='bbox 1639 1155 1748 1196; x_wconf 91' lang='lat' dir='ltr'>atque</span> <span class='ocrx_word' id='word_1_261' title='bbox 1764 1151 1994 1193; x_wconf 83' lang='lat' dir='ltr'>torrentium,</span> <span class='ocrx_word' id='word_1_262' title='bbox 2018 1154 2055 1186; x_wconf 90' lang='lat' dir='ltr'>et</span> <span class='ocrx_word' id='word_1_263' title='bbox 2072 1150 2225 1195; x_wconf 86' lang='lat' dir='ltr'>reliqua.</span> <span class='ocrx_word' id='word_1_264' title='bbox 2241 1163 2253 1185; x_wconf 66' lang='grc' dir='ltr'><strong>ι</strong></span> 
     </span>
    </p>
   </div>
   <div class='ocr_carea' id='block_1_10' title="bbox 65 1210 1139 2044">
    <p class='ocr_par' dir='ltr' id='par_1_11' title="bbox 65 1210 1139 2044">
     <span class='ocr_line' id='line_1_37' title="bbox 66 1210 1128 1259; baseline -0.007 -8"><span class='ocrx_word' id='word_1_265' title='bbox 66 1214 170 1258; x_wconf 84' lang='lat' dir='ltr'>Quod</span> <span class='ocrx_word' id='word_1_266' title='bbox 188 1214 219 1250; x_wconf 91' lang='lat' dir='ltr'>si</span> <span class='ocrx_word' id='word_1_267' title='bbox 249 1214 298 1250; x_wconf 90' lang='lat' dir='ltr'>ita</span> <span class='ocrx_word' id='word_1_268' title='bbox 316 1213 462 1259; x_wconf 88' lang='lat' dir='ltr'>quidem</span> <span class='ocrx_word' id='word_1_269' title='bbox 479 1217 547 1254; x_wconf 90' lang='lat' dir='ltr'>est,</span> <span class='ocrx_word' id='word_1_270' title='bbox 578 1211 639 1247; x_wconf 87' lang='lat' dir='ltr'>illa</span> <span class='ocrx_word' id='word_1_271' title='bbox 661 1210 862 1247; x_wconf 83' lang='lat' dir='ltr'>differentia</span> <span class='ocrx_word' id='word_1_272' title='bbox 884 1210 1038 1245; x_wconf 88' lang='lat' dir='ltr'>duorum</span> <span class='ocrx_word' id='word_1_273' title='bbox 1072 1215 1128 1244; x_wconf 89' lang='lat' dir='ltr'>te-</span> 
     </span>
     <span class='ocr_line' id='line_1_38' title="bbox 65 1270 1132 1321; baseline -0.007 -9"><span class='ocrx_word' id='word_1_274' title='bbox 65 1280 344 1321; x_wconf 86' lang='lat' dir='ltr'>stamentorum,</span> <span class='ocrx_word' id='word_1_275' title='bbox 364 1273 568 1320; x_wconf 78' lang='lat' dir='ltr'>quaenobis</span> <span class='ocrx_word' id='word_1_276' title='bbox 580 1272 657 1308; x_wconf 88' lang='lat' dir='ltr'>visa</span> <span class='ocrx_word' id='word_1_277' title='bbox 673 1277 728 1307; x_wconf 91' lang='lat' dir='ltr'>est</span> <span class='ocrx_word' id='word_1_278' title='bbox 749 1271 785 1306; x_wconf 93' lang='lat' dir='ltr'>in</span> <span class='ocrx_word' id='word_1_279' title='bbox 806 1271 862 1306; x_wconf 88' lang='lat' dir='ltr'>his</span> <span class='ocrx_word' id='word_1_280' title='bbox 879 1270 1011 1312; x_wconf 85' lang='lat' dir='ltr'>verbis,</span> <span class='ocrx_word' id='word_1_281' title='bbox 1031 1280 1132 1306; x_wconf 92' lang='lat' dir='ltr'>com-</span> 
     </span>
     <span class='ocr_line' id='line_1_39' title="bbox 66 1329 1131 1381; baseline -0.006 -10"><span class='ocrx_word' id='word_1_282' title='bbox 66 1335 231 1371; x_wconf 88' lang='lat' dir='ltr'>mendari</span> <span class='ocrx_word' id='word_1_283' title='bbox 255 1339 389 1381; x_wconf 91' lang='lat' dir='ltr'>potest,</span> <span class='ocrx_word' id='word_1_284' title='bbox 410 1333 554 1379; x_wconf 90' lang='lat' dir='ltr'>quando</span> <span class='ocrx_word' id='word_1_285' title='bbox 573 1332 714 1377; x_wconf 89' lang='lat' dir='ltr'>priores</span> <span class='ocrx_word' id='word_1_286' title='bbox 733 1337 769 1367; x_wconf 91' lang='lat' dir='ltr'>et</span> <span class='ocrx_word' id='word_1_287' title='bbox 793 1330 970 1366; x_wconf 87' lang='lat' dir='ltr'>secundas</span> <span class='ocrx_word' id='word_1_288' title='bbox 991 1329 1131 1366; x_wconf 86' lang='lat' dir='ltr'>tabulas</span> 
     </span>
     <span class='ocr_line' id='line_1_40' title="bbox 66 1391 1132 1443; baseline -0.008 -10"><span class='ocrx_word' id='word_1_289' title='bbox 66 1397 211 1443; x_wconf 77' lang='lat' dir='ltr'>scripsit</span> <span class='ocrx_word' id='word_1_290' title='bbox 230 1406 302 1432; x_wconf 90' lang='lat' dir='ltr'>non</span> <span class='ocrx_word' id='word_1_291' title='bbox 322 1396 445 1437; x_wconf 87' lang='lat' dir='ltr'>homo,</span> <span class='ocrx_word' id='word_1_292' title='bbox 463 1394 525 1430; x_wconf 84' lang='lat' dir='ltr'>sed</span> <span class='ocrx_word' id='word_1_293' title='bbox 547 1394 657 1429; x_wconf 87' lang='lat' dir='ltr'>Deus.</span> <span class='ocrx_word' id='word_1_294' title='bbox 674 1391 934 1428; x_wconf 84' lang='lat' dir='ltr'>Verumtamen</span> <span class='ocrx_word' id='word_1_295' title='bbox 954 1391 1015 1426; x_wconf 89' lang='lat' dir='ltr'>illa</span> <span class='ocrx_word' id='word_1_296' title='bbox 1034 1395 1132 1426; x_wconf 87' lang='lat' dir='ltr'>certe</span> 
     </span>
     <span class='ocr_line' id='line_1_41' title="bbox 67 1452 1131 1498; baseline -0.007 -4"><span class='ocrx_word' id='word_1_297' title='bbox 67 1458 239 1494; x_wconf 87' lang='lat' dir='ltr'>distantia</span> <span class='ocrx_word' id='word_1_298' title='bbox 262 1468 334 1493; x_wconf 88' lang='lat' dir='ltr'>non</span> <span class='ocrx_word' id='word_1_299' title='bbox 354 1457 465 1492; x_wconf 86' lang='lat' dir='ltr'>habet</span> <span class='ocrx_word' id='word_1_300' title='bbox 494 1455 771 1497; x_wconf 86' lang='lat' dir='ltr'>dubitationem,</span> <span class='ocrx_word' id='word_1_301' title='bbox 793 1453 889 1498; x_wconf 86' lang='lat' dir='ltr'>quod</span> <span class='ocrx_word' id='word_1_302' title='bbox 914 1452 1055 1498; x_wconf 90' lang='lat' dir='ltr'>priores</span> <span class='ocrx_word' id='word_1_303' title='bbox 1078 1457 1131 1487; x_wconf 86' lang='lat' dir='ltr'>ta-</span> 
     </span>
     <span class='ocr_line' id='line_1_42' title="bbox 65 1511 1132 1558; baseline -0.007 -4"><span class='ocrx_word' id='word_1_304' title='bbox 65 1518 171 1554; x_wconf 87' lang='lat' dir='ltr'>bulas</span> <span class='ocrx_word' id='word_1_305' title='bbox 202 1523 239 1554; x_wconf 88' lang='lat' dir='ltr'>et</span> <span class='ocrx_word' id='word_1_306' title='bbox 261 1517 437 1552; x_wconf 91' lang='lat' dir='ltr'>Dominus</span> <span class='ocrx_word' id='word_1_307' title='bbox 460 1515 563 1558; x_wconf 83' lang='lat' dir='ltr'>fecit,</span> <span class='ocrx_word' id='word_1_308' title='bbox 596 1521 632 1551; x_wconf 92' lang='lat' dir='ltr'>et</span> <span class='ocrx_word' id='word_1_309' title='bbox 664 1515 838 1550; x_wconf 87' lang='lat' dir='ltr'>Dominus</span> <span class='ocrx_word' id='word_1_310' title='bbox 871 1513 1029 1558; x_wconf 81' lang='lat' dir='ltr'>scripsit.</span> <span class='ocrx_word' id='word_1_311' title='bbox 1053 1511 1132 1547; x_wconf 92' lang='lat' dir='ltr'>Non</span> 
     </span>
     <span class='ocr_line' id='line_1_43' title="bbox 68 1573 1132 1621; baseline -0.005 -8"><span class='ocrx_word' id='word_1_312' title='bbox 68 1578 165 1615; x_wconf 90' lang='lat' dir='ltr'>enim</span> <span class='ocrx_word' id='word_1_313' title='bbox 183 1583 269 1613; x_wconf 81' lang='lat' dir='ltr'>tunc</span> <span class='ocrx_word' id='word_1_314' title='bbox 286 1577 422 1612; x_wconf 85' lang='lat' dir='ltr'>dictum</span> <span class='ocrx_word' id='word_1_315' title='bbox 437 1581 495 1612; x_wconf 90' lang='lat' dir='ltr'>est</span> <span class='ocrx_word' id='word_1_316' title='bbox 515 1575 560 1610; x_wconf 91' lang='lat' dir='ltr'>ad</span> <span class='ocrx_word' id='word_1_317' title='bbox 581 1576 752 1621; x_wconf 86' lang='lat' dir='ltr'>Moysen:</span> <span class='ocrx_word' id='word_1_318' title='bbox 775 1589 785 1607; x_wconf 76' lang='grc' dir='ltr'>ι</span> <span class='ocrx_word' id='word_1_319' title='bbox 807 1574 941 1610; x_wconf 82' lang='lat' dir='ltr'>Excide</span> <span class='ocrx_word' id='word_1_320' title='bbox 961 1573 1027 1609; x_wconf 88' lang='lat' dir='ltr'>tibi</span> <span class='ocrx_word' id='word_1_321' title='bbox 1044 1573 1132 1609; x_wconf 92' lang='lat' dir='ltr'>duas</span> 
     </span>
     <span class='ocr_line' id='line_1_44' title="bbox 69 1637 1133 1684; baseline -0.005 -9"><span class='ocrx_word' id='word_1_322' title='bbox 69 1639 221 1682; x_wconf 88' lang='lat' dir='ltr'>tabulas,</span> <span class='ocrx_word' id='word_1_323' title='bbox 246 1652 257 1673; x_wconf 81' lang='lat'>›</span> <span class='ocrx_word' id='word_1_324' title='bbox 289 1639 351 1674; x_wconf 85' lang='lat' dir='ltr'>sed</span> <span class='ocrx_word' id='word_1_325' title='bbox 386 1638 436 1673; x_wconf 89' lang='lat' dir='ltr'>ita</span> <span class='ocrx_word' id='word_1_326' title='bbox 463 1637 584 1684; x_wconf 90' lang='lat' dir='ltr'>potius</span> <span class='ocrx_word' id='word_1_327' title='bbox 618 1637 751 1673; x_wconf 89' lang='lat' dir='ltr'>dicitur</span> <span class='ocrx_word' id='word_1_328' title='bbox 776 1650 784 1673; x_wconf 76' lang='lat' dir='ltr'><em>z</em></span> <span class='ocrx_word' id='word_1_329' title='bbox 818 1649 829 1670; x_wconf 70' lang='grc' dir='ltr'><strong>α</strong></span> <span class='ocrx_word' id='word_1_330' title='bbox 858 1637 903 1672; x_wconf 87' lang='lat' dir='ltr'>Et</span> <span class='ocrx_word' id='word_1_331' title='bbox 934 1644 1133 1672; x_wconf 87' lang='lat' dir='ltr'>conversus</span> 
     </span>
     <span class='ocr_line' id='line_1_45' title="bbox 67 1695 1130 1746; baseline -0.006 -10"><span class='ocrx_word' id='word_1_332' title='bbox 67 1699 223 1746; x_wconf 82' lang='lat' dir='ltr'>Moyses,</span> <span class='ocrx_word' id='word_1_333' title='bbox 245 1699 431 1735; x_wconf 84' lang='lat' dir='ltr'>descendit</span> <span class='ocrx_word' id='word_1_334' title='bbox 452 1698 495 1734; x_wconf 89' lang='lat' dir='ltr'>de</span> <span class='ocrx_word' id='word_1_335' title='bbox 530 1702 667 1740; x_wconf 88' lang='lat' dir='ltr'>monte,</span> <span class='ocrx_word' id='word_1_336' title='bbox 698 1702 736 1733; x_wconf 91' lang='lat' dir='ltr'>et</span> <span class='ocrx_word' id='word_1_337' title='bbox 758 1697 836 1733; x_wconf 81' lang='lat' dir='ltr'>duae</span> <span class='ocrx_word' id='word_1_338' title='bbox 866 1696 995 1732; x_wconf 79' lang='lat' dir='ltr'>tabulae</span> <span class='ocrx_word' id='word_1_339' title='bbox 1025 1695 1130 1731; x_wconf 86' lang='lat' dir='ltr'>testi-</span> 
     </span>
     <span class='ocr_line' id='line_1_46' title="bbox 69 1756 1135 1803; baseline -0.006 -8"><span class='ocrx_word' id='word_1_340' title='bbox 69 1759 182 1796; x_wconf 66' lang='lat' dir='ltr'>monii</span> <span class='ocrx_word' id='word_1_341' title='bbox 204 1759 239 1794; x_wconf 90' lang='lat' dir='ltr'>in</span> <span class='ocrx_word' id='word_1_342' title='bbox 260 1758 428 1794; x_wconf 82' lang='lat' dir='ltr'>inanibus</span> <span class='ocrx_word' id='word_1_343' title='bbox 458 1758 550 1802; x_wconf 73' lang='lat' dir='ltr'>eJus.</span> <span class='ocrx_word' id='word_1_344' title='bbox 569 1772 580 1791; x_wconf 82' lang='lat' dir='ltr'>l&gt;</span> <span class='ocrx_word' id='word_1_345' title='bbox 603 1757 749 1793; x_wconf 82' lang='lat' dir='ltr'>Tabulae</span> <span class='ocrx_word' id='word_1_346' title='bbox 773 1767 864 1803; x_wconf 92' lang='lat' dir='ltr'>opus</span> <span class='ocrx_word' id='word_1_347' title='bbox 888 1756 951 1792; x_wconf 91' lang='lat' dir='ltr'>Dei</span> <span class='ocrx_word' id='word_1_348' title='bbox 973 1760 1078 1792; x_wconf 89' lang='lat' dir='ltr'>erant</span> <span class='ocrx_word' id='word_1_349' title='bbox 1099 1759 1135 1790; x_wconf 89' lang='lat' dir='ltr'>et</span> 
     </span>
     <span class='ocr_line' id='line_1_47' title="bbox 71 1817 1137 1865; baseline -0.004 -10"><span class='ocrx_word' id='word_1_350' title='bbox 71 1819 250 1865; x_wconf 85' lang='lat' dir='ltr'>scriptura</span> <span class='ocrx_word' id='word_1_351' title='bbox 278 1819 340 1855; x_wconf 88' lang='lat' dir='ltr'>Dei</span> <span class='ocrx_word' id='word_1_352' title='bbox 362 1824 421 1855; x_wconf 88' lang='lat' dir='ltr'>est</span> <span class='ocrx_word' id='word_1_353' title='bbox 453 1818 557 1864; x_wconf 87' lang='lat' dir='ltr'>culpa</span> <span class='ocrx_word' id='word_1_354' title='bbox 578 1819 614 1853; x_wconf 89' lang='lat' dir='ltr'>in</span> <span class='ocrx_word' id='word_1_355' title='bbox 635 1818 782 1854; x_wconf 84' lang='lat' dir='ltr'>tabulis.</span> <span class='ocrx_word' id='word_1_356' title='bbox 805 1817 885 1853; x_wconf 85' lang='lat' dir='ltr'>Jam</span> <span class='ocrx_word' id='word_1_357' title='bbox 906 1818 1003 1853; x_wconf 89' lang='lat' dir='ltr'>enim</span> <span class='ocrx_word' id='word_1_358' title='bbox 1031 1825 1137 1861; x_wconf 90' lang='lat' dir='ltr'>supe-</span> 
     </span>
     <span class='ocr_line' id='line_1_48' title="bbox 69 1876 1138 1924; baseline -0.007 -6"><span class='ocrx_word' id='word_1_359' title='bbox 69 1882 145 1919; x_wconf 90' lang='lat' dir='ltr'>rius</span> <span class='ocrx_word' id='word_1_360' title='bbox 166 1882 307 1918; x_wconf 81' lang='lat' dir='ltr'>dixerat</span> <span class='ocrx_word' id='word_1_361' title='bbox 337 1880 484 1916; x_wconf 87' lang='lat' dir='ltr'>easdem</span> <span class='ocrx_word' id='word_1_362' title='bbox 515 1879 655 1915; x_wconf 85' lang='lat' dir='ltr'>tabulas</span> <span class='ocrx_word' id='word_1_363' title='bbox 677 1879 833 1924; x_wconf 76' lang='lat' dir='ltr'>scriptas</span> <span class='ocrx_word' id='word_1_364' title='bbox 856 1878 968 1924; x_wconf 84' lang='lat' dir='ltr'>digito</span> <span class='ocrx_word' id='word_1_365' title='bbox 992 1877 1057 1912; x_wconf 89' lang='lat' dir='ltr'>Dei</span> <span class='ocrx_word' id='word_1_366' title='bbox 1085 1876 1138 1911; x_wconf 88' lang='lat' dir='ltr'>sic</span> 
     </span>
     <span class='ocr_line' id='line_1_49' title="bbox 70 1936 1138 1988; baseline -0.007 -10"><span class='ocrx_word' id='word_1_367' title='bbox 70 1941 250 1988; x_wconf 85' lang='lat' dir='ltr'>loquens:</span> <span class='ocrx_word' id='word_1_368' title='bbox 278 1954 289 1974; x_wconf 69' lang='lat' dir='ltr'>e</span> <span class='ocrx_word' id='word_1_369' title='bbox 310 1942 355 1976; x_wconf 88' lang='lat' dir='ltr'>Et</span> <span class='ocrx_word' id='word_1_370' title='bbox 377 1941 473 1977; x_wconf 87' lang='lat' dir='ltr'>dedit</span> <span class='ocrx_word' id='word_1_371' title='bbox 500 1940 628 1985; x_wconf 87' lang='lat' dir='ltr'>Moysi,</span> <span class='ocrx_word' id='word_1_372' title='bbox 645 1940 769 1975; x_wconf 87' lang='lat' dir='ltr'>statim</span> <span class='ocrx_word' id='word_1_373' title='bbox 794 1946 833 1974; x_wconf 88' lang='lat' dir='ltr'>ut</span> <span class='ocrx_word' id='word_1_374' title='bbox 860 1938 1016 1974; x_wconf 86' lang='lat' dir='ltr'>cessavit</span> <span class='ocrx_word' id='word_1_375' title='bbox 1040 1936 1138 1982; x_wconf 86' lang='lat' dir='ltr'>loqui</span> 
     </span>
     <span class='ocr_line' id='line_1_50' title="bbox 72 1996 1139 2044; baseline -0.006 -6"><span class='ocrx_word' id='word_1_376' title='bbox 72 2003 117 2038; x_wconf 91' lang='lat' dir='ltr'>ad</span> <span class='ocrx_word' id='word_1_377' title='bbox 143 2011 226 2038; x_wconf 90' lang='lat' dir='ltr'>eum</span> <span class='ocrx_word' id='word_1_378' title='bbox 247 2001 284 2036; x_wconf 93' lang='lat' dir='ltr'>in</span> <span class='ocrx_word' id='word_1_379' title='bbox 308 2007 431 2036; x_wconf 87' lang='lat' dir='ltr'>monte</span> <span class='ocrx_word' id='word_1_380' title='bbox 451 2000 552 2042; x_wconf 82' lang='lat' dir='ltr'>Sina,</span> <span class='ocrx_word' id='word_1_381' title='bbox 581 2000 671 2035; x_wconf 89' lang='lat' dir='ltr'>duas</span> <span class='ocrx_word' id='word_1_382' title='bbox 691 1999 852 2044; x_wconf 88' lang='lat' dir='ltr'>lapideas</span> <span class='ocrx_word' id='word_1_383' title='bbox 873 1998 1014 2034; x_wconf 88' lang='lat' dir='ltr'>tabulas</span> <span class='ocrx_word' id='word_1_384' title='bbox 1037 1996 1139 2033; x_wconf 91' lang='lat' dir='ltr'>testi-</span> 
     </span>
    </p>
   </div>
   <div class='ocr_carea' id='block_1_11' title="bbox 1199 1210 2268 2049">
    <p class='ocr_par' dir='ltr' id='par_1_12' title="bbox 1199 1210 2268 2049">
     <span class='ocr_line' id='line_1_51' title="bbox 1201 1210 2258 1257; baseline 0 -11"><span class='ocrx_word' id='word_1_385' title='bbox 1201 1210 1320 1255; x_wconf 86' lang='lat' dir='ltr'>Quaeri</span> <span class='ocrx_word' id='word_1_386' title='bbox 1346 1216 1467 1256; x_wconf 83' lang='lat' dir='ltr'>potest</span> <span class='ocrx_word' id='word_1_387' title='bbox 1509 1211 1689 1257; x_wconf 86' lang='lat' dir='ltr'>quomodo</span> <span class='ocrx_word' id='word_1_388' title='bbox 1727 1211 1866 1248; x_wconf 90' lang='lat' dir='ltr'>dicatur</span> <span class='ocrx_word' id='word_1_389' title='bbox 1899 1211 1936 1246; x_wconf 95' lang='lat' dir='ltr'>in</span> <span class='ocrx_word' id='word_1_390' title='bbox 1978 1211 2258 1247; x_wconf 86' lang='lat' dir='ltr'>Deuteronomio</span> 
     </span>
     <span class='ocr_line' id='line_1_52' title="bbox 1199 1271 2258 1319; baseline 0 -12"><span class='ocrx_word' id='word_1_391' title='bbox 1199 1272 1320 1308; x_wconf 91' lang='lat' dir='ltr'>Aaron</span> <span class='ocrx_word' id='word_1_392' title='bbox 1338 1273 1375 1307; x_wconf 92' lang='lat' dir='ltr'>in</span> <span class='ocrx_word' id='word_1_393' title='bbox 1399 1272 1520 1308; x_wconf 88' lang='lat' dir='ltr'>Musra</span> <span class='ocrx_word' id='word_1_394' title='bbox 1545 1277 1709 1308; x_wconf 91' lang='lat' dir='ltr'>mortuus</span> <span class='ocrx_word' id='word_1_395' title='bbox 1729 1278 1837 1319; x_wconf 88' lang='lat' dir='ltr'>atque</span> <span class='ocrx_word' id='word_1_396' title='bbox 1858 1272 2031 1318; x_wconf 90' lang='lat' dir='ltr'>sepultus,</span> <span class='ocrx_word' id='word_1_397' title='bbox 2052 1283 2135 1308; x_wconf 90' lang='lat' dir='ltr'>cum</span> <span class='ocrx_word' id='word_1_398' title='bbox 2152 1273 2188 1308; x_wconf 91' lang='lat' dir='ltr'>in</span> <span class='ocrx_word' id='word_1_399' title='bbox 2209 1271 2258 1310; x_wconf 89' lang='lat' dir='ltr'>Or</span> 
     </span>
     <span class='ocr_line' id='line_1_53' title="bbox 1199 1332 2258 1376; baseline 0.003 -9"><span class='ocrx_word' id='word_1_400' title='bbox 1199 1338 1323 1368; x_wconf 89' lang='lat' dir='ltr'>monte</span> <span class='ocrx_word' id='word_1_401' title='bbox 1341 1332 1377 1367; x_wconf 90' lang='lat' dir='ltr'>in</span> <span class='ocrx_word' id='word_1_402' title='bbox 1398 1332 1640 1368; x_wconf 87' lang='lat' dir='ltr'>Numerorum</span> <span class='ocrx_word' id='word_1_403' title='bbox 1658 1333 1766 1376; x_wconf 90' lang='lat' dir='ltr'>libro,</span> <span class='ocrx_word' id='word_1_404' title='bbox 1788 1332 2014 1369; x_wconf 85' lang='lat' dir='ltr'>describatur</span> <span class='ocrx_word' id='word_1_405' title='bbox 2034 1343 2113 1369; x_wconf 90' lang='lat' dir='ltr'>esse</span> <span class='ocrx_word' id='word_1_406' title='bbox 2132 1333 2258 1370; x_wconf 80' lang='lat' dir='ltr'>desun-</span> 
     </span>
     <span class='ocr_line' id='line_1_54' title="bbox 1201 1390 2259 1439; baseline 0.004 -13"><span class='ocrx_word' id='word_1_407' title='bbox 1201 1396 1280 1427; x_wconf 92' lang='lat' dir='ltr'>ctus</span> <span class='ocrx_word' id='word_1_408' title='bbox 1316 1390 1442 1439; x_wconf 85' lang='lat' dir='ltr'>(Num.</span> <span class='ocrx_word' id='word_1_409' title='bbox 1465 1392 1610 1439; x_wconf 78' lang='lat' dir='ltr'>xxxin).</span> <span class='ocrx_word' id='word_1_410' title='bbox 1647 1392 1717 1429; x_wconf 90' lang='lat' dir='ltr'>Sed</span> <span class='ocrx_word' id='word_1_411' title='bbox 1752 1392 1906 1428; x_wconf 77' lang='lat' dir='ltr'>forsitan</span> <span class='ocrx_word' id='word_1_412' title='bbox 1940 1393 2035 1429; x_wconf 91' lang='lat' dir='ltr'>idem</span> <span class='ocrx_word' id='word_1_413' title='bbox 2058 1393 2157 1430; x_wconf 90' lang='lat' dir='ltr'>locus</span> <span class='ocrx_word' id='word_1_414' title='bbox 2185 1394 2259 1430; x_wconf 91' lang='lat' dir='ltr'>duo</span> 
     </span>
     <span class='ocr_line' id='line_1_55' title="bbox 1200 1454 2262 1492; baseline 0.004 -4"><span class='ocrx_word' id='word_1_415' title='bbox 1200 1454 1348 1489; x_wconf 90' lang='lat' dir='ltr'>nomina</span> <span class='ocrx_word' id='word_1_416' title='bbox 1368 1454 1507 1489; x_wconf 86' lang='lat' dir='ltr'>habuit.</span> <span class='ocrx_word' id='word_1_417' title='bbox 1530 1454 1661 1490; x_wconf 89' lang='lat' dir='ltr'>Beroth</span> <span class='ocrx_word' id='word_1_418' title='bbox 1680 1455 1776 1490; x_wconf 88' lang='lat' dir='ltr'>enim</span> <span class='ocrx_word' id='word_1_419' title='bbox 1798 1455 1954 1491; x_wconf 85' lang='lat' dir='ltr'>filiorum</span> <span class='ocrx_word' id='word_1_420' title='bbox 1976 1454 2116 1492; x_wconf 85' lang='lat' dir='ltr'>Jachim</span> <span class='ocrx_word' id='word_1_421' title='bbox 2139 1456 2176 1491; x_wconf 93' lang='lat' dir='ltr'>in</span> <span class='ocrx_word' id='word_1_422' title='bbox 2197 1456 2262 1492; x_wconf 92' lang='lat' dir='ltr'>de-</span> 
     </span>
     <span class='ocr_line' id='line_1_56' title="bbox 1202 1515 2261 1562; baseline 0.003 -11"><span class='ocrx_word' id='word_1_423' title='bbox 1202 1521 1300 1551; x_wconf 89' lang='lat' dir='ltr'>serto</span> <span class='ocrx_word' id='word_1_424' title='bbox 1317 1520 1372 1551; x_wconf 91' lang='lat' dir='ltr'>est</span> <span class='ocrx_word' id='word_1_425' title='bbox 1397 1515 1510 1557; x_wconf 91' lang='lat' dir='ltr'>locus,</span> <span class='ocrx_word' id='word_1_426' title='bbox 1530 1516 1622 1551; x_wconf 90' lang='lat' dir='ltr'>sicut</span> <span class='ocrx_word' id='word_1_427' title='bbox 1642 1515 1761 1552; x_wconf 87' lang='lat' dir='ltr'>Musra</span> <span class='ocrx_word' id='word_1_428' title='bbox 1790 1527 1860 1562; x_wconf 88' lang='lat' dir='ltr'>quo</span> <span class='ocrx_word' id='word_1_429' title='bbox 1881 1517 1970 1553; x_wconf 89' lang='lat' dir='ltr'>obiit</span> <span class='ocrx_word' id='word_1_430' title='bbox 1994 1517 2129 1561; x_wconf 81' lang='lat' dir='ltr'>Aaron,</span> <span class='ocrx_word' id='word_1_431' title='bbox 2158 1524 2199 1554; x_wconf 94' lang='lat' dir='ltr'>ut</span> <span class='ocrx_word' id='word_1_432' title='bbox 2224 1518 2261 1553; x_wconf 91' lang='lat' dir='ltr'>in</span> 
     </span>
     <span class='ocr_line' id='line_1_57' title="bbox 1202 1576 2260 1622; baseline 0.003 -12"><span class='ocrx_word' id='word_1_433' title='bbox 1202 1576 1304 1612; x_wconf 87' lang='lat' dir='ltr'>libris</span> <span class='ocrx_word' id='word_1_434' title='bbox 1323 1576 1485 1612; x_wconf 90' lang='lat' dir='ltr'>locorum</span> <span class='ocrx_word' id='word_1_435' title='bbox 1506 1576 1671 1622; x_wconf 84' lang='lat' dir='ltr'>legimus,</span> <span class='ocrx_word' id='word_1_436' title='bbox 1702 1587 1818 1622; x_wconf 90' lang='lat' dir='ltr'>usque</span> <span class='ocrx_word' id='word_1_437' title='bbox 1837 1577 1944 1613; x_wconf 87' lang='lat' dir='ltr'>hodie</span> <span class='ocrx_word' id='word_1_438' title='bbox 1965 1578 2002 1612; x_wconf 91' lang='lat' dir='ltr'>iu</span> <span class='ocrx_word' id='word_1_439' title='bbox 2032 1578 2172 1613; x_wconf 92' lang='lat' dir='ltr'>decimo</span> <span class='ocrx_word' id='word_1_440' title='bbox 2205 1578 2260 1614; x_wconf 87' lang='lat' dir='ltr'>la-</span> 
     </span>
     <span class='ocr_line' id='line_1_58' title="bbox 1203 1637 2263 1683; baseline 0.002 -11"><span class='ocrx_word' id='word_1_441' title='bbox 1203 1637 1286 1683; x_wconf 88' lang='lat' dir='ltr'>pide</span> <span class='ocrx_word' id='word_1_442' title='bbox 1314 1638 1414 1673; x_wconf 85' lang='lat' dir='ltr'>urbis</span> <span class='ocrx_word' id='word_1_443' title='bbox 1435 1637 1552 1673; x_wconf 81' lang='lat' dir='ltr'>Petrae</span> <span class='ocrx_word' id='word_1_444' title='bbox 1584 1638 1620 1673; x_wconf 92' lang='lat' dir='ltr'>in</span> <span class='ocrx_word' id='word_1_445' title='bbox 1642 1639 1774 1674; x_wconf 89' lang='lat' dir='ltr'>montis</span> <span class='ocrx_word' id='word_1_446' title='bbox 1794 1639 1941 1674; x_wconf 88' lang='lat' dir='ltr'>vertice.</span> <span class='ocrx_word' id='word_1_447' title='bbox 1962 1637 2028 1673; x_wconf 90' lang='lat' dir='ltr'>Cui</span> <span class='ocrx_word' id='word_1_448' title='bbox 2061 1649 2133 1674; x_wconf 92' lang='lat' dir='ltr'>non</span> <span class='ocrx_word' id='word_1_449' title='bbox 2153 1639 2263 1674; x_wconf 88' lang='lat' dir='ltr'>dissi-</span> 
     </span>
     <span class='ocr_line' id='line_1_59' title="bbox 1205 1698 2265 1744; baseline -0.001 -10"><span class='ocrx_word' id='word_1_450' title='bbox 1205 1698 1303 1734; x_wconf 86' lang='lat' dir='ltr'>milia</span> <span class='ocrx_word' id='word_1_451' title='bbox 1323 1698 1432 1734; x_wconf 89' lang='lat' dir='ltr'>sentit</span> <span class='ocrx_word' id='word_1_452' title='bbox 1451 1698 1640 1744; x_wconf 88' lang='lat' dir='ltr'>Josephus,</span> <span class='ocrx_word' id='word_1_453' title='bbox 1662 1698 1697 1733; x_wconf 88' lang='lat' dir='ltr'>in</span> <span class='ocrx_word' id='word_1_454' title='bbox 1727 1698 1994 1744; x_wconf 87' lang='lat' dir='ltr'>Antiquitatum</span> <span class='ocrx_word' id='word_1_455' title='bbox 2024 1699 2117 1734; x_wconf 89' lang='lat' dir='ltr'>libro</span> <span class='ocrx_word' id='word_1_456' title='bbox 2134 1704 2265 1743; x_wconf 90' lang='lat' dir='ltr'>quarto</span> 
     </span>
     <span class='ocr_line' id='line_1_60' title="bbox 1203 1759 2264 1807; baseline -0.001 -11"><span class='ocrx_word' id='word_1_457' title='bbox 1203 1759 1252 1796; x_wconf 91' lang='lat' dir='ltr'>ita</span> <span class='ocrx_word' id='word_1_458' title='bbox 1271 1760 1433 1796; x_wconf 90' lang='lat' dir='ltr'>scribens</span> <span class='ocrx_word' id='word_1_459' title='bbox 1450 1761 1542 1806; x_wconf 83' lang='lat' dir='ltr'>(cap.</span> <span class='ocrx_word' id='word_1_460' title='bbox 1562 1759 1598 1806; x_wconf 86' lang='lat'>5)</span> <span class='ocrx_word' id='word_1_461' title='bbox 1619 1772 1625 1794; x_wconf 95' lang='lat'>:</span> <span class='ocrx_word' id='word_1_462' title='bbox 1644 1760 1766 1804; x_wconf 83' lang='lat' dir='ltr'>Duxit,</span> <span class='ocrx_word' id='word_1_463' title='bbox 1784 1760 1913 1806; x_wconf 89' lang='lat' dir='ltr'>inquit,</span> <span class='ocrx_word' id='word_1_464' title='bbox 1935 1760 2074 1807; x_wconf 86' lang='lat' dir='ltr'>Moyses</span> <span class='ocrx_word' id='word_1_465' title='bbox 2094 1760 2264 1805; x_wconf 86' lang='lat' dir='ltr'>populum</span> 
     </span>
     <span class='ocr_line' id='line_1_61' title="bbox 1203 1820 2264 1867; baseline -0.001 -11"><span class='ocrx_word' id='word_1_466' title='bbox 1203 1831 1269 1866; x_wconf 87' lang='lat' dir='ltr'>per</span> <span class='ocrx_word' id='word_1_467' title='bbox 1293 1821 1476 1856; x_wconf 89' lang='lat' dir='ltr'>desertum</span> <span class='ocrx_word' id='word_1_468' title='bbox 1495 1826 1531 1856; x_wconf 89' lang='lat' dir='ltr'>et</span> <span class='ocrx_word' id='word_1_469' title='bbox 1558 1831 1623 1867; x_wconf 91' lang='lat' dir='ltr'>per</span> <span class='ocrx_word' id='word_1_470' title='bbox 1654 1821 1840 1864; x_wconf 87' lang='lat' dir='ltr'>Arabiam,</span> <span class='ocrx_word' id='word_1_471' title='bbox 1873 1821 2043 1866; x_wconf 88' lang='lat' dir='ltr'>venitque</span> <span class='ocrx_word' id='word_1_472' title='bbox 2073 1821 2116 1856; x_wconf 89' lang='lat' dir='ltr'>ad</span> <span class='ocrx_word' id='word_1_473' title='bbox 2145 1820 2264 1857; x_wconf 88' lang='lat' dir='ltr'>locum</span> 
     </span>
     <span class='ocr_line' id='line_1_62' title="bbox 1206 1881 2266 1929; baseline 0.002 -13"><span class='ocrx_word' id='word_1_474' title='bbox 1206 1891 1314 1926; x_wconf 88' lang='lat' dir='ltr'>quem</span> <span class='ocrx_word' id='word_1_475' title='bbox 1333 1881 1471 1917; x_wconf 86' lang='lat' dir='ltr'>Arabes</span> <span class='ocrx_word' id='word_1_476' title='bbox 1501 1882 1728 1927; x_wconf 91' lang='lat' dir='ltr'>metropolim</span> <span class='ocrx_word' id='word_1_477' title='bbox 1747 1893 1849 1918; x_wconf 88' lang='lat' dir='ltr'>suam</span> <span class='ocrx_word' id='word_1_478' title='bbox 1878 1888 2020 1928; x_wconf 86' lang='lat' dir='ltr'>putant,</span> <span class='ocrx_word' id='word_1_479' title='bbox 2052 1884 2169 1929; x_wconf 91' lang='lat' dir='ltr'>primo</span> <span class='ocrx_word' id='word_1_480' title='bbox 2186 1883 2266 1928; x_wconf 91' lang='lat' dir='ltr'>qui-</span> 
     </span>
     <span class='ocr_line' id='line_1_63' title="bbox 1207 1942 2265 1990; baseline 0.003 -12"><span class='ocrx_word' id='word_1_481' title='bbox 1207 1943 1290 1978; x_wconf 84' lang='lat' dir='ltr'>dem</span> <span class='ocrx_word' id='word_1_482' title='bbox 1306 1942 1454 1978; x_wconf 88' lang='lat' dir='ltr'>Archim</span> <span class='ocrx_word' id='word_1_483' title='bbox 1473 1944 1713 1987; x_wconf 83' lang='lat' dir='ltr'>nominatum,</span> <span class='ocrx_word' id='word_1_484' title='bbox 1734 1955 1814 1990; x_wconf 73' lang='lat' dir='ltr'>quae</span> <span class='ocrx_word' id='word_1_485' title='bbox 1831 1955 1928 1980; x_wconf 85' lang='lat' dir='ltr'>nunc</span> <span class='ocrx_word' id='word_1_486' title='bbox 1946 1945 2053 1981; x_wconf 89' lang='lat' dir='ltr'>Petra</span> <span class='ocrx_word' id='word_1_487' title='bbox 2068 1945 2265 1982; x_wconf 82' lang='lat' dir='ltr'>vocitatur.</span> 
     </span>
     <span class='ocr_line' id='line_1_64' title="bbox 1211 2003 2268 2049; baseline 0.001 -11"><span class='ocrx_word' id='word_1_488' title='bbox 1211 2003 1278 2039; x_wconf 86' lang='lat' dir='ltr'>llic</span> <span class='ocrx_word' id='word_1_489' title='bbox 1309 2004 1430 2049; x_wconf 87' lang='lat' dir='ltr'>itaque</span> <span class='ocrx_word' id='word_1_490' title='bbox 1455 2014 1537 2039; x_wconf 89' lang='lat' dir='ltr'>cum</span> <span class='ocrx_word' id='word_1_491' title='bbox 1555 2010 1650 2040; x_wconf 87' lang='lat' dir='ltr'>esset</span> <span class='ocrx_word' id='word_1_492' title='bbox 1670 2004 1833 2040; x_wconf 88' lang='lat' dir='ltr'>excelsus</span> <span class='ocrx_word' id='word_1_493' title='bbox 1858 2015 1976 2047; x_wconf 91' lang='lat' dir='ltr'>mons,</span> <span class='ocrx_word' id='word_1_494' title='bbox 2003 2005 2202 2040; x_wconf 88' lang='lat' dir='ltr'>ascendens</span> <span class='ocrx_word' id='word_1_495' title='bbox 2230 2005 2268 2039; x_wconf 86' lang='lat' dir='ltr'>in</span> 
     </span>
    </p>
   </div>
   <div class='ocr_carea' id='block_1_12' title="bbox 0 2046 2270 2116">
    <p class='ocr_par' dir='ltr' id='par_1_13' title="bbox 0 2046 2270 2116">
     <span class='ocr_line' id='line_1_65' title="bbox 0 2046 2270 2116; baseline -0.001 -15"><span class='ocrx_word' id='word_1_496' title='bbox 0 2108 6 2116; x_wconf 38' lang='grc' dir='ltr'>Ι</span> <span class='ocrx_word' id='word_1_497' title='bbox 71 2064 184 2101; x_wconf 88' lang='lat' dir='ltr'>monii</span> <span class='ocrx_word' id='word_1_498' title='bbox 205 2063 360 2109; x_wconf 80' lang='lat' dir='ltr'>scriptas</span> <span class='ocrx_word' id='word_1_499' title='bbox 378 2062 490 2109; x_wconf 77' lang='lat' dir='ltr'>digito</span> <span class='ocrx_word' id='word_1_500' title='bbox 513 2063 591 2098; x_wconf 83' lang='lat' dir='ltr'>Dei·</span> <span class='ocrx_word' id='word_1_501' title='bbox 607 2075 619 2096; x_wconf 81' lang='lat'><strong>›</strong></span> <span class='ocrx_word' id='word_1_502' title='bbox 642 2062 711 2098; x_wconf 88' lang='lat' dir='ltr'>Ubi</span> <span class='ocrx_word' id='word_1_503' title='bbox 737 2071 822 2115; x_wconf 69' lang='lat' dir='ltr'>ergo</span> <span class='ocrx_word' id='word_1_504' title='bbox 841 2067 876 2097; x_wconf 78' lang='lat' dir='ltr'>et</span> <span class='ocrx_word' id='word_1_505' title='bbox 901 2060 1031 2096; x_wconf 69' lang='lat' dir='ltr'>tabulae</span> <span class='ocrx_word' id='word_1_506' title='bbox 1050 2068 1140 2106; x_wconf 77' lang='lat' dir='ltr'>OPUS</span> <span class='ocrx_word' id='word_1_507' title='bbox 1160 2046 1189 2087; x_wconf 82' lang='lat' dir='ltr'>C</span> <span class='ocrx_word' id='word_1_508' title='bbox 1213 2076 1294 2101; x_wconf 80' lang='lat' dir='ltr'>euni</span> <span class='ocrx_word' id='word_1_509' title='bbox 1314 2066 1449 2109; x_wconf 84' lang='lat' dir='ltr'>Aaron,</span> <span class='ocrx_word' id='word_1_510' title='bbox 1467 2066 1589 2112; x_wconf 89' lang='lat' dir='ltr'>Moyse</span> <span class='ocrx_word' id='word_1_511' title='bbox 1606 2065 1861 2101; x_wconf 79' lang='lat' dir='ltr'>manifestante</span> <span class='ocrx_word' id='word_1_512' title='bbox 1875 2065 1959 2110; x_wconf 90' lang='lat' dir='ltr'>quia</span> <span class='ocrx_word' id='word_1_513' title='bbox 1975 2065 2173 2100; x_wconf 90' lang='lat' dir='ltr'>moriturus</span> <span class='ocrx_word' id='word_1_514' title='bbox 2190 2070 2270 2100; x_wconf 90' lang='lat' dir='ltr'>erat</span> 
     </span>
    </p>
   </div>
   <div class='ocr_carea' id='block_1_13' title="bbox 71 2120 1156 3865">
    <p class='ocr_par' dir='ltr' id='par_1_14' title="bbox 71 2120 1156 3865">
     <span class='ocr_line' id='line_1_66' title="bbox 71 2120 1140 2169; baseline -0.004 -9"><span class='ocrx_word' id='word_1_515' title='bbox 71 2125 137 2162; x_wconf 90' lang='lat' dir='ltr'>Dei</span> <span class='ocrx_word' id='word_1_516' title='bbox 157 2129 279 2167; x_wconf 87' lang='lat' dir='ltr'>erant,</span> <span class='ocrx_word' id='word_1_517' title='bbox 305 2129 341 2159; x_wconf 90' lang='lat' dir='ltr'>et</span> <span class='ocrx_word' id='word_1_518' title='bbox 361 2123 542 2168; x_wconf 89' lang='lat' dir='ltr'>scriptura</span> <span class='ocrx_word' id='word_1_519' title='bbox 563 2133 688 2159; x_wconf 88' lang='lat' dir='ltr'>earum</span> <span class='ocrx_word' id='word_1_520' title='bbox 715 2123 828 2169; x_wconf 84' lang='lat' dir='ltr'>digito</span> <span class='ocrx_word' id='word_1_521' title='bbox 856 2122 920 2158; x_wconf 91' lang='lat' dir='ltr'>Dei</span> <span class='ocrx_word' id='word_1_522' title='bbox 940 2121 1050 2157; x_wconf 82' lang='lat' dir='ltr'>sacta.</span> <span class='ocrx_word' id='word_1_523' title='bbox 1074 2120 1140 2157; x_wconf 89' lang='lat' dir='ltr'>Se-</span> 
     </span>
     <span class='ocr_line' id='line_1_67' title="bbox 74 2182 1142 2230; baseline -0.006 -7"><span class='ocrx_word' id='word_1_524' title='bbox 74 2187 213 2223; x_wconf 90' lang='lat' dir='ltr'>cundas</span> <span class='ocrx_word' id='word_1_525' title='bbox 231 2185 371 2220; x_wconf 89' lang='lat' dir='ltr'>tabulas</span> <span class='ocrx_word' id='word_1_526' title='bbox 390 2185 466 2230; x_wconf 87' lang='lat' dir='ltr'>ipse</span> <span class='ocrx_word' id='word_1_527' title='bbox 486 2183 627 2229; x_wconf 86' lang='lat' dir='ltr'>Moyses</span> <span class='ocrx_word' id='word_1_528' title='bbox 645 2184 792 2230; x_wconf 88' lang='lat' dir='ltr'>jubetur</span> <span class='ocrx_word' id='word_1_529' title='bbox 808 2183 988 2225; x_wconf 86' lang='lat' dir='ltr'>excidere,</span> <span class='ocrx_word' id='word_1_530' title='bbox 1002 2188 1039 2217; x_wconf 89' lang='lat' dir='ltr'>ut</span> <span class='ocrx_word' id='word_1_531' title='bbox 1056 2182 1142 2228; x_wconf 83' lang='lat' dir='ltr'>ipsae</span> 
     </span>
     <span class='ocr_line' id='line_1_68' title="bbox 75 2242 1143 2290; baseline -0.003 -9"><span class='ocrx_word' id='word_1_532' title='bbox 75 2250 174 2281; x_wconf 87' lang='lat' dir='ltr'>certe</span> <span class='ocrx_word' id='word_1_533' title='bbox 200 2254 310 2290; x_wconf 90' lang='lat' dir='ltr'>opere</span> <span class='ocrx_word' id='word_1_534' title='bbox 341 2243 500 2278; x_wconf 87' lang='lat' dir='ltr'>humano</span> <span class='ocrx_word' id='word_1_535' title='bbox 527 2242 774 2289; x_wconf 86' lang='lat' dir='ltr'>intelligantur</span> <span class='ocrx_word' id='word_1_536' title='bbox 802 2242 946 2285; x_wconf 78' lang='lat' dir='ltr'>excisae,</span> <span class='ocrx_word' id='word_1_537' title='bbox 977 2242 1143 2287; x_wconf 89' lang='lat' dir='ltr'>quamvis</span> 
     </span>
     <span class='ocr_line' id='line_1_69' title="bbox 75 2301 1144 2348; baseline -0.003 -9"><span class='ocrx_word' id='word_1_538' title='bbox 75 2313 139 2340; x_wconf 89' lang='lat' dir='ltr'>eas</span> <span class='ocrx_word' id='word_1_539' title='bbox 160 2304 255 2338; x_wconf 89' lang='lat' dir='ltr'>Deus</span> <span class='ocrx_word' id='word_1_540' title='bbox 276 2303 353 2348; x_wconf 91' lang='lat' dir='ltr'>ipse</span> <span class='ocrx_word' id='word_1_541' title='bbox 374 2302 570 2347; x_wconf 88' lang='lat' dir='ltr'>scripserat</span> <span class='ocrx_word' id='word_1_542' title='bbox 588 2302 684 2337; x_wconf 91' lang='lat' dir='ltr'>sicut</span> <span class='ocrx_word' id='word_1_543' title='bbox 702 2301 871 2347; x_wconf 88' lang='lat' dir='ltr'>promisit</span> <span class='ocrx_word' id='word_1_544' title='bbox 892 2311 974 2337; x_wconf 91' lang='lat' dir='ltr'>cum</span> <span class='ocrx_word' id='word_1_545' title='bbox 997 2301 1144 2346; x_wconf 89' lang='lat' dir='ltr'>juberet</span> 
     </span>
     <span class='ocr_line' id='line_1_70' title="bbox 76 2361 1145 2409; baseline -0.003 -10"><span class='ocrx_word' id='word_1_546' title='bbox 76 2364 207 2400; x_wconf 89' lang='lat' dir='ltr'>excidi.</span> <span class='ocrx_word' id='word_1_547' title='bbox 225 2363 340 2399; x_wconf 84' lang='lat' dir='ltr'>Porro</span> <span class='ocrx_word' id='word_1_548' title='bbox 361 2368 496 2406; x_wconf 89' lang='lat' dir='ltr'>autem,</span> <span class='ocrx_word' id='word_1_549' title='bbox 518 2363 550 2398; x_wconf 91' lang='lat' dir='ltr'>si</span> <span class='ocrx_word' id='word_1_550' title='bbox 570 2362 778 2409; x_wconf 86' lang='lat' dir='ltr'>diligentius</span> <span class='ocrx_word' id='word_1_551' title='bbox 798 2363 1041 2405; x_wconf 87' lang='lat' dir='ltr'>attendamus,</span> <span class='ocrx_word' id='word_1_552' title='bbox 1063 2361 1145 2397; x_wconf 91' lang='lat' dir='ltr'>idco</span> 
     </span>
     <span class='ocr_line' id='line_1_71' title="bbox 77 2423 1146 2472; baseline -0.004 -11"><span class='ocrx_word' id='word_1_553' title='bbox 77 2431 273 2472; x_wconf 88' lang='lat' dir='ltr'>utrumque</span> <span class='ocrx_word' id='word_1_554' title='bbox 305 2425 440 2461; x_wconf 90' lang='lat' dir='ltr'>dictum</span> <span class='ocrx_word' id='word_1_555' title='bbox 470 2434 550 2460; x_wconf 89' lang='lat' dir='ltr'>esse</span> <span class='ocrx_word' id='word_1_556' title='bbox 571 2425 607 2459; x_wconf 91' lang='lat' dir='ltr'>in</span> <span class='ocrx_word' id='word_1_557' title='bbox 629 2423 798 2460; x_wconf 90' lang='lat' dir='ltr'>secundis</span> <span class='ocrx_word' id='word_1_558' title='bbox 828 2423 973 2467; x_wconf 89' lang='lat' dir='ltr'>tabulis,</span> <span class='ocrx_word' id='word_1_559' title='bbox 993 2423 1078 2469; x_wconf 89' lang='lat' dir='ltr'>quia</span> <span class='ocrx_word' id='word_1_560' title='bbox 1110 2427 1146 2458; x_wconf 89' lang='lat' dir='ltr'>et</span> 
     </span>
     <span class='ocr_line' id='line_1_72' title="bbox 79 2484 1142 2532; baseline -0.004 -10"><span class='ocrx_word' id='word_1_561' title='bbox 79 2486 175 2522; x_wconf 88' lang='lat' dir='ltr'>Deus</span> <span class='ocrx_word' id='word_1_562' title='bbox 194 2485 280 2522; x_wconf 85' lang='lat' dir='ltr'>facit</span> <span class='ocrx_word' id='word_1_563' title='bbox 298 2496 363 2532; x_wconf 90' lang='lat' dir='ltr'>per</span> <span class='ocrx_word' id='word_1_564' title='bbox 393 2486 548 2532; x_wconf 83' lang='lat' dir='ltr'>gratiam</span> <span class='ocrx_word' id='word_1_565' title='bbox 568 2495 671 2522; x_wconf 91' lang='lat' dir='ltr'>suam</span> <span class='ocrx_word' id='word_1_566' title='bbox 695 2495 786 2530; x_wconf 89' lang='lat' dir='ltr'>opus</span> <span class='ocrx_word' id='word_1_567' title='bbox 808 2485 898 2531; x_wconf 87' lang='lat' dir='ltr'>legis</span> <span class='ocrx_word' id='word_1_568' title='bbox 917 2485 954 2519; x_wconf 91' lang='lat' dir='ltr'>in</span> <span class='ocrx_word' id='word_1_569' title='bbox 973 2484 1142 2526; x_wconf 90' lang='lat' dir='ltr'>homine;</span> 
     </span>
     <span class='ocr_line' id='line_1_73' title="bbox 80 2544 1145 2594; baseline -0.006 -10"><span class='ocrx_word' id='word_1_570' title='bbox 80 2553 117 2584; x_wconf 87' lang='lat' dir='ltr'>et</span> <span class='ocrx_word' id='word_1_571' title='bbox 133 2549 241 2584; x_wconf 89' lang='lat' dir='ltr'>homo</span> <span class='ocrx_word' id='word_1_572' title='bbox 260 2558 326 2594; x_wconf 90' lang='lat' dir='ltr'>per</span> <span class='ocrx_word' id='word_1_573' title='bbox 344 2547 453 2582; x_wconf 81' lang='lat' dir='ltr'>fidem</span> <span class='ocrx_word' id='word_1_574' title='bbox 470 2547 672 2592; x_wconf 87' lang='lat' dir='ltr'>suscipiens</span> <span class='ocrx_word' id='word_1_575' title='bbox 689 2547 842 2592; x_wconf 87' lang='lat' dir='ltr'>gratiam</span> <span class='ocrx_word' id='word_1_576' title='bbox 864 2545 942 2587; x_wconf 91' lang='lat' dir='ltr'>Dei,</span> <span class='ocrx_word' id='word_1_577' title='bbox 962 2544 1145 2590; x_wconf 89' lang='lat' dir='ltr'>pertinens</span> 
     </span>
     <span class='ocr_line' id='line_1_74' title="bbox 81 2603 1144 2651; baseline -0.007 -6"><span class='ocrx_word' id='word_1_578' title='bbox 81 2609 126 2645; x_wconf 88' lang='lat' dir='ltr'>ad</span> <span class='ocrx_word' id='word_1_579' title='bbox 154 2612 415 2644; x_wconf 88' lang='lat' dir='ltr'>testamentum</span> <span class='ocrx_word' id='word_1_580' title='bbox 437 2616 587 2649; x_wconf 87' lang='lat' dir='ltr'>novum,</span> <span class='ocrx_word' id='word_1_581' title='bbox 609 2611 823 2651; x_wconf 87' lang='lat' dir='ltr'>cooperator</span> <span class='ocrx_word' id='word_1_582' title='bbox 852 2610 907 2640; x_wconf 86' lang='lat' dir='ltr'>cst</span> <span class='ocrx_word' id='word_1_583' title='bbox 941 2603 1144 2648; x_wconf 83' lang='lat' dir='ltr'>adJ’uvantis</span> 
     </span>
     <span class='ocr_line' id='line_1_75' title="bbox 82 2663 1147 2713; baseline -0.007 -7"><span class='ocrx_word' id='word_1_584' title='bbox 82 2670 160 2706; x_wconf 90' lang='lat' dir='ltr'>Dei.</span> <span class='ocrx_word' id='word_1_585' title='bbox 182 2669 265 2705; x_wconf 87' lang='lat' dir='ltr'>ldeo</span> <span class='ocrx_word' id='word_1_586' title='bbox 290 2672 412 2703; x_wconf 88' lang='lat' dir='ltr'>autem</span> <span class='ocrx_word' id='word_1_587' title='bbox 432 2666 469 2702; x_wconf 92' lang='lat' dir='ltr'>in</span> <span class='ocrx_word' id='word_1_588' title='bbox 488 2666 616 2713; x_wconf 89' lang='lat' dir='ltr'>primis</span> <span class='ocrx_word' id='word_1_589' title='bbox 644 2665 760 2702; x_wconf 92' lang='lat' dir='ltr'>solum</span> <span class='ocrx_word' id='word_1_590' title='bbox 786 2675 876 2710; x_wconf 92' lang='lat' dir='ltr'>opus</span> <span class='ocrx_word' id='word_1_591' title='bbox 896 2663 960 2700; x_wconf 90' lang='lat' dir='ltr'>Dei</span> <span class='ocrx_word' id='word_1_592' title='bbox 988 2673 1147 2700; x_wconf 92' lang='lat' dir='ltr'>comme-</span> 
     </span>
     <span class='ocr_line' id='line_1_76' title="bbox 83 2724 1146 2776; baseline -0.008 -8"><span class='ocrx_word' id='word_1_593' title='bbox 83 2736 260 2773; x_wconf 87' lang='lat' dir='ltr'>moratur,</span> <span class='ocrx_word' id='word_1_594' title='bbox 293 2730 380 2776; x_wconf 86' lang='lat' dir='ltr'>quia</span> <span class='ocrx_word' id='word_1_595' title='bbox 401 2728 563 2764; x_wconf 83' lang='lat' dir='ltr'>infideles</span> <span class='ocrx_word' id='word_1_596' title='bbox 591 2737 664 2764; x_wconf 91' lang='lat' dir='ltr'>non</span> <span class='ocrx_word' id='word_1_597' title='bbox 695 2730 936 2771; x_wconf 85' lang='lat' dir='ltr'>cooperantur</span> <span class='ocrx_word' id='word_1_598' title='bbox 969 2724 1146 2770; x_wconf 87' lang='lat' dir='ltr'>adjutorio</span> 
     </span>
     <span class='ocr_line' id='line_1_77' title="bbox 84 2787 1145 2840; baseline -0.008 -11"><span class='ocrx_word' id='word_1_599' title='bbox 84 2793 229 2840; x_wconf 80' lang='lat' dir='ltr'>gratiae;</span> <span class='ocrx_word' id='word_1_600' title='bbox 254 2791 318 2828; x_wconf 85' lang='lat' dir='ltr'>sed</span> <span class='ocrx_word' id='word_1_601' title='bbox 347 2791 559 2837; x_wconf 86' lang='lat' dir='ltr'>ignorantes</span> <span class='ocrx_word' id='word_1_602' title='bbox 579 2788 645 2825; x_wconf 88' lang='lat' dir='ltr'>Dei</span> <span class='ocrx_word' id='word_1_603' title='bbox 671 2787 872 2834; x_wconf 88' lang='lat' dir='ltr'>justitiam,</span> <span class='ocrx_word' id='word_1_604' title='bbox 892 2792 928 2822; x_wconf 92' lang='lat' dir='ltr'>et</span> <span class='ocrx_word' id='word_1_605' title='bbox 949 2796 1049 2822; x_wconf 87' lang='lat' dir='ltr'>suam</span> <span class='ocrx_word' id='word_1_606' title='bbox 1080 2796 1145 2821; x_wconf 89' lang='lat' dir='ltr'>vo-</span> 
     </span>
     <span class='ocr_line' id='line_1_78' title="bbox 83 2845 1143 2895; baseline -0.009 -5"><span class='ocrx_word' id='word_1_607' title='bbox 83 2853 200 2890; x_wconf 89' lang='lat' dir='ltr'>lentes</span> <span class='ocrx_word' id='word_1_608' title='bbox 231 2852 471 2894; x_wconf 90' lang='lat' dir='ltr'>constituere,</span> <span class='ocrx_word' id='word_1_609' title='bbox 493 2849 643 2895; x_wconf 76' lang='lat' dir='ltr'>iustitiae</span> <span class='ocrx_word' id='word_1_610' title='bbox 667 2847 732 2884; x_wconf 85' lang='lat' dir='ltr'>Dei</span> <span class='ocrx_word' id='word_1_611' title='bbox 762 2858 833 2883; x_wconf 89' lang='lat' dir='ltr'>non</span> <span class='ocrx_word' id='word_1_612' title='bbox 863 2851 946 2882; x_wconf 86' lang='lat' dir='ltr'>sunt</span> <span class='ocrx_word' id='word_1_613' title='bbox 978 2845 1143 2890; x_wconf 77' lang='lat' dir='ltr'>subJecti.</span> 
     </span>
     <span class='ocr_line' id='line_1_79' title="bbox 87 2906 1147 2953; baseline -0.009 -2"><span class='ocrx_word' id='word_1_614' title='bbox 87 2914 192 2951; x_wconf 89' lang='lat' dir='ltr'>Unde</span> <span class='ocrx_word' id='word_1_615' title='bbox 213 2914 284 2950; x_wconf 92' lang='lat' dir='ltr'>illis</span> <span class='ocrx_word' id='word_1_616' title='bbox 315 2914 374 2950; x_wconf 88' lang='lat' dir='ltr'>lex</span> <span class='ocrx_word' id='word_1_617' title='bbox 401 2913 447 2948; x_wconf 91' lang='lat' dir='ltr'>ad</span> <span class='ocrx_word' id='word_1_618' title='bbox 467 2910 808 2948; x_wconf 88' lang='lat' dir='ltr'>condemnationem</span> <span class='ocrx_word' id='word_1_619' title='bbox 828 2908 924 2944; x_wconf 85' lang='lat' dir='ltr'>valet</span> <span class='ocrx_word' id='word_1_620' title='bbox 950 2920 958 2942; x_wconf 91' lang='lat'>:</span> <span class='ocrx_word' id='word_1_621' title='bbox 981 2907 1077 2953; x_wconf 91' lang='lat' dir='ltr'>quod</span> <span class='ocrx_word' id='word_1_622' title='bbox 1100 2906 1147 2942; x_wconf 89' lang='lat' dir='ltr'>si-</span> 
     </span>
     <span class='ocr_line' id='line_1_80' title="bbox 87 2968 1148 3023; baseline -0.008 -12"><span class='ocrx_word' id='word_1_623' title='bbox 87 2974 235 3023; x_wconf 81' lang='lat' dir='ltr'>gnificat</span> <span class='ocrx_word' id='word_1_624' title='bbox 265 2973 436 3011; x_wconf 88' lang='lat' dir='ltr'>contritio</span> <span class='ocrx_word' id='word_1_625' title='bbox 459 2971 674 3007; x_wconf 87' lang='lat' dir='ltr'>tabularum.</span> <span class='ocrx_word' id='word_1_626' title='bbox 697 2969 864 3006; x_wconf 81' lang='lat' dir='ltr'>Profecto</span> <span class='ocrx_word' id='word_1_627' title='bbox 884 2980 956 3005; x_wconf 93' lang='lat' dir='ltr'>non</span> <span class='ocrx_word' id='word_1_628' title='bbox 985 2968 1148 3014; x_wconf 84' lang='lat' dir='ltr'>cogimur</span> 
     </span>
     <span class='ocr_line' id='line_1_81' title="bbox 89 3029 1147 3077; baseline -0.007 -5"><span class='ocrx_word' id='word_1_629' title='bbox 89 3036 248 3073; x_wconf 88' lang='lat' dir='ltr'>violento</span> <span class='ocrx_word' id='word_1_630' title='bbox 272 3034 458 3071; x_wconf 87' lang='lat' dir='ltr'>intellectu</span> <span class='ocrx_word' id='word_1_631' title='bbox 488 3032 696 3075; x_wconf 88' lang='lat' dir='ltr'>subaudire,</span> <span class='ocrx_word' id='word_1_632' title='bbox 718 3032 813 3077; x_wconf 89' lang='lat' dir='ltr'>quod</span> <span class='ocrx_word' id='word_1_633' title='bbox 831 3031 927 3067; x_wconf 91' lang='lat' dir='ltr'>Deus</span> <span class='ocrx_word' id='word_1_634' title='bbox 946 3029 1147 3076; x_wconf 89' lang='lat' dir='ltr'>scripserit,</span> 
     </span>
     <span class='ocr_line' id='line_1_82' title="bbox 88 3089 1147 3141; baseline -0.008 -9"><span class='ocrx_word' id='word_1_635' title='bbox 88 3095 150 3132; x_wconf 89' lang='lat' dir='ltr'>ubi</span> <span class='ocrx_word' id='word_1_636' title='bbox 181 3094 372 3141; x_wconf 87' lang='lat' dir='ltr'>Scriptura</span> <span class='ocrx_word' id='word_1_637' title='bbox 391 3093 503 3129; x_wconf 87' lang='lat' dir='ltr'>dicit:</span> <span class='ocrx_word' id='word_1_638' title='bbox 532 3105 543 3126; x_wconf 89' lang='lat'><strong>‹</strong></span> <span class='ocrx_word' id='word_1_639' title='bbox 562 3091 607 3127; x_wconf 91' lang='lat' dir='ltr'>Et</span> <span class='ocrx_word' id='word_1_640' title='bbox 636 3096 716 3127; x_wconf 91' lang='lat' dir='ltr'>erat</span> <span class='ocrx_word' id='word_1_641' title='bbox 744 3091 794 3127; x_wconf 92' lang='lat' dir='ltr'>ibi</span> <span class='ocrx_word' id='word_1_642' title='bbox 828 3090 969 3135; x_wconf 90' lang='lat' dir='ltr'>Moyses</span> <span class='ocrx_word' id='word_1_643' title='bbox 997 3089 1034 3124; x_wconf 87' lang='lat' dir='ltr'>in</span> <span class='ocrx_word' id='word_1_644' title='bbox 1060 3099 1147 3125; x_wconf 89' lang='lat' dir='ltr'>con-</span> 
     </span>
     <span class='ocr_line' id='line_1_83' title="bbox 89 3149 1151 3202; baseline -0.008 -10"><span class='ocrx_word' id='word_1_645' title='bbox 89 3159 215 3202; x_wconf 87' lang='lat' dir='ltr'>spectu</span> <span class='ocrx_word' id='word_1_646' title='bbox 250 3152 393 3189; x_wconf 88' lang='lat' dir='ltr'>Domini</span> <span class='ocrx_word' id='word_1_647' title='bbox 422 3151 663 3199; x_wconf 86' lang='lat' dir='ltr'>quadraginta</span> <span class='ocrx_word' id='word_1_648' title='bbox 694 3151 822 3187; x_wconf 86' lang='lat' dir='ltr'>diebus</span> <span class='ocrx_word' id='word_1_649' title='bbox 846 3155 883 3186; x_wconf 90' lang='lat' dir='ltr'>et</span> <span class='ocrx_word' id='word_1_650' title='bbox 907 3149 1151 3196; x_wconf 86' lang='lat' dir='ltr'>quadraginta</span> 
     </span>
     <span class='ocr_line' id='line_1_84' title="bbox 75 3209 1152 3258; baseline -0.006 -5"><span class='ocrx_word' id='word_1_651' title='bbox 75 3209 270 3253; x_wconf 74' lang='lat' dir='ltr'>noctibus.</span> <span class='ocrx_word' id='word_1_652' title='bbox 286 3214 423 3250; x_wconf 90' lang='lat' dir='ltr'>Panem</span> <span class='ocrx_word' id='word_1_653' title='bbox 443 3224 515 3250; x_wconf 92' lang='lat' dir='ltr'>non</span> <span class='ocrx_word' id='word_1_654' title='bbox 539 3213 786 3257; x_wconf 89' lang='lat' dir='ltr'>manducavit,</span> <span class='ocrx_word' id='word_1_655' title='bbox 805 3218 842 3249; x_wconf 91' lang='lat' dir='ltr'>et</span> <span class='ocrx_word' id='word_1_656' title='bbox 858 3222 990 3258; x_wconf 91' lang='lat' dir='ltr'>aquam</span> <span class='ocrx_word' id='word_1_657' title='bbox 1008 3223 1080 3248; x_wconf 91' lang='lat' dir='ltr'>non</span> <span class='ocrx_word' id='word_1_658' title='bbox 1097 3212 1152 3248; x_wconf 91' lang='lat' dir='ltr'>bi-</span> 
     </span>
     <span class='ocr_line' id='line_1_85' title="bbox 80 3276 1153 3323; baseline -0.001 -9"><span class='ocrx_word' id='word_1_659' title='bbox 80 3276 159 3323; x_wconf 80' lang='lat' dir='ltr'>bit.</span> <span class='ocrx_word' id='word_1_660' title='bbox 190 3277 236 3313; x_wconf 83' lang='lat' dir='ltr'>Et</span> <span class='ocrx_word' id='word_1_661' title='bbox 267 3277 415 3323; x_wconf 84' lang='lat' dir='ltr'>scripsit</span> <span class='ocrx_word' id='word_1_662' title='bbox 449 3277 487 3312; x_wconf 87' lang='lat' dir='ltr'>in</span> <span class='ocrx_word' id='word_1_663' title='bbox 514 3276 645 3313; x_wconf 88' lang='lat' dir='ltr'>tabulis</span> <span class='ocrx_word' id='word_1_664' title='bbox 677 3277 789 3313; x_wconf 89' lang='lat' dir='ltr'>verba</span> <span class='ocrx_word' id='word_1_665' title='bbox 822 3276 1081 3321; x_wconf 84' lang='lat' dir='ltr'>testamenti,›</span> <span class='ocrx_word' id='word_1_666' title='bbox 1104 3277 1153 3313; x_wconf 91' lang='lat' dir='ltr'>ibi</span> 
     </span>
     <span class='ocr_line' id='line_1_86' title="bbox 94 3336 1153 3386; baseline 0 -12"><span class='ocrx_word' id='word_1_667' title='bbox 94 3337 197 3374; x_wconf 82' lang='lat' dir='ltr'>valde</span> <span class='ocrx_word' id='word_1_668' title='bbox 230 3343 335 3374; x_wconf 90' lang='lat' dir='ltr'>sonat</span> <span class='ocrx_word' id='word_1_669' title='bbox 364 3338 555 3384; x_wconf 90' lang='lat' dir='ltr'>scripsisse</span> <span class='ocrx_word' id='word_1_670' title='bbox 589 3336 751 3385; x_wconf 90' lang='lat' dir='ltr'>Moysen.</span> <span class='ocrx_word' id='word_1_671' title='bbox 784 3338 857 3374; x_wconf 90' lang='lat' dir='ltr'>Sed</span> <span class='ocrx_word' id='word_1_672' title='bbox 883 3339 965 3375; x_wconf 90' lang='lat' dir='ltr'>ideo</span> <span class='ocrx_word' id='word_1_673' title='bbox 988 3339 1153 3386; x_wconf 87' lang='lat' dir='ltr'>superius</span> 
     </span>
     <span class='ocr_line' id='line_1_87' title="bbox 95 3397 1152 3446; baseline 0.001 -12"><span class='ocrx_word' id='word_1_674' title='bbox 95 3397 192 3435; x_wconf 88' lang='lat' dir='ltr'>Deus</span> <span class='ocrx_word' id='word_1_675' title='bbox 221 3408 261 3436; x_wconf 88' lang='lat' dir='ltr'>se</span> <span class='ocrx_word' id='word_1_676' title='bbox 279 3398 447 3444; x_wconf 89' lang='lat' dir='ltr'>promisit</span> <span class='ocrx_word' id='word_1_677' title='bbox 477 3399 714 3446; x_wconf 89' lang='lat' dir='ltr'>scripturum,</span> <span class='ocrx_word' id='word_1_678' title='bbox 743 3404 781 3436; x_wconf 91' lang='lat' dir='ltr'>et</span> <span class='ocrx_word' id='word_1_679' title='bbox 811 3400 847 3435; x_wconf 92' lang='lat' dir='ltr'>in</span> <span class='ocrx_word' id='word_1_680' title='bbox 872 3399 1152 3436; x_wconf 86' lang='lat' dir='ltr'>Deuteronomio</span> 
     </span>
     <span class='ocr_line' id='line_1_88' title="bbox 96 3459 1154 3507; baseline -0.001 -11"><span class='ocrx_word' id='word_1_681' title='bbox 96 3467 170 3496; x_wconf 84' lang='lat' dir='ltr'>nou</span> <span class='ocrx_word' id='word_1_682' title='bbox 183 3459 301 3496; x_wconf 83' lang='lat' dir='ltr'>solum</span> <span class='ocrx_word' id='word_1_683' title='bbox 317 3461 367 3496; x_wconf 90' lang='lat' dir='ltr'>ita</span> <span class='ocrx_word' id='word_1_684' title='bbox 377 3460 602 3507; x_wconf 90' lang='lat' dir='ltr'>promisisse,</span> <span class='ocrx_word' id='word_1_685' title='bbox 613 3471 740 3497; x_wconf 88' lang='lat' dir='ltr'>verum</span> <span class='ocrx_word' id='word_1_686' title='bbox 749 3460 860 3496; x_wconf 88' lang='lat' dir='ltr'>etiam</span> <span class='ocrx_word' id='word_1_687' title='bbox 878 3460 955 3506; x_wconf 92' lang='lat' dir='ltr'>ipse</span> <span class='ocrx_word' id='word_1_688' title='bbox 964 3460 1154 3505; x_wconf 90' lang='lat' dir='ltr'>scripsisse</span> 
     </span>
     <span class='ocr_line' id='line_1_89' title="bbox 95 3519 1154 3568; baseline -0.003 -10"><span class='ocrx_word' id='word_1_689' title='bbox 95 3525 281 3566; x_wconf 74' lang='lat' dir='ltr'>narratur,</span> <span class='ocrx_word' id='word_1_690' title='bbox 297 3526 339 3558; x_wconf 93' lang='lat' dir='ltr'>ut</span> <span class='ocrx_word' id='word_1_691' title='bbox 354 3520 590 3567; x_wconf 75' lang='lat' dir='ltr'>significetur,</span> <span class='ocrx_word' id='word_1_692' title='bbox 605 3522 768 3568; x_wconf 84' lang='lat' dir='ltr'>quod-ait</span> <span class='ocrx_word' id='word_1_693' title='bbox 786 3520 980 3567; x_wconf 86' lang='lat' dir='ltr'>Apostolus</span> <span class='ocrx_word' id='word_1_694' title='bbox 997 3531 1006 3555; x_wconf 72' lang='grc' dir='ltr'><strong>ε</strong></span> <span class='ocrx_word' id='word_1_695' title='bbox 1027 3532 1039 3552; x_wconf 85' lang='lat'>‹</span> <span class='ocrx_word' id='word_1_696' title='bbox 1059 3519 1154 3556; x_wconf 92' lang='lat' dir='ltr'>Deus</span> 
     </span>
     <span class='ocr_line' id='line_1_90' title="bbox 97 3580 1154 3629; baseline -0.003 -11"><span class='ocrx_word' id='word_1_697' title='bbox 97 3584 156 3618; x_wconf 74' lang='lat' dir='ltr'>eet</span> <span class='ocrx_word' id='word_1_698' title='bbox 170 3580 267 3619; x_wconf 82' lang='lat' dir='ltr'>enim</span> <span class='ocrx_word' id='word_1_699' title='bbox 284 3581 347 3629; x_wconf 86' lang='lat' dir='ltr'>qui</span> <span class='ocrx_word' id='word_1_700' title='bbox 365 3586 536 3628; x_wconf 85' lang='lat' dir='ltr'>operatus</span> <span class='ocrx_word' id='word_1_701' title='bbox 567 3587 624 3619; x_wconf 86' lang='lat' dir='ltr'>est</span> <span class='ocrx_word' id='word_1_702' title='bbox 653 3583 691 3619; x_wconf 90' lang='lat' dir='ltr'>in</span> <span class='ocrx_word' id='word_1_703' title='bbox 710 3582 816 3620; x_wconf 91' lang='lat' dir='ltr'>nohis</span> <span class='ocrx_word' id='word_1_704' title='bbox 834 3587 870 3619; x_wconf 91' lang='lat' dir='ltr'>et</span> <span class='ocrx_word' id='word_1_705' title='bbox 890 3581 982 3619; x_wconf 82' lang='lat' dir='ltr'>velle</span> <span class='ocrx_word' id='word_1_706' title='bbox 1007 3585 1044 3616; x_wconf 88' lang='lat' dir='ltr'>et</span> <span class='ocrx_word' id='word_1_707' title='bbox 1070 3589 1154 3626; x_wconf 89' lang='lat' dir='ltr'>ope-</span> 
     </span>
     <span class='ocr_line' id='line_1_91' title="bbox 99 3638 1155 3691; baseline -0.004 -12"><span class='ocrx_word' id='word_1_708' title='bbox 99 3638 175 3679; x_wconf 77' lang='lat' dir='ltr'>rari</span> <span class='ocrx_word' id='word_1_709' title='bbox 194 3647 263 3687; x_wconf 79' lang='lat' dir='ltr'>pro</span> <span class='ocrx_word' id='word_1_710' title='bbox 277 3642 374 3679; x_wconf 86' lang='lat' dir='ltr'>bona</span> <span class='ocrx_word' id='word_1_711' title='bbox 391 3643 579 3680; x_wconf 85' lang='lat' dir='ltr'>voluntate</span> <span class='ocrx_word' id='word_1_712' title='bbox 591 3656 603 3678; x_wconf 75' lang='grc' dir='ltr'><strong><em>ι</em></strong></span> <span class='ocrx_word' id='word_1_713' title='bbox 629 3641 749 3691; x_wconf 78' lang='lat' dir='ltr'>(Phil.</span> <span class='ocrx_word' id='word_1_714' title='bbox 766 3643 830 3691; x_wconf 88' lang='lat'>11),</span> <span class='ocrx_word' id='word_1_715' title='bbox 851 3643 919 3680; x_wconf 88' lang='lat' dir='ltr'>hoc</span> <span class='ocrx_word' id='word_1_716' title='bbox 942 3646 1018 3686; x_wconf 87' lang='lat' dir='ltr'>est,</span> <span class='ocrx_word' id='word_1_717' title='bbox 1045 3640 1082 3677; x_wconf 89' lang='lat' dir='ltr'>in</span> <span class='ocrx_word' id='word_1_718' title='bbox 1102 3639 1155 3676; x_wconf 92' lang='lat' dir='ltr'>eis</span> 
     </span>
     <span class='ocr_line' id='line_1_92' title="bbox 97 3699 1155 3754; baseline 0.001 -19"><span class='ocrx_word' id='word_1_719' title='bbox 97 3700 165 3754; x_wconf 16' lang='lat' dir='ltr'>*qui</span> <span class='ocrx_word' id='word_1_720' title='bbox 194 3707 240 3735; x_wconf 83' lang='lat' dir='ltr'>ex</span> <span class='ocrx_word' id='word_1_721' title='bbox 269 3699 340 3738; x_wconf 81' lang='lat' dir='ltr'>fide</span> <span class='ocrx_word' id='word_1_722' title='bbox 363 3702 519 3748; x_wconf 79' lang='lat' dir='ltr'>gratiam</span> <span class='ocrx_word' id='word_1_723' title='bbox 539 3704 754 3751; x_wconf 89' lang='lat' dir='ltr'>suscipiunt,</span> <span class='ocrx_word' id='word_1_724' title='bbox 773 3709 812 3740; x_wconf 91' lang='lat' dir='ltr'>et</span> <span class='ocrx_word' id='word_1_725' title='bbox 830 3714 902 3740; x_wconf 92' lang='lat' dir='ltr'>non</span> <span class='ocrx_word' id='word_1_726' title='bbox 925 3712 1028 3740; x_wconf 88' lang='lat' dir='ltr'>suam</span> <span class='ocrx_word' id='word_1_727' title='bbox 1044 3699 1155 3748; x_wconf 85' lang='lat' dir='ltr'>iusti-</span> 
     </span>
     <span class='ocr_line' id='line_1_93' title="bbox 96 3759 1156 3811; baseline 0.001 -13.991"><span class='ocrx_word' id='word_1_728' title='bbox 96 3761 192 3805; x_wconf 76' lang='lat' dir='ltr'>tiam</span> <span class='ocrx_word' id='word_1_729' title='bbox 208 3759 335 3810; x_wconf 74' lang='lat' dir='ltr'>volunt</span> <span class='ocrx_word' id='word_1_730' title='bbox 346 3769 547 3808; x_wconf 74' lang='lat' dir='ltr'>exstruere,</span> <span class='ocrx_word' id='word_1_731' title='bbox 562 3765 626 3802; x_wconf 83' lang='lat' dir='ltr'>sed</span> <span class='ocrx_word' id='word_1_732' title='bbox 638 3763 790 3809; x_wconf 77' lang='lat' dir='ltr'>justitiae</span> <span class='ocrx_word' id='word_1_733' title='bbox 806 3765 871 3803; x_wconf 84' lang='lat' dir='ltr'>Dei</span> <span class='ocrx_word' id='word_1_734' title='bbox 889 3763 1041 3811; x_wconf 81' lang='lat' dir='ltr'>subjecti</span> <span class='ocrx_word' id='word_1_735' title='bbox 1060 3771 1156 3806; x_wconf 86' lang='lat' dir='ltr'>esse,</span> 
     </span>
     <span class='ocr_line' id='line_1_94' title="bbox 317 3818 682 3865; baseline 0.011 -5"><span class='ocrx_word' id='word_1_736' title='bbox 317 3818 505 3863; x_wconf 57' lang='lat' dir='ltr'>Parnon..</span> <span class='ocrx_word' id='word_1_737' title='bbox 534 3821 682 3865; x_wconf 84' lang='lat' dir='ltr'>cvm.</span> 
     </span>
    </p>
   </div>
   <div class='ocr_carea' id='block_1_14' title="bbox 1210 2126 2275 3019">
    <p class='ocr_par' dir='ltr' id='par_1_15' title="bbox 1210 2126 2275 3019">
     <span class='ocr_line' id='line_1_95' title="bbox 1210 2126 2268 2175; baseline -0.004 -10"><span class='ocrx_word' id='word_1_738' title='bbox 1210 2129 1357 2165; x_wconf 86' lang='lat' dir='ltr'>vidente</span> <span class='ocrx_word' id='word_1_739' title='bbox 1376 2134 1508 2165; x_wconf 91' lang='lat' dir='ltr'>cuncto</span> <span class='ocrx_word' id='word_1_740' title='bbox 1535 2129 1699 2164; x_wconf 86' lang='lat' dir='ltr'>exercitu</span> <span class='ocrx_word' id='word_1_741' title='bbox 1727 2127 1818 2175; x_wconf 90' lang='lat' dir='ltr'>(erat</span> <span class='ocrx_word' id='word_1_742' title='bbox 1835 2127 1931 2163; x_wconf 91' lang='lat' dir='ltr'>enim</span> <span class='ocrx_word' id='word_1_743' title='bbox 1950 2137 1970 2162; x_wconf 91' lang='lat' dir='ltr'>e</span> <span class='ocrx_word' id='word_1_744' title='bbox 1990 2127 2133 2163; x_wconf 89' lang='lat' dir='ltr'>diverso</span> <span class='ocrx_word' id='word_1_745' title='bbox 2153 2126 2268 2168; x_wconf 91' lang='lat' dir='ltr'>locus,</span> 
     </span>
     <span class='ocr_line' id='line_1_96' title="bbox 1211 2187 2271 2236; baseline -0.003 -11"><span class='ocrx_word' id='word_1_746' title='bbox 1211 2190 1273 2226; x_wconf 88' lang='lat' dir='ltr'>ubi</span> <span class='ocrx_word' id='word_1_747' title='bbox 1308 2194 1385 2225; x_wconf 86' lang='lat' dir='ltr'>crat</span> <span class='ocrx_word' id='word_1_748' title='bbox 1418 2189 1571 2235; x_wconf 89' lang='lat' dir='ltr'>populus</span> <span class='ocrx_word' id='word_1_749' title='bbox 1610 2188 1867 2236; x_wconf 88' lang='lat' dir='ltr'>constitutus),</span> <span class='ocrx_word' id='word_1_750' title='bbox 1906 2194 2035 2224; x_wconf 87' lang='lat' dir='ltr'>exutus</span> <span class='ocrx_word' id='word_1_751' title='bbox 2071 2187 2271 2233; x_wconf 86' lang='lat' dir='ltr'>pontificali</span> 
     </span>
     <span class='ocr_line' id='line_1_97' title="bbox 1214 2251 2271 2296; baseline -0.003 -8"><span class='ocrx_word' id='word_1_752' title='bbox 1214 2252 1320 2295; x_wconf 89' lang='lat' dir='ltr'>stola,</span> <span class='ocrx_word' id='word_1_753' title='bbox 1340 2252 1487 2288; x_wconf 89' lang='lat' dir='ltr'>tradens</span> <span class='ocrx_word' id='word_1_754' title='bbox 1510 2263 1590 2288; x_wconf 90' lang='lat' dir='ltr'>eam</span> <span class='ocrx_word' id='word_1_755' title='bbox 1608 2252 1783 2288; x_wconf 87' lang='lat' dir='ltr'>Eleazaro</span> <span class='ocrx_word' id='word_1_756' title='bbox 1803 2251 1890 2294; x_wconf 86' lang='lat' dir='ltr'>filio,</span> <span class='ocrx_word' id='word_1_757' title='bbox 1920 2252 1963 2286; x_wconf 83' lang='lat' dir='ltr'>ad</span> <span class='ocrx_word' id='word_1_758' title='bbox 1985 2261 2093 2296; x_wconf 86' lang='lat' dir='ltr'>quam</span> <span class='ocrx_word' id='word_1_759' title='bbox 2123 2257 2271 2295; x_wconf 90' lang='lat' dir='ltr'>propter</span> 
     </span>
     <span class='ocr_line' id='line_1_98' title="bbox 1214 2310 2270 2357; baseline -0.003 -10"><span class='ocrx_word' id='word_1_760' title='bbox 1214 2317 1357 2347; x_wconf 81' lang='lat' dir='ltr'>aetatem</span> <span class='ocrx_word' id='word_1_761' title='bbox 1383 2312 1617 2357; x_wconf 86' lang='lat' dir='ltr'>pontificatus</span> <span class='ocrx_word' id='word_1_762' title='bbox 1652 2312 1821 2354; x_wconf 88' lang='lat' dir='ltr'>advenit,</span> <span class='ocrx_word' id='word_1_763' title='bbox 1848 2316 2013 2346; x_wconf 88' lang='lat' dir='ltr'>mortuus</span> <span class='ocrx_word' id='word_1_764' title='bbox 2048 2315 2103 2345; x_wconf 89' lang='lat' dir='ltr'>cst</span> <span class='ocrx_word' id='word_1_765' title='bbox 2137 2310 2270 2355; x_wconf 91' lang='lat' dir='ltr'>populo</span> 
     </span>
     <span class='ocr_line' id='line_1_99' title="bbox 1214 2369 2271 2416; baseline -0.003 -10"><span class='ocrx_word' id='word_1_766' title='bbox 1214 2382 1296 2408; x_wconf 89' lang='lat' dir='ltr'>eum</span> <span class='ocrx_word' id='word_1_767' title='bbox 1314 2371 1472 2414; x_wconf 87' lang='lat' dir='ltr'>vidente,</span> <span class='ocrx_word' id='word_1_768' title='bbox 1492 2371 1570 2416; x_wconf 89' lang='lat' dir='ltr'>ipso</span> <span class='ocrx_word' id='word_1_769' title='bbox 1588 2371 1733 2415; x_wconf 86' lang='lat' dir='ltr'>quidem</span> <span class='ocrx_word' id='word_1_770' title='bbox 1755 2380 1849 2405; x_wconf 88' lang='lat' dir='ltr'>anno</span> <span class='ocrx_word' id='word_1_771' title='bbox 1869 2380 1939 2414; x_wconf 91' lang='lat' dir='ltr'>quo</span> <span class='ocrx_word' id='word_1_772' title='bbox 1961 2379 2063 2404; x_wconf 88' lang='lat' dir='ltr'>soror</span> <span class='ocrx_word' id='word_1_773' title='bbox 2080 2369 2271 2404; x_wconf 85' lang='lat' dir='ltr'>videbatur</span> 
     </span>
     <span class='ocr_line' id='line_1_100' title="bbox 1216 2428 2271 2474; baseline -0.006 -7"><span class='ocrx_word' id='word_1_774' title='bbox 1216 2442 1292 2468; x_wconf 89' lang='lat' dir='ltr'>esse</span> <span class='ocrx_word' id='word_1_775' title='bbox 1320 2431 1501 2471; x_wconf 77' lang='lat' dir='ltr'>defuncta,</span> <span class='ocrx_word' id='word_1_776' title='bbox 1531 2428 1614 2466; x_wconf 83' lang='lat' dir='ltr'>cuni</span> <span class='ocrx_word' id='word_1_777' title='bbox 1637 2430 1789 2465; x_wconf 86' lang='lat' dir='ltr'>vixisset</span> <span class='ocrx_word' id='word_1_778' title='bbox 1817 2429 1920 2464; x_wconf 88' lang='lat' dir='ltr'>annis</span> <span class='ocrx_word' id='word_1_779' title='bbox 1941 2428 2056 2463; x_wconf 89' lang='lat' dir='ltr'>tribus</span> <span class='ocrx_word' id='word_1_780' title='bbox 2077 2432 2112 2462; x_wconf 92' lang='lat' dir='ltr'>et</span> <span class='ocrx_word' id='word_1_781' title='bbox 2142 2428 2271 2474; x_wconf 87' lang='lat' dir='ltr'>viginti</span> 
     </span>
     <span class='ocr_line' id='line_1_101' title="bbox 1216 2488 2267 2534; baseline -0.006 -6"><span class='ocrx_word' id='word_1_782' title='bbox 1216 2499 1251 2528; x_wconf 88' lang='lat' dir='ltr'>et</span> <span class='ocrx_word' id='word_1_783' title='bbox 1277 2497 1435 2534; x_wconf 88' lang='lat' dir='ltr'>centum,</span> <span class='ocrx_word' id='word_1_784' title='bbox 1453 2496 1522 2527; x_wconf 89' lang='lat' dir='ltr'>etc.</span> <span class='ocrx_word' id='word_1_785' title='bbox 1548 2490 1745 2526; x_wconf 83' lang='lat' dir='ltr'>Defunctus</span> <span class='ocrx_word' id='word_1_786' title='bbox 1767 2496 1821 2525; x_wconf 91' lang='lat' dir='ltr'>est</span> <span class='ocrx_word' id='word_1_787' title='bbox 1842 2494 1964 2524; x_wconf 90' lang='lat' dir='ltr'>autem</span> <span class='ocrx_word' id='word_1_788' title='bbox 1985 2489 2141 2524; x_wconf 85' lang='lat' dir='ltr'>secunda</span> <span class='ocrx_word' id='word_1_789' title='bbox 2167 2488 2267 2531; x_wconf 87' lang='lat' dir='ltr'>luna,</span> 
     </span>
     <span class='ocr_line' id='line_1_102' title="bbox 1216 2549 2272 2596; baseline -0.001 -10"><span class='ocrx_word' id='word_1_790' title='bbox 1216 2551 1319 2586; x_wconf 88' lang='lat' dir='ltr'>initio</span> <span class='ocrx_word' id='word_1_791' title='bbox 1357 2551 1503 2592; x_wconf 89' lang='lat' dir='ltr'>mensis,</span> <span class='ocrx_word' id='word_1_792' title='bbox 1537 2550 1598 2595; x_wconf 88' lang='lat' dir='ltr'>qui</span> <span class='ocrx_word' id='word_1_793' title='bbox 1635 2549 1727 2596; x_wconf 89' lang='lat' dir='ltr'>apud</span> <span class='ocrx_word' id='word_1_794' title='bbox 1746 2549 1988 2585; x_wconf 89' lang='lat' dir='ltr'>Athenienses</span> <span class='ocrx_word' id='word_1_795' title='bbox 2015 2549 2161 2593; x_wconf 80' lang='lat' dir='ltr'>quidem</span> <span class='ocrx_word' id='word_1_796' title='bbox 2181 2556 2272 2585; x_wconf 75' lang='grc' dir='ltr'>Ἐκα-</span> 
     </span>
     <span class='ocr_line' id='line_1_103' title="bbox 1215 2607 2272 2657; baseline -0.005 -9"><span class='ocrx_word' id='word_1_797' title='bbox 1215 2612 1399 2657; x_wconf 73' lang='grc' dir='ltr'><strong>τομὸαίων,</strong></span> <span class='ocrx_word' id='word_1_798' title='bbox 1424 2610 1518 2656; x_wconf 88' lang='lat' dir='ltr'>apud</span> <span class='ocrx_word' id='word_1_799' title='bbox 1538 2609 1751 2646; x_wconf 90' lang='lat' dir='ltr'>Macedones</span> <span class='ocrx_word' id='word_1_800' title='bbox 1769 2614 1889 2645; x_wconf 87' lang='lat' dir='ltr'>autem</span> <span class='ocrx_word' id='word_1_801' title='bbox 1909 2608 2062 2651; x_wconf 91' lang='lat' dir='ltr'>Lochos,</span> <span class='ocrx_word' id='word_1_802' title='bbox 2084 2609 2178 2653; x_wconf 90' lang='lat' dir='ltr'>apud</span> <span class='ocrx_word' id='word_1_803' title='bbox 2201 2607 2272 2643; x_wconf 90' lang='lat' dir='ltr'>He-</span> 
     </span>
     <span class='ocr_line' id='line_1_104' title="bbox 1215 2669 2272 2715; baseline -0.005 -8"><span class='ocrx_word' id='word_1_804' title='bbox 1215 2673 1331 2708; x_wconf 77' lang='lat' dir='ltr'>braeos</span> <span class='ocrx_word' id='word_1_805' title='bbox 1360 2681 1447 2707; x_wconf 78' lang='lat' dir='ltr'>vero</span> <span class='ocrx_word' id='word_1_806' title='bbox 1477 2670 1669 2713; x_wconf 88' lang='lat' dir='ltr'>Sedebath,</span> <span class='ocrx_word' id='word_1_807' title='bbox 1703 2670 1797 2715; x_wconf 88' lang='lat' dir='ltr'>apud</span> <span class='ocrx_word' id='word_1_808' title='bbox 1817 2669 2010 2711; x_wconf 85' lang='lat' dir='ltr'>Romanos,</span> <span class='ocrx_word' id='word_1_809' title='bbox 2044 2673 2272 2714; x_wconf 88' lang='lat' dir='ltr'>nuncupatur</span> 
     </span>
     <span class='ocr_line' id='line_1_105' title="bbox 1215 2729 2272 2777; baseline -0.004 -10"><span class='ocrx_word' id='word_1_810' title='bbox 1215 2732 1412 2777; x_wconf 84' lang='lat' dir='ltr'>Augustus.</span> <span class='ocrx_word' id='word_1_811' title='bbox 1429 2732 1590 2777; x_wconf 88' lang='lat' dir='ltr'>Cumque</span> <span class='ocrx_word' id='word_1_812' title='bbox 1607 2732 1725 2767; x_wconf 92' lang='lat' dir='ltr'>luctus</span> <span class='ocrx_word' id='word_1_813' title='bbox 1753 2740 1861 2776; x_wconf 89' lang='lat' dir='ltr'>super</span> <span class='ocrx_word' id='word_1_814' title='bbox 1878 2740 1961 2766; x_wconf 90' lang='lat' dir='ltr'>eum</span> <span class='ocrx_word' id='word_1_815' title='bbox 1983 2729 2104 2775; x_wconf 91' lang='lat' dir='ltr'>populi</span> <span class='ocrx_word' id='word_1_816' title='bbox 2124 2729 2272 2774; x_wconf 83' lang='lat' dir='ltr'>triginta</span> 
     </span>
     <span class='ocr_line' id='line_1_106' title="bbox 1217 2790 2274 2838; baseline -0.005 -9"><span class='ocrx_word' id='word_1_817' title='bbox 1217 2794 1342 2830; x_wconf 90' lang='lat' dir='ltr'>diebus</span> <span class='ocrx_word' id='word_1_818' title='bbox 1365 2793 1493 2829; x_wconf 83' lang='lat' dir='ltr'>fuisset</span> <span class='ocrx_word' id='word_1_819' title='bbox 1510 2792 1689 2838; x_wconf 87' lang='lat' dir='ltr'>expletus,</span> <span class='ocrx_word' id='word_1_820' title='bbox 1717 2796 1798 2838; x_wconf 89' lang='lat' dir='ltr'>post</span> <span class='ocrx_word' id='word_1_821' title='bbox 1823 2792 1900 2827; x_wconf 87' lang='lat' dir='ltr'>haec</span> <span class='ocrx_word' id='word_1_822' title='bbox 1931 2790 2097 2826; x_wconf 84' lang='lat' dir='ltr'>cessavit.</span> <span class='ocrx_word' id='word_1_823' title='bbox 2120 2790 2274 2825; x_wconf 85' lang='lat' dir='ltr'>Sumens</span> 
     </span>
     <span class='ocr_line' id='line_1_107' title="bbox 1217 2851 2273 2902; baseline -0.005 -11"><span class='ocrx_word' id='word_1_824' title='bbox 1217 2855 1327 2902; x_wconf 83' lang='lat' dir='ltr'>igitur</span> <span class='ocrx_word' id='word_1_825' title='bbox 1358 2854 1499 2902; x_wconf 92' lang='lat' dir='ltr'>Moyses</span> <span class='ocrx_word' id='word_1_826' title='bbox 1529 2854 1660 2890; x_wconf 77' lang='lat' dir='ltr'>exinde</span> <span class='ocrx_word' id='word_1_827' title='bbox 1691 2853 1905 2896; x_wconf 82' lang='lat' dir='ltr'>exercitum,</span> <span class='ocrx_word' id='word_1_828' title='bbox 1927 2853 2026 2888; x_wconf 87' lang='lat' dir='ltr'>venit</span> <span class='ocrx_word' id='word_1_829' title='bbox 2050 2852 2094 2887; x_wconf 88' lang='lat' dir='ltr'>ad</span> <span class='ocrx_word' id='word_1_830' title='bbox 2127 2851 2273 2886; x_wconf 77' lang='lat' dir='ltr'>fluvium</span> 
     </span>
     <span class='ocr_line' id='line_1_108' title="bbox 1218 2911 2275 2960; baseline -0.006 -9"><span class='ocrx_word' id='word_1_831' title='bbox 1218 2915 1343 2951; x_wconf 91' lang='lat' dir='ltr'>Arnon</span> <span class='ocrx_word' id='word_1_832' title='bbox 1356 2942 1366 2958; x_wconf 85' lang='lat'>,</span> <span class='ocrx_word' id='word_1_833' title='bbox 1386 2914 1447 2960; x_wconf 90' lang='lat' dir='ltr'>qui</span> <span class='ocrx_word' id='word_1_834' title='bbox 1468 2915 1510 2950; x_wconf 91' lang='lat' dir='ltr'>de</span> <span class='ocrx_word' id='word_1_835' title='bbox 1531 2914 1714 2949; x_wconf 89' lang='lat' dir='ltr'>montibus</span> <span class='ocrx_word' id='word_1_836' title='bbox 1734 2912 1877 2948; x_wconf 86' lang='lat' dir='ltr'>Arabiae</span> <span class='ocrx_word' id='word_1_837' title='bbox 1903 2911 2138 2953; x_wconf 90' lang='lat' dir='ltr'>descendens,</span> <span class='ocrx_word' id='word_1_838' title='bbox 2157 2915 2193 2945; x_wconf 90' lang='lat' dir='ltr'>et</span> <span class='ocrx_word' id='word_1_839' title='bbox 2210 2920 2275 2951; x_wconf 89' lang='lat' dir='ltr'>per</span> 
     </span>
     <span class='ocr_line' id='line_1_109' title="bbox 1220 2971 2272 3019; baseline -0.009 -5"><span class='ocrx_word' id='word_1_840' title='bbox 1220 2983 1335 3015; x_wconf 85' lang='lat' dir='ltr'>totum</span> <span class='ocrx_word' id='word_1_841' title='bbox 1378 2977 1558 3013; x_wconf 91' lang='lat' dir='ltr'>desertum</span> <span class='ocrx_word' id='word_1_842' title='bbox 1596 2975 1729 3017; x_wconf 89' lang='lat' dir='ltr'>ssuens,</span> <span class='ocrx_word' id='word_1_843' title='bbox 1766 2975 1802 3009; x_wconf 91' lang='lat' dir='ltr'>in</span> <span class='ocrx_word' id='word_1_844' title='bbox 1842 2978 2007 3019; x_wconf 87' lang='lat' dir='ltr'>stagnum</span> <span class='ocrx_word' id='word_1_845' title='bbox 2048 2971 2272 3018; x_wconf 90' lang='lat' dir='ltr'>Asphaltiten</span> 
     </span>
    </p>
   </div>
   <div class='ocr_carea' id='block_1_15' title="bbox 1219 3033 2321 3088">
    <p class='ocr_par' dir='ltr' id='par_1_16' title="bbox 1219 3033 2321 3088">
     <span class='ocr_line' id='line_1_110' title="bbox 1219 3033 2321 3088; baseline -0.01 -11"><span class='ocrx_word' id='word_1_846' title='bbox 1219 3041 1396 3088; x_wconf 90' lang='lat' dir='ltr'>erumpit,</span> <span class='ocrx_word' id='word_1_847' title='bbox 1425 3039 1587 3076; x_wconf 75' lang='lat' dir='ltr'>dividens</span> <span class='ocrx_word' id='word_1_848' title='bbox 1618 3036 1813 3074; x_wconf 85' lang='lat' dir='ltr'>Moabitida</span> <span class='ocrx_word' id='word_1_849' title='bbox 1841 3042 1878 3072; x_wconf 93' lang='lat' dir='ltr'>et</span> <span class='ocrx_word' id='word_1_850' title='bbox 1908 3034 2164 3070; x_wconf 87' lang='lat' dir='ltr'>Ammonitida.</span> <span class='ocrx_word' id='word_1_851' title='bbox 2190 3033 2274 3068; x_wconf 79' lang='lat' dir='ltr'>Haec</span> <span class='ocrx_word' id='word_1_852' title='bbox 2311 3048 2321 3078; x_wconf 67' lang='grc' dir='ltr'>ι,</span> 
     </span>
    </p>
   </div>
   <div class='ocr_carea' id='block_1_16' title="bbox 1221 3090 2275 3679">
    <p class='ocr_par' dir='ltr' id='par_1_17' title="bbox 1221 3090 2271 3200">
     <span class='ocr_line' id='line_1_111' title="bbox 1221 3090 2271 3140; baseline -0.012 -3"><span class='ocrx_word' id='word_1_853' title='bbox 1221 3107 1341 3137; x_wconf 89' lang='lat' dir='ltr'>autem</span> <span class='ocrx_word' id='word_1_854' title='bbox 1369 3107 1466 3136; x_wconf 89' lang='lat' dir='ltr'>terra</span> <span class='ocrx_word' id='word_1_855' title='bbox 1493 3104 1549 3135; x_wconf 89' lang='lat' dir='ltr'>est</span> <span class='ocrx_word' id='word_1_856' title='bbox 1576 3097 1776 3140; x_wconf 84' lang='lat' dir='ltr'>fructifera,</span> <span class='ocrx_word' id='word_1_857' title='bbox 1800 3102 1836 3132; x_wconf 88' lang='lat' dir='ltr'>et</span> <span class='ocrx_word' id='word_1_858' title='bbox 1856 3095 2041 3131; x_wconf 89' lang='lat' dir='ltr'>hominum</span> <span class='ocrx_word' id='word_1_859' title='bbox 2071 3090 2271 3127; x_wconf 89' lang='lat' dir='ltr'>multitudi-</span> 
     </span>
     <span class='ocr_line' id='line_1_112' title="bbox 1222 3156 1918 3200; baseline -0.013 -2"><span class='ocrx_word' id='word_1_860' title='bbox 1222 3171 1305 3198; x_wconf 93' lang='lat' dir='ltr'>nem</span> <span class='ocrx_word' id='word_1_861' title='bbox 1326 3161 1375 3196; x_wconf 87' lang='lat' dir='ltr'>ibi</span> <span class='ocrx_word' id='word_1_862' title='bbox 1398 3159 1625 3196; x_wconf 89' lang='lat' dir='ltr'>nascentium</span> <span class='ocrx_word' id='word_1_863' title='bbox 1646 3158 1741 3193; x_wconf 88' lang='lat' dir='ltr'>alere</span> <span class='ocrx_word' id='word_1_864' title='bbox 1762 3156 1918 3200; x_wconf 85' lang='lat' dir='ltr'>copiosa.</span> 
     </span>
    </p>

    <p class='ocr_par' dir='ltr' id='par_1_18' title="bbox 1222 3211 2275 3679">
     <span class='ocr_line' id='line_1_113' title="bbox 1274 3211 2271 3265; baseline -0.008 -10"><span class='ocrx_word' id='word_1_865' title='bbox 1274 3235 1285 3255; x_wconf 86' lang='lat'>‹</span> <span class='ocrx_word' id='word_1_866' title='bbox 1317 3221 1560 3265; x_wconf 87' lang='lat' dir='ltr'>Quamobrem</span> <span class='ocrx_word' id='word_1_867' title='bbox 1588 3229 1658 3254; x_wconf 91' lang='lat' dir='ltr'>non</span> <span class='ocrx_word' id='word_1_868' title='bbox 1695 3215 1820 3251; x_wconf 87' lang='lat' dir='ltr'>habuit</span> <span class='ocrx_word' id='word_1_869' title='bbox 1848 3218 1987 3259; x_wconf 87' lang='lat' dir='ltr'>partem</span> <span class='ocrx_word' id='word_1_870' title='bbox 2016 3211 2120 3252; x_wconf 85' lang='lat' dir='ltr'>Levi,</span> <span class='ocrx_word' id='word_1_871' title='bbox 2154 3220 2271 3256; x_wconf 83' lang='lat' dir='ltr'>neque</span> 
     </span>
     <span class='ocr_line' id='line_1_114' title="bbox 1227 3270 2271 3330; baseline -0.01 -13"><span class='ocrx_word' id='word_1_872' title='bbox 1227 3296 1239 3317; x_wconf 86' lang='lat'><strong>‹</strong></span> <span class='ocrx_word' id='word_1_873' title='bbox 1269 3283 1534 3330; x_wconf 90' lang='lat' dir='ltr'>possessionem</span> <span class='ocrx_word' id='word_1_874' title='bbox 1554 3288 1635 3315; x_wconf 89' lang='lat' dir='ltr'>cum</span> <span class='ocrx_word' id='word_1_875' title='bbox 1667 3275 1838 3310; x_wconf 82' lang='lat' dir='ltr'>fratribus</span> <span class='ocrx_word' id='word_1_876' title='bbox 1865 3273 1965 3308; x_wconf 89' lang='lat' dir='ltr'>suis:</span> <span class='ocrx_word' id='word_1_877' title='bbox 1988 3271 2071 3316; x_wconf 89' lang='lat' dir='ltr'>quia</span> <span class='ocrx_word' id='word_1_878' title='bbox 2099 3270 2175 3316; x_wconf 85' lang='lat' dir='ltr'>ipse</span> <span class='ocrx_word' id='word_1_879' title='bbox 2202 3271 2271 3307; x_wconf 91' lang='lat' dir='ltr'>Do-</span> 
     </span>
     <span class='ocr_line' id='line_1_115' title="bbox 1228 3330 2271 3386; baseline -0.01 -10"><span class='ocrx_word' id='word_1_880' title='bbox 1228 3355 1240 3376; x_wconf 81' lang='lat'><strong>«</strong></span> <span class='ocrx_word' id='word_1_881' title='bbox 1270 3343 1391 3379; x_wconf 91' lang='lat' dir='ltr'>minus</span> <span class='ocrx_word' id='word_1_882' title='bbox 1412 3338 1590 3386; x_wconf 86' lang='lat' dir='ltr'>possessio</span> <span class='ocrx_word' id='word_1_883' title='bbox 1606 3335 1683 3380; x_wconf 87' lang='lat' dir='ltr'>ejus</span> <span class='ocrx_word' id='word_1_884' title='bbox 1711 3339 1779 3375; x_wconf 89' lang='lat' dir='ltr'>est,</span> <span class='ocrx_word' id='word_1_885' title='bbox 1799 3333 1891 3368; x_wconf 88' lang='lat' dir='ltr'>sicut</span> <span class='ocrx_word' id='word_1_886' title='bbox 1906 3330 2074 3376; x_wconf 90' lang='lat' dir='ltr'>promisit</span> <span class='ocrx_word' id='word_1_887' title='bbox 2099 3330 2271 3366; x_wconf 89' lang='lat' dir='ltr'>Dominus</span> 
     </span>
     <span class='ocr_line' id='line_1_116' title="bbox 1227 3390 2272 3442; baseline -0.014 -2"><span class='ocrx_word' id='word_1_888' title='bbox 1227 3416 1238 3438; x_wconf 78' lang='grc' dir='ltr'>ι</span> <span class='ocrx_word' id='word_1_889' title='bbox 1271 3403 1366 3439; x_wconf 88' lang='lat' dir='ltr'>Deus</span> <span class='ocrx_word' id='word_1_890' title='bbox 1395 3407 1489 3442; x_wconf 92' lang='lat' dir='ltr'>tuus,</span> <span class='ocrx_word' id='word_1_891' title='bbox 1509 3403 1608 3433; x_wconf 82' lang='lat' dir='ltr'>etc.»</span> <span class='ocrx_word' id='word_1_892' title='bbox 1639 3394 1714 3429; x_wconf 85' lang='lat' dir='ltr'>Nisi</span> <span class='ocrx_word' id='word_1_893' title='bbox 1734 3402 1798 3438; x_wconf 87' lang='lat' dir='ltr'>per</span> <span class='ocrx_word' id='word_1_894' title='bbox 1831 3392 1926 3426; x_wconf 85' lang='lat' dir='ltr'>hanc</span> <span class='ocrx_word' id='word_1_895' title='bbox 1956 3391 2092 3427; x_wconf 88' lang='lat' dir='ltr'>tribum</span> <span class='ocrx_word' id='word_1_896' title='bbox 2124 3390 2272 3427; x_wconf 88' lang='lat' dir='ltr'>univer-</span> 
     </span>
     <span class='ocr_line' id='line_1_117' title="bbox 1222 3451 2274 3505; baseline -0.011 -7"><span class='ocrx_word' id='word_1_897' title='bbox 1222 3472 1303 3498; x_wconf 91' lang='lat' dir='ltr'>sum</span> <span class='ocrx_word' id='word_1_898' title='bbox 1330 3458 1447 3505; x_wconf 83' lang='lat' dir='ltr'>regale</span> <span class='ocrx_word' id='word_1_899' title='bbox 1473 3454 1731 3496; x_wconf 86' lang='lat' dir='ltr'>sacerdotium,</span> <span class='ocrx_word' id='word_1_900' title='bbox 1761 3451 1856 3499; x_wconf 89' lang='lat' dir='ltr'>quod</span> <span class='ocrx_word' id='word_1_901' title='bbox 1883 3452 1928 3487; x_wconf 88' lang='lat' dir='ltr'>ad</span> <span class='ocrx_word' id='word_1_902' title='bbox 1950 3461 2084 3487; x_wconf 87' lang='lat' dir='ltr'>novum</span> <span class='ocrx_word' id='word_1_903' title='bbox 2116 3451 2274 3497; x_wconf 84' lang='lat' dir='ltr'>pertinet</span> 
     </span>
     <span class='ocr_line' id='line_1_118' title="bbox 1223 3511 2274 3560; baseline -0.011 -2"><span class='ocrx_word' id='word_1_904' title='bbox 1223 3523 1500 3560; x_wconf 88' lang='lat' dir='ltr'>testamentum,</span> <span class='ocrx_word' id='word_1_905' title='bbox 1521 3515 1618 3551; x_wconf 92' lang='lat' dir='ltr'>nullo</span> <span class='ocrx_word' id='word_1_906' title='bbox 1636 3514 1743 3550; x_wconf 91' lang='lat' dir='ltr'>modo</span> <span class='ocrx_word' id='word_1_907' title='bbox 1772 3513 1869 3548; x_wconf 85' lang='lat' dir='ltr'>visus</span> <span class='ocrx_word' id='word_1_908' title='bbox 1898 3517 1994 3548; x_wconf 86' lang='lat' dir='ltr'>esset</span> <span class='ocrx_word' id='word_1_909' title='bbox 2019 3511 2140 3548; x_wconf 78' lang='lat' dir='ltr'>dicere</span> <span class='ocrx_word' id='word_1_910' title='bbox 2166 3512 2274 3547; x_wconf 89' lang='lat' dir='ltr'>homo</span> 
     </span>
     <span class='ocr_line' id='line_1_119' title="bbox 1225 3571 2271 3627; baseline -0.011 -10"><span class='ocrx_word' id='word_1_911' title='bbox 1225 3581 1286 3627; x_wconf 89' lang='lat' dir='ltr'>qui</span> <span class='ocrx_word' id='word_1_912' title='bbox 1307 3589 1351 3616; x_wconf 87' lang='lat' dir='ltr'>ex</span> <span class='ocrx_word' id='word_1_913' title='bbox 1375 3577 1502 3615; x_wconf 86' lang='lat' dir='ltr'>eadem</span> <span class='ocrx_word' id='word_1_914' title='bbox 1530 3575 1624 3611; x_wconf 84' lang='lat' dir='ltr'>tribu</span> <span class='ocrx_word' id='word_1_915' title='bbox 1652 3584 1725 3610; x_wconf 89' lang='lat' dir='ltr'>non</span> <span class='ocrx_word' id='word_1_916' title='bbox 1755 3577 1851 3614; x_wconf 88' lang='lat' dir='ltr'>erat,</span> <span class='ocrx_word' id='word_1_917' title='bbox 1873 3571 1964 3607; x_wconf 78' lang='lat' dir='ltr'>Pars</span> <span class='ocrx_word' id='word_1_918' title='bbox 1983 3582 2060 3607; x_wconf 85' lang='lat' dir='ltr'>mea</span> <span class='ocrx_word' id='word_1_919' title='bbox 2087 3571 2271 3607; x_wconf 70' lang='lat' dir='ltr'>Dominus.</span> 
     </span>
     <span class='ocr_line' id='line_1_120' title="bbox 1223 3631 2275 3679; baseline -0.01 -3"><span class='ocrx_word' id='word_1_920' title='bbox 1223 3641 1268 3677; x_wconf 88' lang='lat' dir='ltr'>Et</span> <span class='ocrx_word' id='word_1_921' title='bbox 1292 3639 1330 3676; x_wconf 90' lang='lat' dir='ltr'>in</span> <span class='ocrx_word' id='word_1_922' title='bbox 1354 3638 1424 3674; x_wconf 89' lang='lat' dir='ltr'>alio</span> <span class='ocrx_word' id='word_1_923' title='bbox 1449 3635 1591 3674; x_wconf 83' lang='lat' dir='ltr'>Psalmo</span> <span class='ocrx_word' id='word_1_924' title='bbox 1618 3642 1628 3670; x_wconf 67' lang='grc' dir='ltr'><strong>ε</strong></span> <span class='ocrx_word' id='word_1_925' title='bbox 1653 3633 1824 3671; x_wconf 77' lang='lat' dir='ltr'>Dominus</span> <span class='ocrx_word' id='word_1_926' title='bbox 1848 3642 1930 3679; x_wconf 81' lang='lat' dir='ltr'>pars</span> <span class='ocrx_word' id='word_1_927' title='bbox 1954 3631 2156 3670; x_wconf 71' lang='lat' dir='ltr'>hereditatis</span> <span class='ocrx_word' id='word_1_928' title='bbox 2187 3637 2275 3667; x_wconf 76' lang='lat' dir='ltr'>meoe</span> 
     </span>
    </p>
   </div>
   <div class='ocr_carea' id='block_1_17' title="bbox 1225 3700 1442 3752">
    <p class='ocr_par' dir='ltr' id='par_1_19' title="bbox 1225 3700 1442 3752">
     <span class='ocr_line' id='line_1_121' title="bbox 1225 3700 1442 3752; baseline -0.009 -15"><span class='ocrx_word' id='word_1_929' title='bbox 1225 3701 1341 3752; x_wconf 73' lang='grc' dir='ltr'><strong>(Ρεαί.</strong></span> <span class='ocrx_word' id='word_1_930' title='bbox 1359 3700 1442 3748; x_wconf 82' lang='lat' dir='ltr'>xv).</span> 
     </span>
    </p>
   </div>
   <div class='ocr_carea' id='block_1_18' title="bbox 1938 3809 2319 3864">
    <p class='ocr_par' dir='ltr' id='par_1_20' title="bbox 1938 3786 2319 3864">
     <span class='ocr_line' id='line_1_122' title="bbox 1938 3809 2319 3864; baseline -0.008 1"><span class='ocrx_word' id='word_1_931' title='bbox 1938 3809 1992 3853; x_wconf 79' lang='lat'>2⁸</span> <span class='ocrx_word' id='word_1_932' title='bbox 2203 3841 2319 3864; x_wconf 34' lang='grc' dir='ltr'>,Δ</span> 
     </span>
    </p>
   </div>
  </div>
 </body>
</html>
