2540 4016
341 216 358 241 «
385 212 494 241 manu
510 206 692 247 conteres,
707 202 800 242 falce
818 211 941 243 autem
955 217 1028 244 non
1043 215 1173 246 metes.
1194 223 1207 246 i
1231 211 1325 256 Quid
1339 218 1395 250 est

338 263 435 304 enim
461 270 618 313 segetem
643 266 752 303 amici
767 267 920 312 intrare,
939 269 1010 305 nisi
1031 270 1147 317 legem
1168 271 1320 316 Christi,
1335 274 1398 319 qui

334 335 443 362 verus
460 324 599 362 amicus
620 331 745 362 noster
760 332 831 371 est,
854 328 914 374 pie
931 329 1124 365 meditari?
1144 329 1214 366 Ubi
1228 329 1398 379 frangere

335 385 456 432 spicas
470 390 507 422 et
524 395 634 430 manu
649 390 853 430 conterere,
874 387 944 424 hoe
971 393 1027 424 est
1054 389 1215 426 litteram
1233 390 1323 440 legis
1356 393 1396 430 in

333 443 547 491 opportunis
566 443 656 481 locis
672 444 718 481 ad
735 445 936 491 spiritalem
964 457 1112 485 sensum
1136 450 1312 499 redigere,
1330 463 1398 490 no-

333 505 390 542 bis
411 505 647 550 conceditur;
670 505 762 543 falce
792 513 914 543 autem
932 514 1069 546 metere
1081 537 1092 555 ,
1111 511 1180 548 hoc
1196 518 1253 549 est
1267 523 1395 552 omnes

333 566 544 614 Scripturas
560 567 597 604 in
614 567 751 604 malum
769 579 918 606 sensum
936 576 1094 617 vertere,
1110 575 1255 620 penitus
1272 576 1390 613 inter-

331 628 475 665 dicitur.
502 627 595 664 Sunt
609 638 698 676 ergo
715 631 880 676 quaedam
899 631 978 668 loca
999 633 1038 669 in
1058 634 1302 674 Testamentis
1334 638 1391 674 di-

328 689 435 732 vinis,
446 699 526 735 quae
542 689 779 727 historialiter
792 691 901 728 fidem
918 692 1084 731 imbuunt
1097 707 1107 739 ;
1127 697 1293 743 quaedam
1305 708 1392 734 vero

331 758 411 795 quae
442 749 632 786 moraliter
664 749 710 785 ad
738 756 903 787 sanctam
939 756 1252 791 conversationem
1289 756 1392 793 insti-

328 812 454 852 tuunt;
472 809 636 855 quaedam
654 810 765 846 etiam
780 821 861 857 quae
880 823 952 849 non
971 815 1170 851 secundum
1187 816 1388 862 historiam,

329 870 394 906 sed
412 871 609 907 secundum
628 870 837 918 allegoriam
859 875 1066 910 veneranda
1085 877 1257 922 mysteria
1273 883 1392 915 osten-

328 928 418 964 dunt
444 942 452 965 :
475 935 513 965 at
545 930 626 967 ideo
658 932 793 977 ubique
821 932 983 980 diligenti
1013 934 1140 972 lectori
1158 947 1299 973 summa
1317 938 1391 974 dis-

324 990 485 1026 cretione
509 1001 600 1038 opus
615 997 690 1035 est,
713 998 754 1028 ut
774 992 810 1029 in
828 994 999 1040 praedicta
1014 1001 1135 1041 segete
1153 996 1307 1039 Domini,
1325 1008 1390 1044 per

323 1050 502 1086 cautelam
521 1057 665 1098 pastum
700 1053 769 1089 sibi
804 1054 988 1090 salubrem
1023 1062 1174 1101 quaerat,
1193 1067 1239 1094 ne
1267 1063 1389 1094 tamen

323 1119 390 1156 per
409 1111 654 1149 temeritatem
673 1113 709 1149 in
720 1113 898 1159 judicium
918 1115 1013 1152 laesae
1031 1117 1161 1154 messis
1177 1117 1325 1171 incidat.

723 1189 876 1227 CAPUT
911 1191 1000 1228 XIII.

370 1247 424 1283 De
442 1247 652 1285 dinzitaeenda
670 1260 778 1285 uxore
800 1251 921 1287 odiosa
945 1263 1023 1288 cum
1050 1252 1167 1290 libello
1188 1257 1338 1302 repudii.

370 1306 470 1354 (cip.
491 1307 608 1353 xxiv.)
632 1320 657 1353 ι,
677 1308 714 1344 Si
734 1311 915 1355 acceperit
935 1312 1045 1348 homo
1069 1324 1222 1351 uxorem
1256 1322 1292 1351 et
1324 1318 1388 1353 ha-

326 1378 340 1400 «
369 1367 489 1402 buerit
509 1377 604 1411 eam,
626 1372 663 1403 et
688 1379 759 1404 non
782 1370 963 1406 invenerit
982 1373 1137 1417 gratiam
1158 1380 1242 1410 ante
1262 1376 1389 1414 oculos

324 1438 337 1460 ‹
369 1426 447 1472 eJ'us
472 1433 621 1474 propter
641 1429 798 1475 aliquam
824 1430 1042 1476 soeditatem,
1063 1435 1196 1471 scribet
1220 1436 1387 1474 libellum

324 1500 336 1522 ι
366 1488 519 1534 repudii,
542 1493 578 1524 et
602 1489 699 1525 dabit
719 1490 754 1525 in
774 1501 883 1526 manu
902 1491 993 1536 ejus,
1009 1498 1045 1528 et
1063 1495 1220 1531 dimittet
1240 1507 1319 1532 eain
1343 1498 1388 1534 de

322 1561 336 1584 ι
368 1550 474 1585 domo
493 1559 571 1585 sua.
597 1549 760 1597 Cumque
778 1562 924 1598 egressa
947 1553 1100 1590 alterum
1122 1557 1293 1593 maritum
1317 1559 1385 1595 du-

321 1621 336 1645 «
366 1610 484 1654 xerit,
503 1616 540 1647 et
562 1610 623 1647 ille
647 1622 790 1658 quoque
820 1614 938 1650 oderit
969 1625 1063 1659 eam,
1096 1617 1307 1665 dederitque
1350 1622 1385 1658 ei

319 1682 334 1706 c
362 1670 523 1707 libellum
542 1673 682 1719 repudii
697 1679 733 1710 ct
750 1675 930 1711 dimiserit
946 1677 988 1712 de
1003 1678 1109 1714 domo
1125 1689 1202 1723 sua,
1216 1680 1271 1716 vel
1284 1688 1384 1718 certe

319 1744 336 1769 ι
366 1740 532 1771 mortuus
552 1734 759 1780 fuerit‚non
778 1739 909 1783 poterit
929 1740 1030 1785 prior
1046 1743 1200 1778 maritus
1222 1744 1385 1790 recipere

319 1803 334 1826 ι
361 1802 443 1828 eam
464 1794 501 1830 in
523 1805 697 1839 uxorem,
720 1797 804 1842 quia
822 1798 958 1844 polluta
980 1801 1043 1847 est]
1058 1807 1094 1837 et
1131 1803 1382 1842 abominabilis

320 1865 332 1887 ι
363 1853 458 1890 sacta
473 1861 529 1891 est
547 1866 671 1892 coram
693 1857 859 1903 Domino,
883 1865 954 1896 etc.
983 1874 995 1896 ›
1020 1862 1131 1899 Istum
1151 1864 1270 1901 locum
1302 1866 1380 1912 ple-

313 1914 397 1951 nius
418 1915 585 1954 Salvator
598 1919 760 1964 exponit,
778 1921 874 1966 quod
895 1920 1035 1968 Moyses
1057 1924 1380 1973 libellum'repudii

313 1974 393 2011 dari
405 1976 570 2022 jusserit,
591 1985 740 2024 propter
758 1980 929 2017 duritiam
955 1984 1075 2020 cordis
1110 1986 1325 2024 meritorum
1345 1998 1377 2034 ὃ,

312 2045 387 2072 non
410 2037 602 2074 discidium
620 2041 837 2084 concedens,
861 2043 1096 2081 homicidium
1124 2045 1267 2093 (Mami.
1284 2049 1376 2097 xix).

313 2094 426 2131 Multo
465 2098 564 2132 cuim
599 2099 729 2135 melius·
760 2100 844 2136 licet
865 2102 1054 2149 lugubrem
1078 2108 1223 2143 evenire
1244 2109 1381 2146 discor-

315 2154 412 2192 diam
432 2166 541 2201 quam
557 2167 621 2203 per
634 2159 756 2193 odium
776 2162 987 2207 sanguinem
1001 2163 1116 2200 fundi.
1139 2166 1258 2203 Multae
1274 2177 1378 2206 erant

311 2213 349 2251 in
367 2215 480 2251 veteri
500 2216 577 2262 lege
593 2227 711 2253 causae
729 2229 861 2256 uxores
881 2222 1101 2260 dimittendi.
1122 2225 1299 2264 Dominus
1315 2240 1378 2266 au-

315 2280 390 2311 tein
411 2276 448 2311 in
473 2276 670 2322 Evangelio
687 2279 801 2315 solam
825 2291 973 2318 causam
997 2283 1250 2323 fornicationis
1266 2299 1375 2326 exce-

313 2334 368 2382 pit
396 2347 404 2370 :
426 2342 577 2372 caeteras
595 2348 680 2374 vero
700 2340 887 2378 molestias
903 2344 1114 2388 universas,
1132 2347 1163 2382 si
1184 2357 1263 2392 quae
1285 2349 1378 2386 sorte

313 2400 535 2442 exstiterint,
550 2400 653 2446 jubet
674 2411 740 2447 pro
754 2403 825 2439 fide
840 2405 1035 2453 conjugali,
1052 2414 1088 2444 et
1107 2419 1172 2456 pro
1193 2412 1372 2456 castitate,

309 2459 454 2496 sortiter
475 2461 668 2497 sustinere.
703 2462 749 2498 Et
778 2466 963 2502 nioechum
994 2468 1082 2504 dicit
1116 2470 1226 2506 etiam
1257 2472 1374 2509 virum

310 2521 372 2567 qui
389 2531 469 2557 eam
489 2522 642 2559 duxerat
660 2534 740 2570 quie
763 2525 881 2562 soluta
912 2534 967 2564 est
996 2530 1075 2566 viro
1097 2541 1107 2567 :
1129 2532 1185 2567 cui
1210 2533 1262 2569 rei
1292 2544 1375 2582 apo-

308 2579 422 2616 stolus
447 2580 581 2618 Paulus
610 2583 804 2620 terminum
835 2588 1008 2631 ostendit,
1031 2590 1114 2635 quia
1147 2593 1271 2629 tandiu
1310 2594 1374 2630 ob-

308 2640 523 2676 servandum
557 2642 665 2686 dicit,
697 2644 856 2690 quandiu
887 2647 943 2683 vir
972 2647 1049 2693 ejus
1081 2651 1193 2696 vivit,
1222 2653 1283 2690 illo
1306 2664 1372 2690 au-

306 2706 382 2736 tem
410 2707 575 2746 mortuo,
608 2704 669 2739 dat
692 2706 848 2743 nubendi
882 2708 1066 2747 licentiam
1101 2711 1144 2759 (I
1174 2711 1256 2749 Cor.
1282 2714 1369 2762 vu).

307 2759 408 2797 Hanc
446 2761 555 2797 etiam
597 2764 758 2809 regulam
788 2767 865 2812 ipse
888 2770 1017 2814 tenuit,
1060 2777 1097 2808 et
1138 2773 1175 2809 in
1214 2784 1255 2810 ea
1298 2786 1372 2812 non

308 2822 426 2858 solum
445 2822 652 2868 consilium,
680 2826 774 2862 sicut
793 2833 830 2863 et
859 2829 896 2864 in
917 2832 1100 2869 nonnullis
1117 2836 1284 2880 monitis,
1308 2837 1370 2873 sed

309 2889 534 2930 praeceptum
569 2884 712 2922 Domini
736 2886 898 2932 jubentis
932 2893 1089 2929 ostendit
1124 2905 1205 2931 cum
1234 2897 1319 2933 dicit

311 2955 325 2978 e
348 2944 411 2980 Eis
433 2951 554 2981 autem
573 2957 653 2992 quae
672 2954 784 2994 nupta
801 2955 886 2986 sunt
904 2953 1076 2998 praecipio
1090 2980 1099 2997 ,
1117 2965 1190 2990 non
1211 2966 1277 3002 ego
1306 2961 1370 2996 sed

310 3002 500 3047 Dominus,
518 3005 709 3042 mulierem
736 3018 757 3042 a
774 3009 854 3044 viro
873 3019 947 3046 non
970 3013 1156 3051 discedere
1180 3015 1320 3065 (Ibid.).
1352 3033 1365 3055 ι

361 3073 375 3096 ι
405 3062 510 3108 Quod
527 3062 558 3099 si
578 3063 802 3110 discesserit,
820 3077 969 3105 manere
994 3070 1194 3119 innuptam,
1213 3085 1275 3115 aut
1289 3081 1368 3118 viro

311 3139 325 3161 ‹
354 3136 419 3164 suo
455 3127 697 3164 reconciliari.
735 3129 780 3165 Et
814 3131 872 3167 vir
905 3143 1058 3170 uxorem
1079 3147 1124 3174 ne
1143 3138 1317 3178 dimittat.
1348 3156 1361 3179 ›

307 3188 424 3226 Credo
439 3187 549 3224 simili
566 3188 748 3232 forma‚ut
764 3190 795 3227 si
813 3191 1003 3238 dimiserit,
1020 3205 1093 3232 non
1114 3198 1222 3236 ducat
1241 3201 1363 3246 aliam,

307 3255 372 3287 aut
387 3249 639 3287 reconcilietur
659 3252 778 3288 uxori.
803 3252 903 3291 Fieri
927 3255 1024 3292 enim
1044 3263 1166 3304 potest
1181 3267 1222 3297 ut
1244 3262 1365 3299 dimit-

306 3315 401 3348 teret
416 3320 568 3348 uxorem
586 3321 696 3348 causa
713 3311 1097 3364 fornicationis,quam
1110 3319 1286 3359 Dominus
1301 3333 1364 3360 ex-

306 3377 448 3418 ceptam
466 3382 546 3410 esse
562 3372 688 3409 voluit.
707 3372 790 3412 Jam
806 3385 894 3412 vero
913 3377 945 3413 si
962 3388 1030 3415 nec
1047 3378 1100 3416 illi
1125 3379 1256 3427 jubere
1275 3393 1364 3420 con-

307 3433 512 3477 cederetur,
537 3433 618 3470 vivo
637 3434 716 3471 viro
743 3444 765 3471 a
795 3445 868 3483 quo
898 3441 1106 3485 recesserit,
1134 3451 1252 3489 neque
1277 3444 1362 3482 huie

307 3494 460 3538 alteram
479 3495 611 3531 ducere
626 3495 707 3533 viva
724 3507 839 3535 uxore
859 3509 968 3546 quam
987 3502 1144 3548 dimisit,
1158 3505 1273 3543 multo
1289 3506 1359 3544 mi-

305 3565 376 3592 nus
399 3553 456 3592 fas
474 3559 530 3592 est
546 3555 669 3593 illicita
690 3567 773 3594 eum
800 3559 1021 3605 quibuslibet
1046 3568 1172 3611 stupra
1194 3566 1361 3605 commis-

306 3622 397 3654 tere.
427 3616 596 3655 Beatiora
625 3629 714 3657 sane
743 3622 910 3671 coniugia
942 3624 1138 3671 J‘udicanda
1164 3635 1263 3676 sunt,
1281 3641 1361 3678 quae

306 3677 383 3715 sive
401 3677 486 3716 filiis
501 3681 754 3728 procreandis,
767 3682 844 3722 sive
869 3685 978 3727 etiam
1002 3687 1075 3728 ista
1093 3694 1239 3731 terrena
1258 3692 1361 3741 prole

353 3744 373 3767 ⁸
396 3737 514 3779 Locus
532 3747 736 3791 corruptus.

799 126 843 166 B.
865 127 1035 168 RABANI
1060 130 1209 172 MAtJm
1233 133 1449 175 ARCHIEP.
1473 138 1680 181 MOGUNT.
1702 143 1892 186 OPERUM
1916 147 2037 189 PARS
2057 149 2088 190 1.

1412 219 1447 261 Α
1463 222 1686 266 contempta,

1465 398 1562 435 enim
1577 400 1728 437 dimittit
1745 402 1807 447 qui
1825 413 1908 439 cum
1925 413 1968 440 ea
1983 415 2057 443 non
2074 409 2279 455 carnaliter,
2294 414 2358 450 sed
2375 415 2502 462 spirita

1463 456 1547 494 liter
1563 460 1668 504 vivit,
1694 466 1732 497 et
1753 461 1840 498 illud
1870 470 2052 511 servatur,
2079 470 2176 514 quod
2209 481 2275 517 per
2306 471 2524 520 Apostolum

1464 518 1598 556 dieitur
1615 533 1624 556 :
1651 533 1665 555 ‹
1694 521 1887 569 Reliquum
1920 531 1989 571 est,
2023 533 2062 565 ut
2103 531 2166 576 qui
2201 532 2336 571 habent
2370 547 2519 585 uxores,

1464 584 1567 628 quasi
1597 593 1670 620 non
1709 585 1883 624 habentes
1914 589 1986 626 sint
2020 591 2146 641 (Ibid.)
2178 607 2190 630 ι
2215 595 2366 643 Mystice
2396 598 2540 652 autem(

1463 644 1572 680 homo
1587 644 1646 680 hic
1661 644 1846 684 Christum
1865 649 2102 699 demonstrat,
2112 657 2174 702 qui
2198 660 2337 706 accepit
2350 672 2518 709 uxorem,
2533 669 2540 721 j

1463 713 1546 739 cum
1578 706 1762 744 associare
1789 708 1858 745 sibi
1883 710 1997 749 voluit
2012 724 2242 764 synagogam,
2261 729 2368 766 quam
2406 723 2540 761 etiami

1463 764 1598 801 dudum
1618 766 1873 814 desponsabat,
1893 774 2036 817 quando
2052 777 2085 812 ei
2108 777 2221 825 legem
2241 780 2339 817 dedit
2354 783 2390 818 in
2407 782 2516 828 justi·
2534 807 2540 811 ·

1463 825 1525 869 tia,
1548 831 1583 862 et
1595 826 1744 872 judicio,
1764 836 1801 867 et
1825 832 2088 882 misericordia,
2107 839 2201 876 sicut
2219 841 2256 878 in
2286 842 2408 890 Moyse
2428 845 2520 882 scri-

1461 894 1563 935 ptum
1590 896 1657 924 est.
1685 890 1756 927 Sed
1777 892 1837 928 illa
1854 904 1927 931 non
1949 896 2086 933 invenit
2111 901 2265 947 gratiam
2292 908 2376 940 ante
2393 905 2519 944 oculos

1462 947 1539 993 ejus
1558 956 1707 995 propter
1727 952 2016 994 increduiitatem
2034 969 2137 995 suam
2163 966 2200 997 et
2219 961 2421 1001 foeditatem
2440 966 2519 1003 ido-

1460 1006 1625 1045 lolatriae.
1645 1009 1746 1047 Unde
1763 1013 1794 1049 ei
1814 1015 1959 1061 scripsit
1973 1017 2131 1055 libellum
2152 1022 2312 1068 repudii,
2331 1025 2518 1063 condendo

1460 1068 1630 1106 videlicet
1647 1059 1966 1119 Evangelium‚u1›i
1982 1079 2276 1118 manifestissime
2296 1083 2516 1131 declaratur,

1407 1123 1440 1163 B
1459 1129 1555 1174 quod
1567 1130 1644 1176 ipsa
1664 1131 1811 1179 indigna
1826 1134 1896 1171 suit
1914 1137 2087 1182 spiritalis
2108 1140 2214 1186 hujus
2233 1145 2418 1188 consortii,
2432 1156 2517 1183 cum

1456 1188 1642 1227 Christum
1661 1196 1924 1240 persequendo,
1944 1198 2092 1236 tradidit
2113 1203 2158 1237 ad
2176 1210 2381 1246 erucem‚et
2399 1207 2516 1254 magis

1456 1249 1565 1297 elegit
1580 1252 1649 1288 sibi
1666 1253 1744 1288 dari
1764 1254 1954 1292 Barabban
1972 1258 2166 1306 latronem,
2188 1273 2297 1308 quam
2318 1265 2514 1305 Dominum

1457 1307 1697 1347 Salvatorem.
1722 1312 1834 1351 Datus
1852 1321 1908 1352 est
1930 1317 2071 1357 libellus
2088 1323 2230 1368 repudii
2256 1325 2293 1360 in
2323 1336 2452 1364 manus
2471 1327 2515 1365 il-

1455 1370 1539 1413 lius,
1560 1382 1642 1407 cum
1659 1379 1821 1419 potestas
1839 1376 1890 1413 illi
1915 1380 1998 1416 data
2017 1388 2073 1419 est
2095 1383 2376 1432 Redeinptorem
2396 1390 2515 1427 cruci-

1455 1431 1518 1478 figi
1535 1445 1543 1468 :
1564 1434 1660 1470 unde
1670 1435 1768 1481 juste
1784 1441 1918 1475 meruit
1935 1442 2056 1488 abjici,
2073 1450 2110 1480 et
2127 1447 2275 1485 dimissa
2293 1457 2348 1486 est
2369 1461 2390 1486 a
2406 1452 2514 1489 domo

1455 1503 1534 1537 sua,
1561 1504 1643 1531 cum
1669 1507 1690 1532 a
1723 1504 1850 1535 sancta
1874 1499 1990 1546 ejecta
2017 1509 2073 1540 est
2093 1505 2268 1543 Ecclesia.
2295 1508 2387 1546 Hinc
2423 1522 2532 1560 quo-K

1455 1563 1524 1599 que
1544 1555 1580 1590 in
1599 1556 1792 1603 Evangelio
1811 1560 1887 1607 ipse
1903 1562 2074 1601 Dominus
2099 1567 2296 1611 praeserens
2315 1570 2386 1607 illis
2405 1571 2513 1610 fidem

1454 1618 1690 1661 centurionis,
1714 1620 1764 1655 ait
1784 1630 1794 1655 :
1815 1633 1827 1655 t
1859 1621 1959 1660 Multi
1976 1626 2123 1662 venient
2139 1628 2185 1663 ab
2207 1629 2347 1667 oriente
2363 1637 2400 1668 et
2417 1634 2513 1670 occi-

1453 1678 1574 1722 dente,
1594 1685 1629 1715 et
1650 1682 1862 1719 recumbent
1880 1695 1961 1721 cum
1981 1686 2178 1733 Abraham,
2200 1696 2236 1727 et
2253 1692 2354 1729 Isaac
2386 1700 2422 1730 et
2451 1694 2513 1732 Ja-

1453 1741 1520 1777 cob
1537 1741 1573 1776 in
1590 1752 1701 1788 regno
1721 1745 1897 1782 coelorum
1920 1759 1928 1783 :
1951 1747 2014 1784 filii
2038 1760 2159 1787 autem
2178 1753 2281 1800 regni
2310 1754 2416 1800 hujus
2449 1755 2513 1803 eji-

1452 1802 1595 1838 cientur
1614 1804 1651 1839 in
1672 1806 1840 1843 tenebras
1860 1810 2074 1854 exteriores,
2087 1811 2148 1848 ubi
2168 1813 2238 1849 crit
2251 1813 2356 1851 fletus
2374 1821 2410 1852 ct
2427 1817 2511 1853 stri-

1451 1863 1517 1898 dor
1534 1864 1694 1900 dentium
1717 1866 1859 1914 (Mateta.
1880 1869 1974 1917 viii).
1998 1884 2010 1905 ›
2029 1871 2131 1916 Quod
2154 1881 2275 1911 autem
2301 1877 2464 1923 sequitur
2498 1889 2508 1914 :

1455 1936 1465 1956 α
1487 1923 1648 1971 Cumque
1667 1937 1829 1974 egressa,
1850 1930 2004 1967 alterum
2029 1935 2201 1971 maritum
2218 1936 2375 1981 duxerit,
2399 1943 2436 1975 et
2450 1938 2510 1975 ille

1448 1993 1597 2032 propter
1627 1988 1828 2026 Ioeditatem
1860 2002 1963 2029 suam
1992 1995 2109 2031 oderit
2126 2007 2220 2041 eam,
2246 1998 2457 2045 dederitque
2475 2001 2509 2037 ei

1450 2040 1610 2083 libellum
1645 2051 1800 2094 repudii,
1833 2053 1919 2097 quia
1946 2054 2125 2091 dimiserit
2143 2057 2186 2092 de
2210 2058 2317 2094 domo
2335 2069 2412 2104 sua,
2435 2071 2509 2098 non

1448 2109 1581 2154 poterit
1598 2110 1700 2155 prior
1718 2112 1872 2149 maritus
1893 2115 2054 2160 recipere
2071 2127 2167 2161 eam,
2188 2120 2271 2164 quia
2297 2120 2431 2165 polluta
2451 2128 2509 2159 est

1448 2173 1484 2203 et
1503 2170 1759 2208 abominabilis
1779 2172 1890 2216 sacta,
1917 2187 1930 2208 ›
1962 2175 2143 2222 significat
2171 2180 2281 2225 quod,
2305 2180 2390 2217 licet
2421 2192 2506 2229 apo-

1447 2230 1529 2266 stoli
1547 2238 1628 2275 post
1649 2234 1853 2278 passionem
1879 2241 1914 2271 et
1941 2240 2246 2277 resurrectionem
2266 2241 2402 2281 Christi
2421 2255 2508 2293 syn-

1446 2299 1595 2336 agogam
1626 2292 1671 2326 ad
1704 2294 1957 2337 poenitentiam
1993 2303 2030 2334 et
2064 2299 2109 2335 ad
2141 2299 2248 2337 fidem
2286 2304 2503 2342 catholicam

1446 2350 1521 2386 suis
1536 2351 1854 2396 praedicationibus
1872 2360 2165 2404 provocaverint,
2186 2372 2339 2409 eamque
2369 2365 2504 2402 vellent

1445 2410 1668 2455 spiritalibus
1705 2415 1839 2460 nuptiis
1876 2418 2036 2462 copulari
2055 2446 2063 2461 ,
2099 2426 2218 2458 tamen
2256 2424 2402 2472 indigna
2434 2427 2504 2464 suit

1443 2472 1577 2517 prioris
1593 2474 1715 2510 mariti
1736 2478 1932 2522 consortio,
1950 2480 2034 2524 quia
2058 2481 2192 2526 polluta
2226 2493 2373 2529 errore,
2394 2493 2430 2522 et
2465 2487 2503 2524 in

1443 2536 1689 2582 voluptatibus
1719 2538 1794 2575 suis
1829 2541 2080 2579 abominabilis
2112 2543 2208 2580 facta
2223 2572 2233 2590 ,
2264 2546 2301 2582 in
2337 2547 2503 2587 foeditate

1442 2597 1597 2642 pristina
1613 2600 1826 2644 permansit.
1842 2601 1943 2638 Unde
1956 2602 2088 2650 legitur
2100 2605 2185 2651 quia
2199 2607 2349 2652 apostoli
2365 2607 2501 2647 Christi

1443 2658 1574 2695 Paulus
1602 2665 1637 2695 et
1653 2660 1839 2698 Barnabas
1870 2662 1907 2699 in
1940 2662 2144 2709 Antiochia,
2171 2676 2322 2704 excusso
2351 2669 2501 2715 pulvere

1441 2718 1572 2764 pedum
1592 2719 1630 2755 in
1646 2718 1810 2765 Judaeos,
1832 2722 2000 2759 dixerunt
2022 2736 2030 2758 ε
2054 2736 2067 2758 ι
2093 2724 2203 2763 Vobis
2221 2729 2408 2774 oportebat
2427 2729 2500 2775 pri-

1442 2788 1541 2815 mum
1558 2779 1658 2826 loqui
1677 2783 1826 2819 verbum
1845 2783 1921 2827 Dei,
1934 2785 1997 2821 sed
2017 2787 2187 2832 quoniam
2204 2789 2376 2835 repellitis
2394 2789 2495 2834 illud,

1442 2845 1478 2875 et
1505 2841 1673 2888 indignos
1690 2853 1754 2880 vos
1768 2844 1943 2891 judicatis
1967 2847 2050 2883 vitae
2068 2853 2225 2892 aeternae,
2245 2859 2330 2886 ecce
2345 2861 2497 2888 eonver-

1357 2911 1423 2961 :D
1443 2903 1554 2939 timur
1585 2905 1630 2940 ad
1659 2911 1785 2951 gentes
1821 2906 1911 2954 (Ace.
1935 2907 2031 2955 xiii).
2063 2922 2076 2943 ι
2106 2908 2339 2957 Tropologice
2372 2919 2495 2950 autem

1440 2965 1549 3001 homo
1569 2977 1719 3003 uxorem
1739 2969 1884 3015 accipit,
1907 2981 1990 3006 cum
2019 2972 2172 3009 actionis
2202 2979 2356 3012 terrenae
2376 2977 2492 3014 susci-

1440 3025 1493 3072 pit
1511 3036 1650 3071 curam,
1666 3028 1768 3073 cujus
1785 3040 1867 3066 cum
1884 3030 2085 3068 soeditatem
2117 3036 2338 3081 cognoverit,
2358 3037 2419 3073 dat
2451 3037 2495 3075 li-

1438 3085 1573 3122 bellum
1593 3089 1746 3134 repudii,
1767 3096 1802 3126 et
1823 3091 1975 3129 dimittit
1991 3103 2070 3130 eam
2095 3094 2140 3131 de
2171 3096 2277 3133 domo
2309 3107 2386 3142 sua,
2406 3099 2493 3146 quia

1438 3156 1534 3192 saepe
1550 3148 1631 3194 ipsa
1649 3155 1793 3186 terrena
1811 3152 1918 3196 actio,
1939 3163 2019 3200 qnae
2036 3155 2136 3201 prius
2158 3166 2266 3203 quam
2298 3159 2492 3197 haberetur

1436 3206 1580 3244 sortiter
1591 3211 1793 3255 amabatur,
1803 3223 1887 3249 cum
1903 3215 2027 3251 habita
2044 3215 2168 3261 suerit,
2179 3218 2282 3264 eujus
2291 3220 2490 3259 sitfoedita-
2518 3219 2522 3222 ⁴
2538 3263 2540 3275 ἰ

1432 3270 1481 3306 tis
1498 3272 1717 3316 agnoscitur,
1730 3282 1811 3308 cum
1832 3283 1912 3310 esse
1927 3276 2065 3321 polluta
2082 3287 2150 3322 per
2160 3285 2311 3325 peecata
2330 3281 2486 3319 videtur.
2533 3296 2540 3326 j

1431 3330 1597 3367 Dimittat
1613 3341 1699 3379 ergo
1717 3333 1774 3368 vir
1791 3343 1872 3370 eam
1890 3335 1936 3371 de
1954 3336 2061 3373 domo
2080 3347 2158 3382 sua,
2178 3344 2218 3375 ut
2233 3349 2392 3379 amorem
2411 3343 2488 3390 ejus

1430 3391 1577 3438 abjiciat
1604 3402 1627 3429 a
1645 3399 1767 3430 mente
1786 3404 1865 3431 sua.
1898 3394 1983 3440 Quae
2015 3407 2161 3445 egressa
2194 3401 2348 3439 alterum
2365 3404 2487 3443 virum

1429 3454 1598 3502 accipiat,
1614 3455 1699 3502 quia
1729 3460 1912 3494 terrenam
1935 3459 2115 3498 actionem
2144 3473 2254 3509 quam
2275 3470 2315 3502 tu
2335 3467 2485 3513 deseris,

1433 3515 1524 3552 alius
1533 3516 1768 3563 concupiscit.
1787 3516 1857 3555 Sed
1871 3517 2027 3557 fortasse
2041 3526 2079 3558 et
2096 3522 2164 3570 ipsi
2176 3523 2215 3560 in
2231 3525 2354 3563 odium
2372 3537 2487 3574 quan-

1432 3577 1549 3624 doque
1568 3583 1720 3616 ventnra
1739 3585 1808 3625 est,
1826 3585 1868 3617 ut
1898 3591 1978 3618 eam
2010 3583 2148 3623 utiliter
2179 3585 2351 3624 dimittat.
2385 3589 2484 3628 Bene

1432 3645 1553 3677 autem
1570 3641 1718 3687 dicitur,
1740 3653 1754 3676 ι
1783 3641 1968 3681 Dimiserit
1982 3654 2079 3691 eam,
2105 3646 2166 3684 vel
2187 3652 2288 3686 certe
2317 3653 2486 3690 mortuus

1431 3699 1552 3746 suerit,
1569 3713 1582 3736 ι
1596 3701 1681 3749 quia
1693 3701 1943 3752 unusquisque
1953 3709 2136 3746 terrenam
2147 3716 2275 3748 curam
2289 3714 2354 3750 aut
2361 3710 2483 3750 dimit-
