2540 4016
32 65 73 95 σο

28 116 123 184 {⁸⁸¹
217 135 234 156 ι
650 122 987 181 ΕΧΡΟΞῘΉΟΝΕὓ
1011 124 1058 161 ΙΝ
1083 126 1349 167 LEvmcmt.
1372 69 1530 171 :UB-
1554 135 1629 173 Vlia
2151 149 2225 190 583

54 191 157 232 verbi
175 195 291 243 gutia
316 201 395 234 erat
410 196 520 234 Panlo
537 195 762 243 Timotheus,
792 203 830 234 et
854 204 1042 246 propterea
1060 200 1104 236 de
1120 202 1157 242 A
1174 206 1214 256 eg
1230 202 1406 240 doctrinae
1421 202 1659 245 intellectum.
1674 207 1755 255 Ipse
1767 211 1867 260 enim
1884 195 1982 255 solus
1998 220 2220 270 inm-asem}

54 265 101 293 eo
116 256 161 292 ad
174 255 380 295 Corinthios
393 258 535 304 scripsit
550 270 559 294 :
579 257 653 302 Qui
665 265 713 294 etet
730 258 826 304 filius
839 269 938 295 meus
956 259 1102 295 dilectas

53 316 95 353 in
118 316 284 361 Domino,
310 319 382 366 ipae
397 329 455 355 vos
474 318 762 365 commonefaciat
795 320 870 355 vias
891 330 1003 362 meas,
1025 330 1104 366 quoe

55 383 137 412 sunt
155 377 191 412 iu
211 375 348 413 Christo
362 377 460 413 Iesu.
481 377 583 413 Hunc
596 378 657 424 qui
675 377 755 414 tali-s
771 383 827 414 est
845 388 950 414 nemo
966 380 1103 415 saneti-

56 434 155 480 ficet‚
176 447 247 474 non
264 438 531 484 quiaindignus
561 444 617 474 est
644 438 944 482 sanctificatione,
971 427 1037 475 sed
1064 445 1104 475 ut

55 497 118 543 qui
142 508 214 534 non
237 504 342 546 egeat
366 499 607 536 sanctificari:
627 505 682 536 est
709 501 805 536 enim
827 501 916 537 olim
942 505 1102 538 sanetus.

55 557 221 595 Didicisti
263 561 360 596 enim
399 561 577 606 quomodo
609 566 646 596 et
678 562 846 607 superius
880 561 1101 607 dicebamus,-

55 619 137 663 quia
153 619 249 655 aliud
266 625 321 656 est
339 625 502 656 sanctum
518 631 597 657 esse
613 621 747 667 aliquid
761 621 849 664 Deo,
871 622 967 659 aliud
984 628 1104 659 autem

55 678 198 714 initium
228 679 525 717 sanctificationis
549 682 711 718 sumere?
739 682 827 718 illud
852 683 948 719 enim
976 683 1105 719 melius

55 748 98 775 ac
126 738 293 783 superius
319 744 384 782 est,
415 745 456 775 ut
481 747 565 786 pote
594 742 688 787 quod
709 742 797 778 olim
821 743 1021 788 perfeetum
1049 748 1105 779 est

54 805 91 836 et
120 799 369 836 melioratione
398 811 469 837 non
490 807 582 848 eget.
601 803 691 846 Quia
711 812 797 849 ergo
815 803 926 846 filius,
947 803 1009 848 qui
1024 809 1104 839 tan-

55 866 131 896 tum
161 861 315 897 honorat
346 868 487 907 patrem
517 868 553 899 et
582 869 735 901 matrem
763 869 804 900 ut
825 864 906 900 aliis
934 863 997 900 fiat
1020 864 1104 902 talis

0 965 1 968 Ἴ
54 920 202 957 honoris
227 922 452 968 exemplum;
478 924 660 960 honorans
684 929 804 960 autem
825 929 972 970 propter
987 925 1103 970 pieta-

55 986 141 1024 tem,
170 982 205 1017 id
233 987 309 1024 est,
342 988 490 1030 propter
517 983 762 1019 obedientiam
787 984 895 1030 legis,-
922 990 959 1020 et
984 986 1102 1022 sciens

53 1042 137 1088 quia
154 1042 229 1079 Deo
247 1042 343 1078 hune
367 1041 471 1078 offert
496 1043 670 1079 honorem
689 1044 750 1088 qui
770 1043 942 1080 honorari
960 1051 1101 1091 patrem

1174 262 1294 299 minus
1314 271 1382 306 est,
1405 269 1554 311 propter
1579 267 1675 311 quod
1689 268 1782 304 dixit
1799 281 1810 306 t
1829 271 1943 311 Addet
1961 280 2116 323 quamam
2140 283 2224 332 9⁰¹²·

1173 328 1242 358 tem
1274 324 1394 368 pretii,
1428 325 1514 380 quia
1542 325 1699 371 pretium
1727 328 1839 366 habet
1867 326 2085 376 obedientia.
2118 331 2222 383 unda

1173 391 1248 418 non
1265 382 1316 418 ait
1337 394 1346 418 t
1367 383 1682 422 AEstimavitxeum
1698 387 1872 426 sacerdos
1886 391 1979 427 sicut
1993 403 2101 442 supra
2113 387 2220 449 dixu,

1174 442 1239 479 sed
1246 443 1342 479 sieut
1356 444 1622 491 olim,pretium
1631 447 1839 485 habentem.
1855 449 1894 487 Si
1904 456 2107 493 autemnon
2122 449 2226 499 redo..

1173 503 1281 540 merit
1289 504 1371 550 quis
1381 504 1511 548 tilium,
1527 511 1771 551 aut-servum,
1780 507 1842 557 aut
1857 499 2071 559 discipulum
2086 511 2230 570 [quem]

1172 563 1334 610 possidet
1350 575 1360 607 ;
1382 565 1495 610 ipsius
1512 567 1610 603 enim
1625 578 1710 605 eum
1724 569 1904 608 redimere
1922 578 1995 622 est,
2010 580 2049 612 et
2058 585 2125 621 per
2142 589 2225 624 pru-

1173 622 1318 659 dentem
1352 623 1639 663 admonitionem
1673 634 1861 666 sensatum
1891 619 2062 679 erficere,
2098 647 2227 675 secun-

1174 682 1260 719 dum
1298 685 1444 722 modum
1484 687 1546 733 qui
1584 688 1701 725 dictus
1728 694 1800 735 est,
1832 691 2011 732 alienatur
2043 696 2090 734 ab
2118 697 2228 745 hujus

1173 754 1418 790 possessione.

1574 809 1726 849 CAPUT
1752 811 1846 851 XVI.

1174 889 1262 936 Quae
1295 903 1547 933 consecrantur
1563 898 1715 936 Domino
1735 913 1805 938 non
1830 900 1975 950 possunt
1997 899 2134 955 redimi,
2165 909 2229 949 sed

1315 951 1517 984 permanere
1539 946 1662 982 debent
1675 948 1715 984 ἐπ’
1727 947 1824 985 illius
1836 954 2066 997 possessione.-

1220 1024 1340 1086 (lmn.)
1370 1020 1481 1066 Omne
1494 1028 1587 1078 quod
1604 1026 1754 1071 Domino
1782 1031 2010 1076 consecra‘iu'r
2030 1037 2098 1079 sive
2123 1042 2227 1083 leonto

0 1128 4 1133 .
51 1102 222 1148 praecepit
249 1115 257 1137 ε
292 1102 448 1147 primum
480 1102 610 1138 horum
647 1104 855 1140 mandatum
873 1132 882 1148 ‚
917 1106 1013 1152 quod
1046 1112 1101 1143 est
1121 1098 1153 1138 Β
1173 1085 1252 1130 erit,
1281 1087 1350 1123 siue
1375 1089 1520 1134 animat,
1551 1091 1622 1127 sive
1640 1095 1737 1139 aqer,
1756 1106 1826 1130 non
1851 1094 2034 1144 vendetur,
2052 1103 2113 1139 n'ec
2135 1094 2229 1141 redi·-

50 1161 87 1198 in
116 1162 374 1208 promissione:
402 1163 610 1206 secundum,
628 1164 724 1209 quod
749 1164 881 1201 Paulus
906 1166 1010 1210 dixit,
1031 1167 1099 1203 im-

49 1221 173 1267 plevit.

97 1281 198 1318 Servi
230 1287 349 1318 autem
367 1282 427 1328 qui
449 1282 601 1319 Domino
620 1294 711 1329 pure
731 1286 933 1321 subduntur
950 1293 1100 1334 propter

48 1343 272 1386 mandatum,
296 1342 341 1379 de
360 1343 490 1388 quibus
506 1344 593 1379 dicit
614 1355 622 1379 ι
646 1344 762 1388 Servi,
785 1346 917 1381 obedite
950 1347 1100 1384 dominis

49 1404 248 1441 carnalibus
270 1415 348 1440 cum
366 1404 489 1439 timore
510 1410 541 1441 et
565 1411 712 1440 tremore
733 1407 769 1441 in
793 1407 1013 1453 simplicitate
1029 1420 1102 1443 cor-

47 1464 101 1500 dis
123 1464 212 1499 sicut
240 1463 405 1506 Domino,
439 1474 509 1499 non
541 1464 585 1498 ad
614 1464 753 1499 oculum
775 1466 973 1509 servientes,
1009 1469 1099 1503 sicut

48 1523 244 1558 homiuibus
270 1522 456 1568 placentes,
487 1523 546 1558 sed
565 1524 654 1558 sicut
680 1525 770 1559 servi
792 1524 921 1561 Christi
954 1526 1097 1573 (Eptees.

50 1581 115 1627 vi),
138 1581 378 1617 obedientiam
406 1581 479 1617 Deo
505 1582 699 1617 ostendunt
728 1593 736 1616 ε
761 1583 830 1619 hoc
851 1590 971 1620 autem
1003 1586 1098 1622 idem

49 1641 157 1678 saciet
186 1646 222 1677 et
245 1641 454 1687 discipulus,
480 1642 532 1677 sic
559 1643 732 1688 magistro
756 1643 954 1691 [obediens]
975 1646 1020 1681 ad
1040 1647 1101 1683 ho-

48 1713 175 1740 norem
195 1703 272 1745 Dei‚
295 1703 356 1748 qui
379 1713 443 1749 per
474 1703 625 1739 Paulum
650 1706 801 1741 sancivit
822 1719 829 1741 ε
850 1706 994 1743 Obedite
1012 1720 1099 1754 prce-

47 1765 168 1810 positis
198 1764 318 1800 vestris
339 1770 371 1799 et
385 1765 559 1810 subjacete
583 1766 658 1800 eis:
676 1766 741 1811 ipsi
768 1767 860 1802 enim
892 1769 1098 1814 perviqilant

47 1837 109 1872 pro
124 1825 306 1861 animabus
316 1825 433 1860 vestris
450 1836 462 1860 .·
486 1825 618 1860 obedite
638 1832 669 1860 et
689 1826 834 1871 subjecti
851 1833 956 1863 estote
973 1828 1096 1874 (Ilebr.

23 1935 27 1939 ἱ
49 1889 144 1935 xm).
168 1889 223 1925 Ad
243 1889 356 1924 Deum
377 1889 512 1925 referre
532 1899 574 1925 ea
597 1900 677 1935 quae
693 1897 776 1926 sunt
793 1892 899 1937 hujus
920 1894 1095 1930 obedien-

49 1953 108 1989 tiae
139 1958 175 1988 et
207 1951 439 1997 subjectionis
465 1952 652 1988 evidenter
688 1954 936 1999 unusquisque
967 1956 1097 1990 horum

1171 1146 1221 1182 iiii
1237 1144 1375 1194 poterit.
1398 1144 1578 1205 Quidquid
1598 1152 1703 1188 semel
1732 1154 1838 1198 suerit
1867 1154 2119 1205 consectatum,
2150 1174 2231 1200 san-

1171 1211 1226 1243 cta
1243 1207 1446 1244 sanctorum
1467 1211 1532 1245 erit
1553 1209 1655 1254 Deo,·
1683 1209 1729 1248 Et
1751 1215 1862 1251 omnis
1893 1213 2120 1266 consecratio,
2150 1223 2229 1270 quoe

1171 1268 1319 1315 offertur
1333 1270 1376 1305 ab
1395 1271 1546 1316 homine,
1570 1285 1639 1309 non
1664 1274 1869 1321 redimetur,
1888 1277 1950 1314 sed
1969 1288 2079 1318 morte
2094 1284 2223 1321 morie-

1170 1335 1239 1364 tur.
1277 1330 1363 1373 Quin
1387 1325 1590 1368 differentia
1626 1339 1683 1370 est
1715 1335 1811 1372 inter
1840 1335 2146 1380 anathematizare
2184 1350 2222 1381 et

1172 1389 1402 1426 sanctificare
1424 1393 1619 1428 secundum
1637 1392 1795 1432 litteram
1816 1408 1882 1444 per
1901 1409 1943 1435 ea
1961 1398 2041 1446 q'uae
2059 1403 2226 1451 superius

1171 1448 1336 1485 discussa
1358 1455 1442 1486 sunt
1467 1452 1703 1497 ostendimus,
1724 1456 1785 1492 ubi
1814 1457 1883 1493 hoc
1902 1460 1995 1504 qnod
2020 1454 2228 1500 anatliema-

1170 1509 1320 1546 tizatum
1339 1517 1394 1547 est
1413 1513 1510 1548 nullo
1532 1514 1638 1550 modo
1657 1515 1692 1550 in
1727 1527 1830 1554 usum
1849 1517 2061 1566 humanum,
2079 1525 2226 1569 nullius,

1170 1581 1213 1606 ne
1230 1571 1373 1617 quidem
1395 1573 1607 1617 sacerdotis,
1631 1573 1685 1611 sas
1705 1586 1784 1613 esse
1802 1580 1947 1622 reverti,
1978 1573 2148 1628 diximus,
2170 1596 2227 1623 se-

1168 1632 1323 1667 cundum
1338 1630 1618 1670 Amalecitarum
1642 1636 1845 1674 historiam.
1862 1638 1940 1676 Non
1965 1637 2082 1679 solum
2097 1651 2219 1683 autem

1169 1693 1248 1735 boc,
1282 1695 1344 1730 sed
1370 1695 1454 1740 quia
1485 1706 1707 1742 quaecunque
1726 1698 1808 1744 jure
1827 1692 1910 1737 belli
1929 1713 1970 1738 ac
1993 1701 2035 1739 de'
2063 1705 2223 1744 inimicis

1169 1765 1248 1790 cum
1268 1755 1399 1801 quibus
1422 1757 1493 1793 non
1509 1759 1695 1802 oportebat
1712 1761 1907 1797 amicitiam
1924 1755 2090 1810 jungere,
2111 1764 2224 1812 spolia

1169 1817 1359 1853 sumebant
1397 1823 1478 1864 post
1515 1819 1705 1856 victoriani
1734 1827 1770 1857 et
1800 1822 2117 1870 depraedationem,
2150 1823 2227 1866 haec

1167 1877 1348 1914 faciebant
1376 1881 1582 1924 anathema,
1615 1881 1652 1918 et
1670 1893 1739 1918 non
1761 1894 1779 1918 a
1807 1880 2024 1932 semetipsis,
2061 1881 2124 1924 sed
2149 1888 2223 1926 Deo

1166 1939 1397 1984 praecipiente
1414 1953 1422 1974 z
1438 1951 1663 1988 quaecunque
1682 1944 1777 1979 enim
1797 1943 1980 1992 propbetae
1996 1948 2224 1996 praecipiunt,

48 2013 208 2051 dicitur:
238 2018 273 2049 et
319 2013 393 2050 sive
434 2023 498 2059 per
539 2015 672 2050 bonam
717 2015 984 2061 Simplicitatem
1021 1997 1146 2062 pla-C
1169 1998 1399 2035 manifestum
1434 2006 1488 2036 est
1515 2003 1599 2047 quia
1624 2003 1688 2039 Dei
1722 2012 1899 2052 praecepta
1929 2007 2024 2043 sunt.
2060 1998 2155 2056 Ergo
2189 2005 2226 2047 et

47 2084 132 2112 cens
148 2081 204 2112 est
220 2076 306 2118 Deo,
339 2075 413 2110 sive
438 2085 503 2121 per
522 2076 721 2111 studiosam
745 2076 997 2111 mandatorum
1012 2087 1098 2122 ope-

47 2138 237 2181 rationem,
260 2143 296 2174 et
315 2137 515 2183 quidebeat
534 2139 598 2173 bos
617 2143 765 2184 propter
780 2139 849 2173 hoc
867 2142 929 2173 aut
943 2139 1020 2174 ovis
1036 2148 1097 2174 no-

47 2198 177 2233 minari
194 2198 350 2240 Domini,
370 2203 520 2244 uterque
538 2205 606 2234 esi.

95 2258 197 2301 Quod
212 2259 242 2293 si
263 2258 479 2293 immundum
497 2263 547 2293 est
580 2257 724 2302 animal,
741 2258 883 2294 redimet
906 2258 965 2304 qui
997 2258 1097 2293 obtu-

47 2319 125 2354 lerit
152 2319 259 2364 Juxta
284 2318 563 2361 testitnatiouem,
599 2324 631 2353 et
663 2319 764 2354 addet
787 2319 945 2365 quintam
963 2325 1097 2365 partem

45 2378 175 2424 pretii:
196 2378 227 2413 si
260 2377 426 2413 redimere
462 2377 623 2421 noluerit,
655 2378 822 2414 vendetur
854 2378 967 2414 alteri.
1005 2377 1097 2422 Quia

45 2438 250 2474 immundus
275 2439 392 2474 omnis
407 2445 575 2484 peccator
592 2445 662 2481 est,
679 2439 909 2475 manifestum
928 2446 983 2475 est
1001 2439 1098 2474 :Im-

45 2501 197 2535 mundus
219 2501 310 2536 enim
337 2506 399 2544 est,
418 2501 534 2546 inquit
552 2501 736 2544 Salomon,
767 2508 847 2537 ante
877 2507 1096 2547 conspectum

45 2559 188 2594 Domini
218 2560 329 2595 omnis
352 2561 520 2606 iniquus;
542 2560 686 2606 iniquus
703 2561 800 2595 enim
818 2565 887 2603 est,
917 2560 1000 2604 quia
1023 2563 1097 2594 tam

45 2618 211 2653 meditari
239 2628 348 2663 quam
370 2618 579 2655 discernere
601 2619 731 2663 legem,
759 2630 839 2654 eum
868 2619 1028 2654 ruminat
1062 2624 1098 2655 et

45 2678 215 2724 ungulam
234 2677 352 2722 findit,
387 2679 573 2725 legislator
589 2678 698 2724 jussit
718 2692 726 2714 ε
748 2680 952 2726 quicunque
987 2690 1096 2715 unum

46 2748 92 2774 ex
116 2739 172 2774 bis
199 2739 318 2774 minus
354 2740 478 2781 habet,
507 2740 543 2774 id
574 2745 643 2783 est,
688 2739 894 2785 quicunque
926 2740 1097 2775 obediens

44 2798 190 2846 quidem
223 2805 292 2842 est,
315 2805 350 2835 et
382 2801 616 2836 vehementer
636 2800 801 2836 subditus
818 2801 927 2846 patri,
953 2806 1016 2835 aut
1034 2801 1096 2836 do-

44 2859 156 2903 mino,
186 2864 249 2895 aut
270 2859 457 2905 magistro,
490 2870 561 2896 non
580 2865 700 2895 tamen
720 2860 810 2906 legis
841 2860 932 2896 sicut
952 2866 1096 2906 oportet

44 2919 212 2955 meditari
247 2925 308 2954 aut
332 2919 553 2965 distinguere
579 2920 694 2962 novit,
727 2920 988 2966 primogenitus
1015 2921 1094 2966 qui-

45 2978 125 3015 dem
143 2979 180 3014 in
194 2980 386 3024 pecoribus
412 2985 466 3016 est
482 2980 575 3015 sicut
590 2980 804 3015 obedientiae
822 2980 906 3023 dux,
938 2981 1094 3017 immun-

46 3037 112 3074 dus
145 3044 265 3075 autem
300 3044 368 3082 est,
394 3039 479 3085 quia
506 3050 577 3074 non
609 3039 717 3074 habet
744 3040 812 3075 boc
837 3039 933 3085 quod
958 3041 1094 3076 habere

45 3099 220 3135 mundum
252 3098 436 3145 legislator
463 3098 583 3144 jussit.
621 3099 659 3135 Si
676 3110 762 3156 ergo
783 3110 863 3136 eum
880 3106 999 3146 pater,
1031 3107 1093 3137 aut

45 3159 227 3202 dominus,
261 3164 322 3194 aut
351 3159 524 3206 magister
553 3159 630 3195 vult
660 3160 851 3202 redimere,
895 3158 1093 3197 secundum

45 3219 320 3256 aestimationem
347 3218 425 3265 ejus
465 3220 678 3264 redimet-ur,
719 3226 756 3257 et
788 3219 895 3258 addet
930 3218 1092 3268 quintam

43 3283 183 3326 partem
221 3272 342 3326 pretii.
380 3279 497 3317 Addet
521 3281 696 3326 quintam,
732 3291 814 3317 cum
847 3279 1033 3318 intellectu
1060 3282 1093 3318 ei

45 3337 242 3375 donuinam
262 3338 428 3389 offerens,
462 3340 498 3375 in
519 3339 735 3387 sapientiam
761 3350 844 3377 eum
869 3337 1090 3387 gubernans,

47 3401 85 3435 et
100 3407 173 3435 non
187 3390 399 3445 insipienter
419 3409 575 3446 regens3
596 3400 770 3451 insensati
791 3400 887 3436 enim
906 3401 1036 3446 patriS,
1057 3406 1094 3437 et

47 3446 196 3503 donini,
215 3463 251 3494 et
265 3458 426 3506 magistri
444 3465 500 3496 est
517 3459 773 3502 obedientiam,
795 3470 875 3505 quae
891 3460 938 3496 ad
958 3469 996 3497 se
1013 3470 1094 3506 per-

24 3511 155 3569 Wtinet,
173 3517 211 3559 et
226 3514 356 3559 docere
371 3522 499 3567 filium,
518 3522 574 3559 vel
592 3521 822 3570 discipulum,
853 3521 910 3565 vel
929 3522 1091 3566 servum,

47 3585 103 3637 >0²4
116 3591 188 3619 non
211 3577 401 3630 disponere
434 3582 512 3629 eius
545 3582 670 3626 vitam,
706 3586 746 3618 ut
771 3581 967 3618 secundum
1003 3580 1093 3628 legis

50 3639 236 3681 ”lentiam
246 3636 438 3690 ‘operetun
473 3642 754 3690 permittereque
790 3651 872 3678 eum
909 3639 1093 3677 indoctum

52 3695 135 3738 esse*
151 3699 190 3738 in
207 3692 345 3753 loaebet
357 3700 576 3750 imperitum.
606 3702 724 3740 Addat
751 3703 858 3750 igitur
878 3701 1091 3751 subjectioni

1168 2070 1233 2095 nos
1260 2061 1499 2108 quodcunque
1525 2063 1810 2110 intelligibilibus
1829 2066 1998 2110 inimicis,
2024 2069 2059 2104 id
2077 2076 2133 2105 est
2153 2071 2224 2107 dae-

1167 2123 1346 2166 monibus,
1371 2130 1584 2170 pugnantes,
1623 2136 1705 2161 cum
1739 2127 1870 2171 quibus
1898 2130 2004 2165 nobis
2035 2141 2106 2166 non
2139 2131 2225 2169 licet

1167 2184 1347 2220 amicitias
1361 2184 1526 2231 jungere,
1555 2192 1679 2221 contra
1698 2196 1787 2231 quos
1807 2187 2015 2225 inimicitias
2036 2197 2071 2226 et
2086 2192 2225 2228 incom-

1166 2245 1358 2281 mutabiles
1379 2245 1566 2282 babemus.
1584 2245 1737 2294 Propter
1757 2249 1851 2294 quod
1871 2249 2043 2288 Dominus
2060 2252 2222 2291 dicebat:

1168 2303 1251 2340 Non
1270 2306 1346 2340 veui
1370 2306 1509 2340 mittere
1524 2317 1643 2351 pacem
1663 2307 1857 2351 interram,
1878 2309 1938 2344 sed
1955 2310 2126 2355 ylariium,
2144 2324 2227 2359 pro-

1165 2372 1244 2411 pter
1275 2367 1371 2411 quod
1405 2367 1540 2402 dividet
1570 2368 1753 2404 hominem
1792 2370 1964 2407 adversus
1995 2376 2149 2418 patrem,
2187 2382 2223 2412 et

1166 2426 1276 2461 liliam
1299 2426 1470 2462 adversus
1499 2433 1652 2462 matrem
1672 2427 1813 2475 (ΜατιΙι.
1830 2430 1882 2477 x),
1913 2436 1949 2466 et
1977 2433 2110 2469 scindit
2128 2445 2223 2471 eom-

1165 2487 1370 2534 passionem
1401 2488 1557 2532 generis,
1581 2494 1620 2522 ut
1644 2487 1811 2524 deorsum
1830 2485 2076 2536 relinquentes
2099 2496 2220 2533 carnis

1166 2548 1466 2593 compassionem,
1497 2547 1638 2583 facilius
1661 2549 1892 2594 incorporeos
1916 2552 2137 2598 perimamus
2157 2555 2223 2592 ini-

1166 2610 1291 2651 micos,
1324 2608 1399 2644 sive
1417 2609 1614 2652 hominem,
1657 2609 1732 2646 sive
1751 2620 1874 2655 pecus,
1912 2612 1988 2648 sive
2008 2624 2134 2660 agrum
2154 2626 2221 2662 pro

1165 2670 1278 2716 spolio
1299 2681 1343 2705 ex
1360 2669 1455 2705 bello
1471 2670 1565 2715 quod
1590 2676 1713 2707 contra
1730 2674 1792 2707 eos
1818 2671 2007 2716 habemus,
2039 2671 2148 2722 atque
2162 2677 2218 2713 vi-

1165 2732 1315 2768 ctoriam
1345 2731 1684 2777 conquisiverimus,
1716 2739 1931 2770 consecrare
1948 2727 2109 2782 [quidem
2145 2732 2220 2775 Deo

1165 2794 1242 2829 haee
1274 2793 1460 2835 debemus,
1488 2793 1540 2828 sic
1572 2801 1693 2830 autem
1731 2803 1960 2839 consecrare,
1998 2801 2037 2832 ut
2063 2791 2153 2834 nihil
2181 2800 2219 2836 in

1166 2853 1218 2889 eis
1235 2853 1432 2888 babeamus
1450 2857 1582 2888 nostrae
1606 2853 1813 2889 voluntatis.
1834 2848 1903 2890 Sed
1922 2852 1998 2890 sive
2017 2867 2090 2892 suae
2111 2864 2218 2904 pote-

1163 2914 1267 2950 statis
1287 2912 1465 2960 quispiam
1481 2918 1550 2955 est,
1590 2905 1658 2949 hoc
1676 2914 1773 2949 enirn
1807 2905 1861 2950 est
1879 2924 1963 2952 vere
1991 2906 2110 2963 bomo,
2133 2919 2219 2965 quid

1165 2975 1317 3010 dicimus
1336 2979 1456 3009 autem
1476 2984 1555 3010 eum
1585 2975 1645 3019 qui
1670 2970 1875 3011 nullalenus
1893 2970 1997 3012 nobis
2030 2976 2216 3026 subJectus

1163 3039 1233 3077 est,
1266 3034 1327 3070 sed
1347 3033 1497 3079 :equalis
1536 3035 1642 3070 nobis
1667 3024 1723 3071 est
1745 3036 1941 3072 secundum
1975 3038 2219 3076 conversatio-

1163 3106 1260 3139 nem,
1283 3095 1358 3131 sive
1374 3105 1455 3131 eum
1475 3095 1535 3141 qui
1555 3094 1661 3131 nobis
1682 3093 1865 3142 subjectus
1884 3102 1954 3140 est,
1975 3095 2011 3132 et
2026 3098 2216 3144 propterea

1162 3165 1271 3201 pecus
1287 3153 1508 3199 nominatur,
1530 3151 1770 3201 intelligibiles
1801 3147 1924 3192 hostes
1949 3154 2134 3192 vincentes
2153 3167 2215 3192 ac·-

1162 3209 1443 3262 quisiverimus;
1480 3208 1557 3252 sive
1576 3214 1619 3251 de
1639 3225 1726 3261 agro
1745 3214 1997 3261 possessionis,
2024 3214 2061 3250 id
2076 3220 2143 3258 est,
2167 3219 2213 3253 ex

1162 3288 1234 3324 qua
1251 3277 1368 3314 sortiti
1386 3287 1526 3320 sumus,
1558 3275 1867 3312 conversationem
1884 3275 1920 3309 in
1941 3274 2063 3319 spoliis
2078 3277 2114 3310 et
2137 3275 2213 3313 tro-

1161 3339 1248 3386 paeis
1265 3338 1535 3385 sumpserimus,
1560 3334 1687 3372 contra
1706 3333 1870 3369 inimicos
1887 3329 2130 3389 intelligibiles
2146 3344 2213 3382 pu-

1162 3398 1329 3447 gnantes,
1347 3397 1414 3434 nec
1428 3396 1637 3433 venundare
1650 3386 1727 3430 haec
1742 3397 1948 3440 possumu5‚
1969 3398 2037 3430 ne‘c
2056 3386 2195 3433 redime

1162 3454 1202 3497 re
1231 3469 1321 3506 opus
1338 3448 1526 3499 habemus,
1543 3454 1627 3502 quia
1649 3458 1756 3489 omne
1773 3447 2026 3490 conseer-atolfi
2043 3455 2209 3494 sanetum

1161 3515 1371 3556 sanctorum
1394 3521 1450 3553 est
1465 3511 1628 3550 Domino.
1653 3504 1840 3556 Quomodo
1853 3509 1973 3549 autem
1994 3508 2077 3550 audi
2101 3521 2112 3550 ε
2136 3521 2209 3552 non

1161 3578 1279 3626 potest
1305 3576 1435 3622 aliquis
1471 3563 1675 3620 exspoliare
1691 3568 1878 3608 inimicum
1895 3570 2088 3620 antequam
2124 3574 2209 3610 euin

1161 3629 1318 3687 perfecte
1335 3635 1511 3681 subjiciat,
1534 3626 1626 3670 sicin
1644 3624 1818 3670 Dominus
1829 3625 1961 3670 ludaeis
1974 3628 2088 3670 dixit:
2109 3632 2208 3678 ραυ-

1162 3698 1263 3736 modo
1278 3697 1387 3746 potest
1409 3687 1534 3742 diiquis
1554 3684 1689 3743 liiqi‘ffll
1716 3687 1754 3731 tu
1773 3692 1914 3730 dcimam
1941 3690 2047 3742 fortia
2061 3699 2096 3731 et
2121 3693 2207 3732 vata
