2540 4016
318 176 389 215 927

313 323 327 344 «
356 309 476 356 ginem
495 308 669 348 familiam
687 317 799 358 tuam,
820 319 857 351 et
873 324 958 352 ecce
977 317 1054 353 haec
1069 322 1154 353 sunt
1170 318 1273 364 signa
1286 318 1366 355 vir-

311 381 325 404 «
353 370 514 416 ginitatis
533 371 616 408 filiae
626 383 727 409 meae.
744 375 958 421 Expandcnt
975 378 1230 415 vestimentum
1241 390 1365 419 coram

311 442 324 464 ι
353 431 557 470 senioribus
586 433 760 480 civitatis,
799 440 1144 487 apprehendentque
1181 453 1286 481 senes
1302 455 1364 481 ur-

311 504 323 526 «
354 492 410 528 his
432 493 527 531 illius
561 495 698 540 virum,
732 503 769 534 et
796 501 1044 539 verberabunt
1061 514 1157 549 eum,
1193 507 1364 544 condem-

309 565 321 586 «
350 559 478 590 nantes
507 555 655 602 insuper
676 563 821 595 centum
841 561 939 597 siclis
966 564 1118 608 argenti,
1152 575 1242 611 quos
1263 567 1363 604 dabit

308 626 321 648 ‹
348 615 488 661 puelloe,
504 618 672 662 quoniam
683 619 1019 660 diffamavitnomen
1038 626 1235 670 pessimum
1255 638 1363 674 super

307 685 320 708 a
351 675 528 721 virginem
548 677 673 722 Israel,
709 680 929 729 habebitque
948 695 1027 721 eam
1048 697 1212 730 uxorem,
1227 694 1264 724 ct
1287 700 1359 725 non

307 747 320 769 ‹
350 737 482 782 poterit
502 738 683 776 dimittere
701 743 798 778 omni
817 748 978 790 tempore
1001 747 1085 784 vitae
1104 758 1190 784 suae.
1213 748 1315 793 Quod
1330 751 1360 787 si

307 806 321 829 ι
351 806 477 833 verum
488 803 542 834 est
560 800 655 845 quod
665 801 803 847 objicit,
819 810 854 839 et
873 815 943 841 non
955 811 1011 842 est
1025 808 1171 844 inventa
1189 809 1226 844 in
1240 811 1359 855 puella

307 866 321 888 ι
348 856 551 903 virginitas,
573 858 718 904 ejicient
738 872 816 898 eam
846 871 950 901 extra
985 866 1078 903 iores
1098 869 1226 906 domus
1244 871 1359 916 patris

306 926 320 949 ι
349 917 417 961 sui,
434 924 469 954 et
487 919 664 966 lapidibus
686 923 841 961 obruent
858 926 927 962 viri
937 927 1095 965 civitatis
1114 930 1204 976 ejus,
1226 937 1262 967 ct
1282 943 1360 969 mo-

305 988 318 1010 «
349 978 476 1023 rietur,
500 982 669 1026 quoniam
691 983 777 1020 fecit
797 986 900 1023 nefas
931 988 967 1024 in
984 989 1107 1034 Israel,
1139 997 1180 1027 ut
1199 993 1359 1030 fornica-

305 1050 317 1070 ι
347 1045 448 1076 retur
482 1042 518 1077 in
540 1043 646 1080 domo
664 1046 778 1090 patris
811 1048 881 1091 sui,
906 1054 942 1084 et
978 1050 1119 1088 auferes
1157 1055 1290 1091 malum
1314 1057 1357 1093 dc

304 1111 316 1133 ‹
347 1102 465 1139 medio
496 1105 560 1140 tui.
593 1118 604 1139 ›
634 1105 732 1143 Satis
758 1108 843 1144 hinc
874 1118 1023 1156 apparet
1051 1117 1353 1159 quemadmodum

747 175 787 214 B.
813 175 984 215 RABANI
1006 177 1155 217 MAURI
1179 178 1396 219 ARcHtEP.
1422 180 1629 223 MOGUNT.
1658 183 1852 228 OPERUM
1873 185 1995 226 PARS
2018 188 2048 226 1.

315 262 330 285 ι
357 249 413 286 nit
429 246 464 284 ei
480 255 611 284 nomen
624 249 834 296 pessimum,
853 260 893 288 ut
912 253 1010 290 dicat
1029 266 1038 290 z
1060 253 1140 291 Non
1154 254 1276 291 inveni
1295 255 1368 291 vir·
1382 255 1420 297 A

2419 191 2488 233 928

1855 277 2007 315 CAPUT
2031 277 2076 315 v.
2533 255 2540 264 '

1433 332 1487 370 De
1503 335 1678 376 adultero.
1697 338 1768 375 sive
1785 338 1947 374 adultera
1958 349 1972 381 ,·
1985 344 2018 374 et
2034 339 2078 394 de
2095 348 2136 375 eo
2151 340 2211 387 qui
2224 337 2370 379 auertite
2385 343 2488 382 suon-
2538 347 2540 350 ⁴

1812 395 1889 420 sam
1909 391 2078 431 rapuerit.
2316 408 2318 412 ·

1483 453 1497 476 ‹
1525 442 1643 491 (lam.)
1664 444 1702 480 Si
1717 443 1971 480 dormieritvir
1988 455 2070 482 cum
2086 457 2201 485 uxore
2214 449 2376 495 alterius,
2390 458 2489 491 uter·
2533 487 2540 512 ;

1435 513 1448 535 ι
1471 512 1542 549 que
1553 505 1743 547 morietur,
1755 505 1791 541 id
1805 512 1871 549 est,
1889 506 2031 543 adulter
2045 512 2083 544 et
2095 509 2276 555 adultera;
2292 518 2330 549 et
2345 513 2488 552 auferes

1434 575 1447 597 α
1471 565 1606 600 malum
1624 565 1667 600 de
1692 564 1814 601 Israel.
1840 579 1853 600 ›
1878 566 1954 603 Hac
1969 570 2149 606 sententia
2171 578 2346 618 quantum
2363 574 2410 611 ad
2428 573 2506 612 hi—*

1430 625 1579 660 storiam
1595 625 1766 670 pertinet,
1786 626 1970 671 legislator
1980 631 2210 677 persequitur
2222 633 2333 670 Israel
2350 636 2488 674 adulte-

1428 684 1536 720 rium.
1565 685 1714 731 Mystice
1730 692 1851 723 autem
1869 688 2042 734 insinuat,
2064 693 2160 737 quod
2178 695 2347 732 nonlicet
2361 685 2498 736 Judaeo'

1429 745 1503 781 sive
1533 746 1703 783 haeretico
1731 758 1963 796 corrumpere
1991 753 2192 791 Ecclesiam
2229 756 2378 803 Christi,
2406 771 2486 806 quaa

1427 815 1557 851 sponsa
1572 812 1607 842 ct
1627 818 1719 845 uxor
1733 817 1813 846 esse
1823 809 2047 858 intelligitur,
2068 815 2152 860 quia
2166 816 2250 853 fidei
2264 823 2301 853 et
2320 819 2486 857 dilectio-

1426 866 1482 902 nis
1497 866 1578 912 jure
1598 868 1666 903 sibi
1696 870 1874 906 associata
1891 878 1961 908 est.
1986 872 2025 909 Si
2044 880 2164 911 autem
2185 877 2400 915 adulterium
2414 879 2483 917 hu-

1423 926 1625 973 juscemodi
1648 935 1896 975 perpetratum
1933 933 2001 977 sit,
2037 941 2226 982 corruptor
2244 942 2280 974 et
2312 947 2481 987 corrupta

1425 992 1545 1035 simul,
1563 992 1636 1028 sive
1658 1003 1723 1038 per
1751 996 2001 1040 poenitentiam
2034 1000 2126 1035 mori
2148 1000 2279 1037 debent
2315 1012 2477 1049 peccato,

1425 1062 1486 1088 seu
1502 1063 1567 1099 per
1584 1054 1780 1090 vindictam
1800 1056 2084 1102 impoenitentes,
2104 1065 2240 1097 aeterno
2259 1063 2482 1110 deputabun-

1427 1117 1487 1148 tur
1505 1118 1696 1150 tormento.
1714 1127 1726 1148 ε
1746 1114 1784 1150 Si
1799 1116 1954 1161 puellam
1969 1117 2146 1164 virginem
2166 1121 2396 1166 desponderit
2410 1125 2480 1169 vir,

300 1159 461 1197 subditas
478 1162 632 1201 seminas
650 1166 740 1202 viris
762 1173 797 1203 et
817 1179 908 1214 pene
940 1170 1095 1209 famulas
1126 1173 1184 1210 lex
1202 1176 1358 1214 voluerit
1376 1167 1407 1206 Β
1432 1185 1444 1206 ‹
1475 1179 1510 1209 Gt
1530 1174 1709 1211 invenerit
1728 1185 1808 1211 eam
1827 1176 1955 1222 aliquis
1984 1178 2021 1213 in
2041 1179 2200 1224 (ἔίνίῑᾶῑθ,
2220 1187 2257 1217 et
2281 1184 2483 1221 concubue-

297 1229 380 1256 esse
414 1233 544 1259 uxores
566 1236 574 1260 ε
596 1226 692 1270 quod
731 1226 855 1264 diceus
897 1230 1071 1268 adversus
1110 1244 1260 1271 uxorem
1300 1238 1358 1273 vir

299 1281 544 1318 testimonium
568 1283 663 1320 unde
682 1285 904 1331 lapidaretur
922 1289 982 1324 illa
1002 1291 1031 1325 si
1050 1292 1117 1327 hoc
1133 1303 1259 1330 verum
1277 1306 1358 1333 esse

297 1340 623 1388 demonstraretur,
646 1346 723 1391 ipse
742 1352 862 1383 tamen
892 1360 963 1385 non
984 1351 1144 1388 vicissim
1175 1355 1357 1400 lapidatur

296 1399 325 1435 si
345 1401 413 1437 boc
431 1402 560 1438 salsum
592 1414 673 1440 esse
698 1408 918 1451 constiterit,
940 1411 1003 1446 sed
1024 1415 1277 1451 tantummodo
1296 1427 1357 1452 ca-

295 1461 448 1508 stigatur
481 1469 517 1499 et
552 1465 807 1503 damnificatur
823 1496 832 1512 ‚
866 1470 971 1515 eique
1005 1480 1178 1518 perpetuo
1209 1476 1357 1521 Juhetur

295 1523 480 1561 adhaerere
499 1535 570 1571 qua
590 1536 715 1564 carere
735 1529 914 1566 voluerat.
934 1531 972 1567 In
994 1533 1075 1570 aliis
1099 1540 1219 1572 autem
1235 1540 1355 1575 causis

293 1592 376 1618 eum
398 1585 459 1630 qui
480 1586 687 1624 testimonio
708 1588 798 1626 salso
827 1592 998 1637 cuiquam
1024 1596 1200 1640 nocuerit,
1223 1598 1253 1633 si
1267 1609 1354 1645 pro-

293 1641 456 1688 baretur,
478 1646 587 1692 jussit
603 1649 733 1693 occidi,
754 1656 790 1686 ct
811 1653 938 1688 cadem
971 1664 1078 1700 poena
1113 1657 1221 1702 plecti
1235 1658 1352 1705 jubet,

294 1715 365 1751 qua
390 1706 522 1750 fuerat,
554 1710 583 1746 si
607 1721 734 1747 verum
755 1720 863 1758 essct,
886 1715 954 1753 iste
971 1717 1194 1763 plectendus.
1219 1720 1354 1758 Secun-

293 1766 378 1803 dum
393 1769 602 1816 allegoriam
618 1780 737 1810 autem
772 1776 866 1813 hunc
883 1788 1028 1815 sensum
1049 1781 1087 1817 in
1115 1783 1182 1819 hoc
1201 1784 1281 1821 loco
1301 1790 1354 1823 te-

293 1839 380 1865 nere
399 1840 605 1877 possumuS,
618 1840 658 1870 ut
676 1836 705 1871 si
724 1837 805 1882 quis
818 1838 945 1875 doctor
960 1842 1113 1887 accipiat
1126 1843 1267 1889 plebem
1287 1848 1352 1883 sub

292 1899 378 1926 cura
397 1902 439 1928 ac
456 1895 632 1941 regimine
664 1907 743 1942 suo,
777 1905 814 1935 et
834 1907 960 1946 postea
978 1910 1128 1949 propter
1160 1908 1351 1944 avaritiam

292 1958 400 1998 atque
427 1955 662 1994 ambitionem
684 1959 834 2006 maj0ris
853 1963 1091 2010 principatus,
1111 1976 1175 2003 seu
1192 1969 1353 2015 qualibet

292 2011 415 2049 illicita
433 2017 638 2061 occasione,
654 2019 845 2056 ecclesiam
860 2023 928 2058 sibi
940 2026 1171 2062 commissam
1183 2028 1350 2067 deserere

290 2073 459 2119 voluerit,
480 2076 603 2123 illique
621 2089 753 2116 nornen
772 2083 968 2127 pessimum
989 2085 1065 2122 sive
1090 2088 1255 2134 haeresis,
1287 2102 1350 2128 seu

291 2133 546 2172 inobedientiae
561 2137 652 2175 salso
674 2140 896 2186 imposuerit,
919 2146 1017 2190 quod
1041 2146 1138 2184 illam
1158 2159 1230 2185 non
1251 2151 1350 2188 inve-

290 2195 386 2231 nerit
409 2196 445 2232 in
463 2207 505 2233 ea
527 2198 733 2246 virginitate
758 2213 828 2248 qua
844 2204 1036 2250 Apostolus
1055 2209 1290 2255 despondisse
1310 2224 1349 2250 se

290 2254 381 2291 dixit
414 2257 683 2297 Corinthiorum
703 2265 911 2309 ecclesiam,
938 2279 950 2300 ι
971 2269 1033 2304 uni
1063 2270 1143 2306 viro
1169 2272 1347 2319 virginem

290 2322 428 2354 castam
445 2320 616 2358 exhibere
635 2323 781 2362 Christo
801 2326 858 2373 (11
880 2327 959 2364 Cor.
977 2329 1043 2377 xi),
1067 2344 1078 2365 ›
1103 2338 1207 2378 pater
1222 2335 1347 2379 puellae

288 2377 543 2416 vestimentum
581 2392 702 2418 coram
729 2386 930 2424 senioribus
967 2389 1121 2426 civitatis
1154 2393 1199 2428 ad
1216 2395 1347 2439 proba-

288 2445 451 2477 mentum
468 2441 685 2488 virginitatis
701 2445 783 2482 filiae
798 2457 871 2483 suae
891 2450 1075 2495 expandit,
1102 2461 1185 2489 cum
1205 2463 1250 2489 ex
1271 2455 1346 2491 col-

287 2499 421 2537 latione
438 2501 641 2540 divinorum
653 2504 981 2553 Testamentorum,
997 2521 1107 2557 opera
1124 2519 1161 2549 et
1173 2513 1260 2551 fides
1269 2515 1347 2561 ple-

286 2561 355 2605 bis,
385 2565 478 2609 apud
497 2566 689 2612 magistros
700 2568 871 2606 Ecclesiae
886 2571 1116 2617 dijudicatur.
1134 2575 1229 2613 Deus
1244 2578 1342 2613 enim

286 2626 390 2666 pater
412 2624 664 2662 universorum
695 2633 765 2672 est,
786 2629 886 2675 cujus
903 2631 1036 2669 indicio
1060 2635 1201 2672 occulta
1229 2639 1345 2674 mani-

284 2681 476 2718 festantur.
504 2686 548 2720 Et
565 2696 647 2722 cum
662 2691 838 2735 repererit
853 2702 897 2727 ex
911 2692 1047 2737 Judicio
1071 2696 1276 2734 divinorum
1298 2699 1343 2736 li-

284 2741 432 2778 brorum
456 2745 642 2783 doctorem
680 2750 781 2786 illum
801 2753 935 2790 invidia
960 2762 1022 2792 aut
1054 2759 1209 2795 avaritia
1226 2762 1342 2807 magis

285 2809 493 2850 corruptum
511 2816 617 2852 quam
632 2819 759 2845 verum
778 2812 911 2848 dixisse
931 2814 976 2850 de
1000 2817 1246 2861 subJectorum
1265 2831 1343 2857 mo-

284 2863 385 2900 ribus
404 2876 446 2902 ac
464 2866 547 2911 lide,
570 2869 740 2906 Ecclesiae
760 2874 974 2910 auctoritate
985 2877 1214 2922 corripiatur,
1234 2886 1341 2926 atque

284 2925 522 2972 redarguatur
541 2930 585 2965 ab
606 2932 796 2975 omnibus3
823 2940 1041 2980 centumque
1066 2938 1171 2973 siclos
1194 2941 1336 2986 argenti

283 2983 425 3029 puellae,
461 2986 529 3022 hoc
548 2993 615 3030 est,
637 2989 898 3033 perfectionem
923 2993 1098 3031 doctrinae
1117 3001 1226 3042 atque
1243 2999 1341 3034 solli-

285 3043 455 3081 citudinis
488 3046 696 3092 impendere
731 3050 829 3096 plebi
864 3059 1041 3099 susceptae
1076 3062 1238 3102 cogatur.
1267 3059 1341 3097 Nec

282 3114 443 3150 unquam
462 3106 643 3144 dimittere
658 3111 804 3155 poterit,
819 3113 904 3158 quia
922 3116 1118 3152 secundum
1129 3121 1340 3157 canonicam

283 3166 508 3203 sanctionem
527 3169 699 3206 nonlicet
716 3171 749 3207 ei
771 3172 814 3208 de
828 3183 892 3209 sua
909 3175 1062 3211 ccclesia
1080 3178 1126 3213 ad
1143 3179 1251 3215 aliam
1262 3181 1340 3217 sine

282 3227 446 3272 synodali
476 3229 692 3268 auctoritate
715 3233 919 3271 convolare.
944 3234 982 3271 Si
1012 3242 1133 3273 autem
1158 3239 1260 3285 plebs
1280 3241 1339 3276 illa

282 3294 443 3335 stuprata
459 3301 523 3328 seu
539 3293 639 3330 vitiis
654 3300 824 3341 corrupta
840 3296 988 3333 inventa
1007 3297 1132 3342 fuerit,
1151 3309 1196 3336 ne
1213 3307 1338 3346 postea

280 3358 346 3394 per
374 3353 663 3391 emendationem
694 3356 879 3404 corrigere
912 3358 1082 3404 voluerit,
1109 3365 1212 3396 extra
1242 3361 1338 3399 sores

283 3410 411 3448 domus
424 3413 544 3451 Patris
562 3417 709 3462 summi,
731 3418 800 3455 hoc
819 3424 889 3463 est,
908 3426 1011 3456 extra
1024 3420 1149 3457 limina
1168 3422 1338 3460 Ecclesiae

282 3479 417 3511 sanctae
432 3476 683 3524 episcoporum
705 3482 885 3518 sententia
916 3482 1032 3529 pulsa,
1063 3482 1243 3530 lapidibus
1258 3485 1339 3521 duri

281 3537 522 3574 anathematis
547 3539 738 3586 obruatur,
768 3542 854 3588 quia
871 3542 978 3580 fidem
1012 3544 1228 3582 catholicam
1257 3556 1337 3582 cor-

282 3605 451 3645 rumpere
480 3611 552 3637 non
590 3602 722 3647 timuit,
754 3614 822 3641 nec
850 3611 976 3651 postea
1009 3607 1263 3652 poenitentiam
1293 3608 1338 3645 de

282 3665 457 3707 concepta
476 3663 639 3710 nequitia
654 3674 777 3713 agere,
798 3674 867 3704 nec
885 3677 925 3704 se
949 3667 1133 3716 corrigere
1152 3669 1278 3707 voluit.

1430 1245 1443 1267 ‹
1474 1234 1520 1269 rit
1535 1245 1616 1270 cum
1641 1245 1698 1279 ea,
1717 1237 1848 1273 educes
1862 1242 2056 1285 utrumque
2087 1241 2131 1276 ad
2159 1247 2302 1288 portam
2317 1244 2427 1289 illins,
2447 1251 2484 1283 et

1429 1305 1442 1327 c
1474 1293 1653 1339 lapidibus
1678 1295 1852 1331 obruetur
1875 1308 1883 1331 :
1906 1298 2022 1343 puella
2045 1325 2055 1343 ,
2083 1300 2167 1345 quia
2202 1313 2272 1339 non
2310 1304 2482 1342 clamavit

1430 1365 1442 1387 ‹
1472 1364 1553 1389 cum
1568 1359 1664 1390 esset
1684 1354 1720 1390 in
1737 1355 1882 1392 civitate
1898 1368 1907 1400 ;
1925 1358 1993 1401 vir,
2013 1359 2098 1404 quia
2112 1360 2315 1400 humiliavit
2335 1376 2484 1403 uxorem

1430 1426 1442 1447 ‹
1471 1416 1627 1460 proximi
1648 1417 1704 1452 sui
1727 1429 1735 1452 :
1757 1423 1793 1453 et
1811 1418 1955 1455 auferes
1971 1421 2107 1457 malum
2125 1423 2169 1458 de
2199 1426 2318 1462 medio
2337 1427 2402 1463 tui.
2419 1426 2483 1464 Sin

1429 1486 1441 1507 ‹
1471 1481 1591 1511 autem
1612 1476 1648 1512 in
1669 1487 1755 1523 agro
1779 1479 1955 1524 repererit
1974 1479 2031 1515 vir
2056 1481 2212 1526 puellam
2234 1493 2314 1528 quae
2331 1486 2482 1532 despon-

1429 1549 1441 1569 ‹
1468 1542 1547 1573 sata
1570 1544 1638 1582 est,
1666 1543 1702 1574 et
1726 1541 2000 1585 apprehendens
2022 1543 2259 1580 concubuerit
2292 1555 2375 1582 cum
2408 1546 2483 1592 illa,

1429 1611 1441 1633 ‹
1471 1599 1547 1645 ipse
1581 1600 1757 1637 morietur
1795 1601 1907 1639 solus.
1937 1602 2060 1640 Puella
2089 1604 2179 1640 nibil
2214 1607 2394 1651 patietur,
2417 1618 2485 1645 nec

1427 1661 1527 1705 «gest
1545 1670 1607 1697 rea
1627 1662 1769 1705 mortis,
1786 1663 1957 1708 quoniam
1973 1664 2066 1700 sicut
2081 1664 2173 1701 latro
2191 1671 2317 1702 contra
2330 1666 2483 1704 fratrem

1427 1732 1440 1754 ι
1470 1731 1572 1757 suum
1592 1724 1777 1769 consurgit
1802 1729 1837 1760 ct
1866 1725 2001 1761 occidit
2019 1726 2190 1770 animam,
2212 1727 2262 1763 ita
2297 1733 2333 1764 et
2363 1730 2483 1775 puella

1426 1794 1439 1816 ι
1468 1792 1638 1829 perpessa
1651 1790 1717 1821 est.
1740 1784 1824 1821 Sola
1842 1791 1921 1821 erat
1939 1786 1975 1822 in
1985 1797 2087 1834 agro,
2105 1788 2287 1834 clamavit,
2307 1796 2344 1826 et
2364 1791 2482 1829 nullus

1425 1854 1437 1876 ι
1469 1842 1570 1879 affuit
1591 1845 1651 1892 qui
1673 1845 1845 1882 liberaret
1865 1856 1959 1883 eam.
1983 1861 1994 1881 ›
2027 1848 2066 1883 ln
2093 1849 2162 1885 isto
2184 1850 2280 1886 enim
2310 1852 2428 1898 capite
2445 1859 2482 1890 et

1420 1903 1458 1939 in
1476 1905 1711 1950 sequentibus
1735 1906 1886 1952 duobus,
1921 1908 2089 1945 similiter
2107 1911 2338 1956 corporalem
2364 1912 2480 1949 sorni-

1423 1966 1603 2002 cationem
1618 1967 1676 2004 lex
1695 1967 1857 2012 damnat,
1879 1970 1974 2005 sicut
1993 1976 2029 2006 et
2057 1971 2094 2006 in
2137 1973 2275 2010 duobus
2299 1974 2481 2019 prioribus

1420 2027 1518 2064 fecit.
1542 2028 1748 2065 Secundum
1768 2031 1982 2076 mysterium
2001 2037 2122 2067 autem
2141 2034 2313 2078 spiritalis
2335 2035 2395 2070 hic
2410 2035 2479 2071 for-

1369 2069 1399 2110 C
1421 2087 1555 2123 nicatio
1575 2088 1813 2124 demonstrari
1841 2088 1949 2125 valet.
1971 2089 2093 2126 Puella
2116 2101 2201 2138 ergo
2236 2092 2318 2135 ista,
2336 2093 2393 2129 vel
2407 2094 2480 2140 ple-

1416 2150 1500 2186 bem
1521 2149 1701 2195 significat
1726 2150 2024 2194 ecclesiasticam,
2047 2152 2105 2188 vel
2123 2153 2280 2188 animam
2301 2153 2479 2191 Christia-

1416 2220 1499 2246 nam
1521 2210 1642 2246 divino
1661 2210 1772 2247 verbo
1789 2212 2012 2247 maritatam.
2036 2212 2151 2256 Quam
2172 2214 2203 2249 si
2218 2213 2299 2260 quis
2316 2213 2476 2261 Judacus,

1415 2270 1471 2306 vel
1507 2271 1711 2313 haereticus,
1736 2271 1812 2307 sive
1846 2272 2114 2317 schismaticus,
2138 2284 2200 2310 seu
2231 2284 2406 2321 paganus,
2424 2276 2478 2312 in-

1414 2331 1555 2367 venerit
1582 2332 1616 2367 in
1637 2332 1783 2369 civitate
1813 2333 1983 2370 Ecclesiae
2001 2336 2191 2372 catholicae
2224 2338 2470 2383 constitutam,

1415 2397 1451 2428 et
1466 2392 1598 2428 ibidem
1620 2403 1744 2429 errore
1764 2395 2014 2439 maculaverit,
2035 2396 2186 2443 ipsaque
2208 2398 2241 2434 ei
2259 2408 2475 2436 consensum

1414 2454 1548 2490 erroris
1566 2455 1775 2500 praebuerit,
1795 2466 1863 2492 nec
1876 2467 1959 2492 eum
1974 2457 2054 2493 aliis
2073 2458 2369 2503 manifestaverit,
2386 2470 2474 2506 qua-

1416 2520 1519 2552 tenus
1529 2525 1595 2562 pro
1610 2522 1731 2554 erratu
1747 2528 1814 2554 suo
1832 2519 2063 2565 corripiatur,
2086 2520 2192 2558 ambo
2207 2521 2261 2558 rei
2276 2526 2361 2558 sunt
2380 2533 2475 2558 mor-

1414 2576 1473 2612 tis.
1496 2575 1534 2612 Si
1555 2582 1677 2613 autem
1696 2577 1903 2615 Christiana
1923 2580 2051 2616 effecta
2070 2586 2125 2617 est
2144 2581 2203 2616 illa
2231 2591 2385 2628 persona
2405 2593 2473 2620 nec

1413 2635 1450 2671 in
1469 2637 1679 2674 societatem
1711 2644 1920 2676 sanctorum
1940 2646 2119 2687 suscepta,
2143 2643 2204 2679 sed
2221 2647 2361 2680 tantum
2379 2644 2471 2681 soris

1412 2698 1608 2736 Ecclesiam
1618 2710 1683 2747 per
1691 2702 1949 2738 catechismum
1956 2713 2040 2739 vera
2050 2703 2186 2740 imbuta
2196 2704 2280 2749 fide,
2291 2710 2328 2741 et
2337 2706 2470 2742 ibidem

1413 2770 1432 2795 a
1452 2761 1612 2806 quolibet
1633 2773 1786 2799 erroneo
1804 2763 1914 2800 suerit
1928 2770 2110 2812 corrupta,
2133 2776 2175 2802 ac
2189 2776 2254 2812 per
2269 2765 2465 2802 salsitatem

1413 2822 1572 2865 seducta,
1607 2824 1776 2859 seductor
1796 2824 1855 2860 ille
1886 2835 1951 2870 per
1972 2826 2165 2861 anathema
2195 2826 2315 2872 puniri
2347 2827 2465 2870 debet,

1412 2882 1472 2917 illa
1490 2888 1608 2919 autem
1639 2883 1683 2919 ad
1702 2884 1808 2920 fidem
1843 2885 2024 2932 inceptam
2043 2886 2221 2932 revocari,
2243 2896 2285 2923 ac
2303 2896 2369 2933 per
2387 2897 2468 2934 gra-

1412 2944 1500 2979 tiam
1516 2945 1743 2990 baptismatis
1761 2947 1806 2983 ab
1824 2947 1987 2984 hostibus
2002 2947 2161 2984 liberari.

1825 3021 1976 3059 CAPUT
2000 3021 2059 3059 vl.

1412 3079 1463 3115 De
1477 3091 1515 3115 eo
1532 3081 1593 3126 qui
1614 3092 1692 3117 cum
1704 3082 1820 3128 puella
1837 3084 1991 3119 nondum
2007 3084 2218 3131 desponsata
2226 3085 2464 3122 concubuerit.

1462 3151 1474 3172 ‹
1502 3139 1618 3187 (inm.)
1639 3140 1677 3175 Si
1712 3141 1889 3178 invenerit
1921 3143 1978 3178 vir
1995 3144 2152 3190 puellam
2179 3145 2355 3192 virginem
2386 3156 2468 3192 quae

1415 3211 1427 3232 ‹
1454 3200 1652 3236 nonhabet
1676 3212 1860 3246 sponsum,
1885 3208 1921 3238 et
1935 3204 2208 3248 apprehendens
2230 3205 2466 3241 concubuerit

1414 3271 1426 3292 ‹
1456 3270 1537 3295 cum
1571 3270 1628 3302 ea,
1657 3266 1692 3296 et
1711 3271 1771 3296 res
1807 3262 1852 3296 ad
1869 3257 2045 3306 =iudicium
2067 3262 2266 3304 devenerit,
2287 3262 2385 3298 dabit
2402 3263 2463 3307 qui

1411 3332 1422 3353 α
1454 3319 1624 3356 dormivit
1655 3330 1736 3355 cum
1767 3331 1810 3355 ea
1842 3321 1938 3365 patri
1965 3321 2093 3366 puellae
2125 3322 2383 3368 quinquaginta
2415 3322 2463 3358 si-

1411 3393 1423 3414 «
1454 3381 1528 3416 clos
1553 3381 1692 3426 argenti
1711 3407 1720 3423 ,
1750 3385 1786 3415 et
1813 3379 1958 3416 habebit
1992 3391 2072 3417 eam
2095 3391 2245 3417 uxorem
2260 3409 2269 3426 ,
2289 3382 2374 3428 quia
2391 3381 2460 3418 hu-

1411 3453 1423 3475 «
1453 3440 1605 3477 miliavit
1618 3450 1811 3483 eam;non
1840 3441 1974 3486 poterit
2004 3451 2085 3477 eam
2103 3441 2286 3478 dimittere
2319 3442 2461 3478 cunctis

1412 3514 1424 3536 c
1455 3502 1581 3539 diebus
1613 3501 1698 3537 vitae
1732 3511 1819 3537 suae.
1846 3514 1858 3535 ι
1893 3500 1929 3536 Si
1963 3507 2082 3537 autem
2118 3502 2296 3538 invenerit
2328 3501 2460 3549 aliquis

1406 3564 1562 3611 puellam
1587 3563 1776 3609 virginem,
1798 3572 1877 3608 quae
1895 3568 2064 3609 sponsata
2080 3573 2150 3599 non
2167 3568 2236 3607 est,
2257 3568 2294 3600 et
2315 3562 2388 3599 vim
2405 3561 2459 3599 fa-

1408 3626 1507 3663 ciens
1527 3626 1561 3662 ei
1577 3625 1764 3662 dormierit
1782 3635 1863 3661 cum
1881 3635 1938 3667 ea,
1958 3625 2058 3661 dabit
2075 3625 2171 3672 patri
2196 3623 2458 3672 quinquaginta

1408 3687 1615 3725 didrachma
1628 3686 1780 3732 argenti,
1791 3691 1826 3722 et
1841 3686 1951 3732 ipsius
1965 3686 2034 3722 erit
2045 3695 2151 3730 uxor,
2161 3684 2245 3731 quia
2254 3683 2459 3721 humiliavit

1407 3757 1509 3791 eam;
1529 3756 1598 3782 non
1622 3746 1755 3792 poterit
1773 3745 1953 3783 dimittere
1983 3756 2049 3793 per
2070 3753 2176 3784 omne
2205 3749 2361 3790 tempus.
2383 3742 2459 3780 Me-

1407 3808 1478 3849 rito
1490 3808 1666 3856 quaeritur
1677 3813 1799 3845 utrum
1823 3808 1892 3845 ista
1907 3817 2016 3856 poena
2029 3807 2078 3846 sit
2092 3809 2135 3845 ut
2149 3814 2224 3844 non
2241 3803 2359 3853 possit
2373 3813 2454 3842 eam
