2540 4016
156 239 379 295 munau
390 245 719 294 Amorrhoetts'lilios
729 241 811 287 Dan
829 251 866 287 in
880 257 1008 297 monte,
1026 263 1087 290 nec
1103 255 1163 291 de-

114 301 119 308 ’
183 304 235 347 eit
252 306 385 352 locum,
418 313 460 344 m
485 307 532 345 ad
548 307 713 356 planiora
727 309 987 348 descenderent.
1021 312 1066 349 Et
1082 322 1166 351 con-

106 367 298 411 fflmlavit
327 366 564 408 Amorrhaeus
583 369 677 408 filios
691 370 771 409 Dan
787 373 824 408 in
843 379 978 418 monte,
999 376 1169 421 quoniam

40 470 43 471 γ
108 434 184 471 uon
205 424 375 480 permisit
399 440 462 468 eos
479 430 698 468 descendere
722 432 760 469 in
784 433 927 470 vallem.
962 434 1008 471 Et
1034 435 1103 472 hoc
1122 437 1169 473 si-

38 477 60 558 }
108 491 266 539 militer,
285 497 349 530 aut
367 492 405 530 in
423 492 519 531 libro
537 492 624 531 lesu
639 494 736 531 Nave
763 496 1050 544 praeoccupando
1072 507 1169 534 com-

51 564 57 583 s
86 603 95 621 ἦ
109 557 349 595 memoratum
366 558 435 600 est,
464 559 527 591 aut
544 555 606 592 hic
623 556 908 604 recapitulando.

45 662 54 674 Α.
228 652 231 655 -
531 630 682 668 CAPUT
707 630 750 668 V.

37 688 39 690 ’
73 668 215 736 ἷριιοά
235 689 380 737 angelus
405 690 548 727 Domini
580 693 736 728 ascendit
767 693 809 728 de
830 692 956 740 Gatqat
982 693 1028 729 ad
1053 694 1168 730 locum

34 742 53 747 ⁴
72 736 78 747 '
153 738 328 785 flentium,
345 743 376 774 et
394 738 585 786 increpavit
600 738 715 776 Israel
731 749 794 786 pro
808 740 958 787 peccatis
972 741 1044 777 suis
1065 746 1168 788 atque

156 783 384 831 neqliyentia.

153 857 256 906 (CAP.
283 858 340 906 11.)
357 859 589 907 Ascenclitque
609 861 753 908 ‹znqelus
769 861 911 898 Domini
933 862 976 898 de
1008 861 1166 909 Galqalis

109 919 156 956 ad
183 920 298 957 locum
317 922 477 968 flentium
494 928 527 958 et
543 923 593 958 ait
619 923 769 959 :Eduxi
794 934 853 959 vos
876 924 918 958 de
944 922 1118 970 AE'yypto,
1135 930 1166 960 el

105 980 289 1017 introduxi
307 982 344 1017 in
360 987 506 1026 terram,
538 995 600 1029 pro
621 995 690 1030 qua
709 984 832 1029 juravi
855 983 1012 1029 patribus
1032 985 1166 1028 vestris,

105 1045 139 1077 et
176 1040 355 1087 pollicitus
384 1053 475 1085 sunt,
512 1049 549 1077 ut
584 1054 653 1078 non
680 1043 831 1088 facerem
867 1044 1006 1079 irritum
1026 1051 1167 1091 pactum

103 1110 222 1136 meum
234 1099 411 1136 vobiscum
430 1101 467 1136 in
484 1101 758 1148 sempiternum;
774 1103 824 1138 ita
843 1103 1032 1147 duntaxat,
1044 1111 1081 1139 ut
1099 1116 1168 1140 non

106 1159 259 1206 feriretis
279 1160 392 1206 soedus
405 1173 483 1197 cum
505 1162 761 1200 habitatoribus
779 1170 880 1201 terra:
899 1166 1020 1212 hujus,
1036 1172 1068 1201 et
1087 1177 1167 1202 aras

75 1229 83 1234 ·
104 1232 227 1258 eorum
236 1222 502 1268 subverteretis,·
523 1230 553 1260 et
572 1225 733 1262 noluistis
748 1227 872 1263 andire
892 1239 1007 1263 vocem
1025 1240 1135 1264 meam
1151 1240 1163 1272 ;

102 1292 169 1319 cur
198 1283 264 1319 hoc
285 1283 442 1329 fecistis?
469 1284 703 1328 Quamobrem
716 1287 813 1323 nolui
831 1287 944 1323 delere
961 1299 1018 1324 eos
1038 1300 1058 1323 a
1076 1289 1167 1334 socie

103 1347 231 1388 vestra,
252 1349 292 1380 ut
319 1345 477 1381 habeatis
508 1346 634 1390 hostes,
666 1353 697 1383 et
716 1347 766 1382 dii
792 1359 910 1383 eorum
932 1349 999 1383 sint
1016 1349 1109 1383 vobis
1129 1349 1166 1383 in

103 1403 257 1439 ruinam.
275 1404 355 1440 Alia
381 1411 499 1441 autem
516 1406 626 1444 editio
644 1407 695 1443 sic
709 1408 818 1443 habet
840 1420 848 1443 t
867 1407 913 1443 Et
927 1408 1080 1443 ascendit
1098 1419 1163 1443 an-

101 1463 198 1510 gelus
214 1464 471 1512 Dominisuper
487 1467 691 1503 Clamlnnos
706 1475 870 1504 montem.
898 1469 1060 1515 Scriptor
1079 1470 1164 1506 libri

103 1526 174 1562 hoc
191 1527 338 1564 nomine
359 1529 550 1574 appellavit
568 1529 702 1572 locum,
740 1531 822 1576 quia
848 1538 970 1577 postca
988 1533 1133 1578 scripsit
1150 1544 1160 1575 ;

101 1595 190 1622 nam
210 1588 355 1634 quando
393 1589 541 1635 angelus
573 1591 714 1626 Domini
745 1602 852 1637 super
885 1603 965 1627 cum
987 1593 1163 1636 ascendit,

102 1647 266 1684 nondum
284 1649 337 1685 sic
356 1650 618 1695 appellabatur.
641 1651 670 1686 A
697 1652 899 1697 ploratione
935 1654 1065 1699 quippe
1101 1663 1167 1689 no-

103 1718 187 1746 rnen
223 1710 375 1757 accepit,
406 1712 490 1757 quia
510 1711 634 1748 Graece
667 1711 871 1748 clauthmos
889 1713 1044 1760 ploratio
1071 1714 1163 1749 dici-

102 1775 185 1814 tur3
212 1770 265 1808 ihi
295 1771 393 1808 enim
428 1772 583 1817 populus
610 1772 720 1815 flevit,
745 1784 827 1809 cum
855 1774 1013 1810 audisset
1037 1775 1166 1810 abhoc

103 1831 231 1879 angelo
261 1832 373 1868 verba
393 1833 535 1869 Domini
560 1834 777 1871 vindicantis
798 1835 834 1870 in
866 1846 945 1879 cos,
983 1835 1079 1881 quod
1114 1836 1166 1870 in-

101 1893 312 1930 obedientes
330 1893 482 1931 fulssent
495 1923 503 1939 ‚
520 1897 604 1941 quia
620 1907 689 1932 non
711 1898 1041 1933 exterminaverunt
1054 1907 1167 1943 popu-

105 1952 161 1991 los
179 1954 376 1991 secundum
398 1962 619 2002 praece1)tum
640 1956 729 2002 cjus,
744 1957 872 2002 quibus
887 1957 1163 2003 praevaluerunt,

103 2014 279 2063 eligentes
297 2025 359 2053 eos
376 2016 497 2053 facere
519 2018 743 2061 tributar10s‚
773 2029 880 2064 quam
901 2019 1109 2055 interimere
1130 2024 1166 2054 et

101 2076 271 2124 perdere,
308 2077 611 2124 quemadmodum
642 2077 803 2123 jusserat
838 2079 1023 2114 Dominus.
1061 2078 1164 2123 Quod

100 2135 178 2174 sive
197 2141 405 2184 contempto
428 2137 493 2174 Dei
516 2138 700 2182 mandato,
735 2139 812 2175 sive
840 2139 970 2175 timore
989 2138 1157 2181 fecerint,

102 2207 149 2234 ne
166 2198 289 2235 hostes
306 2198 497 2234 adversum
517 2209 555 2235 se
573 2199 693 2235 acrius
708 2210 869 2246 pugnare
883 2211 947 2246 pro
967 2200 1083 2236 salute
1100 2199 1161 2235 ob-

101 2257 263 2302 tinenda,
286 2268 395 2304 quam
411 2269 477 2305 pro
499 2259 638 2295 tributo
653 2270 725 2295 non
743 2259 860 2295 dando
879 2268 1064 2306 cogerent,
1085 2261 1163 2297 sine

101 2320 212 2358 dubio
228 2326 482 2368 peccaverunt,
503 2327 540 2358 et
572 2321 775 2368 spernendo
796 2322 890 2368 quod
910 2322 1082 2358 divinitus
1100 2322 1163 2357 im-

99 2387 266 2430 peratum
294 2387 367 2427 est,
396 2387 434 2418 et
462 2392 532 2418 non
561 2383 812 2428 praesumendo
832 2383 929 2429 quod
947 2394 1008 2419 eos
1022 2388 1159 2429 posset,

101 2442 164 2489 qui
178 2441 431 2488 imperaverat,
450 2442 633 2489 adiuvare.
652 2442 753 2486 Quod
773 2443 852 2480 ideo
872 2453 936 2489 per
956 2443 1079 2479 Jesum
1101 2453 1163 2479 no-

101 2498 170 2538 luit
184 2502 238 2539 eis
257 2503 392 2548 dicere,
425 2502 455 2539 si
474 2507 594 2538 tamen
617 2513 659 2539 eo
687 2504 803 2539 adhuc
817 2504 962 2539 vivente
975 2503 1050 2548 jam
1081 2503 1159 2539 fieri

99 2566 339 2609 praeceperat‚
381 2566 418 2598 et
451 2572 523 2597 non
547 2562 666 2606 potius
691 2562 977 2608 prceoeeupando
998 2572 1158 2598 comme-

99 2627 283 2658 moratum
312 2619 445 2663 fuerat,
471 2622 567 2667 quod
584 2622 644 2657 illo
665 2628 807 2659 mortuo
827 2622 906 2658 ficri
924 2623 1048 2669 empti,
1074 2624 1159 2669 quia

98 2680 171 2718 hoc
200 2679 368 2717 omnibus
386 2680 500 2716 voluit
518 2682 738 2727 exprobrare
764 2691 828 2728 per
849 2682 1014 2728 angelum
1035 2694 1043 2717 ε
1065 2693 1157 2718 ιιοιι-

99 2740 187 2779 dum
219 2747 341 2778 autem
360 2752 487 2779 omnes
513 2742 548 2779 id
574 2742 756 2786 fecerant,
781 2743 927 2780 vivente
955 2742 1062 2788 Jcsu,
1090 2744 1158 2780 etsi

99 2802 213 2849 aliqui
242 2803 337 2839 forte
364 2801 439 2848 jam
477 2809 674 2850 coeperant.
710 2804 924 2841 credibilius
950 2809 1006 2840 cst
1037 2810 1157 2841 tamen

98 2863 190 2901 'nihil
207 2863 279 2900 tale
292 2863 372 2900 fieri
388 2869 544 2909 coeptum
557 2864 700 2901 vivente
716 2864 799 2902 Jesu
816 2864 928 2909 Nave,
946 2870 1157 2911 tantumque

92 2926 281 2962 'terrarum
306 2924 374 2960 sub
394 2923 454 2960 illo
480 2925 638 2962 tenuisse
653 2925 743 2962 filios
761 2926 885 2970 lsrael,
910 2934 1084 2973 quantum
1104 2927 1157 2964 eis

100 2985 148 3022 ad
166 2984 431 3022 considendum
446 2984 640 3027 sufficeret,
662 2986 826 3032 quamvis
842 2986 878 3022 in
898 2987 1058 3023 sortibus
1082 2987 1158 3023 suis

99 3042 278 3081 haberent
304 3044 399 3082 unde
431 3045 628 3082 crescendo
655 3051 692 3083 et
718 3046 1005 3084 convalescendo
1041 3047 1158 3084 adhuc

99 3105 328 3143 adversarios
368 3107 669 3144 exterminarent.
698 3107 851 3145 Proinde
886 3114 967 3155 post
1003 3114 1158 3145 mortem

99 3163 201 3212 lesu,
226 3171 463 3214 posteaquam
499 3168 765 3215 praevaluerunt
785 3174 824 3205 ut
848 3170 917 3206 hoc
936 3175 1085 3217 possent
1105 3169 1159 3206 sa-

100 3239 197 3275 cere,
225 3230 432 3268 maluerunt
463 3241 525 3269 eos
557 3232 693 3270 habere
727 3233 940 3271 tributarios
961 3235 1158 3271 secundum

100 3290 326 3330 'voluntatem
357 3302 474 3338 suam,
496 3303 606 3342 quam
633 3293 844 3331 interimere
871 3300 908 3332 et
928 3294 1079 3342 perdere
1105 3305 1160 3331 se-

64 3364 68 3367 ’
101 3352 262 3392 cundum
281 3354 506 3392 ‘voluntatem
539 3355 630 3401 Dei;
662 3362 810 3404 propter
829 3358 898 3394 boc
929 3357 974 3393 ad
995 3367 1059 3394 eos
1081 3366 1160 3393 cor-

101 3407 286 3462 ripiendos
306 3415 456 3463 angelus
474 3416 608 3454 missus
627 3422 697 3454 est.
727 3416 828 3461 Quod
841 3426 928 3453 vero
945 3426 1160 3453 commemo-

38 3483 42 3492 ’
102 3481 222 3514 ratum
238 3482 296 3514 est
313 3476 352 3514 in
364 3476 458 3514 libro
474 3476 563 3515 lesu
579 3477 691 3524 Nave,
720 3478 836 3525 magis
869 3477 1036 3514 existimo
1069 3487 1157 3524 prae-

11 3537 18 3555 “·
37 3535 46 3557 ⁸
95 3537 311 3585 'occupando
329 3544 666 3584 commemoratum,
682 3539 777 3587 quod
790 3544 873 3586 post
891 3537 968 3584 ejus
986 3542 1154 3582 mortem,

94 3591 322 3638 <affuturum
336 3609 417 3638 esse
433 3597 510 3646 iam
526 3598 604 3648 ipse
619 3605 771 3639 noverat
790 3599 1001 3648 prophetico
1011 3598 1154 3645 spiritu,

95 3657 136 3698 ‚si
154 3657 202 3696 ab
215 3657 283 3696 ino
291 3658 389 3699 'liber
421 3660 650 3707 conscriptus
664 3667 737 3707 est,
769 3662 831 3710 qui
855 3660 1054 3709 appellatur
1071 3657 1156 3696 Jesu

67 3741 70 3747 ·
95 3712 234 3774 ¹Nave&
261 3721 301 3756 et
326 3718 360 3757 si
375 3719 424 3758 ab
447 3719 520 3758 alio
538 3720 700 3767 scriptus
718 3727 790 3767 est,
817 3721 896 3768 jam
920 3721 1056 3759 sactum
1076 3730 1157 3758 esse

100 3778 243 3823 sciebat
270 3774 647 3830 post'mortem'sslesu
674 3773 775 3828 Nare
805 3781 904 3831 quod
921 3781 960 3822 in
989 3781 1050 3832 illo
1064 3781 1156 3820 libro

0 3644 22 4016 Q‘Qassm..
10 3595 20 3638 ⁴⁴·
15 3580 20 3588 .

748 160 991 214 meur.
1017 166 1066 214 m
1088 175 1173 216 nm.

1199 170 1408 219 wmcuu.
1433 202 1481 210 -
1501 181 1589 222 Lm.
1609 183 1643 222 ι.
2178 189 2276 235 fflss

1180 265 1216 306 Α
1230 259 1511 304 praeoecupando
1533 255 1839 298 commemoravit.
1864 258 1957 306 Quid
1972 268 2030 304 est
2040 267 2138 314 quod
2154 272 2273 323 ange-

1235 318 1291 355 lus
1309 318 1452 356 Domini
1470 320 1564 358 inter
1581 326 1712 359 caetera
1729 320 1861 358 divinae
1877 326 2159 369 comminutionis
2171 333 2273 380 dicit,

1237 376 1468 420 Quamobrem
1487 379 1583 416 nolui
1601 379 1716 417 aetem
1729 388 1788 417 eos
1801 388 1825 417 α
1840 380 1931 426 {acie
1947 390 2072 431 veum,
2088 394 2127 425 nt
2149 391 2276 432 ma.

1235 436 1279 471 1is
1304 436 1430 481 hostes,
1457 443 1489 474 et
1518 438 1568 474 dii
1594 450 1715 475 eornm
1743 439 1813 476 sint
1845 439 1939 478 vobis
1959 441 1998 479 in
2012 440 2178 492 mining
2201 452 2278 492 m

1234 502 1277 532 ut
1309 496 1550 544 intelligamus
1581 499 1752 536 nonnulla
1781 499 1891 537 etiam
1914 501 1960 538 de
1987 502 2044 540 ira
2071 502 2135 542 Dei
2153 509 2276 549 venire

1234 558 1406 603 peccata?
1425 558 1474 595 Ut
1491 560 1588 595 enim
1606 560 1656 596 dii
1683 561 1854 607 gentium,
1878 562 1972 599 inter
1989 573 2078 610 quas
2102 575 2173 604 uon
2189 577 2211 605 a
2226 579 2266 608 se

1235 620 1492 656 exterminatas
1516 621 1686 658 Israelitae
1715 621 1880 660 habitare
1913 623 2116 671 voluerunt,
2157 637 2278 669 essent

1237 681 1273 716 in
1294 682 1346 717 eis
1364 681 1587 736 scandalum,
1617 683 1652 719 id
1673 689 1741 728 est,
1774 683 1936 722 facerent
1955 694 2018 723 eos
2036 688 2286 730 scandalizare

1236 742 1273 777 in
1289 741 1444 778 Domino
1459 741 1532 778 Deo
1554 752 1633 787 suo,
1660 753 1772 790 eoque
1786 744 1921 782 offenso
1934 746 2070 791 vivere,
2092 747 2282 796 indignans.

1235 802 1305 838 hoc
1316 802 1554 839 comminatus
1568 810 1623 840 est
1637 803 1743 849 Deus,
1760 805 1855 852 quod
1869 811 1966 844 certe
1983 807 2214 846 manifestum
2226 816 2281 847 est

1235 873 1406 910 magnum
1426 873 1505 901 esse
1530 872 1733 912 peccatum.

1647 939 1798 978 CAPUT
1825 939 1883 978 Vl.

1237 1012 1337 1055 Quod
1373 1013 1481 1050 Josue
1510 1015 1674 1061 populum
1709 1016 1838 1051 dimisit
1871 1017 1909 1052 in
1943 1026 2024 1052 suas
2052 1017 2279 1063 possessiones

1282 1060 1344 1102 ire,
1374 1061 1630 1107 servieruntque
1669 1061 1839 1104 Domino,
1885 1062 2014 1098 cunctis
2047 1063 2166 1099 diebus
2203 1065 2279 1109 eJ'us

1284 1111 1315 1139 et
1350 1106 1524 1140 seniorum
1550 1108 1609 1152 qui
1638 1107 1739 1153 lonqo
1774 1114 1849 1152 post
1889 1119 1967 1144 eum
1997 1109 2155 1144 vixerunt
2197 1116 2281 1145 tem-

1187 1171 1219 1210 B
1285 1162 1380 1196 pore.

1285 1224 1402 1272 (Ima.)
1432 1225 1568 1261 Dimisit
1603 1237 1683 1274 erqo
1721 1227 1829 1263 Josue
1859 1227 2038 1274 populum,
2069 1233 2101 1264 et
2126 1227 2283 1264 abierunt

1235 1284 1302 1330 filii
1325 1285 1449 1328 Israel,
1479 1287 1712 1332 unusquisque
1747 1287 1783 1322 in
1814 1289 2061 1333 possessionem
2095 1298 2208 1331 suam,
2245 1294 2282 1323 ut

1236 1345 1425 1381 obtinerent
1465 1357 1555 1381 earn.
1591 1345 1667 1382 lloc
1697 1357 1762 1392 per
1799 1347 2127 1393 recapitulationem
2160 1347 2282 1382 iterari

1235 1405 1331 1440 nulla
1365 1405 1539 1441 dubitatio
1559 1411 1626 1442 est.
1649 1406 1736 1442 Nam
1771 1412 1807 1442 et
1830 1417 1927 1443 mors
1947 1408 2057 1454 ipsius
2075 1406 2160 1444 Jesu
2181 1407 2281 1443 Nave

1234 1466 1342 1501 etiam
1370 1476 1405 1501 ιιι
1429 1467 1496 1503 hoc
1513 1466 1603 1502 libro
1634 1474 1949 1510 commemoratur,
1983 1473 2023 1504 ut
2051 1473 2219 1513 tanquam
2237 1467 2282 1503 ab

1234 1528 1381 1564 exordio
1415 1534 1543 1564 cuneta
1570 1528 1728 1566 breviter
1766 1530 2047 1574 insinuarentur,
2075 1539 2209 1576 exque
2230 1530 2282 1565 eis

1234 1589 1405 1625 Dominus
1425 1589 1523 1625 dedit
1552 1596 1701 1634 terram,
1737 1596 1772 1626 et
1791 1590 2089 1633 (meniadmodum
2113 1591 2178 1626 sub
2193 1590 2280 1636 ipsIs

1231 1651 1409 1697 judicibus
1428 1651 1608 1694 vixerunt,
1642 1661 1721 1697 quae
1749 1651 1824 1698 Jam
1855 1651 2015 1697 perpessi
2034 1656 2142 1694 sunt;
2172 1655 2280 1696 atque

1235 1712 1364 1747 iterum
1384 1712 1522 1748 reditur
1552 1712 1596 1747 ad
1631 1712 1788 1758 ipsorum
1801 1710 1962 1756 Judicum
1978 1711 2154 1754 ordinem,
2182 1710 2282 1747 abeo

1235 1773 1295 1818 qui
1313 1773 1450 1818 piimus
1467 1778 1522 1808 cst
1540 1772 1770 1808 constitutus.

1284 1833 1551 1880 Serviat-unique
1572 1833 1721 1869 Domino
1748 1839 1878 1868 cunctis
1904 1834 2023 1869 (liebus
2042 1833 2132 1878 ejus,
2161 1836 2194 1867 et
2223 1841 2280 1868 se·

1236 1893 1372 1928 nicrum
1383 1894 1440 1940 qui
1452 1893 1549 1938 lonqe
1560 1899 1719 1939 postcunt
1731 1894 1887 1928 virerum
1902 1899 2065 1939 tempore,
2074 1897 2104 1927 el
2116 1897 2280 1927 noverum

1237 1956 1353 1990 omnia
1371 1966 1473 2001 opera
1492 1955 1631 1990 Domini
1654 1966 1730 1998 quw
1747 1955 1873 1999 [ecerat
1890 1965 1965 1989 cunt
1982 1953 2108 1989 Israel.
2125 1952 2282 1989 Servivit

1238 2025 1322 2061 crgo
1339 2015 1491 2061 populus
1523 2015 1674 2051 Domino
1694 2015 1858 2052 omnibus
1875 2015 1999 2050 diebus
2025 2012 2124 2056 Jesu,
2146 2018 2182 2048 et
2200 2023 2276 2048 om-

1183 2074 1213 2115 C
1234 2078 1339 2114 nibus
1358 2078 1483 2114 dicbus
1499 2078 1680 2114 seniorum
1703 2078 1763 2123 qui
1779 2077 1921 2113 fuerant
1939 2083 2020 2122 post
2036 2075 2171 2113 lesum.
2192 2075 2280 2112 Bea-

1235 2142 1292 2173 tus
1311 2142 1366 2172 est
1383 2138 1443 2182 qui
1464 2139 1499 2173 in
1525 2138 1648 2174 diebus
1666 2137 1750 2173 Jesu
1768 2139 1878 2173 servit
1895 2137 2068 2179 Domino,
2092 2135 2153 2182 qui
2167 2135 2277 2171 verbo

1233 2204 1270 2235 ct
1289 2199 1462 2245 sapientia
1476 2197 1551 2244 ejus
1570 2199 1803 2241 illuminatur,
1828 2197 1888 2243 qui
1906 2196 2094 2243 praeceptis
2114 2194 2190 2241 ejus
2205 2195 2283 2231 illu-

1233 2264 1381 2302 stratur,
1409 2260 1469 2305 qui
1489 2270 1533 2295 ex
1551 2260 1712 2295 doctrina
1729 2258 1806 2303 ejus
1824 2258 1954 2303 accipit
1974 2257 2091 2292 lumen
2107 2256 2277 2292 scientiae.

1233 2318 1398 2355 Secundo
1430 2326 1549 2355 tamen
1578 2320 1657 2355 loco
1689 2325 1724 2354 et
1749 2319 1807 2354 illc
1836 2323 1917 2363 post
1942 2318 2037 2352 hunc
2057 2322 2112 2352 est
2138 2317 2276 2362 beatus,

1230 2381 1292 2427 qui
1327 2381 1361 2416 in
1393 2381 1517 2416 diebus
1548 2380 1730 2416 seniorum
1764 2378 1823 2424 qui
1853 2377 1995 2412 suerunt
2018 2382 2098 2422 post
2130 2374 2276 2420 Jesum,

1229 2443 1341 2481 servit
1362 2442 1525 2479 Domino.
1549 2441 1731 2484 Seniorcs,
1760 2439 1815 2475 vel
1838 2440 1994 2485 quicum
2012 2436 2096 2474 Jesu
2128 2437 2181 2474 vel
2195 2443 2278 2484 post

1229 2504 1349 2541 Jcsum
1382 2503 1540 2547 suerunt,
1576 2503 1741 2549 quisunt
1770 2500 1844 2544 alii,
1872 2501 1939 2536 nisi
1968 2498 2131 2545 apostoli,
2148 2498 2209 2544 qui
2238 2503 2276 2534 ct

1230 2565 1295 2613 ipsi
1316 2565 1458 2611 scriptis
1479 2570 1514 2600 et
1530 2564 1718 2610 praeceptis
1753 2562 1827 2599 suis
1854 2562 2054 2597 illuminant
2081 2560 2189 2597 corda
2215 2569 2278 2596 no-

1230 2631 1317 2668 stra,
1338 2630 1374 2661 et
1393 2624 1529 2660 faciunt
1547 2624 1656 2659 etiam
1679 2623 1745 2669 ipsi
1768 2622 1843 2658 dies
1868 2621 2041 2668 quosdam
2057 2620 2092 2656 in
2114 2619 2217 2655 nobis
2231 2628 2276 2655 ex

1228 2686 1287 2722 illa
1302 2686 1394 2730 luce,
1411 2696 1517 2731 quam
1544 2685 1610 2730 ipsi
1630 2695 1673 2720 cx
1694 2693 1778 2720 vcra
1795 2683 1874 2719 luce
1889 2681 2093 2728 participati
2115 2684 2199 2717 sunt
2214 2689 2276 2715 ve-

1227 2746 1380 2783 nientes.
1401 2746 1467 2790 Qui
1487 2755 1571 2792 ergo
1598 2745 1819 2780 illuminatur
1844 2748 1880 2779 et
1905 2742 2096 2778 instruitur
2113 2751 2156 2777 ex
2185 2749 2269 2785 apo-

1227 2807 1398 2843 stolorum
1416 2805 1618 2853 praeceptis,
1639 2810 1674 2842 et
1699 2805 1743 2840 ad
1765 2803 1950 2840 servitium
1971 2802 2111 2838 Domini
2129 2806 2274 2847 aposto-

1226 2869 1305 2905 licis
1327 2868 1456 2915 regulis
1478 2866 1667 2903 instruitur
1695 2865 1750 2902 vel
1771 2865 1994 2906 instituitur,
2028 2864 2095 2899 iste
2125 2866 2180 2898 est
2212 2860 2275 2908 qui

1229 2929 1365 2965 servire
1381 2928 1511 2964 dicitur
1528 2927 1680 2963 Domino
1705 2927 1742 2966 iaet
1758 2925 1885 2962 diebus
1902 2923 2084 2961 seniorum
2115 2921 2177 2973 qui
2203 2919 2276 2957 fuc-

1229 2994 1313 3025 runt
1338 2994 1418 3034 post
1435 2987 1571 3024 Jcsum.
1599 2986 1663 3023 Vis
1690 2991 1809 3022 autem
1827 2986 1963 3027 videre,
1990 2984 2074 3030 quia
2091 2982 2181 3019 sicut
2200 2981 2276 3017 Sal-

1227 3054 1333 3085 vator
1373 3055 1445 3084 erat
1468 3047 1530 3083 lux
1545 3058 1638 3091 vera,
1663 3058 1739 3094 quo:
1759 3045 1933 3081 illuminat
1950 3055 2083 3079 omnem
2103 3042 2272 3078 hominem

1226 3111 1415 3147 venientem
1437 3110 1472 3145 in
1497 3110 1587 3144 hunc
1608 3107 1775 3143 'reundum
1791 3106 1912 3153 (Joan.
1937 3104 1979 3150 ι),
2003 3105 2052 3139 ita
2070 3108 2105 3138 et
2121 3101 2271 3148 apostoli

1227 3170 1289 3207 lux
1308 3175 1410 3207 erant
1429 3169 1565 3206 mundi.
1585 3168 1622 3204 In
1642 3165 1833 3212 Evangelio
1851 3164 2022 3209 scriptum
2045 3166 2113 3204 est,
2132 3160 2271 3196 dicente

1229 3232 1379 3271 Domino
1412 3232 1455 3268 ad
1486 3241 1573 3267 eos:
1597 3229 1663 3264 Vos
1691 3227 1771 3263 estis
1795 3225 1856 3260 tux
1892 3223 2013 3260 mundi
2046 3221 2187 3270 (Maelii.
2216 3222 2267 3269 v).

1229 3294 1331 3340 Quod
1361 3293 1391 3330 si
1418 3293 1526 3329 etiam
1557 3287 1709 3335 apostoli
1728 3291 1810 3324 sunt
1834 3286 1894 3322 lux
1915 3285 2050 3328 mundi,
2070 3283 2146 3320 sine
2161 3282 2268 3320 dubio

1226 3365 1292 3403 per
1318 3357 1493 3400 praecepta
1511 3355 1547 3386 ct
1567 3349 1735 3385 mandata
1754 3357 1819 3384 sua
1834 3346 2035 3382 illuminant
2053 3344 2155 3381 nobis
2174 3344 2263 3387 dics,

1226 3416 1264 3452 in
1283 3413 1409 3460 quibus
1438 3409 1589 3446 Domino
1623 3408 1835 3445 serviamus.
1871 3405 1974 3451 Quod
1997 3409 2125 3442 ‘autem
2142 3402 2231 3440 dixit
2253 3415 2261 3439 ε

1227 3473 1393 3512 Omnibus
1409 3471 1527 3508 diebus
1558 3470 1732 3507 seniorum
1756 3469 1815 3516 qm·
1833 3467 2014 3515 lonqorum
2041 3466 2174 3502 dierum
2189 3463 2265 3510 fue·

1224 3538 1304 3570 runt
1330 3538 1406 3579 post
1427 3530 1565 3575 Iesum,
1594 3540 1662 3567 nec
1675 3529 1744 3566 hoc
1759 3527 1846 3564 mihi
1863 3526 1978 3564 otiose
2009 3525 2143 3562 dictum
2164 3521 2264 3560 vide-

1228 3598 1296 3636 tur,
1317 3592 1411 3640 quod
1425 3590 1569 3638 lonqoevi
1584 3589 1639 3627 vel
1657 3588 1836 3636 lonqorum
1854 3586 1990 3623 dierum
2003 3583 2171 3622 dicuntur
2182 3589 2264 3620 esne

1225 3653 1399 3696 seniores,
1426 3648 1488 3698 qui
1512 3655 1594 3698 post
1625 3647 1746 3686 Jesum
1775 3646 1933 3690 fuerunt,
1969 3649 2007 3681 et
2037 3641 2180 3691 quidem
2197 3638 2263 3678 nei

1225 3721 1279 3756 oet
1297 3714 1408 3751 solius
1428 3721 1534 3749 nosse
1551 3717 1633 3760 post
1649 3709 1788 3755 sesam,
1820 3709 1881 3756 qui
1901 3706 2010 3744 fuerit
2034 3705 2129 3743 inter
2145 3700 2264 3742 semo-

1226 3786 1296 3823 1·cS‚
1317 3773 1380 3823 qui
1397 3770 1594 3820 longiorem
1609 3770 1705 3812 diem
1716 3769 1856 3817 fecerit,
1869 3767 1907 3809 id
1924 3771 1995 3816 est,
2010 3764 2075 3816 qul
2086 3758 2271 3825 mima.
