2540 4016
281 171 353 208 ’ἴω

278 307 325 342 ait
341 316 354 341 :
371 304 426 340 Aa
446 303 726 347 maledicendum
756 307 910 344 inimicis
933 309 1020 345 mett
1039 307 1156 344 vocavi
1175 312 1209 343 te
1225 318 1237 344 .·
1254 308 1335 354 qui-

277 368 353 410 bus,
371 376 390 401 e
408 364 587 401 contrario
599 391 611 410 ‚
631 367 732 402 tertio
762 366 983 404 benedixisti.
1002 367 1184 404 Reverterc
1209 368 1255 404 ad
1281 368 1336 405 lo-

275 439 355 464 cum
385 434 497 464 tuum.
523 426 754 464 Decreveram
780 428 920 475 quidem
951 429 1134 475 maqnificc
1161 429 1335 467 honorare

274 495 320 534 te,
337 490 397 526 sed
426 489 598 526 Dominus
617 490 768 536 privavit
791 495 824 526 te
848 490 980 526 honore
997 490 1178 538 disposito.
1200 490 1333 529 Osten-

276 552 372 588 ditur
403 552 449 587 in*
475 551 553 595 his,
589 551 675 597 quia
708 556 745 588 et
774 551 882 588 Baiae
914 553 1125 600 intelligerit
1154 565 1227 591 non
1254 554 1333 600 ,iam

274 614 477 650 daemonum
498 614 702 651 ministerio
719 614 836 660 decipi
857 615 1018 660 Balaam,
1035 617 1098 652 sed
1117 617 1180 653 Dei
1200 617 1333 653 virtute

273 677 319 713 ad
338 678 486 714 meliora
502 679 693 715 transferri
709 689 718 714 :
735 684 769 715 et
788 679 869 716 ideo
883 680 985 724 dicit,
996 681 1169 718 Dominus
1185 682 1332 729 privavit

276 741 309 771 te
332 737 475 773 honore.
510 736 580 773 Sed
611 739 689 775 haec
718 748 798 784 quae
826 740 931 785 plana
961 746 1045 776 sunt
1077 747 1330 778 transcurren-

276 802 345 841 tes,
363 798 407 833 ad
441 800 627 844 sequentia
650 801 852 837 veniamus.
885 802 1083 848 Respondit
1112 803 1258 838 Balaam
1288 804 1333 838 ad

274 858 382 896 Balac
415 872 422 895 :
459 860 602 897 Nuntiis
630 864 700 898 tuis
727 874 815 909 quos
845 864 972 899 misisti
999 865 1044 899 ad
1071 875 1125 900 me
1157 865 1266 900 dixi.-
1294 863 1333 899 Si

274 922 408 957 dederit
427 923 511 957 milti
537 923 646 959 Ratae
677 924 815 970 plenam
848 925 990 960 domum
1021 936 1121 960 suam
1140 927 1274 972 arqeuti
1302 930 1335 961 et

274 982 366 1025 auri,
387 994 455 1019 non
481 991 599 1030 potero
620 986 799 1032 pra'terire
823 998 1015 1022 sermonem
1036 987 1099 1022 Dei
1117 988 1198 1030 mei,
1220 993 1256 1022 ut
1283 986 1333 1023 vel

273 1043 352 1079 boni
391 1045 475 1091 quid
511 1046 564 1081 vel
599 1046 684 1081 mali
722 1047 899 1092 proferam
933 1059 975 1082 esc
1015 1048 1118 1082 corde
1150 1048 1332 1082 meo:sed

271 1105 440 1150 quidquid
467 1106 636 1141 Dominus
673 1107 815 1149 dixerit,
842 1108 906 1142 hoc
939 1107 1076 1154 loquar.
1110 1108 1235 1144 Sciens
1265 1108 1332 1143 Ba-

270 1163 367 1199 laam
392 1165 487 1210 quod
514 1176 586 1201 non
617 1166 685 1202 sihi
710 1177 773 1213 per
790 1168 975 1204 ministros
1006 1169 1131 1205 solitos
1161 1180 1330 1215 responsa
1351 1177 1382 1215 Β
1404 1169 1431 1204 si
1452 1170 1613 1215 agnoseit
1639 1169 1752 1205 Filius
1782 1179 1926 1206 sensum
1950 1169 2027 1212 Dei,
2048 1175 2103 1205 est
2131 1181 2217 1216 ergo
2239 1176 2274 1206 et
2292 1171 2459 1207 consilia-

272 1225 514 1269 deferrentur,
536 1228 599 1263 sed
627 1227 672 1262 ab
698 1238 741 1263 co
771 1229 831 1273 qui
866 1229 1015 1265 haberet
1046 1230 1206 1265 omnium
1226 1238 1328 1276 pote-

269 1291 424 1329 statem,
449 1293 547 1323 recte
581 1288 725 1323 videtur
756 1295 992 1335 protestatus,
1012 1292 1083 1325 no‘n
1112 1301 1218 1336 posse
1250 1301 1330 1325 vcr-

266 1346 351 1381 hum
384 1346 524 1381 Domini
561 1349 784 1393 transgredi,
819 1355 854 1383 et
885 1350 1003 1384 facere
1038 1350 1122 1384 illud
1159 1351 1328 1395 pusillum

265 1411 301 1440 et
332 1417 502 1452 magnum
533 1408 627 1452 apud
661 1409 908 1453 semetipsum.
941 1409 1020 1445 Non
1052 1410 1149 1444 enim
1181 1410 1240 1445 ille
1272 1410 1326 1445 lo-

266 1467 444 1511 quebatur
474 1467 529 1510 ei,
563 1468 624 1513 qui
655 1474 778 1513 posset
818 1470 1007 1505 sacrificiis
1042 1475 1078 1506 ct
1116 1470 1328 1506 muneribus

264 1527 488 1572 permutari3
510 1528 572 1563 sed
604 1528 664 1564 ille
691 1535 782 1572 erat,
802 1530 895 1575 apud
923 1541 1028 1576 quem
1058 1542 1129 1567 non
1159 1536 1214 1567 est
1235 1542 1329 1567 com-

263 1589 436 1630 mutatio,
470 1599 537 1625 nec
565 1591 860 1627 commutationis
891 1593 1034 1628 umbra.
1071 1593 1118 1628 Et
1149 1593 1232 1628 inde
1255 1603 1327 1628 uon

262 1657 382 1696 potest
418 1652 586 1688 sacerdos
615 1653 749 1689 mutari
787 1655 979 1698 mercede,
1014 1657 1075 1691 uhi
1112 1656 1207 1692 Deus
1245 1667 1326 1692 inu—

263 1711 412 1748 neribus
442 1722 513 1748 non
533 1718 711 1749 movetur.
746 1714 978 1751 Discessurus
1011 1719 1130 1752 tamen
1158 1716 1322 1761 Balaam,

263 1771 390 1817 incipit
407 1772 538 1808 iterum
559 1775 777 1819 prophetare
795 1781 830 1810 et
850 1776 961 1811 dicit:
983 1775 1231 1813 Verumtamen
1252 1788 1327 1824 per-

262 1843 345 1878 qens
376 1832 421 1867 ad
453 1833 620 1879 poputum
651 1845 780 1878 meum,
813 1836 903 1871 dabo
934 1836 1132 1879 consitium,
1156 1838 1239 1883 quid
1263 1849 1324 1884 po-

261 1893 366 1940 pulus
384 1900 464 1929 tuus
489 1894 596 1940 saciat
611 1896 692 1931 hnic
707 1898 835 1942 populo
864 1902 1017 1933 extremo
1035 1905 1199 1945 tempore.
1223 1899 1325 1942 Quod

255 1954 360 2000 juxta
391 1954 498 1991 aliam
534 1956 729 1993 editionem
754 1958 805 1993 ita
835 1957 990 2004 legitur:
1016 1957 1116 2001 Veni,
1140 1958 1324 1994 consiliam

260 2015 305 2050 do
315 2015 389 2058 tibi,
402 2016 486 2062 quid
503 2016 611 2061 saciat
621 2018 770 2063 populus
785 2018 840 2054 hic
853 2018 981 2065 populo
992 2025 1066 2063 tuo,
1076 2020 1112 2055 in
1126 2022 1323 2056 novissimis

715 169 756 206 Β.
783 169 954 207 RABnm
978 169 1127 208 mum
1150 170 1364 209 Ancmm’.
1391 170 1597 212 WNT.
1621 173 1813 212 orntum
1837 174 1959 213 PARS
1983 175 2011 213 1.

325 246 512 291 lutusque
526 244 678 282 Balaam
694 253 817 283 contra
831 246 958 291 Baiae,
977 247 1161 294 comptam
1175 247 1338 285 manitas
1353 248 1391 292 A
1405 253 1462 288 tm
1485 249 1676 287 eonsilium
1691 249 1756 289 uei
1775 250 1924 290 enuntio
1953 249 2028 286 tihi
2043 253 2081 286 et
2096 249 2303 289 munirem.
2319 250 2460 309 &Qqui-

2387 175 2467 223 Ἦ

1405 310 1499 349 renti
1529 318 1617 348 sane
1644 311 1749 355 mihi,
1766 310 1882 348 sicubi
1899 309 1994 347 forte
2026 309 2065 347 iu
2097 309 2295 358 Scripturis
2328 312 2459 355 divinia

1404 371 1470 409 sub
1486 372 1554 410 hoc
1573 382 1742 410 sermone
1761 371 1878 408 sinule
1892 369 2029 417 aliquid
2047 371 2183 424 dietum
2197 373 2314 419 possit
2330 383 2474 414 cecum--

1403 441 1496 476 rere,
1519 433 1636 469 visum
1664 437 1720 469 est
1739 432 1848 468 etiam
1879 430 1971 469 illud
2002 432 2167 472 similiter
2199 435 2471 476 advertendum.

1402 494 1498 538 quod
1525 493 1718 540 Apostolus
1742 493 1794 528 ait
1811 504 1819 528 :
1839 491 1927 536 Quis
1943 493 2036 530 enim
2054 496 2212 542 coornavit
2228 501 2369 534 semum
2387 498 2462 536 Do-

1402 554 1501 597 mini,
1518 560 1578 589 aut
1606 553 1683 600 quis
1714 552 1935 590 consiliarius
1958 554 2034 601 ejus
2064 555 2158 601 fuit?
2174 555 2294 605 (Rom.
2311 559 2368 606 n.)
2391 559 2460 597 Hie

1402 614 1499 649 enim
1528 614 1624 659 quis,
1644 606 1714 650 non
1732 625 1799 661 pro
1818 615 1930 660 nullo,
1952 617 2015 652 sed
2045 627 2111 663 pro
2139 627 2224 655 raro
2251 620 2308 656 vel
2327 621 2461 659 extmio

1401 676 1567 712 habetur.
1604 676 1790 721 Quomodo
1817 678 1915 714 enim
1941 681 2109 726 cognovit
2140 691 2287 718 sensum
2317 682 2460 721 Domini

1401 737 1606 782 unigenitus
1623 748 1721 780 suus,
1742 739 1829 784 quid
1849 740 1936 776 dicit
1955 752 1964 774 :
1986 740 2100 777 Nemo
2119 743 2213 779 novit
2230 743 2374 780 Patrem
2391 745 2460 781 uisi

1400 797 1530 842 Filius,
1550 806 1581 834 et
1599 801 1655 835 cui
1676 800 1822 836 voluerit
1840 801 1871 836 F
1875 802 1957 838 ilius
1979 803 2151 840 revelari?
2177 804 2278 853 (Luc;
2297 806 2350 854 x.)
2366 807 2460 852 Quid

1401 863 1458 895 est
1475 870 1561 906 ergo
1581 861 1676 896 aliud
1697 862 1790 898 scire
1803 861 1962 906 Patrem,
1978 864 2046 900 nisi
2064 864 2158 901 scire
2171 866 2361 902 consilium
2380 867 2459 912 ejus

1402 927 1438 958 et
1463 924 1633 958 sensum?
1666 923 1736 960 Sed
1757 931 1794 960 et
1817 925 1976 971 Spiritus
2006 932 2168 971 sanctus,
2185 928 2248 973 qui
2277 934 2460 965 scrutatur

1402 986 1509 1021 etiam
1539 985 1609 1020 alta
1640 986 1717 1029 Dei,
1738 988 1823 1032 qnid
1861 988 1929 1023 nisi
1963 999 2110 1025 sensum
2146 988 2224 1033 ejus
2261 991 2461 1036 agnoscat?

1400 1047 1572 1094 Agnoscit
1591 1058 1676 1093 ergo
1693 1054 1728 1083 et
1755 1049 1867 1084 Filius
1898 1055 1933 1084 et
1957 1049 2115 1095 Spiritus
2145 1056 2292 1086 sanctus
2314 1058 2459 1088 sensum

1401 1107 1557 1150 Domini,
1576 1114 1610 1143 et
1637 1109 1674 1144 hi
1699 1108 1828 1154 quibus
1852 1108 2009 1144 voluerit
2026 1109 2138 1145 Filius
2159 1110 2334 1146 revelare.
2357 1110 2460 1155 Quod

1403 1229 1477 1264 rius
1506 1228 1598 1274 ejus,
1616 1240 1686 1264 non
1715 1230 1763 1265 ita
1793 1230 2038 1276 accipiendum
2058 1236 2133 1274 est,
2155 1231 2256 1276 quasi
2280 1231 2458 1278 ignoranti
2510 1221 2527 1253 ‘⁵⁷

1400 1289 1432 1324 ci
1453 1290 1538 1334 quid
1570 1295 1667 1335 agat,
1687 1291 1878 1326 consilium
1908 1291 1967 1327 det
1987 1291 2111 1334 Filius,
2131 1297 2167 1327 et
2199 1291 2357 1338 Spiritus
2376 1293 2460 1329 sari-

1398 1355 1491 1385 ctus.
1531 1350 1646 1385 Simili
1680 1362 1766 1397 crgo
1798 1352 1904 1387 modo
1937 1357 1973 1387 ct
2000 1352 2162 1396 Balaam,
2185 1353 2268 1398 quia
2303 1354 2457 1397 consilii,

1399 1410 1494 1453 quod
1525 1410 1558 1444 ei
1589 1410 1813 1454 reyelaverat
1845 1412 1954 1453 Deus,
1985 1413 2201 1457 participem
2234 1414 2391 1450 faciebat.
2422 1419 2459 1450 et
2512 1419 2518 1422 ’

1398 1479 1549 1515 gnarum
1573 1469 1694 1512 Balac,
1716 1470 1790 1504 ait:
1814 1470 1917 1513 Veni,
1933 1471 2117 1506 consilium
2137 1473 2197 1507 tibi
2215 1473 2274 1508 do.
2513 1468 2514 1480 ¹

1444 1528 1543 1564 Diaeit
1562 1528 1712 1564 Balaam
1732 1529 1827 1574 filius
1847 1529 1939 1564 Beor
1954 1539 1965 1563 .·
1982 1529 2079 1565 Dixit
2107 1530 2210 1565 homo
2230 1531 2330 1577 cujus
2356 1531 2458 1567 obtu-

1397 1595 1495 1625 ratus
1523 1595 1572 1624 est
1593 1588 1738 1632 oculus3
1760 1589 1850 1624 dixit
1881 1590 2025 1625 auditor
2057 1601 2257 1627 sermonum
2278 1592 2372 1628 Dei:
2390 1592 2460 1636 Qui
2535 1641 2540 1644 ῃ

1396 1652 1488 1687 novit
1520 1651 1717 1686 doctrinam
1753 1651 1939 1694 Altissimi,
1971 1658 2003 1687 et
2034 1651 2201 1687 visionem
2236 1642 2485 1699 Omnipoten-‘
2532 1648 2540 1705 j

1397 1717 1441 1748 tr's
1474 1713 1593 1755 videt;
1615 1713 1674 1757 qni
1698 1713 1826 1748 cadens
1855 1719 1992 1759 apertos
2022 1714 2124 1749 habet
2153 1714 2285 1751 oculos.
2329 1714 2458 1751 Videbo
2535 1709 2540 1718 ¹

1396 1785 1488 1818 eum,
1510 1774 1569 1810 sed
1603 1786 1671 1810 non
1693 1775 1819 1819 modo,·
1840 1775 2000 1812 intuebor
2023 1775 2125 1812 illum
2141 1803 2150 1819 ,
2169 1777 2229 1812 sed
2250 1788 2319 1813 non
2337 1785 2455 1824 prope.

1396 1834 1583 1878 Quomodo
1601 1835 1748 1882 dignum
1778 1837 1848 1872 erit
1877 1841 2017 1873 tantum
2039 1837 2134 1874 istud
2152 1837 2301 1885 intelligi
2325 1838 2370 1874 de
2388 1838 2459 1876 Ba-

1394 1895 1489 1932 laam
1514 1901 1554 1932 ut
1586 1897 1678 1933 sciat
1710 1897 1900 1933 scientiam
1926 1898 2081 1942 Excelsi,
2114 1899 2175 1945 qui
2207 1900 2316 1936 etiam
2347 1900 2456 1939 Balae

1395 1968 1516 2004 regem
1551 1958 1738 2002 docuerit,
1761 1960 1940 2005 quomodo
1970 1960 2182 1996 scandalum
2207 1962 2368 1999 mitteret
2396 1973 2458 2000 co-

1394 2028 1473 2054 ram
1494 2019 1574 2055 liliis
1609 2020 1739 2064 lsrael,
1758 2026 1798 2056 ut
1821 2021 2080 2058 manducarent
2105 2021 2290 2059 immolata
2319 2028 2356 2058 et
2380 2023 2455 2059 sor-

261 2077 406 2111 diehus?
430 2077 580 2123 Sumpta
614 2079 724 2124 igitur
753 2080 940 2125 parabola,
970 2091 1114 2117 rursum
1151 2082 1213 2118 ait,
1253 2083 1324 2120 Sed
1345 2078 1374 2120 C
1396 2079 1619 2115 nicarcntur.
1650 2078 1719 2115 Vix
1748 2081 1845 2116 enim
1869 2081 1913 2116 de
1932 2086 2068 2117 sanctis
2086 2082 2271 2127 prophetis
2289 2088 2352 2118 aut
2371 2093 2458 2129 apo-

259 2138 471 2184 priusquam
490 2140 534 2174 ad
553 2141 843 2185 explanationem
873 2152 998 2178 eorum
1029 2154 1109 2188 quae
1138 2145 1324 2190 prophetae

261 2204 346 2234 sunt
363 2198 564 2242 veniamus,
583 2200 692 2235 velim
716 2202 901 2246 requirere
923 2204 1003 2248 quis
1022 2204 1090 2240 iste
1106 2215 1234 2241 sensus
1254 2211 1323 2250 est,

259 2258 317 2293 vel
337 2259 417 2304 quis
438 2259 527 2295 ordo
544 2260 751 2304 verborum,
775 2263 870 2307 quod
889 2262 963 2298 ait:
984 2262 1068 2299 Veni
1088 2270 1119 2299 et
1141 2265 1325 2302 consilinm

259 2319 304 2354 do
322 2319 396 2354 tibi.
415 2320 460 2356 Et
474 2322 613 2357 consilii
630 2323 775 2368 quidem
793 2324 883 2359 nihil
899 2325 985 2361 dare
1000 2327 1155 2369 videtur,
1173 2329 1234 2363 sed
1251 2329 1321 2364 ait:

261 2378 365 2422 Quod
382 2379 541 2424 facturus
554 2381 599 2417 sit
618 2382 767 2429 populus
785 2383 840 2418 hic
854 2385 981 2431 populo
1001 2391 1060 2421 tuo
1079 2387 1115 2422 in
1129 2388 1325 2425 novissimis

262 2440 407 2483 diebas;
427 2446 463 2476 et
485 2446 583 2478 esset
614 2443 738 2488 utique
764 2446 1021 2490 consequentia
1035 2473 1044 2488 ,
1067 2452 1107 2482 ut
1139 2448 1326 2484 videretur

262 2501 408 2537 Balaam
425 2504 643 2548 prophetare
655 2505 700 2541 de
717 2506 774 2541 liis
785 2516 863 2551 quae
877 2507 1028 2553 populus
1042 2507 1153 2544 lsrael
1165 2508 1326 2546 facturus

262 2570 357 2599 esset.
373 2563 503 2609 populo
522 2564 643 2608 Balac,
667 2565 723 2601 vel
738 2567 880 2603 caeteris
900 2568 1089 2613 gentibus;
1111 2573 1148 2604 et
1168 2570 1263 2614 quod
1287 2570 1325 2606 in

259 2624 395 2659 virtute
412 2623 531 2666 faciet,
548 2625 599 2660 ita
612 2630 652 2661 ut
668 2636 741 2662 non
756 2627 986 2673 derelinquat
1000 2639 1044 2664 ex
1059 2630 1210 2667 urbibus
1221 2630 1325 2667 Moab

258 2684 371 2720 ullum
391 2686 452 2730 qui
479 2686 601 2722 salvus
629 2687 703 2722 fiat.
729 2686 800 2724 Sed
821 2693 856 2725 et
873 2690 1064 2735 prophetia
1093 2691 1326 2729 nihilominus

261 2754 368 2790 quam
386 2744 430 2780 de
452 2745 596 2781 Clu-isto
615 2746 801 2794 conjungit
827 2748 864 2784 in
885 2753 1191 2797 consequentibus
1212 2759 1249 2789 et
1275 2754 1326 2789 di-

261 2805 328 2842 cit:
342 2805 486 2842 Orietur
499 2806 600 2842 stella
615 2818 658 2843 etc
668 2806 792 2850 Jacob,
803 2815 835 2844 et
850 2817 1011 2857 exsui-yet
1025 2813 1127 2848 homo
1142 2815 1184 2849 de
1195 2814 1323 2859 Israel,

261 2872 294 2901 et
321 2866 470 2902 vastabit
498 2878 615 2903 omnes
639 2868 813 2915 principes
844 2869 966 2915 Moab,
989 2875 1245 2912 convenienter
1262 2885 1327 2922 po-

260 2925 332 2962 sita
349 2926 506 2969 videtur,
522 2927 554 2962 si
575 2927 751 2973 scriptum
766 2933 863 2965 esset
881 2942 888 2965 :
912 2930 997 2966 Veni
1013 2939 1046 2968 et
1065 2935 1229 2979 propheto
1247 2937 1321 2972 tibi.

1396 2139 1497 2175 stolis
1515 2140 1677 2176 inveniet
1695 2141 1827 2188 aliquis
1854 2141 2005 2185 dictum,
2025 2142 2108 2188 quia
2130 2142 2320 2179 scientiam
2340 2144 2458 2181 sciant

1394 2199 1535 2235 Excelsi
1554 2213 1560 2234 :
1580 2203 1745 2247 quamvis
1778 2202 1910 2240 Paulus
1927 2203 2083 2247 dixerit,
2115 2204 2258 2240 audisse
2289 2215 2325 2242 se
2354 2206 2458 2242 verba

1394 2261 1659 2305 inenarrabilia,
1689 2275 1767 2310 quoe
1794 2276 1862 2299 non
1891 2265 1969 2300 licet
1997 2265 2131 2301 homini
2163 2265 2257 2310 loqui
2285 2266 2341 2314 (11
2371 2265 2453 2302 Cor.

1394 2322 1480 2368 xu);
1502 2328 1621 2358 tamen
1642 2333 1711 2360 non
1732 2330 1786 2360 est
1809 2324 1994 2370 professus
2018 2326 2152 2362 habere
2173 2326 2362 2363 scientiam
2384 2327 2456 2363 Ex-

1396 2384 1495 2420 celsi.
1522 2384 1673 2431 Propter
1691 2388 1787 2432 quod
1813 2387 2018 2433 diligentius
2045 2388 2286 2431 intendamus,
2308 2390 2339 2426 si
2362 2389 2457 2427 forte

1394 2444 1541 2490 dignum
1557 2446 1691 2491 aliquid
1712 2447 1806 2482 Deus
1827 2447 1932 2482 nobis
1949 2457 2056 2492 super
2076 2448 2144 2483 hoc
2164 2457 2332 2484 sermone
2350 2459 2453 2485 reve-

1394 2505 1470 2542 lare
1497 2507 1675 2553 dignetur.
1701 2508 1740 2543 ln
1768 2507 1859 2543 libro
1891 2508 1951 2553 qui
1981 2508 2075 2553 apud
2101 2518 2167 2543 nos
2187 2507 2331 2553 quidem
2359 2509 2455 2545 inter

1396 2567 1598 2604 Salomonis
1625 2569 1808 2605 volumina
1840 2570 1964 2605 haberi
1995 2570 2104 2613 solet,
2126 2575 2164 2605 et
2179 2571 2455 2610 Ecclesiasticus

1395 2628 1480 2671 diei,
1499 2630 1593 2675 apud
1621 2628 1766 2665 Graecos
1795 2639 1882 2665 vero
1914 2629 2099 2674 Sapientia
2124 2629 2209 2666 Jesu
2235 2630 2299 2666 filii
2321 2630 2452 2668 Sirach

1395 2689 1614 2735 appellatur,
1635 2690 1810 2736 scriptum
1833 2695 1887 2727 est
1904 2699 1914 2725 ε
1933 2689 2056 2726 Omnis
2076 2691 2246 2737 sapientia
2267 2702 2288 2726 a
2307 2691 2382 2728 Deo
2401 2697 2452 2728 est

1397 2749 1546 2797 (Noctes.
1565 2749 1604 2796 ι).
1628 2749 1731 2794 Quod
1758 2749 1914 2787 fortasse
1939 2760 2130 2796 possumus
2159 2750 2210 2786 ita
2237 2750 2450 2798 intelligere,

1395 2810 1498 2856 quasi
1521 2820 1542 2845 a
1562 2809 1636 2846 Deo
1656 2810 1702 2846 sit
1727 2815 1764 2846 et
1790 2810 1851 2846 illa
1883 2811 2057 2857 sapient-ia
2086 2810 2209 2846 mundi
2230 2809 2350 2855 hujus,
2372 2821 2452 2857 quae

1396 2872 1610 2907 destruenda
1631 2872 1775 2916 dicitur,
1797 2880 1832 2908 et
1850 2864 2056 2918 principum
2074 2871 2199 2908 mundi
2216 2870 2343 2916 hujus;
2365 2877 2401 2908 et
2420 2872 2451 2909 si

1395 2942 1466 2977 qua
1488 2932 1556 2968 alia
1577 2939 1645 2976 est,
1664 2943 1730 2980 per
1749 2943 1858 2980 quam
1876 2933 1966 2970 salsa
1985 2933 2134 2970 scientia
2150 2933 2449 2970 commendatur:

260 2985 366 3022 Nunc
383 2992 502 3023 autem
519 2987 606 3032 quid
622 2987 784 3024 dicemus
798 2991 842 3024 ad
858 2990 927 3026 hoc
942 2992 1037 3036 quod
1051 2994 1225 3039 scriptum
1245 3001 1296 3031 est
1314 3008 1321 3031 :
1343 2991 1378 3030 D
1396 2994 1464 3029 nisi
1484 2994 1518 3029 in
1541 2995 1618 3040 ipso
1635 2995 1755 3032 libcllo
1773 2996 1808 3031 in
1827 2994 2130 3041 consequentibus
2156 2994 2358 3038 diceretur;
2379 3004 2451 3031 non
2511 2984 2522 3043 ff

265 3047 369 3092 Veni,
381 3048 565 3084 consilium
581 3049 626 3084 do
646 3049 721 3092 tibi,
735 3049 819 3095 qnid
838 3050 942 3095 faciet
959 3052 1106 3098 populus
1126 3053 1181 3090 bic
1197 3056 1324 3101 populo

261 3110 349 3145 tuo?
382 3109 625 3156 Requiramus
658 3120 758 3157 ergo,
788 3113 968 3157 quomodo
1000 3113 1149 3160 intelligi
1181 3116 1321 3161 debeat,

261 3170 357 3215 quod
385 3169 562 3216 scriptum
589 3176 658 3214 est,
681 3170 866 3207 consilium
891 3171 951 3207 tibi
979 3172 1036 3207 do.
1060 3174 1110 3209 De
1138 3185 1209 3220 quo
1230 3186 1324 3222 saepe

262 3232 357 3278 apud
375 3231 551 3279 meipsum
570 3232 775 3278 requirens,
795 3232 932 3269 nullum
951 3238 1039 3279 puto
1058 3234 1195 3270 exitum
1219 3235 1321 3271 inve-

260 3292 341 3328 nire
360 3292 563 3329 sententiae.
586 3292 658 3329 Sed
677 3294 747 3330 hoc
771 3294 867 3340 quod
891 3294 955 3338 ait,
975 3294 1158 3330 consilium
1179 3295 1240 3331 {ibi
1259 3296 1319 3339 do,

261 3352 444 3388 communi
465 3356 502 3388 et
519 3352 656 3390 usitato
671 3362 773 3389 more
791 3353 927 3390 dictum
945 3359 1126 3400 putemus.
1145 3354 1216 3391 Sed
1233 3355 1322 3392 illud

261 3411 380 3456 magis
405 3412 479 3448 vidi
503 3419 584 3449 esse
601 3414 835 3454 couveniens,
855 3413 952 3460 quod
971 3414 1037 3458 ait,
1057 3415 1241 3452 consilium
1260 3417 1321 3452 tibi

262 3468 324 3512 do,
342 3474 382 3504 ut
406 3470 457 3506 ita
487 3471 620 3508 dixisse
647 3473 872 3520 intelligatur
890 3473 1115 3512 :Consilium
1143 3475 1319 3523 divinum,

263 3531 360 3577 quod
375 3531 414 3567 in
431 3533 635 3572 novissimis
649 3535 778 3573 diebus
793 3536 1014 3582 implendum
1030 3541 1100 3582 est,
1121 3547 1219 3574 nunc
1232 3538 1325 3576 mihi

262 3591 476 3638 revelatum,
497 3595 620 3641 aperio
649 3596 714 3633 tibi
742 3601 779 3634 et
810 3596 1024 3642 manifesto,
1044 3601 1085 3634 ut
1111 3597 1206 3635 scias
1237 3598 1325 3646 quia

263 3652 418 3698 populus
436 3653 496 3690 hic
515 3653 625 3692 saciet
652 3657 785 3704 populo
812 3662 887 3694 tuo.
917 3657 963 3695 Et
991 3658 1062 3696 hoc
1089 3658 1198 3696 modo
1225 3662 1327 3705 stare

216 3715 220 3730 ³
264 3712 355 3749 mihi
383 3714 503 3752 visum
525 3722 583 3753 est
611 3727 718 3764 posse
747 3719 845 3766 quod
869 3719 947 3758 ait:
969 3719 1163 3759 Comitium
1180 3721 1244 3760 tibi
1260 3721 1334 3767 dni

265 3773 352 3822 qnid
392 3775 548 3820 facturus
585 3785 636 3815 est
673 3780 825 3828 populu
865 3782 925 3821 hic-
956 3783 1102 3834 populo,
1127 3789 1211 3829 tm,
1253 3785 1328 3831 hm

1394 3057 1450 3088 est
1469 3053 1565 3088 enim
1587 3055 1763 3100 sapientia
1781 3054 1928 3091 malitiae
1952 3055 2155 3101 disciplina.
2174 3053 2245 3091 Per
2263 3055 2360 3106 quod
2381 3055 2451 3090 uti·
2510 3064 2526 3078 r

1395 3125 1464 3160 que
1497 3115 1616 3158 docet,
1640 3116 1724 3162 quia
1751 3117 1869 3153 omnis
1894 3116 2081 3163 disciplina
2109 3126 2188 3162 quae
2212 3115 2294 3153 salsi
2313 3115 2450 3162 aliquid

1394 3175 1538 3218 asserit,
1561 3175 1672 3211 etiam
1688 3176 1720 3212 si
1739 3177 1935 3212 vehemens
1955 3177 2133 3220 videatur,
2154 3181 2190 3213 et
2207 3176 2285 3213 veri
2306 3176 2447 3221 similis,

1391 3240 1429 3270 et
1459 3246 1538 3280 quae
1569 3237 1731 3272 subverti
1756 3237 1898 3273 difficile
1928 3238 2053 3282 possit,
2081 3243 2201 3275 tamen
2220 3249 2448 3285 nequaquam

1391 3295 1595 3340 hujusmodi
1621 3296 1772 3332 scientia
1791 3296 1838 3331 ad
1854 3297 2040 3340 sapientiae
2061 3297 2206 3335 titulum
2229 3299 2356 3335 debeat
2379 3307 2446 3344 ap—

1388 3355 1528 3402 plicari.
1544 3354 1637 3399 Quid
1648 3365 1733 3401 ergo
1747 3355 1911 3400 estquod
1926 3355 2002 3390 ait:
2019 3354 2140 3392 Omnis
2154 3356 2325 3402 sapientia
2336 3367 2357 3391 a
2372 3355 2445 3393 Deo

1389 3416 1466 3453 est?
1481 3414 1594 3464 (Ecct.
1615 3414 1657 3462 ι.)
1677 3414 1766 3451 lllud
1781 3413 1869 3450 mihi
1886 3414 2045 3451 sensisse
2061 3414 2218 3459 videtur,
2229 3415 2312 3461 quia
2327 3417 2445 3454 omnis

1389 3478 1542 3526 peritia,
1561 3484 1642 3524 quse
1661 3477 1718 3514 vel
1739 3484 1824 3524 erga
1856 3482 1974 3514 artem
1995 3477 2155 3524 aliquam
2180 3480 2261 3515 usui
2285 3480 2444 3517 humano

1391 3539 1595 3576 necessaria
1627 3537 1794 3588 hahetur,
1813 3537 1871 3574 vel
1901 3537 2092 3585 cujuslibet
2113 3538 2167 3576 rei
2198 3540 2364 3586 scientia,
2384 3546 2444 3579 aa·

1391 3599 1527 3647 pientia
1559 3599 1701 3638 dicatur
1721 3609 1744 3637 a
1763 3598 1916 3636 Domino
1945 3599 2044 3637 datm
2070 3600 2230 3647 Denique
2256 3603 2350 3650 apud
2374 3601 2450 3642 101»,

1390 3663 1564 3709 seriptum
1593 3666 1650 3699 cst
1665 3672 1676 3698 z
1694 3659 1783 3705 Quis
1809 3660 1906 3698 dedit
1930 3660 2135 3699 mulieribus
2163 3664 2303 3701 tenendi
2327 3664 2450 3706 scien&

1389 3724 1540 3768 &aba
1555 3723 1741 3761 ’adetum
1770 3722 2065 3772 ancipitum?
2087 3722 2159 3770 Sed
2182 3730 2220 3762 et
2235 3724 2273 3763 in
2287 3723 2415 3764 Eunu
2428 3735 2450 3763 a·

1391 3785 1549 3824 maru.
1577 3787 1655 3832 ἀεί)
1680 3784 1811 3837 inquit
1833 3784 2015 3831 Dominus
2045 3785 2092 3823 ad
2123 3785 2272 3840 lupun
2292 3785 2447 3834 Q&
