2540 4016
299 147 366 183 639

294 280 410 318 omnis
430 278 567 321 clerus,
590 287 697 323 quam
722 278 968 315 necessarium
989 279 1036 315 sit
1058 279 1130 314 illis
1154 282 1192 313 ut
1213 277 1268 314 sui
1292 276 1347 314 of-

291 339 363 377 ficii
377 338 460 384 jura
480 336 670 383 diligenter
690 337 916 380 custodiant,
940 347 985 373 ne
1004 337 1158 373 terrenis
1176 336 1286 373 lucris
1304 347 1347 374 ac

290 400 413 438 saeculi
432 397 677 445 voluptatibus
701 407 783 434 cum
806 398 913 445 vulgo
934 398 1187 444 imperitorum
1209 409 1247 435 se
1268 404 1345 434 tra-

290 461 405 498 dant:
430 459 515 505 quia
540 458 727 504 proprium
750 457 894 494 illorum
927 459 1065 495 ordinis
1099 464 1206 506 atque
1237 459 1345 495 officii

289 527 365 564 est,
386 526 425 556 ut
443 519 652 557 deserviant
677 519 714 555 in
748 521 983 557 tabernaculo
1003 520 1153 557 soederis
1174 521 1343 565 Domini,

289 588 325 618 et
344 586 446 617 orent
464 591 529 626 pro
548 580 691 626 populis
704 607 713 623 ,
731 590 776 616 ne
798 580 845 616 sit
863 581 967 627 plaga
986 582 1023 617 in
1043 581 1096 616 eis
1116 580 1341 626 disperdens.

287 639 431 685 A-lioqui
453 639 483 674 si
504 639 571 684 ipsi
591 638 815 684 negligenter
834 639 946 674 vitam
965 650 1068 675 suam
1088 640 1278 685 duxerint,
1302 652 1343 677 ac

286 710 353 746 pro
374 699 438 735 Dei
462 699 610 735 servitio
636 699 756 735 saeculi
779 699 891 735 lucris
916 710 957 736 ac
987 701 1243 747 cupiditatibus
1277 701 1341 737 de-

289 758 508 802 servierint,
529 759 740 805 semetipsos
763 759 800 795 in
823 760 1064 805 perditionem
1087 761 1313 807 praecipitent
1331 787 1341 804 ,

287 825 323 856 et
339 819 510 865 populum
528 830 599 855 non
617 820 757 856 salvent
772 848 782 864 ‚
802 821 941 857 dicetur
956 820 1000 857 de
1017 822 1069 858 eis
1086 821 1172 857 illud
1189 822 1344 867 prophe-

286 880 397 916 ticum
419 893 426 915 :
457 880 539 916 Non
562 887 612 916 est
636 882 721 916 mihi
742 881 902 917 voluntas
923 882 959 916 in
980 881 1095 924 vobis,
1116 882 1199 917 dicit
1219 882 1344 917 Domi-

288 951 352 975 nus
379 941 624 976 exercituum:
649 947 681 977 et
703 953 829 977 munus
855 953 924 976 non
947 942 1137 988 suscipiam
1168 942 1209 977 de
1235 953 1343 977 manu

286 1007 400 1035 vestra
419 1000 600 1047 (Malaca.
619 1001 667 1049 1).
687 1002 732 1037 Et
753 1002 840 1037 alibi
861 1014 869 1036 z
890 1000 984 1037 Cleri
1001 1007 1116 1037 autem
1134 1012 1254 1036 eorum
1274 1011 1343 1036 non

287 1061 478 1106 proderunt
497 1061 559 1096 eis.

670 1122 821 1159 CAPUT
847 1123 953 1159 xvll.

285 1182 337 1218 De
355 1183 474 1219 ordine
494 1181 694 1219 Levitarum
714 1184 853 1231 quaudo
872 1185 1023 1220 ministri
1043 1184 1133 1226 sint,
1151 1190 1182 1220 et
1200 1184 1339 1230 quando

583 1230 740 1266 custodes
759 1243 919 1266 vasorum
939 1231 1040 1276 fiant.

334 1305 475 1352 (Ιιςιυ.)
501 1305 655 1341 Locutus
679 1312 729 1342 esc
752 1306 924 1342 Dominus
952 1307 997 1342 ad
1020 1306 1166 1353 Moysen
1188 1307 1307 1342 dicens
1327 1317 1339 1341 :

286 1364 374 1400 Hoee
401 1371 452 1400 est
479 1365 533 1400 lea:
557 1366 771 1401 Levitarum.
796 1366 825 1400 A
851 1367 975 1412 viyz'nti
999 1367 1149 1412 quinque
1174 1367 1276 1401 annis
1307 1370 1340 1401 et

286 1436 393 1471 supra
422 1426 661 1471 inyredientur
688 1432 725 1461 ut
753 1427 949 1461 ministrent
976 1427 1013 1461 in
1032 1426 1257 1461 tabernaculo
1278 1427 1340 1471 soe-

282 1486 391 1521 deris.
414 1484 571 1533 Cumque
591 1487 915 1533 quinquayesimunt
936 1497 1068 1522 annum
1086 1487 1199 1522 oetatis
1219 1486 1340 1532 imple-

281 1547 413 1589 verint,
444 1547 572 1582 servire
592 1547 795 1590 cessabunt,
819 1554 987 1594 eruntque
1007 1548 1160 1583 ministri
1187 1547 1338 1592 fratrum

282 1618 427 1643 suorum
458 1609 495 1642 in
522 1607 747 1643 tabernaculo
779 1608 937 1654 foederis,
968 1614 1005 1643 ut
1034 1608 1233 1643 custodiant
1261 1619 1338 1655 quoe

285 1668 351 1702 sibi
370 1668 499 1713 suerint
522 1669 791 1704 commendata.-
815 1680 918 1715 opera
937 1675 1053 1704 autem
1081 1669 1156 1714 ipsa
1183 1680 1252 1704 non
1280 1669 1337 1714 fa-

283 1728 391 1762 ciant.
414 1726 496 1763 Sive
517 1729 715 1764 secundum
737 1727 971 1774 Septuaginta
992 1738 1001 1763 :
1022 1728 1051 1763 A
1081 1729 1200 1775 quinto
1228 1734 1259 1763 et
1287 1728 1338 1763 vi-

283 1788 409 1823 cesimo
431 1799 523 1824 anno
542 1795 573 1823 et
592 1800 697 1835 supra
710 1816 718 1831 ,
738 1789 929 1824 introibunt
955 1789 1155 1823 ministrare
1174 1788 1211 1823 in
1231 1788 1336 1823 mini-

282 1849 427 1884 sterium
442 1876 451 1892 ,
472 1850 508 1884 in
528 1850 700 1896 operibus,
723 1851 760 1885 in
780 1850 1007 1886 tabernaculo
1027 1850 1218 1886 testimonii
1234 1861 1246 1893 ,·
1265 1856 1295 1885 et
1315 1861 1336 1885 a

280 1910 582 1957 quinquayenario
603 1912 764 1947 recedant
785 1912 827 1947 ab
859 1912 1183 1955 administratione,
1207 1918 1238 1947 et
1267 1923 1336 1948 non

282 1972 517 2016 operabuntur
534 1972 656 2015 ultra;
677 1979 708 2008 et
728 1974 976 2010 ministrabunt
1003 1974 1130 2020 [ratres
1156 1985 1275 2010 eorum
1299 1975 1336 2010 in

746 141 786 176 B.
815 141 985 177 RABANI
1010 141 1157 178 MAURl
1178 140 1390 178 ARCHIEP.
1416 141 1622 181 MOGUNT.
1649 142 1840 182 OPERUM
1863 145 1984 183 PARS
2005 144 2035 180 Ι.

297 223 448 260 Videant
465 217 645 265 episcopi,
663 218 885 261 sacerdotes,
902 218 1061 255 ministri
1078 217 1219 254 Domini
1237 222 1343 262 atque
1362 217 1398 258 A
1413 218 1491 264 ipso
1509 218 1621 256 fratre
1641 219 1689 256 sit
1708 219 1843 256 dictum
1859 247 1869 264 ,
1890 219 2065 256 custodire
2084 218 2261 255 custodias
2274 244 2285 262 ,
2305 227 2387 256 cum
2409 218 2466 255 di·
2516 228 2518 234 ⁸

2395 144 2466 182 640

1415 283 1514 315 ctum
1533 278 1582 315 sit
1600 278 1645 315 de
1664 279 1725 316 illo
1743 280 1806 326 qui
1831 279 1971 316 recedit
2000 279 2045 316 ab
2078 277 2268 324 operibus,
2289 282 2327 315 et
2345 287 2466 315 rema-

1413 340 1514 377 nebit
1531 341 1568 377 in
1590 341 1823 378 tabernaculo
1840 340 2039 378 testimonii
2058 338 2239 376 custodire
2254 339 2463 377 custodias:

1412 410 1523 447 opera
1551 406 1674 437 autem
1693 411 1765 437 non
1785 399 2007 446 operabitur,
2027 399 2090 436 sed
2117 398 2327 445 operabitur
2352 397 2468 436 trater

1412 460 1489 506 ejus
1504 488 1513 505 ‚
1538 461 1573 497 id
1591 466 1669 505 est,
1688 461 1749 506 qui
1768 460 1928 496 nondum
1945 460 2111 506 pervenit
2130 460 2175 496 ad
2194 464 2340 496 aetatem
2359 458 2467 505 quin-

1412 524 1699 571 quagenariam,
1736 533 1757 558 a
1790 522 1919 569 viginti
1953 523 2113 568 quinque
2147 523 2255 560 annis
2289 522 2469 569 incipiens

1410 585 1566 630 operari.
1598 584 1693 630 Ergo
1726 583 1776 619 ita
1809 583 2101 630 distinguendum
2131 589 2210 627 est,
2235 589 2276 620 ut
2307 595 2328 620 a
2358 584 2467 630 quin-

1411 645 1633 691 quagenario
1651 645 1799 681 recedat
1817 645 1862 680 ab
1881 644 2195 681 administratione
2207 672 2217 689 ,
2239 650 2275 681 et
2293 655 2365 683 non
2384 654 2470 691 ope-

1410 704 1550 740 rabitur
1581 703 1702 747 ultra;
1738 708 1774 740 et
1803 703 2028 739 ministrabit
2058 703 2173 740 frater
2206 704 2298 750 ejus.
2330 703 2468 740 Deinde

1412 764 1506 800 redit
1525 764 1568 800 ad
1591 764 1692 800 illum
1727 764 2098 810 quinquagenarium,
2129 765 2172 800 de
2199 774 2270 810 quo
2296 763 2452 809 loqueba

1409 829 1483 866 tur,
1514 829 1549 858 et
1579 824 1622 858 de
1650 823 1710 859 illo
1739 823 1894 869 explicat
1914 829 2045 860 caetera
2066 824 2217 860 dicens:
2239 824 2285 859 In
2306 823 2469 859 taberna*

1410 884 1487 920 culo
1508 886 1697 920 testimonii
1716 886 1891 921 custodire
1911 886 2087 921 custodias
2106 895 2117 919 .·
2139 897 2242 931 opera
2261 891 2378 920 autem
2397 894 2469 919 non

1410 943 1622 989 operabitur.
1663 943 1765 987 Quod
1803 945 1900 980 enim
1940 945 2011 988 ait,
2052 944 2228 980 custodire
2264 943 2466 987 custodias,

1410 1003 1505 1039 solet
1533 1004 1630 1043 enim
1660 1005 1794 1040 usitate
1825 1005 1935 1040 etiam
1961 1006 1996 1040 in
2029 1005 2169 1041 Latinis
2201 1003 2467 1047 locutionibus,

1410 1064 1594 1100 infinitum
1621 1065 1773 1100 verbum
1803 1066 1889 1110 poni
1921 1077 1988 1111 pro
2021 1066 2138 1102 finito.
2171 1066 2321 1112 Mystice
2347 1069 2470 1102 autem

1359 1120 1392 1158 B
1411 1125 1496 1170 quid
1526 1135 1591 1170 per
1618 1135 1749 1160 annum
1782 1125 1949 1171 quintum
1971 1130 2032 1161 aut
2053 1126 2278 1168 vicesimum,
2311 1126 2347 1161 in
2375 1135 2468 1171 quos

1408 1184 1474 1220 ssos
1495 1184 1696 1230 juventutis
1715 1186 1895 1229 oboritur,
1926 1186 1995 1222 nisi
2015 1192 2143 1222 contra
2164 1197 2276 1222 unum
2299 1186 2470 1231 quodque

1408 1246 1579 1281 vitiorum
1609 1245 1701 1281 bella
1728 1246 1946 1292 signantur?
1971 1246 2015 1282 Et
2050 1247 2134 1292 quid
2159 1256 2223 1292 per
2243 1246 2467 1292 quinquage-

1409 1306 1574 1349 narium,
1610 1306 1645 1341 in
1679 1316 1750 1351 quo
1780 1305 1920 1342 Juhilaei
1958 1306 2101 1352 requies
2138 1306 2359 1349 continetur,
2396 1305 2467 1341 nisi

1407 1366 1550 1401 interna
1584 1366 1705 1411 quies,
1737 1366 1895 1401 edomito
1924 1365 2017 1401 bello
2047 1366 2193 1409 mentis,
2223 1365 2467 1411 exprimitur?

1409 1425 1501 1468 Quid
1519 1435 1606 1460 vero
1634 1435 1700 1470 per
1725 1435 1811 1460 vasa
1839 1426 2064 1461 tabernaculi
2079 1453 2088 1468 ,
2112 1426 2183 1462 nisi
2205 1425 2364 1462 fidelium
2384 1425 2465 1460 ani-

1407 1495 1474 1520 mae
1505 1484 1705 1531 ligurantur
1722 1485 1736 1519 ‘3
1755 1485 1889 1520 Levitae
1920 1495 2007 1530 ergo
2039 1485 2082 1520 ab
2111 1495 2206 1520 anno
2233 1485 2409 1530 vigesimo
2430 1489 2466 1521 et

1408 1544 1536 1589 quinto
1568 1543 1804 1579 tabernaculo
1834 1544 2021 1587 serviunt,
2049 1549 2084 1579 et
2111 1554 2130 1578 a
2156 1543 2465 1589 quinquagenario

1389 1605 1578 1651 ,custodes
1597 1614 1767 1640 vasorum
1787 1604 1898 1647 fiunt,
1918 1610 1958 1640 ut
1977 1605 2146 1641 videlicet
2165 1605 2224 1650 qui
2253 1605 2371 1641 adbuc
2399 1605 2464 1641 im-

1407 1667 1648 1712 pugnantium
1675 1666 1846 1702 vitiorum
1875 1666 2074 1702 certamina
2101 1665 2282 1708 tolerant,
2311 1665 2464 1701 aliorum

1408 1738 1533 1764 curam
1556 1727 1742 1772 suscipere
1763 1736 1834 1762 non
1854 1731 2090 1771 praesumant.
2121 1725 2232 1762 Electi
2257 1725 2353 1761 enim
2382 1735 2464 1761 cum

1407 1789 1525 1825 adbuc
1555 1789 1590 1823 in
1620 1787 1820 1823 tentatione
1846 1791 1949 1829 sunt,
1981 1787 2130 1822 subesse
2169 1796 2231 1822 eos
2259 1795 2301 1821 ac
2328 1784 2464 1820 servire

1406 1860 1554 1886 necesse
1580 1855 1660 1894 cst,
1686 1855 1725 1884 ut
1747 1848 1931 1894 obsequiis
1956 1848 2212 1893 laboribusque
2249 1846 2460 1892 fatigentur.

1407 1910 1496 1948 Cum
1518 1921 1603 1946 vero
1625 1909 1868 1946 tentationum
1887 1908 1980 1945 bella
2002 1908 2233 1955 subegerint,
2255 1905 2349 1952 quod
2370 1904 2464 1951 apud

1406 1982 1445 2007 se
1461 1971 1535 2016 jam
1557 1972 1601 2007 de
1622 1971 1748 2006 intima
1773 1969 2032 2016 tranquillitate
2060 1969 2179 2005 securi
2200 1973 2295 2010 sunt,
2317 1967 2457 2002 anima-

283 2030 507 2067 tabernaculo
528 2033 714 2068 testimonii
731 2034 906 2069 custodire
923 2034 1127 2070 custodias:
1148 2046 1252 2081 opera
1272 2046 1336 2070 au-
1354 2016 1384 2058 C
1408 2043 1489 2067 rum
1528 2032 1732 2068 custodiam
1770 2031 1984 2067 sortiuntur.
2026 2029 2153 2065 Mentis
2188 2028 2320 2074 quippe
2356 2031 2461 2062 aetate

283 2096 350 2125 tem
374 2102 443 2126 non
463 2093 711 2138 operabuntur.
741 2093 842 2129 Hunc
865 2104 1011 2130 sensum
1028 2094 1224 2131 obscurum
1248 2094 1335 2130 facit

281 2151 471 2204 ὑπέρδατον
490 2165 498 2188 :
521 2154 615 2199 quod
634 2154 684 2190 ita
705 2153 894 2191 confusum
922 2163 997 2198 est,
1020 2160 1060 2191 ut
1090 2160 1262 2201 tanquam
1291 2155 1335 2191 de

1406 2092 1599 2137 tranquilla
1615 2119 1623 2135 ,
1647 2093 1731 2128 dum
1752 2092 1850 2128 calor
1880 2090 2075 2127 recesserit
2094 2088 2323 2131 tentationis,
2345 2092 2466 2123 custo-

1405 2155 1469 2190 des
1494 2165 1664 2190 vasorum
1691 2159 1797 2198 sunt,
1818 2154 1903 2200 quia
1924 2153 2094 2189 doctores
2123 2151 2327 2186 animarum
2358 2148 2462 2184 fiunt.

287 2239 2461 2264 A———..-——.——————-———-u—‘

1054 2321 1257 2373 LIBER
1308 2321 1680 2374 SECUNDUS.

585 2492 761 2530 CAPUT
799 2491 1033 2531 PR1MUM.
1085 2482 1088 2484 ’

609 2553 657 2589 De
678 2560 828 2601 tempore
845 2554 1005 2591 Paschae.

328 2611 439 2659 (Car.
463 2610 542 2659 lx.)
565 2612 716 2649 Locutus
751 2620 802 2650 est
835 2614 1005 2651 Dominus
1039 2616 1084 2651 ad
1121 2615 1267 2663 Moysen
1299 2617 1335 2654 in

282 2670 416 2706 deserto
445 2671 569 2714 Sinai,
601 2673 637 2706 in
680 2684 770 2708 anno
803 2675 954 2709 secundo
991 2682 1172 2721 postquam
1209 2677 1336 2722 eyressi

281 2737 359 2766 sunt
381 2731 423 2766 de
443 2738 536 2767 terra
558 2732 703 2778 AEyypti
716 2760 725 2775 ,
747 2745 862 2769 mense
888 2736 999 2781 primo
1017 2736 1134 2772 dicens
1151 2746 1163 2770 ;
1182 2735 1336 2772 Faciant

280 2792 346 2837 sitii
365 2791 478 2827 Israel
498 2791 613 2827 Plcase
634 2793 670 2827 in
698 2799 848 2839 tempore
876 2806 958 2837 suo,
987 2796 1250 2841 quartadecima
1279 2796 1335 2831 die

281 2853 408 2887 mensis
445 2852 550 2897 hujus
582 2853 628 2886 ad
664 2863 860 2898 vesperam,
889 2854 997 2899 juxta
1031 2867 1147 2890 omnes
1167 2867 1333 2891 caeremo-

283 2913 359 2948 nias
380 2919 410 2948 et
428 2913 699 2958 justificationes
721 2913 811 2958 ejus.
833 2913 1071 2961 Proecepitque
1094 2915 1231 2961 Moyses
1250 2916 1334 2961 filiis
1354 2898 1387 2936 D

281 2973 417 3017 Israel,
438 2979 476 3008 ut
494 2973 647 3019 facerent
668 2971 798 3008 Phase.
825 2972 893 3016 Qut
915 2973 1069 3019 fecerunt
1100 2981 1252 3020 tempore
1273 2986 1335 3010 suo

282 3033 546 3081 quartadecima
575 3032 632 3068 die
658 3033 786 3068 mensis
813 3033 857 3067 ad
886 3044 1060 3079 vesperam
1089 3034 1125 3068 in
1145 3040 1260 3069 monte
1279 3033 1337 3070 Si-

283 3094 342 3128 nai
358 3104 371 3135 ;
383 3093 492 3138 juxta
511 3093 628 3128 omnia
645 3102 723 3138 qaae
750 3091 979 3127 mandaverat
1004 3091 1175 3127 Dominus
1197 3091 1335 3138 Moysi,

282 3151 437 3197 fecerunt
463 3150 531 3197 filii
550 3150 677 3187 Israel.
701 3150 790 3187 Cum
819 3151 856 3186 in
877 3149 998 3186 Veteri
1021 3150 1252 3187 Testamento
1274 3152 1338 3187 tri-

282 3212 350 3248 bus
391 3217 688 3258 argumentorum
732 3211 875 3248 indiciis
911 3211 1082 3258 paschale
1115 3217 1255 3258 tempus
1291 3212 1338 3248 sit

283 3273 470 3310 observari
504 3279 723 3320 praeceptum
738 3299 749 3318 ,
785 3273 952 3310 videlieet
986 3278 1026 3309 ut
1061 3280 1142 3319 post
1179 3272 1338 3318 aequino-

284 3336 396 3372 ctium
411 3362 421 3379 ,
438 3339 479 3371 ut
495 3344 620 3371 mense
636 3335 754 3381 primo
771 3338 834 3370 aut
850 3334 956 3370 tertia
975 3334 1053 3380 ejus
1071 3333 1283 3379 septimana,
1303 3332 1339 3368 id

285 3401 363 3440 est,
386 3407 407 3432 a
426 3405 579 3442 vespera
599 3401 739 3442 quartae
758 3395 908 3432 decimae
932 3395 1029 3431 lunae
1046 3421 1056 3438 ‚
1076 3393 1173 3440 quod
1190 3399 1246 3430 est
1266 3393 1338 3428 ini-

288 3458 378 3493 tium
407 3459 543 3503 quintae
574 3458 724 3495 decimae
754 3468 871 3504 usque
902 3458 940 3494 in
968 3467 1185 3504 vesperam;
1208 3456 1245 3492 id
1262 3460 1337 3499 est,

287 3517 483 3554 terminum
517 3519 699 3556 vicesimae
734 3520 861 3566 primae
898 3519 1103 3556 celebratur
1138 3523 1267 3564 quarta
1302 3517 1339 3552 in

285 3578 448 3624 ejusdem
481 3580 758 3625 observatione,
786 3582 911 3629 regula
934 3586 990 3618 est
1014 3581 1118 3618 nobis
1138 3590 1159 3616 a
1178 3586 1341 3626 tempore

286 3640 481 3677 Dominicae
496 3642 773 3678 resurrectionis
798 3642 964 3688 imposita
977 3669 987 3685 ,
1005 3647 1046 3678 ut
1063 3652 1159 3684 cum,
1181 3640 1342 3687 aequino-

288 3699 360 3735 ctio
382 3705 608 3745 transcenso,
628 3701 750 3739 lunam
769 3702 878 3748 primi
898 3703 1035 3738 mensis
1052 3705 1221 3748 quartam
1240 3699 1342 3737 deci-

289 3767 386 3797 mam
402 3770 554 3812 vespere
571 3767 692 3802 ortum
716 3763 838 3801 facere
864 3762 1084 3810 viderimus,
1111 3766 1185 3801 non
1213 3761 1338 3801 statim

1409 2484 1455 2519 ad
1484 2482 1688 2519 faciendum
1715 2481 1853 2517 Pascha
1880 2480 2131 2527 prosiliamus,
2153 2479 2216 2516 sed
2237 2478 2465 2515 Dominicum

1409 2545 1505 2582 diem
1526 2555 1597 2591 quo
1616 2545 1692 2590 ipse
1712 2544 1871 2586 Pascha,
1896 2543 1934 2579 id
1954 2548 2030 2586 est,
2053 2541 2246 2578 transitum
2274 2541 2318 2576 de
2348 2546 2465 2576 morte

1410 2607 1455 2642 ad
1485 2606 1621 2649 vitam,
1643 2607 1687 2641 (le
1719 2605 1952 2650 corruptione
1982 2603 2027 2639 ad
2060 2601 2389 2647 incorruptionem,
2420 2601 2464 2637 de

1404 2677 1513 2713 poena
1538 2667 1583 2702 ad
1611 2666 1763 2712 gloriam
1792 2664 2015 2710 resurgendo
2044 2662 2165 2700 facere
2189 2662 2356 2709 dignatus
2384 2666 2464 2705 est,

1404 2727 1524 2764 facere
1551 2731 1824 2771 exspectantes,
1860 2725 1896 2759 in
1927 2724 2005 2770 ipso
2034 2723 2178 2759 tandem
2208 2732 2367 2768 congrua
2394 2721 2464 2756 Pa-

1406 2790 1502 2825 schae
1531 2787 1705 2824 solemnia
1726 2786 1962 2822 celebremus.
1992 2784 2095 2828 Quod
2115 2783 2145 2820 si
2164 2782 2246 2829 quis
2264 2782 2460 2828 obiecerit,

1404 2860 1477 2886 non
1497 2847 1705 2894 aequinoctii
1726 2847 1940 2883 memoriam
1958 2873 1967 2890 ,
1989 2845 2052 2882 sed
2074 2849 2213 2880 tantum
2232 2843 2340 2889 primi
2360 2852 2461 2879 men·

1405 2911 1455 2946 sis
1486 2915 1522 2945 et
1549 2910 1666 2945 tertiae
1698 2909 1907 2954 septimanae
1936 2907 2100 2955 posuisse
2124 2905 2337 2953 legiferum,
2369 2905 2462 2942 sciat

1405 2970 1488 3016 quia
1515 2974 1551 3004 et
1580 2970 1609 3005 si
1641 2969 1896 3015 aequinoctium
1924 2967 2152 3004 nominatum
2179 2976 2252 3002 non
2271 2965 2459 3011 exprimit,

1405 3030 1441 3065 in
1471 3031 1540 3066 hoc
1560 3037 1679 3066 tamen
1699 3031 1798 3076 ipso,
1826 3029 1923 3076 quod
1941 3039 1961 3064 a
1979 3027 2177 3075 plenilunio
2195 3027 2302 3073 primi
2324 3026 2460 3063 mensis

1405 3090 1543 3126 Pascha
1574 3090 1776 3127 faciendum
1807 3091 1998 3137 praecepit,
2032 3088 2241 3136 aequinoctii
2271 3092 2461 3124 transcen-

1406 3163 1485 3188 sum
1514 3153 1677 3198 plenaria
1710 3153 1849 3188 ratione
1880 3152 2087 3198 depromit:
2119 3151 2291 3199 quoniam
2323 3150 2460 3195 absque

1404 3212 1476 3247 ulla
1512 3213 1695 3248 dubietate
1729 3218 1872 3248 constat
1913 3223 1995 3248 eam
2030 3222 2112 3250 eum
2148 3211 2267 3258 primo
2305 3209 2460 3246 transito

1405 3272 1622 3318 aequinoctio
1639 3272 1785 3317 plenum
1804 3283 1910 3307 suum
1934 3273 2079 3318 globum
2105 3272 2319 3315 offenderit,
2350 3269 2459 3317 primi

1405 3334 1542 3370 mensis
1563 3334 1722 3370 existere
1741 3334 1879 3369 lunam.
1901 3333 2051 3376 Quoties
2069 3343 2156 3380 ergo
2175 3334 2269 3369 diem
2297 3331 2459 3368 Domini-

1406 3405 1490 3431 cum
1510 3404 1593 3430 mox
1615 3394 1834 3430 adventante
1853 3393 1937 3429 luna
1957 3393 2083 3439 quinta
2103 3392 2244 3429 decima
2261 3392 2456 3435 habemus,

1406 3455 1657 3491 nil'nostrum
1697 3459 1836 3500 tempus
1872 3452 2042 3498 paschale
2077 3462 2098 3488 a
2134 3451 2240 3498 legali
2274 3452 2457 3496 dissonat,

1407 3516 1573 3562 quamvis
1603 3515 1683 3551 aliis
1712 3518 2023 3551 sacramentorum
2052 3513 2267 3560 generibus,
2297 3513 2460 3560 eiusdem

1406 3580 1554 3616 Paschae
1569 3578 1744 3615 solemnia
1762 3577 1927 3614 colimus.
1943 3575 2092 3620 Quoties
2109 3585 2197 3612 vero
2212 3575 2384 3619 secundo,
2401 3574 2460 3611 vel

1408 3640 1515 3676 tertio
1528 3666 1537 3683 ,
1558 3638 1615 3675 vel
1634 3642 1785 3685 quarto,
1806 3637 1862 3673 vel
1881 3637 2028 3682 quinto,
2048 3636 2106 3673 vel
2125 3641 2228 3673 sexto
2241 3663 2252 3678 ,
2269 3635 2327 3673 vel
2346 3635 2461 3682 septi-

1406 3709 1466 3735 mo
1486 3698 1617 3734 abhinc
1633 3697 1709 3740 die,
1730 3697 1825 3733 idem
1841 3696 2051 3734 Dominicus
2081 3696 2303 3738 occurrerit,
2321 3705 2388 3732 nec
2403 3694 2457 3732 sic

1407 3758 1553 3809 quidem
1579 3757 1695 3807 legem
1720 3762 1783 3795 aut
1805 3757 2001 3807 prophetas
2026 3756 2212 3796 solvimus
2229 3754 2339 3799 ,Nam
2360 3754 2459 3802 sicut
2493 3788 2501 3802 2

1512 3837 1533 3859 ‚A
1568 3833 1583 3848 7

2535 533 2540 570 μ..
2520 416 2540 515 .-a-'-
2517 377 2531 387 ¹
