<?xml version="1.0" encoding="UTF-8"?>
<!DOCTYPE html PUBLIC "-//W3C//DTD XHTML 1.0 Transitional//EN"
    "http://www.w3.org/TR/xhtml1/DTD/xhtml1-transitional.dtd">
<html xmlns="http://www.w3.org/1999/xhtml" xml:lang="en" lang="en">
 <head>
  <title>
</title>
<meta http-equiv="Content-Type" content="text/html;charset=utf-8" />
  <meta name='ocr-system' content='tesseract 3.04.00' />
  <meta name='ocr-capabilities' content='ocr_page ocr_carea ocr_par ocr_line ocrx_word'/>
</head>
<body>
  <div class='ocr_page' id='page_1' title='image "./patrologiae00unknuoft_0351.png"; bbox 0 0 2540 4016; ppageno 0'>
   <div class='ocr_carea' id='block_1_1' title="bbox 64 167 153 217">
    <p class='ocr_par' dir='ltr' id='par_1_1' title="bbox 64 167 153 217">
     <span class='ocr_line' id='line_1_1' title="bbox 64 167 153 217; baseline -0.011 0"><span class='ocrx_word' id='word_1_1' title='bbox 64 167 153 217; x_wconf 70' lang='lat'><strong>³689</strong></span> 
     </span>
    </p>
   </div>
   <div class='ocr_carea' id='block_1_2' title="bbox 540 160 1770 213">
    <p class='ocr_par' dir='ltr' id='par_1_2' title="bbox 540 160 1770 213">
     <span class='ocr_line' id='line_1_2' title="bbox 540 160 1770 213; baseline 0.002 -3"><span class='ocrx_word' id='word_1_2' title='bbox 540 171 912 210; x_wconf 60' lang='lat' dir='ltr'><strong>nasammonas</strong></span> <span class='ocrx_word' id='word_1_3' title='bbox 935 171 982 208; x_wconf 80' lang='grc' dir='ltr'><strong>ιΝ</strong></span> <span class='ocrx_word' id='word_1_4' title='bbox 1005 171 1182 211; x_wconf 74' lang='lat' dir='ltr'><strong>neuun</strong></span> <span class='ocrx_word' id='word_1_5' title='bbox 1204 160 1514 210; x_wconf 70' lang='lat' dir='ltr'><strong>munnuonun.</strong></span> <span class='ocrx_word' id='word_1_6' title='bbox 1540 193 1589 202; x_wconf 88' lang='lat'>-</span> <span class='ocrx_word' id='word_1_7' title='bbox 1611 175 1698 212; x_wconf 77' lang='lat' dir='ltr'><strong>mn.</strong></span> <span class='ocrx_word' id='word_1_8' title='bbox 1726 177 1770 213; x_wconf 92' lang='lat'><strong>11.</strong></span> 
     </span>
    </p>
   </div>
   <div class='ocr_carea' id='block_1_3' title="bbox 2181 189 2254 228">
    <p class='ocr_par' dir='ltr' id='par_1_3' title="bbox 2181 189 2254 228">
     <span class='ocr_line' id='line_1_3' title="bbox 2181 189 2254 228; baseline 0 0"><span class='ocrx_word' id='word_1_9' title='bbox 2181 189 2254 228; x_wconf 71' lang='lat'><strong>⁶90</strong></span> 
     </span>
    </p>
   </div>
   <div class='ocr_carea' id='block_1_4' title="bbox 71 247 2259 310">
    <p class='ocr_par' dir='ltr' id='par_1_4' title="bbox 71 247 2259 310">
     <span class='ocr_line' id='line_1_4' title="bbox 71 247 2259 310; baseline 0 -19"><span class='ocrx_word' id='word_1_10' title='bbox 71 255 216 297; x_wconf 68' lang='lat' dir='ltr'><strong>venies,</strong></span> <span class='ocrx_word' id='word_1_11' title='bbox 231 258 268 289; x_wconf 89' lang='lat' dir='ltr'><strong>et</strong></span> <span class='ocrx_word' id='word_1_12' title='bbox 284 257 465 290; x_wconf 82' lang='lat' dir='ltr'><strong>secretum</strong></span> <span class='ocrx_word' id='word_1_13' title='bbox 482 251 738 299; x_wconf 69' lang='lat' dir='ltr'><strong>mysteriorum</strong></span> <span class='ocrx_word' id='word_1_14' title='bbox 756 248 944 295; x_wconf 83' lang='lat' dir='ltr'><strong>sapientiae</strong></span> <span class='ocrx_word' id='word_1_15' title='bbox 957 252 994 284; x_wconf 89' lang='lat' dir='ltr'><strong>et</strong></span> <span class='ocrx_word' id='word_1_16' title='bbox 1014 247 1134 284; x_wconf 87' lang='lat' dir='ltr'><strong>scien·</strong></span> <span class='ocrx_word' id='word_1_17' title='bbox 1150 249 1187 289; x_wconf 89' lang='lat' dir='ltr'><strong>A</strong></span> <span class='ocrx_word' id='word_1_18' title='bbox 1201 247 1411 294; x_wconf 85' lang='lat' dir='ltr'><strong>parabitur3</strong></span> <span class='ocrx_word' id='word_1_19' title='bbox 1437 253 1473 283; x_wconf 88' lang='lat' dir='ltr'><strong>et</strong></span> <span class='ocrx_word' id='word_1_20' title='bbox 1500 248 1553 283; x_wconf 89' lang='lat' dir='ltr'><strong>sic</strong></span> <span class='ocrx_word' id='word_1_21' title='bbox 1571 256 1656 283; x_wconf 88' lang='lat' dir='ltr'><strong>vere</strong></span> <span class='ocrx_word' id='word_1_22' title='bbox 1680 251 1919 296; x_wconf 78' lang='lat' dir='ltr'><strong>complebitur</strong></span> <span class='ocrx_word' id='word_1_23' title='bbox 1946 256 2033 295; x_wconf 83' lang='lat' dir='ltr'><strong>illud</strong></span> <span class='ocrx_word' id='word_1_24' title='bbox 2049 263 2145 307; x_wconf 73' lang='lat' dir='ltr'><strong>quod</strong></span> <span class='ocrx_word' id='word_1_25' title='bbox 2162 263 2259 310; x_wconf 72' lang='lat' dir='ltr'><strong>Apo.</strong></span> 
     </span>
    </p>
   </div>
   <div class='ocr_carea' id='block_1_5' title="bbox 67 307 1136 1147">
    <p class='ocr_par' dir='ltr' id='par_1_5' title="bbox 67 307 1136 1147">
     <span class='ocr_line' id='line_1_5' title="bbox 78 307 1136 359; baseline -0.009 -8"><span class='ocrx_word' id='word_1_26' title='bbox 78 314 138 351; x_wconf 82' lang='lat' dir='ltr'><strong>tiae</strong></span> <span class='ocrx_word' id='word_1_27' title='bbox 156 313 222 350; x_wconf 90' lang='lat' dir='ltr'><strong>Dei</strong></span> <span class='ocrx_word' id='word_1_28' title='bbox 243 323 404 357; x_wconf 90' lang='lat' dir='ltr'><strong>sensum,</strong></span> <span class='ocrx_word' id='word_1_29' title='bbox 429 321 500 359; x_wconf 88' lang='lat' dir='ltr'><strong>quo</strong></span> <span class='ocrx_word' id='word_1_30' title='bbox 516 311 721 347; x_wconf 77' lang='lat' dir='ltr'><strong>nutriantur</strong></span> <span class='ocrx_word' id='word_1_31' title='bbox 740 315 777 346; x_wconf 86' lang='lat' dir='ltr'><strong>et</strong></span> <span class='ocrx_word' id='word_1_32' title='bbox 792 314 990 355; x_wconf 87' lang='lat' dir='ltr'><strong>pascantur</strong></span> <span class='ocrx_word' id='word_1_33' title='bbox 1007 307 1136 343; x_wconf 79' lang='lat' dir='ltr'><strong>animae</strong></span> 
     </span>
     <span class='ocr_line' id='line_1_6' title="bbox 77 369 1135 420; baseline -0.009 -7"><span class='ocrx_word' id='word_1_34' title='bbox 77 381 308 418; x_wconf 88' lang='lat' dir='ltr'><strong>sanctorum,</strong></span> <span class='ocrx_word' id='word_1_35' title='bbox 339 385 412 411; x_wconf 92' lang='lat' dir='ltr'><strong>non</strong></span> <span class='ocrx_word' id='word_1_36' title='bbox 433 374 548 411; x_wconf 88' lang='lat' dir='ltr'><strong>solum</strong></span> <span class='ocrx_word' id='word_1_37' title='bbox 578 374 615 410; x_wconf 91' lang='lat' dir='ltr'><strong>in</strong></span> <span class='ocrx_word' id='word_1_38' title='bbox 636 371 807 420; x_wconf 67' lang='lat' dir='ltr'><strong>praesenti</strong></span> <span class='ocrx_word' id='word_1_39' title='bbox 824 372 911 414; x_wconf 89' lang='lat' dir='ltr'><strong>vita,</strong></span> <span class='ocrx_word' id='word_1_40' title='bbox 943 370 1007 407; x_wconf 90' lang='lat' dir='ltr'><strong>sed</strong></span> <span class='ocrx_word' id='word_1_41' title='bbox 1025 369 1135 406; x_wconf 86' lang='lat' dir='ltr'><strong>etiam</strong></span> 
     </span>
     <span class='ocr_line' id='line_1_7' title="bbox 75 431 1135 482; baseline -0.008 -8"><span class='ocrx_word' id='word_1_42' title='bbox 75 438 114 475; x_wconf 92' lang='lat' dir='ltr'><strong>in</strong></span> <span class='ocrx_word' id='word_1_43' title='bbox 131 438 266 474; x_wconf 83' lang='lat' dir='ltr'><strong>futura.</strong></span> <span class='ocrx_word' id='word_1_44' title='bbox 287 437 358 474; x_wconf 87' lang='lat' dir='ltr'><strong>Iste</strong></span> <span class='ocrx_word' id='word_1_45' title='bbox 377 436 480 473; x_wconf 64' lang='lat' dir='ltr'><strong>‘enim</strong></span> <span class='ocrx_word' id='word_1_46' title='bbox 507 440 562 472; x_wconf 90' lang='lat' dir='ltr'><strong>est</strong></span> <span class='ocrx_word' id='word_1_47' title='bbox 585 433 804 482; x_wconf 81' lang='lat' dir='ltr'><strong>pontificalis</strong></span> <span class='ocrx_word' id='word_1_48' title='bbox 824 432 975 475; x_wconf 80' lang='lat' dir='ltr'><strong>fructus,</strong></span> <span class='ocrx_word' id='word_1_49' title='bbox 1001 431 1046 467; x_wconf 91' lang='lat' dir='ltr'><strong>de</strong></span> <span class='ocrx_word' id='word_1_50' title='bbox 1063 440 1135 476; x_wconf 91' lang='lat' dir='ltr'><strong>quo</strong></span> 
     </span>
     <span class='ocr_line' id='line_1_8' title="bbox 75 493 1133 545; baseline -0.009 -9"><span class='ocrx_word' id='word_1_51' title='bbox 75 500 299 545; x_wconf 80' lang='lat' dir='ltr'><strong>promittitur</strong></span> <span class='ocrx_word' id='word_1_52' title='bbox 329 499 388 535; x_wconf 90' lang='lat' dir='ltr'><strong>his</strong></span> <span class='ocrx_word' id='word_1_53' title='bbox 421 499 483 545; x_wconf 90' lang='lat' dir='ltr'><strong>qui</strong></span> <span class='ocrx_word' id='word_1_54' title='bbox 513 498 679 534; x_wconf 88' lang='lat' dir='ltr'><strong>esuriunt</strong></span> <span class='ocrx_word' id='word_1_55' title='bbox 708 501 744 532; x_wconf 87' lang='lat' dir='ltr'><strong>et</strong></span> <span class='ocrx_word' id='word_1_56' title='bbox 775 495 904 531; x_wconf 88' lang='lat' dir='ltr'><strong>sitiunt</strong></span> <span class='ocrx_word' id='word_1_57' title='bbox 929 493 1133 540; x_wconf 87' lang='lat' dir='ltr'><strong>justitiam,</strong></span> 
     </span>
     <span class='ocr_line' id='line_1_9' title="bbox 74 554 1134 607; baseline -0.007 -11"><span class='ocrx_word' id='word_1_58' title='bbox 74 562 161 607; x_wconf 84' lang='lat' dir='ltr'><strong>quia</strong></span> <span class='ocrx_word' id='word_1_59' title='bbox 193 561 466 596; x_wconf 85' lang='lat' dir='ltr'><strong>saturabuntur.</strong></span> <span class='ocrx_word' id='word_1_60' title='bbox 498 559 575 596; x_wconf 88' lang='lat' dir='ltr'><strong>Hoc</strong></span> <span class='ocrx_word' id='word_1_61' title='bbox 603 559 712 606; x_wconf 87' lang='lat' dir='ltr'><strong>igitur</strong></span> <span class='ocrx_word' id='word_1_62' title='bbox 743 557 864 599; x_wconf 92' lang='lat' dir='ltr'><strong>modo,</strong></span> <span class='ocrx_word' id='word_1_63' title='bbox 898 556 936 591; x_wconf 93' lang='lat' dir='ltr'><strong>in</strong></span> <span class='ocrx_word' id='word_1_64' title='bbox 966 554 1134 591; x_wconf 89' lang='lat' dir='ltr'><strong>omnibus</strong></span> 
     </span>
     <span class='ocr_line' id='line_1_10' title="bbox 76 616 1134 668; baseline -0.009 -10"><span class='ocrx_word' id='word_1_65' title='bbox 76 621 283 668; x_wconf 85' lang='lat' dir='ltr'><strong>Scripturis,</strong></span> <span class='ocrx_word' id='word_1_66' title='bbox 312 621 464 666; x_wconf 81' lang='lat' dir='ltr'><strong>triplicis</strong></span> <span class='ocrx_word' id='word_1_67' title='bbox 491 621 598 665; x_wconf 87' lang='lat' dir='ltr'><strong>hujus</strong></span> <span class='ocrx_word' id='word_1_68' title='bbox 625 618 841 656; x_wconf 80' lang='lat' dir='ltr'><strong>sacramenti</strong></span> <span class='ocrx_word' id='word_1_69' title='bbox 868 616 961 652; x_wconf 88' lang='lat' dir='ltr'><strong>ratio</strong></span> <span class='ocrx_word' id='word_1_70' title='bbox 986 624 1134 661; x_wconf 88' lang='lat' dir='ltr'><strong>percur-</strong></span> 
     </span>
     <span class='ocr_line' id='line_1_11' title="bbox 75 678 1135 727; baseline -0.008 -9"><span class='ocrx_word' id='word_1_71' title='bbox 75 682 135 718; x_wconf 85' lang='lat' dir='ltr'><strong>rit.</strong></span> <span class='ocrx_word' id='word_1_72' title='bbox 159 680 220 717; x_wconf 89' lang='lat' dir='ltr'><strong>Sic</strong></span> <span class='ocrx_word' id='word_1_73' title='bbox 240 686 276 716; x_wconf 87' lang='lat' dir='ltr'><strong>et</strong></span> <span class='ocrx_word' id='word_1_74' title='bbox 297 681 475 727; x_wconf 87' lang='lat' dir='ltr'><strong>sapientia</strong></span> <span class='ocrx_word' id='word_1_75' title='bbox 495 686 638 723; x_wconf 88' lang='lat' dir='ltr'><strong>monet,</strong></span> <span class='ocrx_word' id='word_1_76' title='bbox 668 685 708 715; x_wconf 93' lang='lat' dir='ltr'><strong>ut</strong></span> <span class='ocrx_word' id='word_1_77' title='bbox 734 678 980 715; x_wconf 80' lang='lat' dir='ltr'><strong>describamus</strong></span> <span class='ocrx_word' id='word_1_78' title='bbox 1001 686 1044 710; x_wconf 86' lang='lat' dir='ltr'><strong>ea</strong></span> <span class='ocrx_word' id='word_1_79' title='bbox 1069 684 1135 710; x_wconf 90' lang='lat' dir='ltr'><strong>uo-</strong></span> 
     </span>
     <span class='ocr_line' id='line_1_12' title="bbox 72 737 1131 789; baseline -0.008 -9"><span class='ocrx_word' id='word_1_80' title='bbox 72 744 130 780; x_wconf 88' lang='lat' dir='ltr'><strong>bis</strong></span> <span class='ocrx_word' id='word_1_81' title='bbox 154 744 190 779; x_wconf 91' lang='lat' dir='ltr'><strong>in</strong></span> <span class='ocrx_word' id='word_1_82' title='bbox 216 743 324 779; x_wconf 90' lang='lat' dir='ltr'><strong>corde</strong></span> <span class='ocrx_word' id='word_1_83' title='bbox 345 743 550 789; x_wconf 80' lang='lat' dir='ltr'><strong>tripliciter,</strong></span> <span class='ocrx_word' id='word_1_84' title='bbox 578 744 622 779; x_wconf 87' lang='lat' dir='ltr'><strong>ad</strong></span> <span class='ocrx_word' id='word_1_85' title='bbox 652 741 964 788; x_wconf 89' lang='lat' dir='ltr'><strong>respondendum,</strong></span> <span class='ocrx_word' id='word_1_86' title='bbox 995 737 1131 782; x_wconf 88' lang='lat' dir='ltr'><strong>inquit,</strong></span> 
     </span>
     <span class='ocr_line' id='line_1_13' title="bbox 72 796 1132 850; baseline -0.008 -11"><span class='ocrx_word' id='word_1_87' title='bbox 72 804 222 839; x_wconf 89' lang='lat' dir='ltr'><strong>verbum</strong></span> <span class='ocrx_word' id='word_1_88' title='bbox 241 804 408 841; x_wconf 86' lang='lat' dir='ltr'><strong>veritatis</strong></span> <span class='ocrx_word' id='word_1_89' title='bbox 427 804 483 840; x_wconf 87' lang='lat' dir='ltr'><strong>his</strong></span> <span class='ocrx_word' id='word_1_90' title='bbox 500 804 561 850; x_wconf 87' lang='lat' dir='ltr'><strong>qui</strong></span> <span class='ocrx_word' id='word_1_91' title='bbox 576 802 832 849; x_wconf 86' lang='lat' dir='ltr'><strong>proposuerint</strong></span> <span class='ocrx_word' id='word_1_92' title='bbox 847 800 964 835; x_wconf 90' lang='lat' dir='ltr'><strong>nobis.</strong></span> <span class='ocrx_word' id='word_1_93' title='bbox 990 796 1049 832; x_wconf 88' lang='lat' dir='ltr'><strong>Sic</strong></span> <span class='ocrx_word' id='word_1_94' title='bbox 1065 804 1132 832; x_wconf 80' lang='lat' dir='ltr'><strong>tres</strong></span> 
     </span>
     <span class='ocr_line' id='line_1_14' title="bbox 71 858 1133 911; baseline -0.007 -11"><span class='ocrx_word' id='word_1_95' title='bbox 71 871 190 911; x_wconf 81' lang='lat' dir='ltr'><strong>puteos</strong></span> <span class='ocrx_word' id='word_1_96' title='bbox 208 865 296 910; x_wconf 75' lang='lat' dir='ltr'><strong>[odit</strong></span> <span class='ocrx_word' id='word_1_97' title='bbox 315 865 419 900; x_wconf 85' lang='lat' dir='ltr'><strong>Isaac</strong></span> <span class='ocrx_word' id='word_1_98' title='bbox 434 866 634 911; x_wconf 79' lang='lat' dir='ltr'><strong>patriarcha</strong></span> <span class='ocrx_word' id='word_1_99' title='bbox 650 862 752 910; x_wconf 87' lang='lat' dir='ltr'><strong>(Gen.</strong></span> <span class='ocrx_word' id='word_1_100' title='bbox 768 861 883 906; x_wconf 80' lang='lat' dir='ltr'><strong>xxvi),</strong></span> <span class='ocrx_word' id='word_1_101' title='bbox 901 868 1054 905; x_wconf 77' lang='lat' dir='ltr'><strong>quorum</strong></span> <span class='ocrx_word' id='word_1_102' title='bbox 1073 858 1133 893; x_wconf 85' lang='lat' dir='ltr'><strong>ille</strong></span> 
     </span>
     <span class='ocr_line' id='line_1_15' title="bbox 72 918 1132 966; baseline -0.008 -6"><span class='ocrx_word' id='word_1_103' title='bbox 72 925 169 961; x_wconf 88' lang='lat' dir='ltr'><strong>solus</strong></span> <span class='ocrx_word' id='word_1_104' title='bbox 199 926 326 961; x_wconf 89' lang='lat' dir='ltr'><strong>tertius</strong></span> <span class='ocrx_word' id='word_1_105' title='bbox 352 926 396 961; x_wconf 89' lang='lat' dir='ltr'><strong>ab</strong></span> <span class='ocrx_word' id='word_1_106' title='bbox 423 935 465 961; x_wconf 89' lang='lat' dir='ltr'><strong>eo</strong></span> <span class='ocrx_word' id='word_1_107' title='bbox 492 925 643 960; x_wconf 88' lang='lat' dir='ltr'><strong>latitudo</strong></span> <span class='ocrx_word' id='word_1_108' title='bbox 664 923 721 959; x_wconf 91' lang='lat' dir='ltr'><strong>vel</strong></span> <span class='ocrx_word' id='word_1_109' title='bbox 751 920 948 966; x_wconf 86' lang='lat' dir='ltr'><strong>amplitudo</strong></span> <span class='ocrx_word' id='word_1_110' title='bbox 968 918 1132 954; x_wconf 88' lang='lat' dir='ltr'><strong>nomina-</strong></span> 
     </span>
     <span class='ocr_line' id='line_1_16' title="bbox 72 978 1131 1029; baseline -0.008 -8"><span class='ocrx_word' id='word_1_111' title='bbox 72 992 144 1021; x_wconf 91' lang='lat' dir='ltr'><strong>tur.</strong></span> <span class='ocrx_word' id='word_1_112' title='bbox 171 985 239 1029; x_wconf 84' lang='lat' dir='ltr'><strong>Qui</strong></span> <span class='ocrx_word' id='word_1_113' title='bbox 260 990 380 1021; x_wconf 87' lang='lat' dir='ltr'><strong>autem</strong></span> <span class='ocrx_word' id='word_1_114' title='bbox 401 989 667 1020; x_wconf 86' lang='lat' dir='ltr'><strong>sacramentum</strong></span> <span class='ocrx_word' id='word_1_115' title='bbox 697 979 935 1021; x_wconf 83' lang='lat' dir='ltr'><strong>sacerdotale,</strong></span> <span class='ocrx_word' id='word_1_116' title='bbox 968 984 1004 1014; x_wconf 84' lang='lat' dir='ltr'><strong>et</strong></span> <span class='ocrx_word' id='word_1_117' title='bbox 1029 978 1131 1025; x_wconf 87' lang='lat' dir='ltr'><strong>virga</strong></span> 
     </span>
     <span class='ocr_line' id='line_1_17' title="bbox 68 1040 1131 1088; baseline -0.008 -7"><span class='ocrx_word' id='word_1_118' title='bbox 68 1046 190 1088; x_wconf 82' lang='lat' dir='ltr'><strong>nucis,</strong></span> <span class='ocrx_word' id='word_1_119' title='bbox 223 1045 359 1080; x_wconf 86' lang='lat' dir='ltr'><strong>idcireo</strong></span> <span class='ocrx_word' id='word_1_120' title='bbox 387 1043 546 1078; x_wconf 83' lang='lat' dir='ltr'><strong>arbitror</strong></span> <span class='ocrx_word' id='word_1_121' title='bbox 573 1042 683 1077; x_wconf 89' lang='lat' dir='ltr'><strong>etiam</strong></span> <span class='ocrx_word' id='word_1_122' title='bbox 712 1040 929 1082; x_wconf 85' lang='lat' dir='ltr'><strong>Jeremiam,</strong></span> <span class='ocrx_word' id='word_1_123' title='bbox 962 1040 1021 1085; x_wconf 84' lang='lat' dir='ltr'><strong>qui</strong></span> <span class='ocrx_word' id='word_1_124' title='bbox 1054 1044 1131 1074; x_wconf 87' lang='lat' dir='ltr'><strong>erat</strong></span> 
     </span>
     <span class='ocr_line' id='line_1_18' title="bbox 67 1099 1131 1147; baseline -0.006 -7"><span class='ocrx_word' id='word_1_125' title='bbox 67 1117 157 1140; x_wconf 84' lang='lat' dir='ltr'><strong>anus</strong></span> <span class='ocrx_word' id='word_1_126' title='bbox 175 1115 218 1140; x_wconf 80' lang='lat' dir='ltr'><strong>ex</strong></span> <span class='ocrx_word' id='word_1_127' title='bbox 236 1103 472 1139; x_wconf 79' lang='lat' dir='ltr'><strong>sacerdotibus</strong></span> <span class='ocrx_word' id='word_1_128' title='bbox 491 1102 667 1137; x_wconf 77' lang='lat' dir='ltr'><strong>Anatleoth</strong></span> <span class='ocrx_word' id='word_1_129' title='bbox 684 1100 828 1147; x_wconf 88' lang='lat' dir='ltr'><strong>(Jerem.</strong></span> <span class='ocrx_word' id='word_1_130' title='bbox 846 1099 886 1146; x_wconf 88' lang='lat'><strong>1),</strong></span> <span class='ocrx_word' id='word_1_131' title='bbox 908 1100 1043 1136; x_wconf 81' lang='lat' dir='ltr'><strong>vidisse</strong></span> <span class='ocrx_word' id='word_1_132' title='bbox 1059 1100 1131 1134; x_wconf 90' lang='lat' dir='ltr'><strong>vir-</strong></span> 
     </span>
    </p>
   </div>
   <div class='ocr_carea' id='block_1_6' title="bbox 1199 305 2267 1145">
    <p class='ocr_par' dir='ltr' id='par_1_6' title="bbox 1199 305 2267 1145">
     <span class='ocr_line' id='line_1_19' title="bbox 1203 305 2257 370; baseline 0.019 -28"><span class='ocrx_word' id='word_1_133' title='bbox 1203 307 1318 342; x_wconf 90' lang='lat' dir='ltr'><strong>stolus</strong></span> <span class='ocrx_word' id='word_1_134' title='bbox 1336 306 1423 343; x_wconf 87' lang='lat' dir='ltr'><strong>dicit</strong></span> <span class='ocrx_word' id='word_1_135' title='bbox 1441 319 1448 342; x_wconf 91' lang='lat'><strong>:</strong></span> <span class='ocrx_word' id='word_1_136' title='bbox 1471 305 1566 350; x_wconf 74' lang='lat' dir='ltr'><strong>Quia</strong></span> <span class='ocrx_word' id='word_1_137' title='bbox 1582 306 1704 343; x_wconf 81' lang='lat' dir='ltr'><strong>ocutus</strong></span> <span class='ocrx_word' id='word_1_138' title='bbox 1720 319 1790 344; x_wconf 84' lang='lat' dir='ltr'><strong>non</strong></span> <span class='ocrx_word' id='word_1_139' title='bbox 1803 310 1903 354; x_wconf 80' lang='lat' dir='ltr'><strong>vidit,</strong></span> <span class='ocrx_word' id='word_1_140' title='bbox 1921 323 1982 348; x_wconf 82' lang='lat' dir='ltr'><strong>nec</strong></span> <span class='ocrx_word' id='word_1_141' title='bbox 1997 319 2094 354; x_wconf 75' lang='lat' dir='ltr'><strong>auris</strong></span> <span class='ocrx_word' id='word_1_142' title='bbox 2109 324 2257 370; x_wconf 79' lang='lat' dir='ltr'><strong>audivit,</strong></span> 
     </span>
     <span class='ocr_line' id='line_1_20' title="bbox 1201 365 2258 421; baseline 0.02 -22"><span class='ocrx_word' id='word_1_143' title='bbox 1201 375 1280 411; x_wconf 84' lang='lat' dir='ltr'><strong>quoe</strong></span> <span class='ocrx_word' id='word_1_144' title='bbox 1295 366 1504 411; x_wconf 83' lang='lat' dir='ltr'><strong>proeparavit</strong></span> <span class='ocrx_word' id='word_1_145' title='bbox 1523 365 1615 402; x_wconf 78' lang='lat' dir='ltr'><strong>Deus</strong></span> <span class='ocrx_word' id='word_1_146' title='bbox 1629 366 1851 413; x_wconf 64' lang='lat' dir='ltr'><strong>diligentibus</strong></span> <span class='ocrx_word' id='word_1_147' title='bbox 1868 381 1917 405; x_wconf 88' lang='lat' dir='ltr'><strong>se.</strong></span> <span class='ocrx_word' id='word_1_148' title='bbox 1932 371 2127 414; x_wconf 83' lang='lat' dir='ltr'><strong>Possumus</strong></span> <span class='ocrx_word' id='word_1_149' title='bbox 2142 383 2258 421; x_wconf 85' lang='lat' dir='ltr'><strong>adhuc</strong></span> 
     </span>
     <span class='ocr_line' id='line_1_21' title="bbox 1202 427 2262 482; baseline 0.009 -21"><span class='ocrx_word' id='word_1_150' title='bbox 1202 427 1311 462; x_wconf 88' lang='lat' dir='ltr'><strong>etiam</strong></span> <span class='ocrx_word' id='word_1_151' title='bbox 1333 427 1385 463; x_wconf 91' lang='lat' dir='ltr'><strong>sic</strong></span> <span class='ocrx_word' id='word_1_152' title='bbox 1402 427 1618 475; x_wconf 84' lang='lat' dir='ltr'><strong>intelligere,</strong></span> <span class='ocrx_word' id='word_1_153' title='bbox 1636 437 1764 464; x_wconf 87' lang='lat' dir='ltr'><strong>eorum</strong></span> <span class='ocrx_word' id='word_1_154' title='bbox 1791 439 1872 475; x_wconf 87' lang='lat' dir='ltr'><strong>quae</strong></span> <span class='ocrx_word' id='word_1_155' title='bbox 1897 431 1935 467; x_wconf 89' lang='lat' dir='ltr'><strong>in</strong></span> <span class='ocrx_word' id='word_1_156' title='bbox 1960 433 2062 480; x_wconf 85' lang='lat' dir='ltr'><strong>virga</strong></span> <span class='ocrx_word' id='word_1_157' title='bbox 2083 437 2262 482; x_wconf 75' lang='lat' dir='ltr'><strong>germina&#39;.</strong></span> 
     </span>
     <span class='ocr_line' id='line_1_22' title="bbox 1201 486 2261 544; baseline 0.013 -22"><span class='ocrx_word' id='word_1_158' title='bbox 1201 491 1331 522; x_wconf 90' lang='lat' dir='ltr'><strong>verant</strong></span> <span class='ocrx_word' id='word_1_159' title='bbox 1359 486 1595 524; x_wconf 81' lang='lat' dir='ltr'><strong>differentias.</strong></span> <span class='ocrx_word' id='word_1_160' title='bbox 1628 488 1757 525; x_wconf 91' lang='lat' dir='ltr'><strong>Omnis</strong></span> <span class='ocrx_word' id='word_1_161' title='bbox 1788 491 1851 535; x_wconf 87' lang='lat' dir='ltr'><strong>qui</strong></span> <span class='ocrx_word' id='word_1_162' title='bbox 1877 491 1914 526; x_wconf 90' lang='lat' dir='ltr'><strong>in</strong></span> <span class='ocrx_word' id='word_1_163' title='bbox 1948 491 2094 531; x_wconf 89' lang='lat' dir='ltr'><strong>Christo</strong></span> <span class='ocrx_word' id='word_1_164' title='bbox 2124 500 2261 544; x_wconf 84' lang='lat' dir='ltr'><strong>credit,</strong></span> 
     </span>
     <span class='ocr_line' id='line_1_23' title="bbox 1201 548 2263 597; baseline 0.012 -15"><span class='ocrx_word' id='word_1_165' title='bbox 1201 548 1319 595; x_wconf 88' lang='lat' dir='ltr'><strong>primo</strong></span> <span class='ocrx_word' id='word_1_166' title='bbox 1337 548 1505 592; x_wconf 90' lang='lat' dir='ltr'><strong>moritur,</strong></span> <span class='ocrx_word' id='word_1_167' title='bbox 1524 554 1560 585; x_wconf 88' lang='lat' dir='ltr'><strong>et</strong></span> <span class='ocrx_word' id='word_1_168' title='bbox 1578 555 1661 595; x_wconf 89' lang='lat' dir='ltr'><strong>post</strong></span> <span class='ocrx_word' id='word_1_169' title='bbox 1683 550 1762 586; x_wconf 86' lang='lat' dir='ltr'><strong>haec</strong></span> <span class='ocrx_word' id='word_1_170' title='bbox 1780 553 1998 597; x_wconf 83' lang='lat' dir='ltr'><strong>renascitur,</strong></span> <span class='ocrx_word' id='word_1_171' title='bbox 2027 560 2063 591; x_wconf 87' lang='lat' dir='ltr'><strong>et</strong></span> <span class='ocrx_word' id='word_1_172' title='bbox 2080 562 2136 592; x_wconf 91' lang='lat' dir='ltr'><strong>est</strong></span> <span class='ocrx_word' id='word_1_173' title='bbox 2154 559 2263 596; x_wconf 87' lang='lat' dir='ltr'><strong>etiam</strong></span> 
     </span>
     <span class='ocr_line' id='line_1_24' title="bbox 1202 608 2262 663; baseline 0.012 -20"><span class='ocrx_word' id='word_1_174' title='bbox 1202 609 1280 645; x_wconf 84' lang='lat' dir='ltr'><strong>haec</strong></span> <span class='ocrx_word' id='word_1_175' title='bbox 1299 608 1429 655; x_wconf 85' lang='lat' dir='ltr'><strong>figura,</strong></span> <span class='ocrx_word' id='word_1_176' title='bbox 1453 610 1550 655; x_wconf 90' lang='lat' dir='ltr'><strong>quod</strong></span> <span class='ocrx_word' id='word_1_177' title='bbox 1566 610 1668 656; x_wconf 89' lang='lat' dir='ltr'><strong>virga</strong></span> <span class='ocrx_word' id='word_1_178' title='bbox 1695 611 1796 647; x_wconf 86' lang='lat' dir='ltr'><strong>arida</strong></span> <span class='ocrx_word' id='word_1_179' title='bbox 1821 615 2051 658; x_wconf 89' lang='lat' dir='ltr'><strong>postmodum</strong></span> <span class='ocrx_word' id='word_1_180' title='bbox 2079 619 2262 663; x_wconf 86' lang='lat' dir='ltr'><strong>germina-</strong></span> 
     </span>
     <span class='ocr_line' id='line_1_25' title="bbox 1201 669 2265 721; baseline 0.01 -16"><span class='ocrx_word' id='word_1_181' title='bbox 1201 669 1268 705; x_wconf 87' lang='lat' dir='ltr'><strong>bit.</strong></span> <span class='ocrx_word' id='word_1_182' title='bbox 1300 669 1363 705; x_wconf 86' lang='lat' dir='ltr'><strong>Est</strong></span> <span class='ocrx_word' id='word_1_183' title='bbox 1395 679 1481 715; x_wconf 90' lang='lat' dir='ltr'><strong>ergo</strong></span> <span class='ocrx_word' id='word_1_184' title='bbox 1503 670 1668 721; x_wconf 23' lang='lat' dir='ltr'><strong>*primum</strong></span> <span class='ocrx_word' id='word_1_185' title='bbox 1700 682 1860 719; x_wconf 83' lang='lat' dir='ltr'><strong>germen,</strong></span> <span class='ocrx_word' id='word_1_186' title='bbox 1892 675 2008 719; x_wconf 88' lang='lat' dir='ltr'><strong>prima</strong></span> <span class='ocrx_word' id='word_1_187' title='bbox 2041 676 2197 715; x_wconf 91' lang='lat' dir='ltr'><strong>hominis</strong></span> <span class='ocrx_word' id='word_1_188' title='bbox 2227 681 2265 716; x_wconf 89' lang='lat' dir='ltr'><strong>in</strong></span> 
     </span>
     <span class='ocr_line' id='line_1_26' title="bbox 1202 729 2265 780; baseline 0.011 -15"><span class='ocrx_word' id='word_1_189' title='bbox 1202 729 1346 767; x_wconf 88' lang='lat' dir='ltr'><strong>Christo</strong></span> <span class='ocrx_word' id='word_1_190' title='bbox 1372 730 1564 768; x_wconf 86' lang='lat' dir='ltr'><strong>consessio.</strong></span> <span class='ocrx_word' id='word_1_191' title='bbox 1595 731 1761 770; x_wconf 90' lang='lat' dir='ltr'><strong>Secundo</strong></span> <span class='ocrx_word' id='word_1_192' title='bbox 1787 733 2004 780; x_wconf 80' lang='lat' dir='ltr'><strong>frondescit,</strong></span> <span class='ocrx_word' id='word_1_193' title='bbox 2043 744 2083 774; x_wconf 87' lang='lat' dir='ltr'><strong>ut</strong></span> <span class='ocrx_word' id='word_1_194' title='bbox 2118 746 2265 777; x_wconf 87' lang='lat' dir='ltr'><strong>renatus</strong></span> 
     </span>
     <span class='ocr_line' id='line_1_27' title="bbox 1203 793 2261 846; baseline 0.009 -19"><span class='ocrx_word' id='word_1_195' title='bbox 1203 793 1335 828; x_wconf 91' lang='lat' dir='ltr'><strong>donum</strong></span> <span class='ocrx_word' id='word_1_196' title='bbox 1362 793 1486 839; x_wconf 83' lang='lat' dir='ltr'><strong>gratiae</strong></span> <span class='ocrx_word' id='word_1_197' title='bbox 1506 794 1639 829; x_wconf 79' lang='lat' dir='ltr'><strong>Christi</strong></span> <span class='ocrx_word' id='word_1_198' title='bbox 1668 795 1731 830; x_wconf 92' lang='lat' dir='ltr'><strong>Dei</strong></span> <span class='ocrx_word' id='word_1_199' title='bbox 1753 796 2040 835; x_wconf 88' lang='lat' dir='ltr'><strong>sanctificatione</strong></span> <span class='ocrx_word' id='word_1_200' title='bbox 2058 801 2232 846; x_wconf 85' lang='lat' dir='ltr'><strong>suscipiat</strong></span> <span class='ocrx_word' id='word_1_201' title='bbox 2252 813 2261 837; x_wconf 89' lang='lat'><strong>:</strong></span> 
     </span>
     <span class='ocr_line' id='line_1_28' title="bbox 1202 852 2266 905; baseline 0.011 -19"><span class='ocrx_word' id='word_1_202' title='bbox 1202 857 1241 887; x_wconf 89' lang='lat' dir='ltr'><strong>ut</strong></span> <span class='ocrx_word' id='word_1_203' title='bbox 1257 852 1339 888; x_wconf 89' lang='lat' dir='ltr'><strong>inde</strong></span> <span class='ocrx_word' id='word_1_204' title='bbox 1355 853 1482 889; x_wconf 79' lang='lat' dir='ltr'><strong>afferat</strong></span> <span class='ocrx_word' id='word_1_205' title='bbox 1500 853 1621 897; x_wconf 83' lang='lat' dir='ltr'><strong>flores,</strong></span> <span class='ocrx_word' id='word_1_206' title='bbox 1640 856 1702 891; x_wconf 89' lang='lat' dir='ltr'><strong>ubi</strong></span> <span class='ocrx_word' id='word_1_207' title='bbox 1719 856 1896 901; x_wconf 81' lang='lat' dir='ltr'><strong>proficere</strong></span> <span class='ocrx_word' id='word_1_208' title='bbox 1915 860 2080 905; x_wconf 89' lang='lat' dir='ltr'><strong>coeperit,</strong></span> <span class='ocrx_word' id='word_1_209' title='bbox 2098 867 2136 896; x_wconf 91' lang='lat' dir='ltr'><strong>et</strong></span> <span class='ocrx_word' id='word_1_210' title='bbox 2153 862 2266 898; x_wconf 88' lang='lat' dir='ltr'><strong>bono-</strong></span> 
     </span>
     <span class='ocr_line' id='line_1_29' title="bbox 1202 914 2265 964; baseline 0.013 -18"><span class='ocrx_word' id='word_1_211' title='bbox 1202 921 1281 946; x_wconf 85' lang='lat' dir='ltr'><strong>rum</strong></span> <span class='ocrx_word' id='word_1_212' title='bbox 1304 914 1481 950; x_wconf 82' lang='lat' dir='ltr'><strong>suavitate</strong></span> <span class='ocrx_word' id='word_1_213' title='bbox 1500 915 1678 959; x_wconf 88' lang='lat' dir='ltr'><strong>decorari,</strong></span> <span class='ocrx_word' id='word_1_214' title='bbox 1699 926 1742 952; x_wconf 88' lang='lat' dir='ltr'><strong>ac</strong></span> <span class='ocrx_word' id='word_1_215' title='bbox 1758 916 1986 964; x_wconf 83' lang='lat' dir='ltr'><strong>flagrantiam</strong></span> <span class='ocrx_word' id='word_1_216' title='bbox 2006 922 2265 959; x_wconf 78' lang='lat' dir='ltr'><strong>misericordiae</strong></span> 
     </span>
     <span class='ocr_line' id='line_1_30' title="bbox 1200 973 2267 1030; baseline 0.013 -24"><span class='ocrx_word' id='word_1_217' title='bbox 1200 977 1238 1006; x_wconf 87' lang='lat' dir='ltr'><strong>et</strong></span> <span class='ocrx_word' id='word_1_218' title='bbox 1262 973 1495 1018; x_wconf 81' lang='lat' dir='ltr'><strong>benignitatis</strong></span> <span class='ocrx_word' id='word_1_219' title='bbox 1523 975 1722 1020; x_wconf 82' lang='lat' dir='ltr'><strong>effundere,</strong></span> <span class='ocrx_word' id='word_1_220' title='bbox 1752 979 1797 1013; x_wconf 89' lang='lat' dir='ltr'><strong>ad</strong></span> <span class='ocrx_word' id='word_1_221' title='bbox 1818 979 1985 1015; x_wconf 90' lang='lat' dir='ltr'><strong>ultimum</strong></span> <span class='ocrx_word' id='word_1_222' title='bbox 2005 991 2148 1029; x_wconf 90' lang='lat' dir='ltr'><strong>quoque</strong></span> <span class='ocrx_word' id='word_1_223' title='bbox 2172 994 2267 1030; x_wconf 84' lang='lat' dir='ltr'><strong>prae-</strong></span> 
     </span>
     <span class='ocr_line' id='line_1_31' title="bbox 1199 1030 2266 1086; baseline 0.015 -22"><span class='ocrx_word' id='word_1_224' title='bbox 1199 1030 1283 1065; x_wconf 85' lang='lat' dir='ltr'><strong>beat</strong></span> <span class='ocrx_word' id='word_1_225' title='bbox 1312 1033 1436 1068; x_wconf 83' lang='lat' dir='ltr'><strong>vitam.</strong></span> <span class='ocrx_word' id='word_1_226' title='bbox 1471 1034 1561 1069; x_wconf 91' lang='lat' dir='ltr'><strong>Cum</strong></span> <span class='ocrx_word' id='word_1_227' title='bbox 1596 1036 1693 1070; x_wconf 89' lang='lat' dir='ltr'><strong>enim</strong></span> <span class='ocrx_word' id='word_1_228' title='bbox 1726 1038 1772 1072; x_wconf 90' lang='lat' dir='ltr'><strong>ad</strong></span> <span class='ocrx_word' id='word_1_229' title='bbox 1801 1038 2001 1082; x_wconf 82' lang='lat' dir='ltr'><strong>perfeetum</strong></span> <span class='ocrx_word' id='word_1_230' title='bbox 2033 1043 2196 1086; x_wconf 87' lang='lat' dir='ltr'><strong>venerit,</strong></span> <span class='ocrx_word' id='word_1_231' title='bbox 2228 1050 2266 1080; x_wconf 88' lang='lat' dir='ltr'><strong>et</strong></span> 
     </span>
     <span class='ocr_line' id='line_1_32' title="bbox 1199 1091 2263 1145; baseline 0.013 -21"><span class='ocrx_word' id='word_1_232' title='bbox 1199 1091 1391 1136; x_wconf 80' lang='lat' dir='ltr'><strong>protulerit</strong></span> <span class='ocrx_word' id='word_1_233' title='bbox 1410 1101 1454 1127; x_wconf 87' lang='lat' dir='ltr'><strong>ex</strong></span> <span class='ocrx_word' id='word_1_234' title='bbox 1475 1103 1514 1128; x_wconf 89' lang='lat' dir='ltr'><strong>se</strong></span> <span class='ocrx_word' id='word_1_235' title='bbox 1534 1095 1683 1130; x_wconf 87' lang='lat' dir='ltr'><strong>verbum</strong></span> <span class='ocrx_word' id='word_1_236' title='bbox 1703 1095 1809 1140; x_wconf 82' lang='lat' dir='ltr'><strong>fidei,</strong></span> <span class='ocrx_word' id='word_1_237' title='bbox 1834 1099 1982 1134; x_wconf 89' lang='lat' dir='ltr'><strong>verbum</strong></span> <span class='ocrx_word' id='word_1_238' title='bbox 2002 1101 2163 1137; x_wconf 76' lang='lat' dir='ltr'><strong>scientiae</strong></span> <span class='ocrx_word' id='word_1_239' title='bbox 2183 1103 2263 1145; x_wconf 91' lang='lat' dir='ltr'><strong>Dei,</strong></span> 
     </span>
    </p>
   </div>
   <div class='ocr_carea' id='block_1_7' title="bbox 65 1150 2264 1212">
    <p class='ocr_par' dir='ltr' id='par_1_7' title="bbox 65 1150 2264 1212">
     <span class='ocr_line' id='line_1_33' title="bbox 65 1150 2264 1212; baseline 0.005 -26"><span class='ocrx_word' id='word_1_240' title='bbox 65 1177 147 1212; x_wconf 65' lang='lat' dir='ltr'><strong>gam</strong></span> <span class='ocrx_word' id='word_1_241' title='bbox 164 1175 316 1202; x_wconf 62' lang='lat' dir='ltr'><strong>nuceam</strong></span> <span class='ocrx_word' id='word_1_242' title='bbox 329 1193 337 1207; x_wconf 56' lang='lat'><strong>,</strong></span> <span class='ocrx_word' id='word_1_243' title='bbox 359 1170 395 1200; x_wconf 50' lang='lat' dir='ltr'><strong>et</strong></span> <span class='ocrx_word' id='word_1_244' title='bbox 414 1165 647 1210; x_wconf 53' lang='lat' dir='ltr'><strong>prophetasse</strong></span> <span class='ocrx_word' id='word_1_245' title='bbox 666 1163 709 1198; x_wconf 65' lang='lat' dir='ltr'><strong>de</strong></span> <span class='ocrx_word' id='word_1_246' title='bbox 734 1172 776 1197; x_wconf 63' lang='lat' dir='ltr'><strong>ea</strong></span> <span class='ocrx_word' id='word_1_247' title='bbox 806 1162 864 1196; x_wconf 65' lang='lat'><strong>5113</strong></span> <span class='ocrx_word' id='word_1_248' title='bbox 894 1172 974 1206; x_wconf 61' lang='lat' dir='ltr'><strong>quae</strong></span> <span class='ocrx_word' id='word_1_249' title='bbox 993 1162 1128 1206; x_wconf 57' lang='lat' dir='ltr'><strong>scripta</strong></span> <span class='ocrx_word' id='word_1_250' title='bbox 1146 1152 1178 1191; x_wconf 90' lang='grc' dir='ltr'><strong><em>Β</em></strong></span> <span class='ocrx_word' id='word_1_251' title='bbox 1198 1155 1234 1185; x_wconf 86' lang='lat' dir='ltr'><strong>et</strong></span> <span class='ocrx_word' id='word_1_252' title='bbox 1253 1150 1343 1185; x_wconf 86' lang='lat' dir='ltr'><strong>alios</strong></span> <span class='ocrx_word' id='word_1_253' title='bbox 1362 1150 1596 1196; x_wconf 84' lang='lat' dir='ltr'><strong>lucrifecerit,</strong></span> <span class='ocrx_word' id='word_1_254' title='bbox 1618 1155 1687 1190; x_wconf 90' lang='lat' dir='ltr'><strong>hoc</strong></span> <span class='ocrx_word' id='word_1_255' title='bbox 1706 1160 1761 1191; x_wconf 88' lang='lat' dir='ltr'><strong>est</strong></span> <span class='ocrx_word' id='word_1_256' title='bbox 1779 1157 1942 1194; x_wconf 85' lang='lat' dir='ltr'><strong>attulisse</strong></span> <span class='ocrx_word' id='word_1_257' title='bbox 1963 1158 2113 1203; x_wconf 86' lang='lat' dir='ltr'><strong>fructus,</strong></span> <span class='ocrx_word' id='word_1_258' title='bbox 2134 1162 2264 1207; x_wconf 87' lang='lat' dir='ltr'><strong>quibus</strong></span> 
     </span>
    </p>
   </div>
   <div class='ocr_carea' id='block_1_8' title="bbox 57 1223 1127 2060">
    <p class='ocr_par' dir='ltr' id='par_1_8' title="bbox 57 1223 1127 1990">
     <span class='ocr_line' id='line_1_34' title="bbox 65 1223 1127 1272; baseline -0.006 -9"><span class='ocrx_word' id='word_1_259' title='bbox 65 1232 171 1270; x_wconf 88' lang='lat' dir='ltr'><strong>sunt;</strong></span> <span class='ocrx_word' id='word_1_260' title='bbox 194 1226 250 1262; x_wconf 88' lang='lat' dir='ltr'><strong>vel</strong></span> <span class='ocrx_word' id='word_1_261' title='bbox 266 1227 310 1262; x_wconf 93' lang='lat' dir='ltr'><strong>de</strong></span> <span class='ocrx_word' id='word_1_262' title='bbox 328 1226 427 1272; x_wconf 88' lang='lat' dir='ltr'><strong>virga</strong></span> <span class='ocrx_word' id='word_1_263' title='bbox 447 1235 576 1267; x_wconf 89' lang='lat' dir='ltr'><strong>nucea,</strong></span> <span class='ocrx_word' id='word_1_264' title='bbox 597 1224 654 1260; x_wconf 90' lang='lat' dir='ltr'><strong>vel</strong></span> <span class='ocrx_word' id='word_1_265' title='bbox 670 1225 713 1260; x_wconf 90' lang='lat' dir='ltr'><strong>de</strong></span> <span class='ocrx_word' id='word_1_266' title='bbox 730 1223 847 1259; x_wconf 87' lang='lat' dir='ltr'><strong>lebete</strong></span> <span class='ocrx_word' id='word_1_267' title='bbox 863 1223 938 1258; x_wconf 90' lang='lat' dir='ltr'><strong>sive</strong></span> <span class='ocrx_word' id='word_1_268' title='bbox 956 1223 1026 1258; x_wconf 90' lang='lat' dir='ltr'><strong>olla</strong></span> <span class='ocrx_word' id='word_1_269' title='bbox 1047 1233 1127 1258; x_wconf 89' lang='lat' dir='ltr'><strong>suc-</strong></span> 
     </span>
     <span class='ocr_line' id='line_1_35' title="bbox 65 1285 1123 1333; baseline -0.005 -10"><span class='ocrx_word' id='word_1_270' title='bbox 65 1298 186 1330; x_wconf 87' lang='lat' dir='ltr'><strong>censa,</strong></span> <span class='ocrx_word' id='word_1_271' title='bbox 211 1288 314 1333; x_wconf 91' lang='lat' dir='ltr'><strong>quasi</strong></span> <span class='ocrx_word' id='word_1_272' title='bbox 335 1287 540 1322; x_wconf 84' lang='lat' dir='ltr'><strong>ostenderet</strong></span> <span class='ocrx_word' id='word_1_273' title='bbox 565 1295 631 1332; x_wconf 91' lang='lat' dir='ltr'><strong>per</strong></span> <span class='ocrx_word' id='word_1_274' title='bbox 649 1286 727 1321; x_wconf 85' lang='lat' dir='ltr'><strong>haec</strong></span> <span class='ocrx_word' id='word_1_275' title='bbox 757 1285 793 1320; x_wconf 91' lang='lat' dir='ltr'><strong>in</strong></span> <span class='ocrx_word' id='word_1_276' title='bbox 819 1285 920 1330; x_wconf 86' lang='lat' dir='ltr'><strong>virga</strong></span> <span class='ocrx_word' id='word_1_277' title='bbox 938 1294 1054 1320; x_wconf 88' lang='lat' dir='ltr'><strong>nucea</strong></span> <span class='ocrx_word' id='word_1_278' title='bbox 1074 1285 1123 1319; x_wconf 69' lang='lat' dir='ltr'><strong>vi«</strong></span> 
     </span>
     <span class='ocr_line' id='line_1_36' title="bbox 64 1346 1125 1391; baseline -0.001 -8"><span class='ocrx_word' id='word_1_279' title='bbox 64 1355 137 1384; x_wconf 82' lang='lat' dir='ltr'><strong>tam</strong></span> <span class='ocrx_word' id='word_1_280' title='bbox 161 1357 255 1391; x_wconf 90' lang='lat' dir='ltr'><strong>esse,</strong></span> <span class='ocrx_word' id='word_1_281' title='bbox 286 1353 321 1384; x_wconf 85' lang='lat' dir='ltr'><strong>et</strong></span> <span class='ocrx_word' id='word_1_282' title='bbox 350 1348 386 1383; x_wconf 92' lang='lat' dir='ltr'><strong>in</strong></span> <span class='ocrx_word' id='word_1_283' title='bbox 411 1347 527 1383; x_wconf 79' lang='lat' dir='ltr'><strong>lebete</strong></span> <span class='ocrx_word' id='word_1_284' title='bbox 554 1357 728 1383; x_wconf 89' lang='lat' dir='ltr'><strong>succenso</strong></span> <span class='ocrx_word' id='word_1_285' title='bbox 748 1356 829 1382; x_wconf 89' lang='lat' dir='ltr'><strong>esse</strong></span> <span class='ocrx_word' id='word_1_286' title='bbox 854 1351 1021 1381; x_wconf 87' lang='lat' dir='ltr'><strong>mortem.</strong></span> <span class='ocrx_word' id='word_1_287' title='bbox 1044 1346 1125 1382; x_wconf 84' lang='lat' dir='ltr'><strong>Vita</strong></span> 
     </span>
     <span class='ocr_line' id='line_1_37' title="bbox 63 1407 1127 1453; baseline -0.001 -10"><span class='ocrx_word' id='word_1_288' title='bbox 63 1408 159 1443; x_wconf 91' lang='lat' dir='ltr'><strong>enim</strong></span> <span class='ocrx_word' id='word_1_289' title='bbox 186 1413 222 1444; x_wconf 86' lang='lat' dir='ltr'><strong>et</strong></span> <span class='ocrx_word' id='word_1_290' title='bbox 240 1418 340 1444; x_wconf 90' lang='lat' dir='ltr'><strong>mors</strong></span> <span class='ocrx_word' id='word_1_291' title='bbox 367 1408 514 1453; x_wconf 86' lang='lat' dir='ltr'><strong>ponitur</strong></span> <span class='ocrx_word' id='word_1_292' title='bbox 544 1413 627 1443; x_wconf 86' lang='lat' dir='ltr'><strong>ante</strong></span> <span class='ocrx_word' id='word_1_293' title='bbox 657 1407 786 1443; x_wconf 80' lang='lat' dir='ltr'><strong>faciem</strong></span> <span class='ocrx_word' id='word_1_294' title='bbox 810 1411 985 1443; x_wconf 88' lang='lat' dir='ltr'><strong>nostram.</strong></span> <span class='ocrx_word' id='word_1_295' title='bbox 1009 1407 1053 1442; x_wconf 86' lang='lat' dir='ltr'><strong>Et</strong></span> <span class='ocrx_word' id='word_1_296' title='bbox 1071 1412 1127 1442; x_wconf 87' lang='lat' dir='ltr'><strong>est</strong></span> 
     </span>
     <span class='ocr_line' id='line_1_38' title="bbox 62 1469 1126 1514; baseline -0.001 -10"><span class='ocrx_word' id='word_1_297' title='bbox 62 1469 135 1504; x_wconf 89' lang='lat' dir='ltr'><strong>vita</strong></span> <span class='ocrx_word' id='word_1_298' title='bbox 157 1469 300 1514; x_wconf 90' lang='lat' dir='ltr'><strong>quidem</strong></span> <span class='ocrx_word' id='word_1_299' title='bbox 320 1469 485 1504; x_wconf 85' lang='lat' dir='ltr'><strong>Christus</strong></span> <span class='ocrx_word' id='word_1_300' title='bbox 506 1469 542 1504; x_wconf 91' lang='lat' dir='ltr'><strong>in</strong></span> <span class='ocrx_word' id='word_1_301' title='bbox 563 1473 790 1504; x_wconf 87' lang='lat' dir='ltr'><strong>sacramento</strong></span> <span class='ocrx_word' id='word_1_302' title='bbox 806 1469 924 1510; x_wconf 91' lang='lat' dir='ltr'><strong>nucis,</strong></span> <span class='ocrx_word' id='word_1_303' title='bbox 946 1478 1043 1503; x_wconf 90' lang='lat' dir='ltr'><strong>mors</strong></span> <span class='ocrx_word' id='word_1_304' title='bbox 1065 1479 1126 1503; x_wconf 86' lang='lat' dir='ltr'><strong>au-</strong></span> 
     </span>
     <span class='ocr_line' id='line_1_39' title="bbox 62 1525 1124 1573; baseline 0.001 -11"><span class='ocrx_word' id='word_1_305' title='bbox 62 1533 134 1562; x_wconf 86' lang='lat' dir='ltr'><strong>tem</strong></span> <span class='ocrx_word' id='word_1_306' title='bbox 152 1527 316 1562; x_wconf 88' lang='lat' dir='ltr'><strong>diabolus</strong></span> <span class='ocrx_word' id='word_1_307' title='bbox 335 1527 371 1562; x_wconf 93' lang='lat' dir='ltr'><strong>in</strong></span> <span class='ocrx_word' id='word_1_308' title='bbox 389 1528 503 1573; x_wconf 79' lang='lat' dir='ltr'><strong>tigura</strong></span> <span class='ocrx_word' id='word_1_309' title='bbox 521 1527 649 1563; x_wconf 85' lang='lat' dir='ltr'><strong>lebetis</strong></span> <span class='ocrx_word' id='word_1_310' title='bbox 667 1527 845 1563; x_wconf 87' lang='lat' dir='ltr'><strong>succensi.</strong></span> <span class='ocrx_word' id='word_1_311' title='bbox 872 1525 910 1561; x_wconf 90' lang='lat' dir='ltr'><strong>Si</strong></span> <span class='ocrx_word' id='word_1_312' title='bbox 938 1537 1024 1573; x_wconf 89' lang='lat' dir='ltr'><strong>ergo</strong></span> <span class='ocrx_word' id='word_1_313' title='bbox 1040 1537 1124 1573; x_wconf 89' lang='lat' dir='ltr'><strong>pec-</strong></span> 
     </span>
     <span class='ocr_line' id='line_1_40' title="bbox 62 1588 1121 1635; baseline 0.003 -13"><span class='ocrx_word' id='word_1_314' title='bbox 62 1588 215 1631; x_wconf 82' lang='lat' dir='ltr'><strong>caveris,</strong></span> <span class='ocrx_word' id='word_1_315' title='bbox 235 1589 438 1634; x_wconf 88' lang='lat' dir='ltr'><strong>portionem</strong></span> <span class='ocrx_word' id='word_1_316' title='bbox 456 1595 553 1624; x_wconf 90' lang='lat' dir='ltr'><strong>tuam</strong></span> <span class='ocrx_word' id='word_1_317' title='bbox 574 1599 687 1635; x_wconf 90' lang='lat' dir='ltr'><strong>pones</strong></span> <span class='ocrx_word' id='word_1_318' title='bbox 704 1599 786 1625; x_wconf 91' lang='lat' dir='ltr'><strong>cum</strong></span> <span class='ocrx_word' id='word_1_319' title='bbox 802 1589 919 1625; x_wconf 87' lang='lat' dir='ltr'><strong>lebete</strong></span> <span class='ocrx_word' id='word_1_320' title='bbox 935 1600 1121 1625; x_wconf 86' lang='lat' dir='ltr'><strong>succenso.</strong></span> 
     </span>
     <span class='ocr_line' id='line_1_41' title="bbox 62 1648 1123 1696; baseline 0.001 -12"><span class='ocrx_word' id='word_1_321' title='bbox 62 1648 101 1684; x_wconf 90' lang='lat' dir='ltr'><strong>Si</strong></span> <span class='ocrx_word' id='word_1_322' title='bbox 122 1654 241 1684; x_wconf 85' lang='lat' dir='ltr'><strong>autem</strong></span> <span class='ocrx_word' id='word_1_323' title='bbox 266 1648 360 1693; x_wconf 76' lang='lat' dir='ltr'><strong>Juste</strong></span> <span class='ocrx_word' id='word_1_324' title='bbox 388 1650 519 1695; x_wconf 83' lang='lat' dir='ltr'><strong>egeris,</strong></span> <span class='ocrx_word' id='word_1_325' title='bbox 548 1648 700 1685; x_wconf 81' lang='lat' dir='ltr'><strong>efficitur</strong></span> <span class='ocrx_word' id='word_1_326' title='bbox 728 1649 845 1695; x_wconf 91' lang='lat' dir='ltr'><strong>portio</strong></span> <span class='ocrx_word' id='word_1_327' title='bbox 871 1655 933 1684; x_wconf 88' lang='lat' dir='ltr'><strong>tua</strong></span> <span class='ocrx_word' id='word_1_328' title='bbox 962 1650 998 1685; x_wconf 92' lang='lat' dir='ltr'><strong>in</strong></span> <span class='ocrx_word' id='word_1_329' title='bbox 1023 1650 1123 1696; x_wconf 83' lang='lat' dir='ltr'><strong>virga</strong></span> 
     </span>
     <span class='ocr_line' id='line_1_42' title="bbox 61 1710 1123 1756; baseline 0 -11"><span class='ocrx_word' id='word_1_330' title='bbox 61 1720 174 1746; x_wconf 89' lang='lat' dir='ltr'><strong>nucea</strong></span> <span class='ocrx_word' id='word_1_331' title='bbox 204 1721 286 1746; x_wconf 84' lang='lat' dir='ltr'><strong>curn</strong></span> <span class='ocrx_word' id='word_1_332' title='bbox 313 1720 442 1756; x_wconf 85' lang='lat' dir='ltr'><strong>magno</strong></span> <span class='ocrx_word' id='word_1_333' title='bbox 462 1710 644 1756; x_wconf 86' lang='lat' dir='ltr'><strong>pontifice.</strong></span> <span class='ocrx_word' id='word_1_334' title='bbox 669 1710 741 1746; x_wconf 87' lang='lat' dir='ltr'><strong>Sed</strong></span> <span class='ocrx_word' id='word_1_335' title='bbox 761 1711 798 1745; x_wconf 92' lang='lat' dir='ltr'><strong>in</strong></span> <span class='ocrx_word' id='word_1_336' title='bbox 819 1710 979 1746; x_wconf 89' lang='lat' dir='ltr'><strong>Canticis</strong></span> <span class='ocrx_word' id='word_1_337' title='bbox 1008 1711 1123 1746; x_wconf 88' lang='lat' dir='ltr'><strong>canti-</strong></span> 
     </span>
     <span class='ocr_line' id='line_1_43' title="bbox 59 1771 1120 1817; baseline 0.001 -12"><span class='ocrx_word' id='word_1_338' title='bbox 59 1780 184 1806; x_wconf 89' lang='lat' dir='ltr'><strong>corum</strong></span> <span class='ocrx_word' id='word_1_339' title='bbox 215 1781 346 1817; x_wconf 89' lang='lat' dir='ltr'><strong>sponsa</strong></span> <span class='ocrx_word' id='word_1_340' title='bbox 375 1772 593 1807; x_wconf 87' lang='lat' dir='ltr'><strong>descendere</strong></span> <span class='ocrx_word' id='word_1_341' title='bbox 625 1771 757 1806; x_wconf 90' lang='lat' dir='ltr'><strong>dicitur</strong></span> <span class='ocrx_word' id='word_1_342' title='bbox 787 1771 824 1805; x_wconf 92' lang='lat' dir='ltr'><strong>in</strong></span> <span class='ocrx_word' id='word_1_343' title='bbox 852 1778 971 1806; x_wconf 88' lang='lat' dir='ltr'><strong>ortum</strong></span> <span class='ocrx_word' id='word_1_344' title='bbox 1004 1772 1120 1814; x_wconf 88' lang='lat' dir='ltr'><strong>nucis,</strong></span> 
     </span>
     <span class='ocr_line' id='line_1_44' title="bbox 59 1832 1120 1878; baseline 0.001 -11"><span class='ocrx_word' id='word_1_345' title='bbox 59 1832 119 1868; x_wconf 90' lang='lat' dir='ltr'><strong>ubi</strong></span> <span class='ocrx_word' id='word_1_346' title='bbox 139 1833 249 1868; x_wconf 85' lang='lat' dir='ltr'><strong>etiam</strong></span> <span class='ocrx_word' id='word_1_347' title='bbox 278 1833 416 1878; x_wconf 90' lang='lat' dir='ltr'><strong>pariter</strong></span> <span class='ocrx_word' id='word_1_348' title='bbox 431 1843 514 1868; x_wconf 91' lang='lat' dir='ltr'><strong>cum</strong></span> <span class='ocrx_word' id='word_1_349' title='bbox 544 1833 696 1868; x_wconf 90' lang='lat' dir='ltr'><strong>nucibus</strong></span> <span class='ocrx_word' id='word_1_350' title='bbox 728 1832 1008 1868; x_wconf 82' lang='lat' dir='ltr'><strong>sacerdotalium</strong></span> <span class='ocrx_word' id='word_1_351' title='bbox 1029 1843 1120 1878; x_wconf 92' lang='lat' dir='ltr'><strong>quo-</strong></span> 
     </span>
     <span class='ocr_line' id='line_1_45' title="bbox 57 1893 1122 1941; baseline 0.001 -13"><span class='ocrx_word' id='word_1_352' title='bbox 57 1893 249 1930; x_wconf 89' lang='lat' dir='ltr'><strong>dammodo</strong></span> <span class='ocrx_word' id='word_1_353' title='bbox 287 1904 454 1941; x_wconf 85' lang='lat' dir='ltr'><strong>magnam</strong></span> <span class='ocrx_word' id='word_1_354' title='bbox 485 1903 675 1940; x_wconf 90' lang='lat' dir='ltr'><strong>pomorum</strong></span> <span class='ocrx_word' id='word_1_355' title='bbox 714 1893 854 1938; x_wconf 87' lang='lat' dir='ltr'><strong>copiam</strong></span> <span class='ocrx_word' id='word_1_356' title='bbox 882 1894 1122 1938; x_wconf 84' lang='lat' dir='ltr'><strong>perscribitur</strong></span> 
     </span>
     <span class='ocr_line' id='line_1_46' title="bbox 58 1954 250 1990; baseline 0 -1"><span class='ocrx_word' id='word_1_357' title='bbox 58 1954 250 1990; x_wconf 88' lang='lat' dir='ltr'><strong>invenisse.</strong></span> 
     </span>
    </p>

    <p class='ocr_par' dir='ltr' id='par_1_9' title="bbox 103 2013 1116 2060">
     <span class='ocr_line' id='line_1_47' title="bbox 103 2013 1116 2060; baseline 0 -11"><span class='ocrx_word' id='word_1_358' title='bbox 103 2013 330 2060; x_wconf 82' lang='lat' dir='ltr'><strong>Fueruntque</strong></span> <span class='ocrx_word' id='word_1_359' title='bbox 355 2014 459 2059; x_wconf 76' lang='lat' dir='ltr'><strong>viryoe</strong></span> <span class='ocrx_word' id='word_1_360' title='bbox 488 2013 672 2048; x_wconf 78' lang='lat' dir='ltr'><strong>duodecim</strong></span> <span class='ocrx_word' id='word_1_361' title='bbox 701 2013 828 2059; x_wconf 82' lang='lat' dir='ltr'><strong>absque</strong></span> <span class='ocrx_word' id='word_1_362' title='bbox 860 2014 957 2059; x_wconf 76' lang='lat' dir='ltr'><strong>virqa</strong></span> <span class='ocrx_word' id='word_1_363' title='bbox 984 2015 1116 2049; x_wconf 85' lang='lat' dir='ltr'><strong>Aaron.</strong></span> 
     </span>
    </p>
   </div>
   <div class='ocr_carea' id='block_1_9' title="bbox 1191 1210 2265 2057">
    <p class='ocr_par' dir='ltr' id='par_1_10' title="bbox 1191 1210 2265 2057">
     <span class='ocr_line' id='line_1_48' title="bbox 1196 1210 2265 1266; baseline 0.016 -22"><span class='ocrx_word' id='word_1_364' title='bbox 1196 1210 1256 1246; x_wconf 89' lang='lat' dir='ltr'><strong>alii</strong></span> <span class='ocrx_word' id='word_1_365' title='bbox 1279 1213 1497 1248; x_wconf 79' lang='lat' dir='ltr'><strong>nutriantur.</strong></span> <span class='ocrx_word' id='word_1_366' title='bbox 1525 1214 1585 1250; x_wconf 77' lang='lat' dir='ltr'><strong>Sic</strong></span> <span class='ocrx_word' id='word_1_367' title='bbox 1609 1225 1694 1262; x_wconf 85' lang='lat' dir='ltr'><strong>ergo</strong></span> <span class='ocrx_word' id='word_1_368' title='bbox 1720 1218 1853 1264; x_wconf 87' lang='lat' dir='ltr'><strong>quique</strong></span> <span class='ocrx_word' id='word_1_369' title='bbox 1881 1220 2010 1266; x_wconf 82' lang='lat' dir='ltr'><strong>singuli</strong></span> <span class='ocrx_word' id='word_1_370' title='bbox 2038 1223 2265 1261; x_wconf 85' lang='lat' dir='ltr'><strong>credentium</strong></span> 
     </span>
     <span class='ocr_line' id='line_1_49' title="bbox 1196 1271 2265 1331; baseline 0.016 -26"><span class='ocrx_word' id='word_1_371' title='bbox 1196 1271 1240 1306; x_wconf 92' lang='lat' dir='ltr'><strong>de</strong></span> <span class='ocrx_word' id='word_1_372' title='bbox 1260 1272 1360 1317; x_wconf 85' lang='lat' dir='ltr'><strong>virga</strong></span> <span class='ocrx_word' id='word_1_373' title='bbox 1377 1273 1514 1318; x_wconf 87' lang='lat' dir='ltr'><strong>Aaron,</strong></span> <span class='ocrx_word' id='word_1_374' title='bbox 1532 1276 1592 1321; x_wconf 87' lang='lat' dir='ltr'><strong>qui</strong></span> <span class='ocrx_word' id='word_1_375' title='bbox 1614 1282 1670 1311; x_wconf 89' lang='lat' dir='ltr'><strong>est</strong></span> <span class='ocrx_word' id='word_1_376' title='bbox 1688 1276 1866 1322; x_wconf 83' lang='lat' dir='ltr'><strong>Christus,</strong></span> <span class='ocrx_word' id='word_1_377' title='bbox 1890 1282 2154 1328; x_wconf 87' lang='lat' dir='ltr'><strong>germinantur,</strong></span> <span class='ocrx_word' id='word_1_378' title='bbox 2174 1296 2265 1331; x_wconf 89' lang='lat' dir='ltr'><strong>quo-</strong></span> 
     </span>
     <span class='ocr_line' id='line_1_50' title="bbox 1196 1334 2262 1389; baseline 0.017 -25"><span class='ocrx_word' id='word_1_379' title='bbox 1196 1340 1276 1365; x_wconf 88' lang='lat' dir='ltr'><strong>rum</strong></span> <span class='ocrx_word' id='word_1_380' title='bbox 1301 1337 1458 1376; x_wconf 86' lang='lat' dir='ltr'><strong>quatuor</strong></span> <span class='ocrx_word' id='word_1_381' title='bbox 1477 1334 1556 1370; x_wconf 71' lang='lat' dir='ltr'><strong>istae</strong></span> <span class='ocrx_word' id='word_1_382' title='bbox 1577 1335 1788 1373; x_wconf 83' lang='lat' dir='ltr'><strong>differentiae</strong></span> <span class='ocrx_word' id='word_1_383' title='bbox 1808 1339 1845 1374; x_wconf 91' lang='lat' dir='ltr'><strong>in</strong></span> <span class='ocrx_word' id='word_1_384' title='bbox 1870 1340 1950 1376; x_wconf 89' lang='lat' dir='ltr'><strong>aliis</strong></span> <span class='ocrx_word' id='word_1_385' title='bbox 1979 1341 2178 1389; x_wconf 83' lang='lat' dir='ltr'><strong>Scripturae</strong></span> <span class='ocrx_word' id='word_1_386' title='bbox 2205 1345 2262 1382; x_wconf 81' lang='lat' dir='ltr'><strong>lo-</strong></span> 
     </span>
     <span class='ocr_line' id='line_1_51' title="bbox 1195 1394 2263 1452; baseline 0.018 -24"><span class='ocrx_word' id='word_1_387' title='bbox 1195 1394 1260 1437; x_wconf 88' lang='lat' dir='ltr'><strong>cis,</strong></span> <span class='ocrx_word' id='word_1_388' title='bbox 1277 1395 1374 1430; x_wconf 88' lang='lat' dir='ltr'><strong>velut</strong></span> <span class='ocrx_word' id='word_1_389' title='bbox 1391 1401 1515 1433; x_wconf 86' lang='lat' dir='ltr'><strong>aetates</strong></span> <span class='ocrx_word' id='word_1_390' title='bbox 1537 1405 1694 1444; x_wconf 83' lang='lat' dir='ltr'><strong>quatuor</strong></span> <span class='ocrx_word' id='word_1_391' title='bbox 1709 1402 1945 1449; x_wconf 85' lang='lat' dir='ltr'><strong>designantur</strong></span> <span class='ocrx_word' id='word_1_392' title='bbox 1964 1418 1972 1440; x_wconf 74' lang='grc' dir='ltr'>ε</span> <span class='ocrx_word' id='word_1_393' title='bbox 1995 1417 2085 1452; x_wconf 90' lang='lat' dir='ltr'><strong>quas</strong></span> <span class='ocrx_word' id='word_1_394' title='bbox 2104 1408 2263 1447; x_wconf 85' lang='lat' dir='ltr'><strong>Joannes</strong></span> 
     </span>
     <span class='ocr_line' id='line_1_52' title="bbox 1194 1455 2260 1513; baseline 0.018 -25"><span class='ocrx_word' id='word_1_395' title='bbox 1194 1455 1377 1499; x_wconf 88' lang='lat' dir='ltr'><strong>apostolus</strong></span> <span class='ocrx_word' id='word_1_396' title='bbox 1402 1457 1439 1491; x_wconf 92' lang='lat' dir='ltr'><strong>in</strong></span> <span class='ocrx_word' id='word_1_397' title='bbox 1458 1457 1618 1503; x_wconf 80' lang='lat' dir='ltr'><strong>Epistola</strong></span> <span class='ocrx_word' id='word_1_398' title='bbox 1644 1471 1709 1497; x_wconf 87' lang='lat' dir='ltr'><strong>sua</strong></span> <span class='ocrx_word' id='word_1_399' title='bbox 1731 1463 1964 1501; x_wconf 84' lang='lat' dir='ltr'><strong>distinctione</strong></span> <span class='ocrx_word' id='word_1_400' title='bbox 1983 1469 2138 1513; x_wconf 80' lang='lat' dir='ltr'><strong>mystica</strong></span> <span class='ocrx_word' id='word_1_401' title='bbox 2159 1481 2260 1507; x_wconf 89' lang='lat' dir='ltr'><strong>com-</strong></span> 
     </span>
     <span class='ocr_line' id='line_1_53' title="bbox 1192 1517 2262 1579; baseline 0.017 -29"><span class='ocrx_word' id='word_1_402' title='bbox 1192 1517 1397 1561; x_wconf 90' lang='lat' dir='ltr'><strong>prehendit.</strong></span> <span class='ocrx_word' id='word_1_403' title='bbox 1419 1518 1479 1555; x_wconf 87' lang='lat' dir='ltr'><strong>Ait</strong></span> <span class='ocrx_word' id='word_1_404' title='bbox 1498 1521 1593 1556; x_wconf 88' lang='lat' dir='ltr'><strong>enim</strong></span> <span class='ocrx_word' id='word_1_405' title='bbox 1617 1535 1624 1556; x_wconf 89' lang='lat'>:</span> <span class='ocrx_word' id='word_1_406' title='bbox 1648 1521 1781 1569; x_wconf 78' lang='lat' dir='ltr'><strong>Scripsi</strong></span> <span class='ocrx_word' id='word_1_407' title='bbox 1810 1526 1917 1570; x_wconf 85' lang='lat' dir='ltr'><strong>vob-is,</strong></span> <span class='ocrx_word' id='word_1_408' title='bbox 1943 1529 2056 1574; x_wconf 85' lang='lat' dir='ltr'><strong>pueri,</strong></span> <span class='ocrx_word' id='word_1_409' title='bbox 2085 1537 2116 1565; x_wconf 80' lang='lat' dir='ltr'><strong>et</strong></span> <span class='ocrx_word' id='word_1_410' title='bbox 2137 1533 2262 1579; x_wconf 82' lang='lat' dir='ltr'><strong>scripsi</strong></span> 
     </span>
     <span class='ocr_line' id='line_1_54' title="bbox 1192 1576 2262 1638; baseline 0.016 -28"><span class='ocrx_word' id='word_1_411' title='bbox 1192 1576 1301 1619; x_wconf 81' lang='lat' dir='ltr'><strong>vobis,</strong></span> <span class='ocrx_word' id='word_1_412' title='bbox 1321 1577 1570 1623; x_wconf 73' lang='lat' dir='ltr'><strong>adolescente-3,</strong></span> <span class='ocrx_word' id='word_1_413' title='bbox 1592 1588 1622 1616; x_wconf 79' lang='lat' dir='ltr'><strong>et</strong></span> <span class='ocrx_word' id='word_1_414' title='bbox 1641 1584 1764 1629; x_wconf 84' lang='lat' dir='ltr'><strong>scripsi</strong></span> <span class='ocrx_word' id='word_1_415' title='bbox 1786 1586 1893 1628; x_wconf 83' lang='lat' dir='ltr'><strong>vobis,</strong></span> <span class='ocrx_word' id='word_1_416' title='bbox 1910 1586 2068 1632; x_wconf 83' lang='lat' dir='ltr'><strong>juvenes,</strong></span> <span class='ocrx_word' id='word_1_417' title='bbox 2087 1596 2118 1624; x_wconf 82' lang='lat' dir='ltr'><strong>et</strong></span> <span class='ocrx_word' id='word_1_418' title='bbox 2137 1593 2262 1638; x_wconf 79' lang='lat' dir='ltr'><strong>scripsi</strong></span> 
     </span>
     <span class='ocr_line' id='line_1_55' title="bbox 1193 1636 2260 1698; baseline 0.018 -28"><span class='ocrx_word' id='word_1_419' title='bbox 1193 1636 1299 1680; x_wconf 84' lang='lat' dir='ltr'><strong>vobis,</strong></span> <span class='ocrx_word' id='word_1_420' title='bbox 1322 1645 1437 1684; x_wconf 82' lang='lat' dir='ltr'><strong>patres</strong></span> <span class='ocrx_word' id='word_1_421' title='bbox 1458 1640 1492 1687; x_wconf 95' lang='grc' dir='ltr'><strong>(Ι</strong></span> <span class='ocrx_word' id='word_1_422' title='bbox 1508 1641 1613 1676; x_wconf 83' lang='lat' dir='ltr'><strong>Joaa.</strong></span> <span class='ocrx_word' id='word_1_423' title='bbox 1638 1643 1694 1690; x_wconf 91' lang='lat' dir='ltr'><strong>n).</strong></span> <span class='ocrx_word' id='word_1_424' title='bbox 1710 1644 1748 1679; x_wconf 93' lang='lat' dir='ltr'><strong>ln</strong></span> <span class='ocrx_word' id='word_1_425' title='bbox 1763 1646 1893 1690; x_wconf 89' lang='lat' dir='ltr'><strong>quibus</strong></span> <span class='ocrx_word' id='word_1_426' title='bbox 1906 1648 2032 1694; x_wconf 84' lang='lat' dir='ltr'><strong>utique</strong></span> <span class='ocrx_word' id='word_1_427' title='bbox 2043 1660 2114 1686; x_wconf 92' lang='lat' dir='ltr'><strong>non</strong></span> <span class='ocrx_word' id='word_1_428' title='bbox 2130 1662 2260 1698; x_wconf 90' lang='lat' dir='ltr'><strong>corpo—</strong></span> 
     </span>
     <span class='ocr_line' id='line_1_56' title="bbox 1192 1699 2260 1759; baseline 0.016 -27"><span class='ocrx_word' id='word_1_429' title='bbox 1192 1699 1279 1735; x_wconf 89' lang='lat' dir='ltr'><strong>ralis</strong></span> <span class='ocrx_word' id='word_1_430' title='bbox 1299 1701 1429 1743; x_wconf 68' lang='lat' dir='ltr'><strong>aetasss,</strong></span> <span class='ocrx_word' id='word_1_431' title='bbox 1452 1703 1514 1737; x_wconf 91' lang='lat' dir='ltr'><strong>sed</strong></span> <span class='ocrx_word' id='word_1_432' title='bbox 1544 1703 1673 1739; x_wconf 84' lang='lat' dir='ltr'><strong>animae</strong></span> <span class='ocrx_word' id='word_1_433' title='bbox 1701 1706 1928 1751; x_wconf 79' lang='lat' dir='ltr'><strong>profectuum</strong></span> <span class='ocrx_word' id='word_1_434' title='bbox 1956 1709 2177 1748; x_wconf 76' lang='lat' dir='ltr'><strong>differentias</strong></span> <span class='ocrx_word' id='word_1_435' title='bbox 2197 1725 2260 1759; x_wconf 91' lang='lat' dir='ltr'><strong>po-</strong></span> 
     </span>
     <span class='ocr_line' id='line_1_57' title="bbox 1192 1758 2261 1817; baseline 0.017 -25"><span class='ocrx_word' id='word_1_436' title='bbox 1192 1758 1245 1793; x_wconf 86' lang='lat' dir='ltr'><strong>nit</strong></span> <span class='ocrx_word' id='word_1_437' title='bbox 1258 1786 1267 1802; x_wconf 93' lang='lat'><strong>,</strong></span> <span class='ocrx_word' id='word_1_438' title='bbox 1286 1766 1325 1794; x_wconf 86' lang='lat' dir='ltr'><strong>ut</strong></span> <span class='ocrx_word' id='word_1_439' title='bbox 1345 1762 1454 1796; x_wconf 88' lang='lat' dir='ltr'><strong>etiam</strong></span> <span class='ocrx_word' id='word_1_440' title='bbox 1475 1763 1512 1798; x_wconf 90' lang='lat' dir='ltr'><strong>in</strong></span> <span class='ocrx_word' id='word_1_441' title='bbox 1534 1763 1602 1799; x_wconf 88' lang='lat' dir='ltr'><strong>hoe</strong></span> <span class='ocrx_word' id='word_1_442' title='bbox 1624 1767 1860 1803; x_wconf 87' lang='lat' dir='ltr'><strong>sacerdotalis</strong></span> <span class='ocrx_word' id='word_1_443' title='bbox 1880 1769 1991 1816; x_wconf 86' lang='lat' dir='ltr'><strong>virgae</strong></span> <span class='ocrx_word' id='word_1_444' title='bbox 2016 1773 2178 1817; x_wconf 86' lang='lat' dir='ltr'><strong>germina</strong></span> <span class='ocrx_word' id='word_1_445' title='bbox 2197 1775 2261 1809; x_wconf 89' lang='lat' dir='ltr'><strong>ob-</strong></span> 
     </span>
     <span class='ocr_line' id='line_1_58' title="bbox 1192 1822 2258 1876; baseline 0.017 -23"><span class='ocrx_word' id='word_1_446' title='bbox 1192 1829 1379 1856; x_wconf 88' lang='lat' dir='ltr'><strong>servemus</strong></span> <span class='ocrx_word' id='word_1_447' title='bbox 1397 1822 1593 1868; x_wconf 87' lang='lat' dir='ltr'><strong>designari.</strong></span> <span class='ocrx_word' id='word_1_448' title='bbox 1625 1825 1812 1862; x_wconf 81' lang='lat' dir='ltr'><strong>Habentur</strong></span> <span class='ocrx_word' id='word_1_449' title='bbox 1831 1838 1918 1876; x_wconf 88' lang='lat' dir='ltr'><strong>ergo</strong></span> <span class='ocrx_word' id='word_1_450' title='bbox 1942 1832 2019 1867; x_wconf 83' lang='lat' dir='ltr'><strong>liaec</strong></span> <span class='ocrx_word' id='word_1_451' title='bbox 2044 1835 2164 1869; x_wconf 86' lang='lat' dir='ltr'><strong>onmia</strong></span> <span class='ocrx_word' id='word_1_452' title='bbox 2187 1846 2258 1871; x_wconf 91' lang='lat' dir='ltr'><strong>non</strong></span> 
     </span>
     <span class='ocr_line' id='line_1_59' title="bbox 1193 1880 2258 1937; baseline 0.018 -25"><span class='ocrx_word' id='word_1_453' title='bbox 1193 1884 1266 1914; x_wconf 90' lang='lat' dir='ltr'><strong>tam</strong></span> <span class='ocrx_word' id='word_1_454' title='bbox 1288 1880 1325 1915; x_wconf 92' lang='lat' dir='ltr'><strong>in</strong></span> <span class='ocrx_word' id='word_1_455' title='bbox 1344 1881 1446 1926; x_wconf 89' lang='lat' dir='ltr'><strong>virga</strong></span> <span class='ocrx_word' id='word_1_456' title='bbox 1465 1882 1608 1928; x_wconf 89' lang='lat' dir='ltr'><strong>Aaron,</strong></span> <span class='ocrx_word' id='word_1_457' title='bbox 1629 1897 1738 1931; x_wconf 86' lang='lat' dir='ltr'><strong>quam</strong></span> <span class='ocrx_word' id='word_1_458' title='bbox 1756 1888 1792 1923; x_wconf 90' lang='lat' dir='ltr'><strong>in</strong></span> <span class='ocrx_word' id='word_1_459' title='bbox 1810 1897 1853 1923; x_wconf 86' lang='lat' dir='ltr'><strong>ea</strong></span> <span class='ocrx_word' id='word_1_460' title='bbox 1878 1890 1979 1937; x_wconf 86' lang='lat' dir='ltr'><strong>virga</strong></span> <span class='ocrx_word' id='word_1_461' title='bbox 2006 1902 2085 1937; x_wconf 86' lang='lat' dir='ltr'><strong>quae</strong></span> <span class='ocrx_word' id='word_1_462' title='bbox 2108 1894 2196 1929; x_wconf 87' lang='lat' dir='ltr'><strong>exiit</strong></span> <span class='ocrx_word' id='word_1_463' title='bbox 2214 1896 2258 1931; x_wconf 91' lang='lat' dir='ltr'><strong>de</strong></span> 
     </span>
     <span class='ocr_line' id='line_1_60' title="bbox 1191 1939 2259 2000; baseline 0.018 -27"><span class='ocrx_word' id='word_1_464' title='bbox 1191 1939 1312 1975; x_wconf 89' lang='lat' dir='ltr'><strong>radice</strong></span> <span class='ocrx_word' id='word_1_465' title='bbox 1340 1939 1461 1984; x_wconf 85' lang='lat' dir='ltr'><strong>Jesse;</strong></span> <span class='ocrx_word' id='word_1_466' title='bbox 1489 1948 1524 1977; x_wconf 90' lang='lat' dir='ltr'><strong>et</strong></span> <span class='ocrx_word' id='word_1_467' title='bbox 1543 1943 1608 1979; x_wconf 86' lang='lat' dir='ltr'><strong>ssos</strong></span> <span class='ocrx_word' id='word_1_468' title='bbox 1629 1946 1672 1981; x_wconf 89' lang='lat' dir='ltr'><strong>de</strong></span> <span class='ocrx_word' id='word_1_469' title='bbox 1691 1948 1813 1984; x_wconf 82' lang='lat' dir='ltr'><strong>radice</strong></span> <span class='ocrx_word' id='word_1_470' title='bbox 1831 1949 1908 1994; x_wconf 90' lang='lat' dir='ltr'><strong>ejus</strong></span> <span class='ocrx_word' id='word_1_471' title='bbox 1935 1954 2120 1998; x_wconf 88' lang='lat' dir='ltr'><strong>ascendit,</strong></span> <span class='ocrx_word' id='word_1_472' title='bbox 2150 1966 2259 2000; x_wconf 86' lang='lat' dir='ltr'><strong>super</strong></span> 
     </span>
     <span class='ocr_line' id='line_1_61' title="bbox 1191 2005 2259 2057; baseline 0.016 -20"><span class='ocrx_word' id='word_1_473' title='bbox 1191 2013 1300 2048; x_wconf 90' lang='lat' dir='ltr'><strong>quem</strong></span> <span class='ocrx_word' id='word_1_474' title='bbox 1320 2005 1518 2050; x_wconf 88' lang='lat' dir='ltr'><strong>requiescit</strong></span> <span class='ocrx_word' id='word_1_475' title='bbox 1534 2005 1691 2051; x_wconf 88' lang='lat' dir='ltr'><strong>Spiritus</strong></span> <span class='ocrx_word' id='word_1_476' title='bbox 1709 2008 1866 2044; x_wconf 87' lang='lat' dir='ltr'><strong>Domini.</strong></span> <span class='ocrx_word' id='word_1_477' title='bbox 1886 2010 1925 2046; x_wconf 92' lang='lat' dir='ltr'><strong>ln</strong></span> <span class='ocrx_word' id='word_1_478' title='bbox 1942 2022 2012 2057; x_wconf 91' lang='lat' dir='ltr'><strong>quo</strong></span> <span class='ocrx_word' id='word_1_479' title='bbox 2029 2024 2097 2050; x_wconf 90' lang='lat' dir='ltr'><strong>nec</strong></span> <span class='ocrx_word' id='word_1_480' title='bbox 2111 2015 2180 2052; x_wconf 89' lang='lat' dir='ltr'><strong>hoc</strong></span> <span class='ocrx_word' id='word_1_481' title='bbox 2200 2028 2259 2053; x_wconf 83' lang='lat' dir='ltr'><strong>so-</strong></span> 
     </span>
    </p>
   </div>
   <div class='ocr_carea' id='block_1_10' title="bbox 58 2058 2258 2121">
    <p class='ocr_par' dir='ltr' id='par_1_11' title="bbox 58 2058 2258 2121">
     <span class='ocr_line' id='line_1_62' title="bbox 58 2058 2258 2121; baseline 0.004 -11"><span class='ocrx_word' id='word_1_482' title='bbox 58 2075 154 2119; x_wconf 86' lang='lat' dir='ltr'><strong>Qaas</strong></span> <span class='ocrx_word' id='word_1_483' title='bbox 174 2086 253 2110; x_wconf 84' lang='lat' dir='ltr'><strong>cam</strong></span> <span class='ocrx_word' id='word_1_484' title='bbox 278 2075 447 2121; x_wconf 80' lang='lat' dir='ltr'><strong>posuisset</strong></span> <span class='ocrx_word' id='word_1_485' title='bbox 467 2073 605 2119; x_wconf 79' lang='lat' dir='ltr'><strong>Moyses</strong></span> <span class='ocrx_word' id='word_1_486' title='bbox 625 2085 743 2109; x_wconf 84' lang='lat' dir='ltr'><strong>coram</strong></span> <span class='ocrx_word' id='word_1_487' title='bbox 768 2073 918 2108; x_wconf 84' lang='lat' dir='ltr'><strong>Domino</strong></span> <span class='ocrx_word' id='word_1_488' title='bbox 944 2074 982 2109; x_wconf 86' lang='lat' dir='ltr'><strong>in</strong></span> <span class='ocrx_word' id='word_1_489' title='bbox 1005 2074 1120 2109; x_wconf 83' lang='lat' dir='ltr'><strong>taber·-</strong></span> <span class='ocrx_word' id='word_1_490' title='bbox 1139 2058 1168 2094; x_wconf 48' lang='grc' dir='ltr'><strong>(Α</strong></span> <span class='ocrx_word' id='word_1_491' title='bbox 1190 2062 1265 2099; x_wconf 79' lang='lat' dir='ltr'><strong>lum</strong></span> <span class='ocrx_word' id='word_1_492' title='bbox 1282 2064 1425 2100; x_wconf 59' lang='lat' dir='ltr'><strong>Videtur</strong></span> <span class='ocrx_word' id='word_1_493' title='bbox 1441 2067 1611 2111; x_wconf 65' lang='lat' dir='ltr'><strong>Otiosum,</strong></span> <span class='ocrx_word' id='word_1_494' title='bbox 1631 2069 1728 2113; x_wconf 75' lang='lat' dir='ltr'><strong>‘1¹10d</strong></span> <span class='ocrx_word' id='word_1_495' title='bbox 1746 2070 1845 2105; x_wconf 54' lang='lat' dir='ltr'><strong>‘3³⁸1oe</strong></span> <span class='ocrx_word' id='word_1_496' title='bbox 1863 2071 1996 2107; x_wconf 57' lang='lat' dir='ltr'><strong>dieitur</strong></span> <span class='ocrx_word' id='word_1_497' title='bbox 2010 2074 2123 2121; x_wconf 69' lang='lat' dir='ltr'><strong>Virga,</strong></span> <span class='ocrx_word' id='word_1_498' title='bbox 2144 2082 2179 2112; x_wconf 77' lang='grc' dir='ltr'><strong>θῑ</strong></span> <span class='ocrx_word' id='word_1_499' title='bbox 2193 2077 2258 2114; x_wconf 87' lang='lat' dir='ltr'><strong>ssOS</strong></span> 
     </span>
    </p>
   </div>
   <div class='ocr_carea' id='block_1_11' title="bbox 52 2134 1120 2911">
    <p class='ocr_par' dir='ltr' id='par_1_12' title="bbox 52 2134 1120 2911">
     <span class='ocr_line' id='line_1_63' title="bbox 56 2134 1119 2181; baseline 0 -11"><span class='ocrx_word' id='word_1_500' title='bbox 56 2135 181 2171; x_wconf 82' lang='lat' dir='ltr'><strong>naculo</strong></span> <span class='ocrx_word' id='word_1_501' title='bbox 201 2135 401 2176; x_wconf 79' lang='lat' dir='ltr'><strong>testimonii,</strong></span> <span class='ocrx_word' id='word_1_502' title='bbox 421 2136 575 2179; x_wconf 80' lang='lat' dir='ltr'><strong>sequenti</strong></span> <span class='ocrx_word' id='word_1_503' title='bbox 598 2134 653 2169; x_wconf 82' lang='lat' dir='ltr'><strong>die</strong></span> <span class='ocrx_word' id='word_1_504' title='bbox 678 2145 867 2180; x_wconf 62' lang='lat' dir='ltr'><strong>regressus,</strong></span> <span class='ocrx_word' id='word_1_505' title='bbox 891 2135 1020 2170; x_wconf 82' lang='lat' dir='ltr'><strong>invenit</strong></span> <span class='ocrx_word' id='word_1_506' title='bbox 1040 2147 1119 2181; x_wconf 69' lang='lat' dir='ltr'><strong>yer—</strong></span> 
     </span>
     <span class='ocr_line' id='line_1_64' title="bbox 55 2195 1120 2242; baseline -0.002 -10"><span class='ocrx_word' id='word_1_507' title='bbox 55 2198 207 2232; x_wconf 83' lang='lat' dir='ltr'><strong>minasse</strong></span> <span class='ocrx_word' id='word_1_508' title='bbox 230 2197 362 2242; x_wconf 63' lang='lat' dir='ltr'><strong>virgam</strong></span> <span class='ocrx_word' id='word_1_509' title='bbox 388 2196 508 2231; x_wconf 84' lang='lat' dir='ltr'><strong>Aaron</strong></span> <span class='ocrx_word' id='word_1_510' title='bbox 529 2195 565 2230; x_wconf 85' lang='lat' dir='ltr'><strong>in</strong></span> <span class='ocrx_word' id='word_1_511' title='bbox 593 2195 695 2230; x_wconf 84' lang='lat' dir='ltr'><strong>domo</strong></span> <span class='ocrx_word' id='word_1_512' title='bbox 724 2195 819 2238; x_wconf 83' lang='lat' dir='ltr'><strong>Levi,</strong></span> <span class='ocrx_word' id='word_1_513' title='bbox 846 2201 879 2231; x_wconf 82' lang='lat' dir='ltr'><strong>et</strong></span> <span class='ocrx_word' id='word_1_514' title='bbox 902 2196 1120 2241; x_wconf 65' lang='lat' dir='ltr'><strong>turgentibus</strong></span> 
     </span>
     <span class='ocr_line' id='line_1_65' title="bbox 55 2254 1120 2303; baseline -0.001 -11"><span class='ocrx_word' id='word_1_515' title='bbox 55 2257 198 2303; x_wconf 66' lang='lat' dir='ltr'><strong>gemmis</strong></span> <span class='ocrx_word' id='word_1_516' title='bbox 237 2263 422 2303; x_wconf 84' lang='lat' dir='ltr'><strong>eruperant</strong></span> <span class='ocrx_word' id='word_1_517' title='bbox 459 2257 576 2301; x_wconf 76' lang='lat' dir='ltr'><strong>flores.</strong></span> <span class='ocrx_word' id='word_1_518' title='bbox 616 2255 685 2298; x_wconf 79' lang='lat' dir='ltr'><strong>Qui</strong></span> <span class='ocrx_word' id='word_1_519' title='bbox 727 2254 821 2300; x_wconf 75' lang='lat' dir='ltr'><strong>soliis</strong></span> <span class='ocrx_word' id='word_1_520' title='bbox 857 2255 1014 2291; x_wconf 80' lang='lat' dir='ltr'><strong>dilatatis</strong></span> <span class='ocrx_word' id='word_1_521' title='bbox 1031 2283 1041 2299; x_wconf 94' lang='lat'><strong><em>‚</em></strong></span> <span class='ocrx_word' id='word_1_522' title='bbox 1082 2256 1120 2291; x_wconf 86' lang='lat' dir='ltr'><strong>in</strong></span> 
     </span>
     <span class='ocr_line' id='line_1_66' title="bbox 55 2316 1119 2363; baseline -0.001 -10"><span class='ocrx_word' id='word_1_523' title='bbox 55 2316 260 2363; x_wconf 75' lang='lat' dir='ltr'><strong>amyqdatas</strong></span> <span class='ocrx_word' id='word_1_524' title='bbox 293 2316 481 2362; x_wconf 75' lang='lat' dir='ltr'><strong>deformati</strong></span> <span class='ocrx_word' id='word_1_525' title='bbox 517 2322 609 2351; x_wconf 78' lang='lat' dir='ltr'><strong>sunt.</strong></span> <span class='ocrx_word' id='word_1_526' title='bbox 643 2316 736 2351; x_wconf 90' lang='lat' dir='ltr'><strong>Ecce</strong></span> <span class='ocrx_word' id='word_1_527' title='bbox 768 2316 985 2362; x_wconf 82' lang='lat' dir='ltr'><strong>germinavit</strong></span> <span class='ocrx_word' id='word_1_528' title='bbox 1017 2317 1119 2362; x_wconf 87' lang='lat' dir='ltr'><strong>virga</strong></span> 
     </span>
     <span class='ocr_line' id='line_1_67' title="bbox 52 2377 1117 2421; baseline -0.003 -6"><span class='ocrx_word' id='word_1_529' title='bbox 52 2379 174 2415; x_wconf 89' lang='lat' dir='ltr'><strong>Aaron</strong></span> <span class='ocrx_word' id='word_1_530' title='bbox 193 2380 229 2414; x_wconf 93' lang='lat' dir='ltr'><strong>in</strong></span> <span class='ocrx_word' id='word_1_531' title='bbox 250 2379 357 2415; x_wconf 87' lang='lat' dir='ltr'><strong>domo</strong></span> <span class='ocrx_word' id='word_1_532' title='bbox 374 2379 472 2414; x_wconf 90' lang='lat' dir='ltr'><strong>Levi.</strong></span> <span class='ocrx_word' id='word_1_533' title='bbox 494 2378 558 2414; x_wconf 89' lang='lat' dir='ltr'><strong>Est</strong></span> <span class='ocrx_word' id='word_1_534' title='bbox 575 2379 643 2414; x_wconf 89' lang='lat' dir='ltr'><strong>hoc</strong></span> <span class='ocrx_word' id='word_1_535' title='bbox 661 2389 773 2414; x_wconf 89' lang='lat' dir='ltr'><strong>unum</strong></span> <span class='ocrx_word' id='word_1_536' title='bbox 791 2377 877 2413; x_wconf 85' lang='lat' dir='ltr'><strong>illud</strong></span> <span class='ocrx_word' id='word_1_537' title='bbox 896 2379 974 2413; x_wconf 88' lang='lat' dir='ltr'><strong>sine</strong></span> <span class='ocrx_word' id='word_1_538' title='bbox 994 2378 1117 2421; x_wconf 89' lang='lat' dir='ltr'><strong>dubio,</strong></span> 
     </span>
     <span class='ocr_line' id='line_1_68' title="bbox 55 2439 1117 2486; baseline 0 -10"><span class='ocrx_word' id='word_1_539' title='bbox 55 2441 150 2486; x_wconf 87' lang='lat' dir='ltr'><strong>quod</strong></span> <span class='ocrx_word' id='word_1_540' title='bbox 170 2440 288 2476; x_wconf 86' lang='lat' dir='ltr'><strong>suerat</strong></span> <span class='ocrx_word' id='word_1_541' title='bbox 316 2440 594 2486; x_wconf 88' lang='lat' dir='ltr'><strong>repromissum;</strong></span> <span class='ocrx_word' id='word_1_542' title='bbox 618 2439 681 2476; x_wconf 90' lang='lat' dir='ltr'><strong>sed</strong></span> <span class='ocrx_word' id='word_1_543' title='bbox 709 2439 892 2476; x_wconf 90' lang='lat' dir='ltr'><strong>adduntur</strong></span> <span class='ocrx_word' id='word_1_544' title='bbox 918 2441 988 2476; x_wconf 90' lang='lat' dir='ltr'><strong>alia</strong></span> <span class='ocrx_word' id='word_1_545' title='bbox 1009 2445 1045 2476; x_wconf 87' lang='lat' dir='ltr'><strong>et</strong></span> <span class='ocrx_word' id='word_1_546' title='bbox 1062 2441 1117 2476; x_wconf 91' lang='lat' dir='ltr'><strong>di-</strong></span> 
     </span>
     <span class='ocr_line' id='line_1_69' title="bbox 54 2499 1119 2547; baseline -0.003 -10"><span class='ocrx_word' id='word_1_547' title='bbox 54 2507 185 2537; x_wconf 84' lang='lat' dir='ltr'><strong>cuntur</strong></span> <span class='ocrx_word' id='word_1_548' title='bbox 213 2513 222 2536; x_wconf 87' lang='lat'>:</span> <span class='ocrx_word' id='word_1_549' title='bbox 254 2501 301 2536; x_wconf 86' lang='lat' dir='ltr'><strong>Et</strong></span> <span class='ocrx_word' id='word_1_550' title='bbox 328 2500 494 2547; x_wconf 67' lang='lat' dir='ltr'><strong>produxit</strong></span> <span class='ocrx_word' id='word_1_551' title='bbox 523 2500 673 2545; x_wconf 67' lang='lat' dir='ltr'><strong>frontes,</strong></span> <span class='ocrx_word' id='word_1_552' title='bbox 704 2506 736 2535; x_wconf 83' lang='lat' dir='ltr'><strong>et</strong></span> <span class='ocrx_word' id='word_1_553' title='bbox 768 2499 912 2546; x_wconf 80' lang='lat' dir='ltr'><strong>protulit</strong></span> <span class='ocrx_word' id='word_1_554' title='bbox 940 2501 1059 2545; x_wconf 76' lang='lat' dir='ltr'><strong>flores,</strong></span> <span class='ocrx_word' id='word_1_555' title='bbox 1086 2505 1119 2534; x_wconf 84' lang='lat' dir='ltr'><strong>et</strong></span> 
     </span>
     <span class='ocr_line' id='line_1_70' title="bbox 54 2562 1118 2608; baseline 0.003 -12"><span class='ocrx_word' id='word_1_556' title='bbox 54 2563 258 2607; x_wconf 70' lang='lat' dir='ltr'><strong>qerminavit</strong></span> <span class='ocrx_word' id='word_1_557' title='bbox 279 2573 396 2597; x_wconf 84' lang='lat' dir='ltr'><strong>nuces.</strong></span> <span class='ocrx_word' id='word_1_558' title='bbox 415 2562 506 2597; x_wconf 89' lang='lat' dir='ltr'><strong>Cum</strong></span> <span class='ocrx_word' id='word_1_559' title='bbox 525 2573 611 2608; x_wconf 87' lang='lat' dir='ltr'><strong>ergo</strong></span> <span class='ocrx_word' id='word_1_560' title='bbox 634 2562 679 2598; x_wconf 87' lang='lat' dir='ltr'><strong>de</strong></span> <span class='ocrx_word' id='word_1_561' title='bbox 703 2563 779 2598; x_wconf 86' lang='lat' dir='ltr'><strong>solo</strong></span> <span class='ocrx_word' id='word_1_562' title='bbox 803 2563 964 2608; x_wconf 85' lang='lat' dir='ltr'><strong>germine</strong></span> <span class='ocrx_word' id='word_1_563' title='bbox 991 2562 1118 2598; x_wconf 81' lang='lat' dir='ltr'><strong>suisset</strong></span> 
     </span>
     <span class='ocr_line' id='line_1_71' title="bbox 53 2623 1118 2670; baseline 0.002 -12"><span class='ocrx_word' id='word_1_564' title='bbox 53 2623 295 2668; x_wconf 89' lang='lat' dir='ltr'><strong>promissum,</strong></span> <span class='ocrx_word' id='word_1_565' title='bbox 325 2623 405 2658; x_wconf 87' lang='lat' dir='ltr'><strong>vide</strong></span> <span class='ocrx_word' id='word_1_566' title='bbox 427 2629 561 2668; x_wconf 86' lang='lat' dir='ltr'><strong>quanta</strong></span> <span class='ocrx_word' id='word_1_567' title='bbox 589 2624 742 2670; x_wconf 88' lang='lat' dir='ltr'><strong>largitur</strong></span> <span class='ocrx_word' id='word_1_568' title='bbox 764 2623 873 2666; x_wconf 86' lang='lat' dir='ltr'><strong>Deus,</strong></span> <span class='ocrx_word' id='word_1_569' title='bbox 895 2630 934 2659; x_wconf 92' lang='lat' dir='ltr'><strong>ut</strong></span> <span class='ocrx_word' id='word_1_570' title='bbox 959 2634 1030 2660; x_wconf 91' lang='lat' dir='ltr'><strong>non</strong></span> <span class='ocrx_word' id='word_1_571' title='bbox 1061 2635 1118 2660; x_wconf 88' lang='lat' dir='ltr'><strong>so—</strong></span> 
     </span>
     <span class='ocr_line' id='line_1_72' title="bbox 54 2684 1118 2729; baseline 0.004 -11"><span class='ocrx_word' id='word_1_572' title='bbox 54 2684 127 2719; x_wconf 92' lang='lat' dir='ltr'><strong>lum</strong></span> <span class='ocrx_word' id='word_1_573' title='bbox 146 2693 291 2729; x_wconf 85' lang='lat' dir='ltr'><strong>germen</strong></span> <span class='ocrx_word' id='word_1_574' title='bbox 309 2684 546 2729; x_wconf 81' lang='lat' dir='ltr'><strong>produxerit,</strong></span> <span class='ocrx_word' id='word_1_575' title='bbox 566 2685 629 2720; x_wconf 90' lang='lat' dir='ltr'><strong>sed</strong></span> <span class='ocrx_word' id='word_1_576' title='bbox 648 2691 684 2719; x_wconf 87' lang='lat' dir='ltr'><strong>et</strong></span> <span class='ocrx_word' id='word_1_577' title='bbox 701 2684 868 2728; x_wconf 84' lang='lat' dir='ltr'><strong>srondes;</strong></span> <span class='ocrx_word' id='word_1_578' title='bbox 898 2690 933 2720; x_wconf 86' lang='lat' dir='ltr'><strong>et</strong></span> <span class='ocrx_word' id='word_1_579' title='bbox 963 2696 1033 2721; x_wconf 92' lang='lat' dir='ltr'><strong>non</strong></span> <span class='ocrx_word' id='word_1_580' title='bbox 1061 2696 1118 2722; x_wconf 91' lang='lat' dir='ltr'><strong>so-</strong></span> 
     </span>
     <span class='ocr_line' id='line_1_73' title="bbox 53 2744 1117 2790; baseline 0.003 -10"><span class='ocrx_word' id='word_1_581' title='bbox 53 2745 128 2782; x_wconf 90' lang='lat' dir='ltr'><strong>lum</strong></span> <span class='ocrx_word' id='word_1_582' title='bbox 150 2745 311 2789; x_wconf 82' lang='lat' dir='ltr'><strong>frondes,</strong></span> <span class='ocrx_word' id='word_1_583' title='bbox 337 2746 454 2781; x_wconf 86' lang='lat' dir='ltr'><strong>sedet</strong></span> <span class='ocrx_word' id='word_1_584' title='bbox 475 2744 600 2788; x_wconf 88' lang='lat' dir='ltr'><strong>ssores;</strong></span> <span class='ocrx_word' id='word_1_585' title='bbox 626 2751 662 2781; x_wconf 90' lang='lat' dir='ltr'><strong>et</strong></span> <span class='ocrx_word' id='word_1_586' title='bbox 679 2756 751 2781; x_wconf 93' lang='lat' dir='ltr'><strong>non</strong></span> <span class='ocrx_word' id='word_1_587' title='bbox 772 2746 888 2782; x_wconf 92' lang='lat' dir='ltr'><strong>solum</strong></span> <span class='ocrx_word' id='word_1_588' title='bbox 911 2746 1031 2790; x_wconf 89' lang='lat' dir='ltr'><strong>ssores,</strong></span> <span class='ocrx_word' id='word_1_589' title='bbox 1054 2748 1117 2785; x_wconf 83' lang='lat' dir='ltr'><strong>sed</strong></span> 
     </span>
     <span class='ocr_line' id='line_1_74' title="bbox 54 2804 1117 2853; baseline 0 -10"><span class='ocrx_word' id='word_1_590' title='bbox 54 2810 90 2843; x_wconf 81' lang='lat' dir='ltr'><strong>et</strong></span> <span class='ocrx_word' id='word_1_591' title='bbox 105 2805 257 2842; x_wconf 82' lang='lat' dir='ltr'><strong>fructus.</strong></span> <span class='ocrx_word' id='word_1_592' title='bbox 281 2804 374 2849; x_wconf 84' lang='lat' dir='ltr'><strong>Quid</strong></span> <span class='ocrx_word' id='word_1_593' title='bbox 399 2805 509 2852; x_wconf 87' lang='lat' dir='ltr'><strong>igitur</strong></span> <span class='ocrx_word' id='word_1_594' title='bbox 534 2811 590 2841; x_wconf 85' lang='lat' dir='ltr'><strong>est</strong></span> <span class='ocrx_word' id='word_1_595' title='bbox 615 2806 710 2851; x_wconf 87' lang='lat' dir='ltr'><strong>quod</strong></span> <span class='ocrx_word' id='word_1_596' title='bbox 738 2816 782 2841; x_wconf 87' lang='lat' dir='ltr'><strong>ex</strong></span> <span class='ocrx_word' id='word_1_597' title='bbox 809 2807 865 2842; x_wconf 88' lang='lat' dir='ltr'><strong>his</strong></span> <span class='ocrx_word' id='word_1_598' title='bbox 892 2807 1060 2853; x_wconf 84' lang='lat' dir='ltr'><strong>colligere</strong></span> <span class='ocrx_word' id='word_1_599' title='bbox 1081 2813 1117 2844; x_wconf 88' lang='lat' dir='ltr'><strong>et</strong></span> 
     </span>
     <span class='ocr_line' id='line_1_75' title="bbox 55 2865 1117 2911; baseline 0.003 -10"><span class='ocrx_word' id='word_1_600' title='bbox 55 2865 291 2911; x_wconf 87' lang='lat' dir='ltr'><strong>contemplari</strong></span> <span class='ocrx_word' id='word_1_601' title='bbox 309 2865 526 2901; x_wconf 80' lang='lat' dir='ltr'><strong>debeamus?</strong></span> <span class='ocrx_word' id='word_1_602' title='bbox 542 2865 664 2902; x_wconf 93' lang='lat' dir='ltr'><strong>Primo</strong></span> <span class='ocrx_word' id='word_1_603' title='bbox 681 2866 857 2911; x_wconf 91' lang='lat' dir='ltr'><strong>omnium,</strong></span> <span class='ocrx_word' id='word_1_604' title='bbox 880 2869 1117 2904; x_wconf 89' lang='lat' dir='ltr'><strong>resurrectio-</strong></span> 
     </span>
    </p>
   </div>
   <div class='ocr_carea' id='block_1_12' title="bbox 55 2926 1167 2989">
    <p class='ocr_par' dir='ltr' id='par_1_13' title="bbox 55 2926 1167 2989">
     <span class='ocr_line' id='line_1_76' title="bbox 55 2926 1167 2989; baseline 0.005 -28"><span class='ocrx_word' id='word_1_605' title='bbox 55 2926 112 2962; x_wconf 89' lang='lat' dir='ltr'><strong>nis</strong></span> <span class='ocrx_word' id='word_1_606' title='bbox 141 2936 186 2962; x_wconf 85' lang='lat' dir='ltr'><strong>cx</strong></span> <span class='ocrx_word' id='word_1_607' title='bbox 220 2926 375 2963; x_wconf 88' lang='lat' dir='ltr'><strong>mortuis</strong></span> <span class='ocrx_word' id='word_1_608' title='bbox 410 2934 692 2963; x_wconf 82' lang='lat' dir='ltr'><strong>sacramentum.</strong></span> <span class='ocrx_word' id='word_1_609' title='bbox 726 2928 835 2975; x_wconf 81' lang='lat' dir='ltr'><strong>Virga</strong></span> <span class='ocrx_word' id='word_1_610' title='bbox 868 2930 979 2976; x_wconf 90' lang='lat' dir='ltr'><strong>igitur</strong></span> <span class='ocrx_word' id='word_1_611' title='bbox 1013 2931 1112 2967; x_wconf 87' lang='lat' dir='ltr'><strong>arida</strong></span> <span class='ocrx_word' id='word_1_612' title='bbox 1131 2950 1167 2989; x_wconf 81' lang='lat' dir='ltr'>D</span> 
     </span>
    </p>
   </div>
   <div class='ocr_carea' id='block_1_13' title="bbox 53 2987 1116 3830">
    <p class='ocr_par' dir='ltr' id='par_1_14' title="bbox 53 2987 1116 3830">
     <span class='ocr_line' id='line_1_77' title="bbox 54 2987 1112 3036; baseline 0.006 -15"><span class='ocrx_word' id='word_1_613' title='bbox 54 2987 234 3032; x_wconf 84' lang='lat' dir='ltr'><strong>germinat</strong></span> <span class='ocrx_word' id='word_1_614' title='bbox 244 2998 326 3024; x_wconf 92' lang='lat' dir='ltr'><strong>cum</strong></span> <span class='ocrx_word' id='word_1_615' title='bbox 341 2998 472 3033; x_wconf 87' lang='lat' dir='ltr'><strong>corpus</strong></span> <span class='ocrx_word' id='word_1_616' title='bbox 487 2989 703 3025; x_wconf 87' lang='lat' dir='ltr'><strong>exstinctum</strong></span> <span class='ocrx_word' id='word_1_617' title='bbox 717 2990 868 3036; x_wconf 86' lang='lat' dir='ltr'><strong>coeperit</strong></span> <span class='ocrx_word' id='word_1_618' title='bbox 882 2991 1112 3027; x_wconf 89' lang='lat' dir='ltr'><strong>reviviscere.</strong></span> 
     </span>
     <span class='ocr_line' id='line_1_78' title="bbox 55 3046 1115 3098; baseline 0.006 -16"><span class='ocrx_word' id='word_1_619' title='bbox 55 3046 141 3090; x_wconf 83' lang='lat' dir='ltr'><strong>Quae</strong></span> <span class='ocrx_word' id='word_1_620' title='bbox 161 3053 245 3083; x_wconf 88' lang='lat' dir='ltr'><strong>sunt</strong></span> <span class='ocrx_word' id='word_1_621' title='bbox 264 3053 385 3084; x_wconf 87' lang='lat' dir='ltr'><strong>autem</strong></span> <span class='ocrx_word' id='word_1_622' title='bbox 405 3054 562 3093; x_wconf 89' lang='lat' dir='ltr'><strong>quatuor</strong></span> <span class='ocrx_word' id='word_1_623' title='bbox 587 3050 656 3085; x_wconf 86' lang='lat' dir='ltr'><strong>ista</strong></span> <span class='ocrx_word' id='word_1_624' title='bbox 676 3061 756 3096; x_wconf 83' lang='lat' dir='ltr'><strong>quae</strong></span> <span class='ocrx_word' id='word_1_625' title='bbox 781 3052 945 3098; x_wconf 84' lang='lat' dir='ltr'><strong>surgenti</strong></span> <span class='ocrx_word' id='word_1_626' title='bbox 971 3052 1115 3098; x_wconf 88' lang='lat' dir='ltr'><strong>corpori</strong></span> 
     </span>
     <span class='ocr_line' id='line_1_79' title="bbox 53 3108 1116 3158; baseline 0.006 -16"><span class='ocrx_word' id='word_1_627' title='bbox 53 3108 346 3153; x_wconf 76' lang='lat' dir='ltr'><strong>praestabuntur?</strong></span> <span class='ocrx_word' id='word_1_628' title='bbox 368 3108 416 3144; x_wconf 92' lang='lat' dir='ltr'><strong>Ut</strong></span> <span class='ocrx_word' id='word_1_629' title='bbox 434 3110 652 3145; x_wconf 89' lang='lat' dir='ltr'><strong>seminatum</strong></span> <span class='ocrx_word' id='word_1_630' title='bbox 679 3111 715 3146; x_wconf 93' lang='lat' dir='ltr'><strong>in</strong></span> <span class='ocrx_word' id='word_1_631' title='bbox 734 3112 965 3158; x_wconf 89' lang='lat' dir='ltr'><strong>corruptione</strong></span> <span class='ocrx_word' id='word_1_632' title='bbox 993 3122 1116 3148; x_wconf 92' lang='lat' dir='ltr'><strong>resur-</strong></span> 
     </span>
     <span class='ocr_line' id='line_1_80' title="bbox 54 3168 1116 3215; baseline 0.005 -12"><span class='ocrx_word' id='word_1_633' title='bbox 54 3173 114 3214; x_wconf 86' lang='lat' dir='ltr'><strong>gat</strong></span> <span class='ocrx_word' id='word_1_634' title='bbox 144 3168 180 3203; x_wconf 93' lang='lat' dir='ltr'><strong>in</strong></span> <span class='ocrx_word' id='word_1_635' title='bbox 209 3168 498 3215; x_wconf 83' lang='lat' dir='ltr'><strong>incorruptione3</strong></span> <span class='ocrx_word' id='word_1_636' title='bbox 531 3176 568 3206; x_wconf 88' lang='lat' dir='ltr'><strong>et</strong></span> <span class='ocrx_word' id='word_1_637' title='bbox 595 3171 814 3208; x_wconf 88' lang='lat' dir='ltr'><strong>seminatum</strong></span> <span class='ocrx_word' id='word_1_638' title='bbox 842 3172 877 3207; x_wconf 90' lang='lat' dir='ltr'><strong>in</strong></span> <span class='ocrx_word' id='word_1_639' title='bbox 905 3172 1116 3209; x_wconf 83' lang='lat' dir='ltr'><strong>infirmitate</strong></span> 
     </span>
     <span class='ocr_line' id='line_1_81' title="bbox 54 3230 1114 3282; baseline 0.007 -18"><span class='ocrx_word' id='word_1_640' title='bbox 54 3235 218 3277; x_wconf 88' lang='lat' dir='ltr'><strong>resurgat</strong></span> <span class='ocrx_word' id='word_1_641' title='bbox 238 3230 276 3266; x_wconf 92' lang='lat' dir='ltr'><strong>in</strong></span> <span class='ocrx_word' id='word_1_642' title='bbox 292 3231 445 3276; x_wconf 89' lang='lat' dir='ltr'><strong>virtute;</strong></span> <span class='ocrx_word' id='word_1_643' title='bbox 476 3238 512 3268; x_wconf 88' lang='lat' dir='ltr'><strong>et</strong></span> <span class='ocrx_word' id='word_1_644' title='bbox 532 3234 748 3270; x_wconf 86' lang='lat' dir='ltr'><strong>seminatum</strong></span> <span class='ocrx_word' id='word_1_645' title='bbox 777 3235 814 3270; x_wconf 91' lang='lat' dir='ltr'><strong>in</strong></span> <span class='ocrx_word' id='word_1_646' title='bbox 834 3235 1032 3282; x_wconf 86' lang='lat' dir='ltr'><strong>ignominia</strong></span> <span class='ocrx_word' id='word_1_647' title='bbox 1054 3245 1114 3272; x_wconf 91' lang='lat' dir='ltr'><strong>re-</strong></span> 
     </span>
     <span class='ocr_line' id='line_1_82' title="bbox 54 3292 1113 3342; baseline 0.005 -16"><span class='ocrx_word' id='word_1_648' title='bbox 54 3296 176 3337; x_wconf 83' lang='lat' dir='ltr'><strong>surgat</strong></span> <span class='ocrx_word' id='word_1_649' title='bbox 193 3292 231 3328; x_wconf 91' lang='lat' dir='ltr'><strong>in</strong></span> <span class='ocrx_word' id='word_1_650' title='bbox 247 3292 382 3338; x_wconf 79' lang='lat' dir='ltr'><strong>gloria3</strong></span> <span class='ocrx_word' id='word_1_651' title='bbox 409 3299 446 3330; x_wconf 87' lang='lat' dir='ltr'><strong>et</strong></span> <span class='ocrx_word' id='word_1_652' title='bbox 464 3296 680 3331; x_wconf 84' lang='lat' dir='ltr'><strong>seminatum</strong></span> <span class='ocrx_word' id='word_1_653' title='bbox 703 3305 834 3342; x_wconf 89' lang='lat' dir='ltr'><strong>corpus</strong></span> <span class='ocrx_word' id='word_1_654' title='bbox 858 3296 1012 3332; x_wconf 89' lang='lat' dir='ltr'><strong>animale</strong></span> <span class='ocrx_word' id='word_1_655' title='bbox 1033 3306 1113 3332; x_wconf 92' lang='lat' dir='ltr'><strong>sur-</strong></span> 
     </span>
     <span class='ocr_line' id='line_1_83' title="bbox 55 3354 1114 3405; baseline 0.006 -17"><span class='ocrx_word' id='word_1_656' title='bbox 55 3358 115 3399; x_wconf 82' lang='lat' dir='ltr'><strong>gat</strong></span> <span class='ocrx_word' id='word_1_657' title='bbox 144 3362 274 3400; x_wconf 87' lang='lat' dir='ltr'><strong>corpus</strong></span> <span class='ocrx_word' id='word_1_658' title='bbox 301 3354 477 3401; x_wconf 85' lang='lat' dir='ltr'><strong>spiritale.</strong></span> <span class='ocrx_word' id='word_1_659' title='bbox 507 3356 579 3393; x_wconf 85' lang='lat' dir='ltr'><strong>Ista</strong></span> <span class='ocrx_word' id='word_1_660' title='bbox 610 3362 694 3393; x_wconf 88' lang='lat' dir='ltr'><strong>sunt</strong></span> <span class='ocrx_word' id='word_1_661' title='bbox 721 3366 877 3405; x_wconf 87' lang='lat' dir='ltr'><strong>quatuor</strong></span> <span class='ocrx_word' id='word_1_662' title='bbox 905 3369 986 3404; x_wconf 83' lang='lat' dir='ltr'><strong>quae</strong></span> <span class='ocrx_word' id='word_1_663' title='bbox 1012 3360 1114 3405; x_wconf 89' lang='lat' dir='ltr'><strong>virga</strong></span> 
     </span>
     <span class='ocr_line' id='line_1_84' title="bbox 55 3413 1112 3464; baseline 0.006 -16"><span class='ocrx_word' id='word_1_664' title='bbox 55 3413 156 3450; x_wconf 82' lang='lat' dir='ltr'><strong>arida</strong></span> <span class='ocrx_word' id='word_1_665' title='bbox 181 3415 343 3462; x_wconf 88' lang='lat' dir='ltr'><strong>corporis</strong></span> <span class='ocrx_word' id='word_1_666' title='bbox 370 3417 487 3453; x_wconf 88' lang='lat' dir='ltr'><strong>nostri</strong></span> <span class='ocrx_word' id='word_1_667' title='bbox 518 3417 556 3453; x_wconf 89' lang='lat' dir='ltr'><strong>in</strong></span> <span class='ocrx_word' id='word_1_668' title='bbox 584 3419 855 3456; x_wconf 85' lang='lat' dir='ltr'><strong>resurrectione</strong></span> <span class='ocrx_word' id='word_1_669' title='bbox 881 3419 1112 3464; x_wconf 86' lang='lat' dir='ltr'><strong>germinabit.</strong></span> 
     </span>
     <span class='ocr_line' id='line_1_85' title="bbox 56 3472 1113 3525; baseline 0.005 -16"><span class='ocrx_word' id='word_1_670' title='bbox 56 3472 128 3510; x_wconf 88' lang='lat' dir='ltr'><strong>Sed</strong></span> <span class='ocrx_word' id='word_1_671' title='bbox 154 3480 190 3511; x_wconf 89' lang='lat' dir='ltr'><strong>et</strong></span> <span class='ocrx_word' id='word_1_672' title='bbox 214 3475 303 3513; x_wconf 89' lang='lat' dir='ltr'><strong>illud</strong></span> <span class='ocrx_word' id='word_1_673' title='bbox 329 3479 488 3515; x_wconf 88' lang='lat' dir='ltr'><strong>secundo</strong></span> <span class='ocrx_word' id='word_1_674' title='bbox 505 3478 542 3515; x_wconf 93' lang='lat' dir='ltr'><strong>in</strong></span> <span class='ocrx_word' id='word_1_675' title='bbox 561 3479 642 3516; x_wconf 92' lang='lat' dir='ltr'><strong>loco</strong></span> <span class='ocrx_word' id='word_1_676' title='bbox 662 3480 829 3522; x_wconf 89' lang='lat' dir='ltr'><strong>dicimus,</strong></span> <span class='ocrx_word' id='word_1_677' title='bbox 859 3480 943 3525; x_wconf 83' lang='lat' dir='ltr'><strong>quia</strong></span> <span class='ocrx_word' id='word_1_678' title='bbox 963 3480 1056 3515; x_wconf 87' lang='lat' dir='ltr'><strong>sicut</strong></span> <span class='ocrx_word' id='word_1_679' title='bbox 1076 3479 1113 3514; x_wconf 94' lang='lat' dir='ltr'><strong>in</strong></span> 
     </span>
     <span class='ocr_line' id='line_1_86' title="bbox 54 3534 1109 3587; baseline 0.004 -16"><span class='ocrx_word' id='word_1_680' title='bbox 54 3534 112 3572; x_wconf 85' lang='lat' dir='ltr'><strong>his</strong></span> <span class='ocrx_word' id='word_1_681' title='bbox 128 3536 405 3582; x_wconf 82' lang='lat' dir='ltr'><strong>promissionem</strong></span> <span class='ocrx_word' id='word_1_682' title='bbox 431 3549 533 3576; x_wconf 85' lang='lat' dir='ltr'><strong>suam</strong></span> <span class='ocrx_word' id='word_1_683' title='bbox 557 3539 654 3577; x_wconf 91' lang='lat' dir='ltr'><strong>Deus</strong></span> <span class='ocrx_word' id='word_1_684' title='bbox 674 3541 712 3577; x_wconf 92' lang='lat' dir='ltr'><strong>in</strong></span> <span class='ocrx_word' id='word_1_685' title='bbox 733 3539 974 3587; x_wconf 87' lang='lat' dir='ltr'><strong>quadruplum</strong></span> <span class='ocrx_word' id='word_1_686' title='bbox 996 3539 1109 3583; x_wconf 90' lang='lat' dir='ltr'><strong>dedit,</strong></span> 
     </span>
     <span class='ocr_line' id='line_1_87' title="bbox 56 3596 1109 3648; baseline 0.007 -18"><span class='ocrx_word' id='word_1_687' title='bbox 56 3596 220 3634; x_wconf 86' lang='lat' dir='ltr'><strong>et-multo</strong></span> <span class='ocrx_word' id='word_1_688' title='bbox 237 3598 341 3644; x_wconf 84' lang='lat' dir='ltr'><strong>plura</strong></span> <span class='ocrx_word' id='word_1_689' title='bbox 360 3604 398 3636; x_wconf 89' lang='lat' dir='ltr'><strong>et</strong></span> <span class='ocrx_word' id='word_1_690' title='bbox 418 3601 635 3646; x_wconf 84' lang='lat' dir='ltr'><strong>pretiosiora</strong></span> <span class='ocrx_word' id='word_1_691' title='bbox 654 3602 805 3648; x_wconf 86' lang='lat' dir='ltr'><strong>largitus</strong></span> <span class='ocrx_word' id='word_1_692' title='bbox 823 3607 878 3638; x_wconf 89' lang='lat' dir='ltr'><strong>est</strong></span> <span class='ocrx_word' id='word_1_693' title='bbox 895 3611 1004 3648; x_wconf 87' lang='lat' dir='ltr'><strong>quam</strong></span> <span class='ocrx_word' id='word_1_694' title='bbox 1023 3610 1109 3646; x_wconf 87' lang='lat' dir='ltr'><strong>pro-</strong></span> 
     </span>
     <span class='ocr_line' id='line_1_88' title="bbox 57 3650 1111 3708; baseline 0.015 -19"><span class='ocrx_word' id='word_1_695' title='bbox 57 3654 178 3699; x_wconf 82' lang='lat' dir='ltr'><strong>misit,</strong></span> <span class='ocrx_word' id='word_1_696' title='bbox 193 3658 306 3695; x_wconf 80' lang='lat' dir='ltr'><strong>multo</strong></span> <span class='ocrx_word' id='word_1_697' title='bbox 323 3650 440 3706; x_wconf 78' lang='lat' dir='ltr'><strong>magis</strong></span> <span class='ocrx_word' id='word_1_698' title='bbox 464 3660 502 3696; x_wconf 92' lang='lat' dir='ltr'><strong>in</strong></span> <span class='ocrx_word' id='word_1_699' title='bbox 526 3661 694 3698; x_wconf 86' lang='lat' dir='ltr'><strong>omnibus</strong></span> <span class='ocrx_word' id='word_1_700' title='bbox 712 3661 908 3708; x_wconf 86' lang='lat' dir='ltr'><strong>Scripturae</strong></span> <span class='ocrx_word' id='word_1_701' title='bbox 927 3661 1029 3704; x_wconf 79' lang='lat' dir='ltr'><strong>locis,</strong></span> <span class='ocrx_word' id='word_1_702' title='bbox 1049 3661 1111 3697; x_wconf 74' lang='lat' dir='ltr'><strong>ubi</strong></span> 
     </span>
     <span class='ocr_line' id='line_1_89' title="bbox 58 3714 1112 3769; baseline 0.002 -14"><span class='ocrx_word' id='word_1_703' title='bbox 58 3714 179 3760; x_wconf 81' lang='lat' dir='ltr'><strong>aliqua</strong></span> <span class='ocrx_word' id='word_1_704' title='bbox 199 3714 266 3755; x_wconf 79' lang='lat' dir='ltr'><strong>Dei</strong></span> <span class='ocrx_word' id='word_1_705' title='bbox 288 3719 484 3764; x_wconf 85' lang='lat' dir='ltr'><strong>promissio</strong></span> <span class='ocrx_word' id='word_1_706' title='bbox 507 3722 724 3765; x_wconf 86' lang='lat' dir='ltr'><strong>continetur,</strong></span> <span class='ocrx_word' id='word_1_707' title='bbox 753 3722 784 3758; x_wconf 93' lang='lat' dir='ltr'><strong>si</strong></span> <span class='ocrx_word' id='word_1_708' title='bbox 810 3723 891 3769; x_wconf 92' lang='lat' dir='ltr'><strong>quis</strong></span> <span class='ocrx_word' id='word_1_709' title='bbox 920 3727 1041 3758; x_wconf 90' lang='lat' dir='ltr'><strong>tamen</strong></span> <span class='ocrx_word' id='word_1_710' title='bbox 1065 3720 1112 3757; x_wconf 88' lang='lat' dir='ltr'><strong>ad</strong></span> 
     </span>
     <span class='ocr_line' id='line_1_90' title="bbox 58 3778 1112 3830; baseline 0.007 -19"><span class='ocrx_word' id='word_1_711' title='bbox 58 3785 140 3813; x_wconf 86' lang='lat' dir='ltr'><strong>eam</strong></span> <span class='ocrx_word' id='word_1_712' title='bbox 154 3778 342 3822; x_wconf 83' lang='lat' dir='ltr'><strong>pervenire</strong></span> <span class='ocrx_word' id='word_1_713' title='bbox 354 3786 551 3826; x_wconf 80' lang='lat' dir='ltr'><strong>mereatur,</strong></span> <span class='ocrx_word' id='word_1_714' title='bbox 565 3781 604 3818; x_wconf 90' lang='lat' dir='ltr'><strong>in</strong></span> <span class='ocrx_word' id='word_1_715' title='bbox 619 3781 743 3819; x_wconf 74' lang='lat' dir='ltr'><strong>suun-o</strong></span> <span class='ocrx_word' id='word_1_716' title='bbox 756 3782 1003 3830; x_wconf 87' lang='lat' dir='ltr'><strong>multipliciter</strong></span> <span class='ocrx_word' id='word_1_717' title='bbox 1018 3792 1112 3830; x_wconf 78' lang='lat' dir='ltr'><strong>prae-</strong></span> 
     </span>
    </p>
   </div>
   <div class='ocr_carea' id='block_1_14' title="bbox 1180 2126 2259 3833">
    <p class='ocr_par' dir='ltr' id='par_1_15' title="bbox 1180 2126 2259 3833">
     <span class='ocr_line' id='line_1_91' title="bbox 1190 2126 2259 2185; baseline 0.015 -26"><span class='ocrx_word' id='word_1_718' title='bbox 1190 2126 1399 2161; x_wconf 89' lang='lat' dir='ltr'><strong>ascendere.</strong></span> <span class='ocrx_word' id='word_1_719' title='bbox 1439 2126 1612 2170; x_wconf 84' lang='lat' dir='ltr'><strong>Quamvis</strong></span> <span class='ocrx_word' id='word_1_720' title='bbox 1643 2130 1740 2164; x_wconf 91' lang='lat' dir='ltr'><strong>enim</strong></span> <span class='ocrx_word' id='word_1_721' title='bbox 1776 2141 1887 2166; x_wconf 88' lang='lat' dir='ltr'><strong>unum</strong></span> <span class='ocrx_word' id='word_1_722' title='bbox 1921 2133 1969 2168; x_wconf 88' lang='lat' dir='ltr'><strong>sit</strong></span> <span class='ocrx_word' id='word_1_723' title='bbox 1999 2133 2164 2173; x_wconf 90' lang='lat' dir='ltr'><strong>Christus</strong></span> <span class='ocrx_word' id='word_1_724' title='bbox 2194 2148 2259 2185; x_wconf 88' lang='lat' dir='ltr'><strong>per</strong></span> 
     </span>
     <span class='ocr_line' id='line_1_92' title="bbox 1190 2185 2258 2243; baseline 0.013 -23"><span class='ocrx_word' id='word_1_725' title='bbox 1190 2185 1445 2229; x_wconf 85' lang='lat' dir='ltr'><strong>substantiam,</strong></span> <span class='ocrx_word' id='word_1_726' title='bbox 1465 2187 1615 2233; x_wconf 88' lang='lat' dir='ltr'><strong>singulis</strong></span> <span class='ocrx_word' id='word_1_727' title='bbox 1637 2194 1757 2225; x_wconf 85' lang='lat' dir='ltr'><strong>tamen</strong></span> <span class='ocrx_word' id='word_1_728' title='bbox 1777 2190 1943 2228; x_wconf 85' lang='lat' dir='ltr'><strong>diversus</strong></span> <span class='ocrx_word' id='word_1_729' title='bbox 1962 2193 2131 2240; x_wconf 85' lang='lat' dir='ltr'><strong>efficitur,</strong></span> <span class='ocrx_word' id='word_1_730' title='bbox 2151 2205 2258 2243; x_wconf 90' lang='lat' dir='ltr'><strong>prout</strong></span> 
     </span>
     <span class='ocr_line' id='line_1_93' title="bbox 1189 2246 2257 2302; baseline 0.014 -21"><span class='ocrx_word' id='word_1_731' title='bbox 1189 2246 1357 2294; x_wconf 86' lang='lat' dir='ltr'><strong>intelligit</strong></span> <span class='ocrx_word' id='word_1_732' title='bbox 1375 2249 1406 2283; x_wconf 92' lang='lat' dir='ltr'><strong>is</strong></span> <span class='ocrx_word' id='word_1_733' title='bbox 1426 2249 1462 2284; x_wconf 92' lang='lat' dir='ltr'><strong>in</strong></span> <span class='ocrx_word' id='word_1_734' title='bbox 1481 2260 1552 2295; x_wconf 93' lang='lat' dir='ltr'><strong>quo</strong></span> <span class='ocrx_word' id='word_1_735' title='bbox 1568 2257 1751 2296; x_wconf 88' lang='lat' dir='ltr'><strong>operatur.</strong></span> <span class='ocrx_word' id='word_1_736' title='bbox 1769 2251 1838 2296; x_wconf 85' lang='lat' dir='ltr'><strong>Qui</strong></span> <span class='ocrx_word' id='word_1_737' title='bbox 1853 2259 1975 2290; x_wconf 89' lang='lat' dir='ltr'><strong>autem</strong></span> <span class='ocrx_word' id='word_1_738' title='bbox 1993 2258 2138 2302; x_wconf 86' lang='lat' dir='ltr'><strong>segnior</strong></span> <span class='ocrx_word' id='word_1_739' title='bbox 2152 2265 2207 2295; x_wconf 86' lang='lat' dir='ltr'><strong>est</strong></span> <span class='ocrx_word' id='word_1_740' title='bbox 2222 2267 2257 2296; x_wconf 88' lang='lat' dir='ltr'><strong>et</strong></span> 
     </span>
     <span class='ocr_line' id='line_1_94' title="bbox 1188 2309 2258 2365; baseline 0.011 -22"><span class='ocrx_word' id='word_1_741' title='bbox 1188 2309 1427 2354; x_wconf 87' lang='lat' dir='ltr'><strong>negligentior</strong></span> <span class='ocrx_word' id='word_1_742' title='bbox 1449 2321 1515 2355; x_wconf 89' lang='lat' dir='ltr'><strong>pro</strong></span> <span class='ocrx_word' id='word_1_743' title='bbox 1544 2311 1745 2357; x_wconf 86' lang='lat' dir='ltr'><strong>disciplina,</strong></span> <span class='ocrx_word' id='word_1_744' title='bbox 1767 2313 1808 2348; x_wconf 86' lang='lat' dir='ltr'><strong>fit</strong></span> <span class='ocrx_word' id='word_1_745' title='bbox 1836 2314 1870 2349; x_wconf 90' lang='lat' dir='ltr'><strong>ei</strong></span> <span class='ocrx_word' id='word_1_746' title='bbox 1900 2315 2066 2352; x_wconf 85' lang='lat' dir='ltr'><strong>Christus</strong></span> <span class='ocrx_word' id='word_1_747' title='bbox 2085 2318 2201 2365; x_wconf 88' lang='lat' dir='ltr'><strong>virga,</strong></span> <span class='ocrx_word' id='word_1_748' title='bbox 2221 2327 2258 2356; x_wconf 88' lang='lat' dir='ltr'><strong>et·</strong></span> 
     </span>
     <span class='ocr_line' id='line_1_95' title="bbox 1188 2369 2254 2416; baseline 0.012 -13"><span class='ocrx_word' id='word_1_749' title='bbox 1188 2369 1224 2403; x_wconf 91' lang='lat' dir='ltr'><strong>in</strong></span> <span class='ocrx_word' id='word_1_750' title='bbox 1252 2369 1354 2415; x_wconf 90' lang='lat' dir='ltr'><strong>virga</strong></span> <span class='ocrx_word' id='word_1_751' title='bbox 1384 2381 1455 2406; x_wconf 91' lang='lat' dir='ltr'><strong>uon</strong></span> <span class='ocrx_word' id='word_1_752' title='bbox 1484 2372 1694 2415; x_wconf 87' lang='lat' dir='ltr'><strong>ascendere,</strong></span> <span class='ocrx_word' id='word_1_753' title='bbox 1723 2374 1787 2409; x_wconf 87' lang='lat' dir='ltr'><strong>sed</strong></span> <span class='ocrx_word' id='word_1_754' title='bbox 1806 2375 1907 2411; x_wconf 80' lang='lat' dir='ltr'><strong>exire</strong></span> <span class='ocrx_word' id='word_1_755' title='bbox 1934 2376 2079 2412; x_wconf 90' lang='lat' dir='ltr'><strong>dicitur.</strong></span> <span class='ocrx_word' id='word_1_756' title='bbox 2107 2379 2254 2416; x_wconf 82' lang='lat' dir='ltr'><strong>Exeun—</strong></span> 
     </span>
     <span class='ocr_line' id='line_1_96' title="bbox 1187 2430 2253 2482; baseline 0.013 -19"><span class='ocrx_word' id='word_1_757' title='bbox 1187 2430 1273 2465; x_wconf 88' lang='lat' dir='ltr'><strong>dum</strong></span> <span class='ocrx_word' id='word_1_758' title='bbox 1302 2441 1457 2476; x_wconf 86' lang='lat' dir='ltr'><strong>namque</strong></span> <span class='ocrx_word' id='word_1_759' title='bbox 1478 2437 1533 2467; x_wconf 89' lang='lat' dir='ltr'><strong>est</strong></span> <span class='ocrx_word' id='word_1_760' title='bbox 1554 2433 1608 2476; x_wconf 90' lang='lat' dir='ltr'><strong>ei,</strong></span> <span class='ocrx_word' id='word_1_761' title='bbox 1639 2434 1701 2478; x_wconf 89' lang='lat' dir='ltr'><strong>qui</strong></span> <span class='ocrx_word' id='word_1_762' title='bbox 1722 2434 1820 2470; x_wconf 89' lang='lat' dir='ltr'><strong>iners</strong></span> <span class='ocrx_word' id='word_1_763' title='bbox 1838 2442 1876 2471; x_wconf 89' lang='lat' dir='ltr'><strong>et</strong></span> <span class='ocrx_word' id='word_1_764' title='bbox 1900 2437 2021 2481; x_wconf 87' lang='lat' dir='ltr'><strong>segnis</strong></span> <span class='ocrx_word' id='word_1_765' title='bbox 2046 2444 2121 2482; x_wconf 85' lang='lat' dir='ltr'><strong>est,</strong></span> <span class='ocrx_word' id='word_1_766' title='bbox 2148 2440 2192 2475; x_wconf 89' lang='lat' dir='ltr'><strong>de</strong></span> <span class='ocrx_word' id='word_1_767' title='bbox 2209 2451 2253 2478; x_wconf 89' lang='lat' dir='ltr'><strong>eo</strong></span> 
     </span>
     <span class='ocr_line' id='line_1_97' title="bbox 1187 2494 2252 2540; baseline 0.012 -13"><span class='ocrx_word' id='word_1_768' title='bbox 1187 2499 1282 2529; x_wconf 89' lang='lat' dir='ltr'><strong>statu</strong></span> <span class='ocrx_word' id='word_1_769' title='bbox 1301 2494 1337 2528; x_wconf 90' lang='lat' dir='ltr'><strong>in</strong></span> <span class='ocrx_word' id='word_1_770' title='bbox 1357 2505 1428 2539; x_wconf 89' lang='lat' dir='ltr'><strong>quo</strong></span> <span class='ocrx_word' id='word_1_771' title='bbox 1450 2505 1520 2530; x_wconf 90' lang='lat' dir='ltr'><strong>non</strong></span> <span class='ocrx_word' id='word_1_772' title='bbox 1541 2501 1639 2531; x_wconf 87' lang='lat' dir='ltr'><strong>recte</strong></span> <span class='ocrx_word' id='word_1_773' title='bbox 1655 2498 1841 2540; x_wconf 86' lang='lat' dir='ltr'><strong>consistit;</strong></span> <span class='ocrx_word' id='word_1_774' title='bbox 1868 2503 1904 2533; x_wconf 86' lang='lat' dir='ltr'><strong>et</strong></span> <span class='ocrx_word' id='word_1_775' title='bbox 1929 2502 2187 2537; x_wconf 87' lang='lat' dir='ltr'><strong>transeundum</strong></span> <span class='ocrx_word' id='word_1_776' title='bbox 2207 2504 2252 2540; x_wconf 88' lang='lat' dir='ltr'><strong>ad</strong></span> 
     </span>
     <span class='ocr_line' id='line_1_98' title="bbox 1187 2554 2253 2606; baseline 0.01 -17"><span class='ocrx_word' id='word_1_777' title='bbox 1187 2554 1296 2590; x_wconf 90' lang='lat' dir='ltr'><strong>alium</strong></span> <span class='ocrx_word' id='word_1_778' title='bbox 1318 2560 1472 2598; x_wconf 86' lang='lat' dir='ltr'><strong>statum,</strong></span> <span class='ocrx_word' id='word_1_779' title='bbox 1495 2562 1668 2602; x_wconf 85' lang='lat' dir='ltr'><strong>tanquam</strong></span> <span class='ocrx_word' id='word_1_780' title='bbox 1686 2558 1787 2603; x_wconf 86' lang='lat' dir='ltr'><strong>virga</strong></span> <span class='ocrx_word' id='word_1_781' title='bbox 1809 2559 2008 2605; x_wconf 90' lang='lat' dir='ltr'><strong>compulso,</strong></span> <span class='ocrx_word' id='word_1_782' title='bbox 2030 2561 2066 2596; x_wconf 91' lang='lat' dir='ltr'><strong>id</strong></span> <span class='ocrx_word' id='word_1_783' title='bbox 2090 2568 2167 2606; x_wconf 88' lang='lat' dir='ltr'><strong>est,</strong></span> <span class='ocrx_word' id='word_1_784' title='bbox 2190 2574 2253 2600; x_wconf 86' lang='lat' dir='ltr'><strong>ve-</strong></span> 
     </span>
     <span class='ocr_line' id='line_1_99' title="bbox 1187 2617 2252 2668; baseline 0.009 -18"><span class='ocrx_word' id='word_1_785' title='bbox 1187 2617 1295 2652; x_wconf 86' lang='lat' dir='ltr'><strong>ritate</strong></span> <span class='ocrx_word' id='word_1_786' title='bbox 1314 2617 1489 2651; x_wconf 71' lang='lat' dir='ltr'><strong>doctrinm</strong></span> <span class='ocrx_word' id='word_1_787' title='bbox 1510 2618 1692 2664; x_wconf 86' lang='lat' dir='ltr'><strong>rigidioris</strong></span> <span class='ocrx_word' id='word_1_788' title='bbox 1711 2620 1910 2655; x_wconf 86' lang='lat' dir='ltr'><strong>admonito.</strong></span> <span class='ocrx_word' id='word_1_789' title='bbox 1933 2621 2000 2664; x_wconf 82' lang='lat' dir='ltr'><strong>Qui</strong></span> <span class='ocrx_word' id='word_1_790' title='bbox 2026 2632 2112 2659; x_wconf 85' lang='lat' dir='ltr'><strong>vero</strong></span> <span class='ocrx_word' id='word_1_791' title='bbox 2130 2623 2252 2668; x_wconf 85' lang='lat' dir='ltr'><strong>justus</strong></span> 
     </span>
     <span class='ocr_line' id='line_1_100' title="bbox 1186 2678 2251 2724; baseline 0.009 -13"><span class='ocrx_word' id='word_1_792' title='bbox 1186 2683 1254 2720; x_wconf 83' lang='lat' dir='ltr'><strong>cst,</strong></span> <span class='ocrx_word' id='word_1_793' title='bbox 1277 2678 1360 2722; x_wconf 88' lang='lat' dir='ltr'><strong>quia</strong></span> <span class='ocrx_word' id='word_1_794' title='bbox 1383 2678 1503 2723; x_wconf 86' lang='lat' dir='ltr'><strong>justus</strong></span> <span class='ocrx_word' id='word_1_795' title='bbox 1522 2684 1561 2714; x_wconf 86' lang='lat' dir='ltr'><strong>ut</strong></span> <span class='ocrx_word' id='word_1_796' title='bbox 1579 2679 1699 2724; x_wconf 88' lang='lat' dir='ltr'><strong>palma</strong></span> <span class='ocrx_word' id='word_1_797' title='bbox 1719 2679 1881 2724; x_wconf 85' lang='lat' dir='ltr'><strong>florebit,</strong></span> <span class='ocrx_word' id='word_1_798' title='bbox 1905 2682 1941 2717; x_wconf 92' lang='lat' dir='ltr'><strong>in</strong></span> <span class='ocrx_word' id='word_1_799' title='bbox 1965 2683 2035 2719; x_wconf 92' lang='lat' dir='ltr'><strong>hoc</strong></span> <span class='ocrx_word' id='word_1_800' title='bbox 2054 2685 2251 2721; x_wconf 86' lang='lat' dir='ltr'><strong>ascendere</strong></span> 
     </span>
     <span class='ocr_line' id='line_1_101' title="bbox 1186 2737 2249 2792; baseline 0.009 -20"><span class='ocrx_word' id='word_1_801' title='bbox 1186 2737 1319 2773; x_wconf 87' lang='lat' dir='ltr'><strong>dicitur</strong></span> <span class='ocrx_word' id='word_1_802' title='bbox 1346 2739 1524 2774; x_wconf 79' lang='lat' dir='ltr'><strong>Christus.</strong></span> <span class='ocrx_word' id='word_1_803' title='bbox 1558 2739 1618 2775; x_wconf 89' lang='lat' dir='ltr'><strong>Sic</strong></span> <span class='ocrx_word' id='word_1_804' title='bbox 1647 2750 1733 2786; x_wconf 87' lang='lat' dir='ltr'><strong>ergo</strong></span> <span class='ocrx_word' id='word_1_805' title='bbox 1759 2742 1821 2786; x_wconf 84' lang='lat' dir='ltr'><strong>qui</strong></span> <span class='ocrx_word' id='word_1_806' title='bbox 1851 2743 2063 2780; x_wconf 87' lang='lat' dir='ltr'><strong>verberibus</strong></span> <span class='ocrx_word' id='word_1_807' title='bbox 2092 2746 2249 2792; x_wconf 80' lang='lat' dir='ltr'><strong>indiget,</strong></span> 
     </span>
     <span class='ocr_line' id='line_1_102' title="bbox 1185 2798 2249 2853; baseline 0.011 -21"><span class='ocrx_word' id='word_1_808' title='bbox 1185 2798 1261 2834; x_wconf 84' lang='lat' dir='ltr'><strong>exit</strong></span> <span class='ocrx_word' id='word_1_809' title='bbox 1286 2799 1331 2834; x_wconf 88' lang='lat' dir='ltr'><strong>ad</strong></span> <span class='ocrx_word' id='word_1_810' title='bbox 1351 2809 1433 2834; x_wconf 83' lang='lat' dir='ltr'><strong>euni</strong></span> <span class='ocrx_word' id='word_1_811' title='bbox 1453 2799 1575 2846; x_wconf 83' lang='lat' dir='ltr'><strong>virga;</strong></span> <span class='ocrx_word' id='word_1_812' title='bbox 1597 2800 1659 2846; x_wconf 86' lang='lat' dir='ltr'><strong>qui</strong></span> <span class='ocrx_word' id='word_1_813' title='bbox 1681 2806 1801 2836; x_wconf 87' lang='lat' dir='ltr'><strong>autem</strong></span> <span class='ocrx_word' id='word_1_814' title='bbox 1821 2803 1964 2848; x_wconf 84' lang='lat' dir='ltr'><strong>proficit</strong></span> <span class='ocrx_word' id='word_1_815' title='bbox 1985 2805 2029 2841; x_wconf 89' lang='lat' dir='ltr'><strong>ad</strong></span> <span class='ocrx_word' id='word_1_816' title='bbox 2045 2806 2249 2853; x_wconf 86' lang='lat' dir='ltr'><strong>justitiam,</strong></span> 
     </span>
     <span class='ocr_line' id='line_1_103' title="bbox 1185 2860 2250 2910; baseline 0.01 -16"><span class='ocrx_word' id='word_1_817' title='bbox 1185 2860 1348 2895; x_wconf 88' lang='lat' dir='ltr'><strong>aseendit</strong></span> <span class='ocrx_word' id='word_1_818' title='bbox 1368 2861 1400 2895; x_wconf 90' lang='lat' dir='ltr'><strong>ei</strong></span> <span class='ocrx_word' id='word_1_819' title='bbox 1423 2861 1459 2895; x_wconf 87' lang='lat' dir='ltr'><strong>in</strong></span> <span class='ocrx_word' id='word_1_820' title='bbox 1476 2860 1592 2897; x_wconf 89' lang='lat' dir='ltr'><strong>ssore:</strong></span> <span class='ocrx_word' id='word_1_821' title='bbox 1619 2862 1783 2898; x_wconf 86' lang='lat' dir='ltr'><strong>ascendit</strong></span> <span class='ocrx_word' id='word_1_822' title='bbox 1807 2874 1996 2910; x_wconf 91' lang='lat' dir='ltr'><strong>usquequo</strong></span> <span class='ocrx_word' id='word_1_823' title='bbox 2021 2867 2149 2904; x_wconf 79' lang='lat' dir='ltr'><strong>afferat</strong></span> <span class='ocrx_word' id='word_1_824' title='bbox 2173 2869 2250 2905; x_wconf 81' lang='lat' dir='ltr'><strong>sru-</strong></span> 
     </span>
     <span class='ocr_line' id='line_1_104' title="bbox 1185 2920 2250 2974; baseline 0.008 -18"><span class='ocrx_word' id='word_1_825' title='bbox 1185 2926 1264 2957; x_wconf 90' lang='lat' dir='ltr'><strong>ctus</strong></span> <span class='ocrx_word' id='word_1_826' title='bbox 1284 2920 1453 2966; x_wconf 88' lang='lat' dir='ltr'><strong>Spiritus,</strong></span> <span class='ocrx_word' id='word_1_827' title='bbox 1475 2922 1537 2967; x_wconf 92' lang='lat' dir='ltr'><strong>qui</strong></span> <span class='ocrx_word' id='word_1_828' title='bbox 1558 2927 1656 2966; x_wconf 85' lang='lat' dir='ltr'><strong>sunt,</strong></span> <span class='ocrx_word' id='word_1_829' title='bbox 1676 2923 1851 2967; x_wconf 86' lang='lat' dir='ltr'><strong>charitas,</strong></span> <span class='ocrx_word' id='word_1_830' title='bbox 1878 2926 2067 2971; x_wconf 86' lang='lat' dir='ltr'><strong>gaudium,</strong></span> <span class='ocrx_word' id='word_1_831' title='bbox 2086 2937 2171 2974; x_wconf 87' lang='lat' dir='ltr'><strong>pax,</strong></span> <span class='ocrx_word' id='word_1_832' title='bbox 2192 2940 2250 2965; x_wconf 86' lang='lat' dir='ltr'><strong>sa-</strong></span> 
     </span>
     <span class='ocr_line' id='line_1_105' title="bbox 1184 2982 2248 3034; baseline 0.008 -18"><span class='ocrx_word' id='word_1_833' title='bbox 1184 2982 1340 3027; x_wconf 86' lang='lat' dir='ltr'><strong>pientia,</strong></span> <span class='ocrx_word' id='word_1_834' title='bbox 1373 2987 1409 3017; x_wconf 86' lang='lat' dir='ltr'><strong>et</strong></span> <span class='ocrx_word' id='word_1_835' title='bbox 1439 2982 1587 3028; x_wconf 78' lang='lat' dir='ltr'><strong>reliquae</strong></span> <span class='ocrx_word' id='word_1_836' title='bbox 1615 2983 1780 3020; x_wconf 87' lang='lat' dir='ltr'><strong>virtutes.</strong></span> <span class='ocrx_word' id='word_1_837' title='bbox 1807 2984 1897 3021; x_wconf 87' lang='lat' dir='ltr'><strong>Nam</strong></span> <span class='ocrx_word' id='word_1_838' title='bbox 1925 2987 1969 3023; x_wconf 87' lang='lat' dir='ltr'><strong>de</strong></span> <span class='ocrx_word' id='word_1_839' title='bbox 1997 2988 2099 3034; x_wconf 87' lang='lat' dir='ltr'><strong>virga</strong></span> <span class='ocrx_word' id='word_1_840' title='bbox 2125 2989 2248 3026; x_wconf 87' lang='lat' dir='ltr'><strong>Aaron</strong></span> 
     </span>
     <span class='ocr_line' id='line_1_106' title="bbox 1184 3045 2248 3094; baseline 0.008 -15"><span class='ocrx_word' id='word_1_841' title='bbox 1184 3045 1363 3089; x_wconf 91' lang='lat' dir='ltr'><strong>quomodo</strong></span> <span class='ocrx_word' id='word_1_842' title='bbox 1379 3054 1437 3080; x_wconf 91' lang='lat' dir='ltr'><strong>res</strong></span> <span class='ocrx_word' id='word_1_843' title='bbox 1454 3050 1555 3091; x_wconf 89' lang='lat' dir='ltr'><strong>gesta</strong></span> <span class='ocrx_word' id='word_1_844' title='bbox 1572 3046 1634 3089; x_wconf 86' lang='lat' dir='ltr'><strong>sit,</strong></span> <span class='ocrx_word' id='word_1_845' title='bbox 1650 3052 1739 3082; x_wconf 89' lang='lat' dir='ltr'><strong>utet</strong></span> <span class='ocrx_word' id='word_1_846' title='bbox 1754 3047 1862 3084; x_wconf 88' lang='lat' dir='ltr'><strong>ssores</strong></span> <span class='ocrx_word' id='word_1_847' title='bbox 1878 3050 2088 3094; x_wconf 87' lang='lat' dir='ltr'><strong>germinans</strong></span> <span class='ocrx_word' id='word_1_848' title='bbox 2103 3051 2248 3088; x_wconf 88' lang='lat' dir='ltr'><strong>electio-</strong></span> 
     </span>
     <span class='ocr_line' id='line_1_107' title="bbox 1184 3108 2245 3155; baseline 0.007 -13"><span class='ocrx_word' id='word_1_849' title='bbox 1184 3117 1267 3143; x_wconf 90' lang='lat' dir='ltr'><strong>nem</strong></span> <span class='ocrx_word' id='word_1_850' title='bbox 1285 3108 1477 3143; x_wconf 88' lang='lat' dir='ltr'><strong>sacerdotii</strong></span> <span class='ocrx_word' id='word_1_851' title='bbox 1495 3109 1573 3154; x_wconf 86' lang='lat' dir='ltr'><strong>ejus</strong></span> <span class='ocrx_word' id='word_1_852' title='bbox 1591 3109 1764 3146; x_wconf 88' lang='lat' dir='ltr'><strong>divinitus</strong></span> <span class='ocrx_word' id='word_1_853' title='bbox 1783 3110 1984 3155; x_wconf 86' lang='lat' dir='ltr'><strong>indicaret,</strong></span> <span class='ocrx_word' id='word_1_854' title='bbox 2004 3113 2040 3147; x_wconf 91' lang='lat' dir='ltr'><strong>in</strong></span> <span class='ocrx_word' id='word_1_855' title='bbox 2066 3113 2133 3148; x_wconf 89' lang='lat' dir='ltr'><strong>hoc</strong></span> <span class='ocrx_word' id='word_1_856' title='bbox 2154 3114 2245 3149; x_wconf 90' lang='lat' dir='ltr'><strong>libro</strong></span> 
     </span>
     <span class='ocr_line' id='line_1_108' title="bbox 1185 3168 2244 3218; baseline 0.005 -14"><span class='ocrx_word' id='word_1_857' title='bbox 1185 3168 1373 3214; x_wconf 88' lang='lat' dir='ltr'><strong>Scriptura</strong></span> <span class='ocrx_word' id='word_1_858' title='bbox 1395 3171 1577 3213; x_wconf 87' lang='lat' dir='ltr'><strong>narravit;</strong></span> <span class='ocrx_word' id='word_1_859' title='bbox 1604 3176 1640 3206; x_wconf 87' lang='lat' dir='ltr'><strong>et</strong></span> <span class='ocrx_word' id='word_1_860' title='bbox 1657 3176 1779 3207; x_wconf 86' lang='lat' dir='ltr'><strong>tamen</strong></span> <span class='ocrx_word' id='word_1_861' title='bbox 1798 3171 1841 3206; x_wconf 92' lang='lat' dir='ltr'><strong>de</strong></span> <span class='ocrx_word' id='word_1_862' title='bbox 1860 3172 1938 3217; x_wconf 91' lang='lat' dir='ltr'><strong>ipsa</strong></span> <span class='ocrx_word' id='word_1_863' title='bbox 1952 3174 2050 3218; x_wconf 86' lang='lat' dir='ltr'><strong>virga</strong></span> <span class='ocrx_word' id='word_1_864' title='bbox 2067 3174 2103 3208; x_wconf 89' lang='lat' dir='ltr'><strong>in</strong></span> <span class='ocrx_word' id='word_1_865' title='bbox 2119 3173 2244 3210; x_wconf 86' lang='lat' dir='ltr'><strong>Exodo</strong></span> 
     </span>
     <span class='ocr_line' id='line_1_109' title="bbox 1184 3230 2242 3273; baseline 0.004 -7"><span class='ocrx_word' id='word_1_866' title='bbox 1184 3230 1328 3273; x_wconf 89' lang='lat' dir='ltr'><strong>dicitur,</strong></span> <span class='ocrx_word' id='word_1_867' title='bbox 1346 3235 1385 3265; x_wconf 90' lang='lat' dir='ltr'><strong>ut</strong></span> <span class='ocrx_word' id='word_1_868' title='bbox 1402 3230 1439 3265; x_wconf 93' lang='lat' dir='ltr'><strong>in</strong></span> <span class='ocrx_word' id='word_1_869' title='bbox 1459 3232 1595 3267; x_wconf 86' lang='lat' dir='ltr'><strong>sanctis</strong></span> <span class='ocrx_word' id='word_1_870' title='bbox 1610 3236 1816 3266; x_wconf 88' lang='lat' dir='ltr'><strong>sanctorum</strong></span> <span class='ocrx_word' id='word_1_871' title='bbox 1841 3241 1923 3266; x_wconf 91' lang='lat' dir='ltr'><strong>cum</strong></span> <span class='ocrx_word' id='word_1_872' title='bbox 1941 3242 2072 3267; x_wconf 87' lang='lat' dir='ltr'><strong>manna</strong></span> <span class='ocrx_word' id='word_1_873' title='bbox 2098 3233 2135 3268; x_wconf 93' lang='lat' dir='ltr'><strong>in</strong></span> <span class='ocrx_word' id='word_1_874' title='bbox 2157 3244 2242 3271; x_wconf 89' lang='lat' dir='ltr'><strong>arca</strong></span> 
     </span>
     <span class='ocr_line' id='line_1_110' title="bbox 1181 3291 2243 3338; baseline 0.004 -11"><span class='ocrx_word' id='word_1_875' title='bbox 1181 3298 1390 3338; x_wconf 89' lang='lat' dir='ltr'><strong>poneretur,</strong></span> <span class='ocrx_word' id='word_1_876' title='bbox 1412 3293 1556 3337; x_wconf 89' lang='lat' dir='ltr'><strong>quando</strong></span> <span class='ocrx_word' id='word_1_877' title='bbox 1574 3291 1784 3336; x_wconf 83' lang='lat' dir='ltr'><strong>praecipitur</strong></span> <span class='ocrx_word' id='word_1_878' title='bbox 1806 3292 1850 3327; x_wconf 92' lang='lat' dir='ltr'><strong>de</strong></span> <span class='ocrx_word' id='word_1_879' title='bbox 1877 3291 2110 3328; x_wconf 87' lang='lat' dir='ltr'><strong>tabernaculo</strong></span> <span class='ocrx_word' id='word_1_880' title='bbox 2130 3293 2243 3331; x_wconf 81' lang='lat' dir='ltr'><strong>sabri-</strong></span> 
     </span>
     <span class='ocr_line' id='line_1_111' title="bbox 1183 3353 2241 3403; baseline 0.005 -14"><span class='ocrx_word' id='word_1_881' title='bbox 1183 3354 1312 3396; x_wconf 90' lang='lat' dir='ltr'><strong>cando,</strong></span> <span class='ocrx_word' id='word_1_882' title='bbox 1332 3353 1390 3388; x_wconf 90' lang='lat' dir='ltr'><strong>vel</strong></span> <span class='ocrx_word' id='word_1_883' title='bbox 1410 3353 1535 3398; x_wconf 84' lang='lat' dir='ltr'><strong>utique</strong></span> <span class='ocrx_word' id='word_1_884' title='bbox 1554 3353 1658 3398; x_wconf 89' lang='lat' dir='ltr'><strong>longe</strong></span> <span class='ocrx_word' id='word_1_885' title='bbox 1682 3358 1764 3387; x_wconf 88' lang='lat' dir='ltr'><strong>ante</strong></span> <span class='ocrx_word' id='word_1_886' title='bbox 1779 3358 2000 3398; x_wconf 88' lang='lat' dir='ltr'><strong>praeceptum</strong></span> <span class='ocrx_word' id='word_1_887' title='bbox 2024 3360 2102 3399; x_wconf 91' lang='lat' dir='ltr'><strong>est,</strong></span> <span class='ocrx_word' id='word_1_888' title='bbox 2131 3366 2241 3403; x_wconf 86' lang='lat' dir='ltr'><strong>quam</strong></span> 
     </span>
     <span class='ocr_line' id='line_1_112' title="bbox 1182 3411 2241 3463; baseline 0.007 -14"><span class='ocrx_word' id='word_1_889' title='bbox 1182 3413 1299 3459; x_wconf 88' lang='lat' dir='ltr'><strong>ipsum</strong></span> <span class='ocrx_word' id='word_1_890' title='bbox 1328 3413 1599 3448; x_wconf 80' lang='lat' dir='ltr'><strong>tabernaculum</strong></span> <span class='ocrx_word' id='word_1_891' title='bbox 1623 3411 1839 3447; x_wconf 83' lang='lat' dir='ltr'><strong>fabricatum</strong></span> <span class='ocrx_word' id='word_1_892' title='bbox 1860 3413 2134 3463; x_wconf 80' lang='lat' dir='ltr'><strong>perfectumque</strong></span> <span class='ocrx_word' id='word_1_893' title='bbox 2153 3429 2241 3456; x_wconf 91' lang='lat' dir='ltr'><strong>cou-</strong></span> 
     </span>
     <span class='ocr_line' id='line_1_113' title="bbox 1182 3473 2238 3525; baseline 0.009 -15"><span class='ocrx_word' id='word_1_894' title='bbox 1182 3474 1339 3510; x_wconf 80' lang='lat' dir='ltr'><strong>sisteret.</strong></span> <span class='ocrx_word' id='word_1_895' title='bbox 1360 3473 1467 3509; x_wconf 83' lang='lat' dir='ltr'><strong>Stetit</strong></span> <span class='ocrx_word' id='word_1_896' title='bbox 1483 3478 1603 3508; x_wconf 87' lang='lat' dir='ltr'><strong>autem</strong></span> <span class='ocrx_word' id='word_1_897' title='bbox 1626 3473 1744 3518; x_wconf 89' lang='lat' dir='ltr'><strong>primo</strong></span> <span class='ocrx_word' id='word_1_898' title='bbox 1761 3482 1884 3510; x_wconf 89' lang='lat' dir='ltr'><strong>mense</strong></span> <span class='ocrx_word' id='word_1_899' title='bbox 1899 3477 2047 3514; x_wconf 89' lang='lat' dir='ltr'><strong>secundi</strong></span> <span class='ocrx_word' id='word_1_900' title='bbox 2066 3481 2171 3525; x_wconf 90' lang='lat' dir='ltr'><strong>anni,</strong></span> <span class='ocrx_word' id='word_1_901' title='bbox 2193 3491 2238 3518; x_wconf 84' lang='lat' dir='ltr'><strong>ex</strong></span> 
     </span>
     <span class='ocr_line' id='line_1_114' title="bbox 1182 3532 2240 3587; baseline 0.01 -19"><span class='ocrx_word' id='word_1_902' title='bbox 1182 3543 1254 3578; x_wconf 88' lang='lat' dir='ltr'><strong>quo</strong></span> <span class='ocrx_word' id='word_1_903' title='bbox 1272 3533 1316 3568; x_wconf 88' lang='lat' dir='ltr'><strong>de</strong></span> <span class='ocrx_word' id='word_1_904' title='bbox 1334 3532 1492 3579; x_wconf 82' lang='lat' dir='ltr'><strong>AEgypto</strong></span> <span class='ocrx_word' id='word_1_905' title='bbox 1510 3533 1647 3579; x_wconf 85' lang='lat' dir='ltr'><strong>egressi</strong></span> <span class='ocrx_word' id='word_1_906' title='bbox 1676 3539 1778 3576; x_wconf 89' lang='lat' dir='ltr'><strong>sunt,</strong></span> <span class='ocrx_word' id='word_1_907' title='bbox 1799 3539 1836 3570; x_wconf 87' lang='lat' dir='ltr'><strong>et</strong></span> <span class='ocrx_word' id='word_1_908' title='bbox 1859 3534 1950 3572; x_wconf 86' lang='lat' dir='ltr'><strong>liber</strong></span> <span class='ocrx_word' id='word_1_909' title='bbox 1967 3537 2036 3574; x_wconf 88' lang='lat' dir='ltr'><strong>iste</strong></span> <span class='ocrx_word' id='word_1_910' title='bbox 2063 3540 2189 3587; x_wconf 87' lang='lat' dir='ltr'><strong>incipit</strong></span> <span class='ocrx_word' id='word_1_911' title='bbox 2218 3553 2240 3580; x_wconf 84' lang='lat' dir='ltr'><strong>a</strong></span> 
     </span>
     <span class='ocr_line' id='line_1_115' title="bbox 1183 3592 2238 3645; baseline 0.009 -14"><span class='ocrx_word' id='word_1_912' title='bbox 1183 3594 1340 3631; x_wconf 90' lang='lat' dir='ltr'><strong>secundo</strong></span> <span class='ocrx_word' id='word_1_913' title='bbox 1369 3603 1494 3629; x_wconf 87' lang='lat' dir='ltr'><strong>mense</strong></span> <span class='ocrx_word' id='word_1_914' title='bbox 1526 3592 1686 3639; x_wconf 89' lang='lat' dir='ltr'><strong>ejusdem</strong></span> <span class='ocrx_word' id='word_1_915' title='bbox 1716 3594 1800 3630; x_wconf 87' lang='lat' dir='ltr'><strong>anni</strong></span> <span class='ocrx_word' id='word_1_916' title='bbox 1832 3597 1978 3633; x_wconf 85' lang='lat' dir='ltr'><strong>secundi</strong></span> <span class='ocrx_word' id='word_1_917' title='bbox 1992 3625 2002 3643; x_wconf 91' lang='lat'><em>‚</em></span> <span class='ocrx_word' id='word_1_918' title='bbox 2030 3601 2148 3645; x_wconf 88' lang='lat' dir='ltr'><strong>primo</strong></span> <span class='ocrx_word' id='word_1_919' title='bbox 2178 3602 2238 3640; x_wconf 85' lang='lat' dir='ltr'><strong>die</strong></span> 
     </span>
     <span class='ocr_line' id='line_1_116' title="bbox 1182 3653 2234 3709; baseline 0.01 -19"><span class='ocrx_word' id='word_1_920' title='bbox 1182 3655 1329 3691; x_wconf 89' lang='lat' dir='ltr'><strong>mensis.</strong></span> <span class='ocrx_word' id='word_1_921' title='bbox 1354 3653 1456 3690; x_wconf 89' lang='lat' dir='ltr'><strong>Unde</strong></span> <span class='ocrx_word' id='word_1_922' title='bbox 1473 3653 1607 3690; x_wconf 84' lang='lat' dir='ltr'><strong>clarum</strong></span> <span class='ocrx_word' id='word_1_923' title='bbox 1627 3660 1695 3699; x_wconf 87' lang='lat' dir='ltr'><strong>est,</strong></span> <span class='ocrx_word' id='word_1_924' title='bbox 1714 3656 1783 3692; x_wconf 88' lang='lat' dir='ltr'><strong>ista</strong></span> <span class='ocrx_word' id='word_1_925' title='bbox 1801 3667 1866 3703; x_wconf 86' lang='lat' dir='ltr'><strong>per</strong></span> <span class='ocrx_word' id='word_1_926' title='bbox 1884 3661 2234 3709; x_wconf 87' lang='lat' dir='ltr'><strong>recapitulationem,</strong></span> 
     </span>
     <span class='ocr_line' id='line_1_117' title="bbox 1181 3714 2235 3768; baseline 0.009 -16"><span class='ocrx_word' id='word_1_927' title='bbox 1181 3716 1212 3752; x_wconf 90' lang='lat' dir='ltr'><strong>si</strong></span> <span class='ocrx_word' id='word_1_928' title='bbox 1227 3715 1402 3751; x_wconf 86' lang='lat' dir='ltr'><strong>librorum</strong></span> <span class='ocrx_word' id='word_1_929' title='bbox 1416 3714 1581 3751; x_wconf 89' lang='lat' dir='ltr'><strong>ordinem</strong></span> <span class='ocrx_word' id='word_1_930' title='bbox 1598 3716 1881 3762; x_wconf 88' lang='lat' dir='ltr'><strong>consideremus,</strong></span> <span class='ocrx_word' id='word_1_931' title='bbox 1898 3719 1934 3756; x_wconf 91' lang='lat' dir='ltr'><strong>id</strong></span> <span class='ocrx_word' id='word_1_932' title='bbox 1947 3725 2016 3766; x_wconf 89' lang='lat' dir='ltr'><strong>est,</strong></span> <span class='ocrx_word' id='word_1_933' title='bbox 2033 3723 2235 3768; x_wconf 72' lang='lat' dir='ltr'><strong>praeterito-</strong></span> 
     </span>
     <span class='ocr_line' id='line_1_118' title="bbox 1180 3777 2232 3833; baseline 0.01 -20"><span class='ocrx_word' id='word_1_934' title='bbox 1180 3787 1260 3814; x_wconf 90' lang='lat' dir='ltr'><strong>rum</strong></span> <span class='ocrx_word' id='word_1_935' title='bbox 1284 3777 1582 3822; x_wconf 85' lang='lat' dir='ltr'><strong>recordationem,</strong></span> <span class='ocrx_word' id='word_1_936' title='bbox 1603 3781 1895 3826; x_wconf 83' lang='lat' dir='ltr'><strong>commemorari,</strong></span> <span class='ocrx_word' id='word_1_937' title='bbox 1913 3792 1992 3829; x_wconf 89' lang='lat' dir='ltr'><strong>quae</strong></span> <span class='ocrx_word' id='word_1_938' title='bbox 2012 3789 2145 3831; x_wconf 88' lang='lat' dir='ltr'><strong>putant</strong></span> <span class='ocrx_word' id='word_1_939' title='bbox 2168 3788 2232 3833; x_wconf 79' lang='lat' dir='ltr'><strong>qui</strong></span> 
     </span>
    </p>
   </div>
  </div>
 </body>
</html>
