2540 4016
92 206 160 238 411

704 206 1040 245 EXPOSITIONES
1064 208 1109 244 ΙΝ
1135 207 1402 246 LEVITICUM.
1430 228 1477 235 -
1502 209 1587 245 LlB.
1616 209 1658 245 V.

2187 211 2260 249 418

92 277 162 313 hoc
185 287 282 314 emm
308 283 344 314 et
372 279 450 326 ipse
471 284 658 317 contextus
681 279 849 328 legalium
869 282 990 329 signat
1007 283 1138 319 verbo·
1157 288 1194 328 Α
1210 290 1320 330 atque
1337 283 1523 331 explanari
1537 288 1669 330 potest,
1689 282 1773 329 quia
1794 292 1865 318 non
1890 283 1996 320 unius
2019 288 2180 332 generis,
2199 287 2264 326 sed

91 350 187 375 rum.
208 340 402 387 Postquam
423 342 520 378 enim
538 342 628 378 dixit
646 342 844 389 legislator,
871 354 917 380 ne
936 344 1034 380 omni
1052 349 1141 380 tem·

91 409 177 445 pore
195 399 414 446 ingrediatur
435 401 694 445 sanctuarium,
714 403 782 439 nisi
798 403 875 439 haec
897 408 979 439 ante
998 403 1139 447 fecerit,

97 457 252 494 Vitulum
273 460 393 506 offeret
408 472 471 506 pro
487 469 627 507 peccato
641 490 650 506 ,
678 463 855 507 subdidit,
881 469 913 499 et
940 463 1082 500 arietem
1105 465 1142 499 in

88 519 345 564 holocaustum,
365 522 485 556 tunica
508 521 601 557 linea
619 523 800 566 vestietur,
822 527 858 558 et
883 522 1034 568 reliqua.
1062 522 1140 559 Non

89 579 205 615 solum
224 579 407 616 Christum
422 580 682 628 intelligibilem
699 582 865 626 arietem,
884 587 920 618 et
933 592 1058 618 verum
1076 583 1141 619 ho-

86 638 301 684 locaustum,
330 641 503 677 virtutum
524 643 691 679 videlicet
718 644 977 690 perfectionem
997 643 1140 691 (Ipsum

66 693 180 736 ‘enini
214 701 326 735 virum
352 702 544 747 perfectum
570 710 603 740 et
631 716 831 741 mensuram
864 707 977 741 oetatis
1008 706 1140 743 Paulus

84 760 298 808 appellavit)
327 763 510 808 suscipere
539 774 606 800 nos
631 770 668 800 et
695 765 795 801 indui
826 766 970 806 volens,
993 772 1140 812 propter

83 820 178 864 quod
209 826 246 856 et
272 821 500 867 baptismatis
528 825 682 870 gratiam
714 825 927 867 introduxit,
958 826 1042 870 quia
1074 837 1139 872 per

83 879 198 925 ipsam
215 882 374 918 maxime
390 883 585 920 induimur.
609 884 757 927 Quando
782 891 902 920 autem
921 885 997 921 haec
1018 886 1138 932 adepti

82 941 279 988 fuerimus,
311 946 348 980 in
380 945 514 982 Sancta
545 952 751 982 sanctorum
777 947 1043 993 ingrediemur,
1066 959 1137 984 non

82 1006 320 1041 substantiam
339 1011 609 1050 perscrutantes
626 1007 703 1049 Dei,
726 1007 782 1042 vel
801 1007 1048 1052 discutientes,
1070 1009 1138 1046 hoc

81 1065 175 1100 enim
192 1065 409 1110 prohibitum
430 1071 499 1108 est,
524 1067 587 1103 sed
601 1067 646 1102 ad
662 1077 704 1103 ea
728 1078 807 1113 quae
827 1074 910 1105 sunt
930 1069 974 1105 de
994 1069 1138 1115 dispen-

79 1125 218 1160 satione
237 1124 384 1170 Christi,
403 1127 652 1174 sacrificioque
671 1129 748 1175 ejus
764 1140 831 1175 pro
846 1131 966 1174 nobis,
984 1131 1136 1167 ethonis

78 1201 159 1236 quae
175 1201 240 1237 per
259 1202 301 1228 ea
321 1192 496 1237 fruimur,
521 1194 706 1240 sapientire
726 1193 954 1240 dogmatibus
977 1193 1135 1228 studium
1156 1216 1186 1254 B

78 1251 218 1289 dantes.
246 1253 322 1290 Hoc
340 1255 437 1291 enim
462 1254 695 1293 manifestum
711 1255 848 1292 faciunt
876 1254 1033 1290 maxime
1055 1264 1135 1301 quae

80 1320 294 1360 sequuntur.

126 1375 366 1424 Suscipietque
380 1378 422 1414 ab
438 1380 598 1415 universa
613 1379 834 1415 multitudine
847 1378 1004 1424 [iliorum
1019 1376 1134 1413 Israel

78 1437 165 1472 duos
186 1438 298 1474 hircos
316 1451 378 1485 pro
396 1447 548 1486 peccato,
566 1447 597 1476 et
614 1452 723 1476 unum
744 1442 887 1476 arietem
907 1441 942 1475 in
961 1439 1133 1474 holocau-

79 1502 183 1531 stum.
206 1496 359 1544 Cumque
380 1499 540 1535 obtulerit
557 1499 717 1543 vitulum,
738 1507 768 1535 et
794 1501 943 1535 oraverit
963 1510 1025 1545 pro
1048 1510 1083 1534 se
1103 1504 1135 1534 es

79 1569 141 1604 pro
159 1559 260 1594 donno
274 1571 354 1602 sua,
374 1565 443 1596 ete.
465 1560 572 1596 Multa
592 1562 650 1597 hic
668 1562 819 1598 intentio
839 1562 1005 1603 dicentis,
1027 1560 1134 1597 simul

80 1625 115 1654 ct
132 1620 309 1656 audientis
327 1627 382 1657 est
399 1622 622 1665 necessaria,
656 1629 693 1658 ut
722 1633 793 1659 non
819 1623 989 1659 recedant
1019 1624 1063 1658 ab
1092 1632 1135 1658 co

81 1681 175 1723 quod
198 1687 334 1717 rectum
353 1689 421 1726 est,
437 1685 520 1729 quia
542 1686 698 1721 maxima
713 1692 796 1721 sunt
814 1686 984 1732 mysteria
999 1695 1042 1721 ea
1056 1695 1135 1730 quae

80 1751 177 1776 nunc
194 1742 340 1787 exponit
354 1743 426 1786 lex,
444 1749 479 1779 et
495 1744 638 1789 quidam
654 1746 689 1780 in
710 1746 798 1791 ipsis
815 1745 1013 1789 offendunt,
1034 1746 1135 1792 igno-

81 1806 202 1836 rantes
221 1811 344 1837 eorum
365 1803 533 1839 virtutem
550 1805 742 1849 dictorum,
759 1806 822 1841 sed
842 1807 918 1842 haec
934 1807 1080 1852 quidem
1097 1807 1134 1841 in

80 1860 209 1904 quihus
229 1860 413 1897 offendunt
435 1863 602 1899 subtilius
624 1864 659 1899 in
684 1865 984 1910 subsequentibus
1009 1866 1133 1901 dicen-

81 1926 151 1955 tur.
171 1921 261 1965 Quia
279 1928 398 1958 autem
417 1925 462 1959 ad
482 1925 599 1970 ipsum
617 1925 799 1961 Christum
818 1936 859 1961 ea
878 1926 920 1961 de
937 1926 1067 1971 quibus
1084 1925 1135 1961 lo-

78 1987 182 2017 cutus
201 1988 257 2018 est
274 1982 458 2029 legislator
475 1985 509 2020 in
528 1986 695 2031 praesenti
714 1986 899 2022 evidenter
915 1986 1131 2028 referuntur,

79 2043 312 2080 manifestant
330 2047 468 2092 species
486 2048 746 2084 sacrificiorum
766 2054 801 2084 et
820 2048 969 2084 effectus
983 2075 993 2092 ,
1015 2049 1076 2084 sed
1100 2054 1135 2084 et

78 2104 116 2140 hi
137 2116 156 2140 a
175 2106 304 2151 quibus
324 2108 501 2144 sacrificia
519 2110 755 2156 accipiuntur.
782 2110 813 2145 A
833 2120 1011 2156 synagoga
1036 2109 1133 2145 enim
1154 2131 1182 2172 C

81 2166 137 2200 vel
158 2167 323 2203 universa
343 2169 572 2206 multitudine
590 2170 746 2207 filiorum
764 2171 874 2207 lsrael
895 2171 1007 2217 accipi
1023 2171 1135 2207 sacri-

83 2227 165 2262 ficia
181 2228 352 2274 praecepit
368 2241 375 2264 :
404 2230 487 2275 quia
505 2230 684 2275 Christus,
714 2232 774 2278 qui
804 2242 869 2278 pro
887 2232 990 2268 nobis
1009 2232 1136 2268 innno-

80 2289 176 2325 latus
193 2295 261 2332 est,
282 2300 326 2326 ex
347 2290 430 2328 filiis
454 2291 563 2328 lsrael
589 2294 785 2329 secundum
812 2304 959 2330 carnem
980 2294 1058 2330 suit.
1084 2294 1136 2330 Ita

80 2356 120 2385 ut
140 2350 272 2387 Paulus
290 2352 444 2388 diceret:
463 2353 518 2389 Ex
536 2354 659 2400 quibus
675 2353 833 2390 Christus
854 2355 1043 2390 secuudum
1059 2367 1137 2390 car-

81 2423 172 2456 nem,
190 2415 250 2459 qui
269 2421 319 2449 est
345 2414 435 2450 Deus
452 2415 651 2451 benedictus
670 2417 706 2466 in
724 2416 868 2460 soecula,
887 2417 996 2452 Amen
1016 2416 1134 2463 (Rom.

80 2473 146 2520 lx).
168 2473 303 2510 Deinde
321 2475 582 2512 sacrificiorum
603 2477 672 2512 alia
698 2477 842 2523 quidem
862 2487 928 2523 pro
951 2477 1111 2523 peccatis
1126 2503 1134 2519 ,

81 2532 150 2567 alia
172 2539 292 2569 autem
315 2535 351 2570 in
372 2535 621 2572 holocaustum
650 2536 752 2582 jubet
783 2537 924 2579 offerri,
957 2537 1135 2582 figurans,

81 2593 175 2628 sicut
202 2595 391 2639 oportebat
418 2594 552 2631 Christi
582 2597 753 2631 sacrificii
777 2597 969 2639 virtutem,
992 2596 1052 2640 qui
1073 2605 1137 2641 pro

81 2652 216 2688 nostris
233 2653 392 2698 peccatis
409 2653 580 2697 offertum
601 2655 684 2690 audi
700 2655 831 2701 quippe
848 2655 998 2690 Paulum
1018 2655 1139 2691 dicen-

82 2719 154 2749 tem
173 2726 180 2748 :
211 2713 368 2749 Christus
388 2716 478 2750 enim
497 2715 602 2751 semel
622 2716 758 2751 oblatus
789 2717 834 2752 ad
859 2716 1052 2752 multorum
1075 2728 1137 2752 ex-

82 2773 277 2809 haurienda
303 2782 458 2821 peccata,
487 2776 669 2811 novissime
697 2778 770 2812 sine
793 2783 933 2823 peccato
960 2778 1138 2824 apparebit

80 2835 354 2881 exspectantibus
371 2847 407 2871 se
427 2835 550 2882 (Hebr.
575 2837 640 2886 lx).
659 2837 749 2882 Quia
771 2844 890 2875 autem
909 2839 954 2874 ad
970 2839 1139 2875 holocau-

81 2898 191 2937 stum,
209 2899 244 2929 et
263 2896 308 2931 ad
322 2895 579 2941 perfectionem
595 2898 760 2934 videlicet
774 2904 810 2935 et
825 2905 1037 2945 provectum
1055 2900 1138 2936 vit-„c

81 2958 189 2999 atque
221 2955 395 2991 virtutum
430 2957 611 3003 Unigeniti
645 2959 863 2996 sacrificium
893 2960 1029 2997 sactum
1058 2967 1112 2997 cst
1127 2989 1136 3004 ,

81 3014 260 3060 quomodo
274 3016 433 3053 dubitari
450 3017 550 3061 licet,
569 3024 692 3065 aperte
712 3019 822 3056 Paulo
842 3021 984 3057 dicente
1004 3033 1012 3056 :
1041 3020 1135 3068 Erqo
1154 3039 1189 3079 D

81 3074 208 3120 fratres
225 3083 256 3112 et
272 3088 331 3112 vos
347 3079 548 3124 mortificati
565 3080 645 3115 estis
663 3079 730 3126 leqi
749 3091 810 3126 per
834 3092 958 3128 corpus
982 3081 1132 3125 Christi,

82 3141 119 3171 ut
135 3137 210 3172 sitis
228 3136 386 3182 alterius,
403 3139 462 3185 qui
479 3150 521 3175 ex
539 3141 686 3176 mortuis
708 3142 912 3185 resurrexit,
934 3148 971 3177 ut
986 3142 1136 3188 fructifi-

82 3208 201 3233 cemur
218 3198 290 3234 Deo
306 3197 424 3246 (Rom.
442 3199 521 3247 vn).
543 3199 705 3246 Haedum,
723 3203 784 3247 qui
802 3202 927 3239 Graece
951 3203 1136 3240 chimarus

84 3255 284 3308 [χιὶμαρος]
303 3258 446 3303 dicitur,
470 3265 567 3297 recte
592 3262 774 3299 immolari
803 3263 848 3299 ab
873 3272 916 3299 eo
935 3264 997 3310 qui
1017 3264 1136 3311 poeni-

82 3318 234 3354 tentiam
264 3319 339 3366 agit
366 3321 606 3365 ostendimus,
632 3326 674 3358 ut
689 3328 773 3369 pote
797 3323 833 3359 in
865 3329 1079 3370 tempestate
1103 3328 1140 3359 et

64 3376 197 3427 -nuctu
216 3380 420 3425 constituti,
436 3391 551 3429 usque
575 3382 660 3419 dum
677 3383 900 3429 poenitentiae
921 3383 998 3429 ejus
1027 3384 1141 3421 susci-

74 3432 208 3495 'ffltur
234 3442 470 3488 sacrificium
499 3443 595 3480 aries
625 3448 765 3488 autem,
793 3450 832 3480 ut
860 3450 944 3492 pote
970 3445 1140 3481 ducatum

86 3493 188 3547 Μ
204 3502 382 3548 praebens,
409 3504 600 3551 deputatus
620 3510 717 3542 recte
739 3505 778 3541 in
808 3505 1073 3549 holocaustum,
1104 3505 1142 3542 id

87 3556 163 3603 int,
179 3559 216 3596 in
231 3561 366 3599 virtute
382 3568 421 3599 et
441 3563 660 3610 perfectione
678 3565 762 3620 ritae
775 3565 959 3612 accipitur.
981 3565 1141 3609 Quorum

77 3604 276 3667 monim,
290 3621 362 3659 nisi
380 3624 654 3670 praepositorum
667 3652 677 3671 ‚
703 3625 834 3662 docere
863 3625 1054 3672 perfecta?
1076 3624 1141 3661 His

95 3665 432 3738 fflhfllabentibus
444 3686 651 3724 omnimodo
666 3686 759 3725 dicis
777 3699 786 3724 :
801 3687 876 3725 Cur
891 3688 922 3725 si
940 3688 1062 3724 hircos
1076 3695 1142 3733 pro

100 3729 319 3805 ΜΨ
333 3746 506 3802 praeeepit
518 3745 655 3792 offerri,
671 3758 768 3786 nunc
790 3749 900 3786 etiam
918 3749 1071 3786 vitulum
1089 3747 1144 3785 of·

99 3790 198 3844 ferri.
209 3792 508 3865 PMJY'UQ
525 3807 646 3844 autem
665 3808 805 3846 ratione
818 3832 831 3856 ,
861 3808 1036 3855 brevique
1053 3807 1144 3846 solvi

1211 352 1284 382 tam
1304 353 1536 392 peccatorum
1555 355 1662 392 quam
1678 345 1858 392 justorum
1877 349 1933 379 est
1955 345 2136 392 Unigeniti
2151 349 2264 385 sacri-

1208 405 1330 442 ficium
1347 418 1357 451 ;
1384 413 1422 444 et
1436 411 1628 453 propterea
1647 405 1740 442 hirci
1758 415 1825 452 pro
1850 415 1982 452 genere
2002 407 2264 450 quodammodo

1206 473 1440 515 peccatorum
1456 468 1578 505 offerri
1600 467 1878 515 praecipiuntur;
1908 465 2041 502 vitulus
2056 472 2176 502 autem
2198 479 2264 513 pro

1202 528 1325 575 justis,
1350 529 1435 574 quia
1452 530 1539 572 bos,
1559 539 1642 565 cum
1664 523 1713 564 sit'
1728 527 1774 563 ad
1793 526 2015 574 operandum
2034 526 2170 563 factum
2190 529 2266 563 ani-

1206 587 1301 632 mal,
1321 587 1357 624 in
1388 597 1543 634 persona
1573 588 1665 635 justi
1695 587 1893 624 secundum
1926 587 2042 633 legem
2075 588 2264 633 accipitur.

1207 648 1312 685 Unde
1332 653 1371 684 et
1387 649 1425 684 in
1442 648 1556 685 vitulo
1578 649 1649 684 ait:
1669 647 1793 684 Orabit
1808 659 1870 695 pro
1885 659 1921 684 se
1935 653 1967 684 et
1983 659 2046 694 pro
2067 648 2169 683 domo
2186 660 2266 693 sua,

1206 709 1352 745 domum
1372 709 1437 746 Dei
1450 709 1589 756 justum
1612 708 1820 756 appellans;
1848 708 1983 744 habitat
2005 709 2096 744 enim
2111 708 2148 744 in
2170 709 2219 743 eis
2236 716 2267 744 et

1205 770 1413 814 inambulat,
1435 772 1512 817 ipse
1532 775 1587 806 est
1607 779 1733 806 eorum
1750 770 1860 813 Deus,
1881 774 1916 804 et
1938 769 1989 804 illi
2009 769 2087 815 ejus
2101 769 2265 815 populus.

1206 830 1455 877 Deprecabitur
1463 836 1494 865 et
1504 842 1566 878 pro
1575 842 1629 874 eo,
1640 830 1676 866 id
1685 835 1755 873 est,
1766 841 1832 876 pro
1844 830 1950 866 domo
1959 830 2115 876 propriae
2125 830 2246 866 carnis
2257 841 2265 864 :

1207 890 1304 925 Nam
1324 896 1355 925 et
1370 891 1399 925 si
1416 897 1596 936 peccatum
1612 901 1682 925 non
1700 890 1868 935 secit,nec
1886 889 1987 925 dolus
2002 890 2160 925 inventus
2173 889 2269 924 estin

1206 962 1264 985 ore
1277 952 1354 996 ejus
1367 951 1400 997 (Ι
1412 951 1490 986 Pet.
1503 951 1558 998 11),
1570 957 1819 987 verumtamen
1833 949 1950 986 Adam
1965 950 2110 986 indutus
2125 955 2192 992 est,
2205 949 2267 995 qui

1205 1010 1501 1055 propitiationem
1515 1016 1664 1056 propter
1690 1011 1937 1054 maledictum,
1953 1011 2049 1057 quod
2067 1010 2178 1047 semel
2201 1011 2268 1046 hu-

1205 1079 1314 1105 mano
1330 1079 1439 1115 super
1455 1070 1644 1106 inductum
1663 1076 1719 1107 est
1736 1071 1874 1117 generi,
1885 1081 1975 1117 opus
1996 1072 2159 1107 haberet.
2173 1071 2268 1107 Audi

1205 1141 1291 1177 ergo
1306 1131 1457 1167 Paulum
1468 1131 1513 1167 ad
1529 1131 1699 1168 Hebraeos
1715 1132 1760 1168 de
1775 1132 1919 1168 Christo
1934 1132 2018 1167 talia
2029 1132 2265 1167 scribentem:

1207 1191 1277 1235 Qui
1295 1203 1363 1228 uon
1395 1192 1497 1229 habet
1529 1193 1683 1240 quotidie
1707 1194 1960 1237 necessitatem,
1977 1193 2269 1240 quemadmodum

1204 1255 1402 1291 sacerdotes
1433 1256 1585 1302 primum
1616 1267 1677 1302 pro
1709 1257 1782 1292 suis
1813 1255 1948 1292 delictis
1977 1256 2109 1291 hostias
2128 1256 2268 1302 offerre,

1203 1316 1328 1352 deinde
1345 1327 1406 1363 pro
1420 1316 1554 1363 populi,
1566 1318 1630 1352 hoc
1649 1318 1740 1352 enim
1759 1317 1840 1362 fecit
1857 1316 1962 1352 semel
1976 1328 2012 1352 se
2028 1317 2217 1362 offerendo,

1607 1389 1758 1425 CAPUT
1794 1390 1854 1426 lv.

1203 1451 1256 1487 De
1273 1451 1407 1487 duobus
1424 1453 1529 1488 hircis
1547 1464 1694 1499 quorum
1714 1463 1804 1488 unus
1819 1452 1856 1486 in
1874 1458 2000 1487 sortem
2020 1451 2085 1487 Dei
2105 1452 2265 1497 pertinet,

1428 1499 1517 1535 alter
1539 1500 1576 1535 in
1601 1500 1820 1535 emissarium
1846 1499 2044 1534 dimittitur.

1253 1561 1370 1608 (lum.)
1393 1560 1547 1607 Cumque
1577 1559 1738 1595 obtulerit
1758 1559 1906 1595 vitulum
1924 1566 1955 1594 et
1978 1559 2127 1594 oraverit
2146 1570 2208 1605 pro
2230 1569 2265 1594 se

1204 1626 1235 1655 et
1259 1632 1320 1667 pro
1343 1620 1445 1655 domo
1465 1633 1542 1663 sua,
1563 1621 1650 1656 duos
1669 1621 1782 1655 hircos
1802 1620 1905 1666 saciet
1930 1625 2024 1654 stare
2050 1631 2167 1655 coram
2193 1619 2265 1654 Do-

1204 1681 1299 1716 mino
1318 1682 1355 1716 in
1376 1682 1463 1716 ostio
1488 1680 1703 1716 tabernaculi
1726 1680 1935 1723 testimonii,
1964 1680 2140 1726 mittetque
2163 1690 2266 1725 super

1204 1747 1390 1787 utrumque
1406 1748 1528 1784 sortes,
1552 1752 1659 1776 uuam
1672 1740 1836 1782 Domino,
1861 1746 1892 1775 et
1911 1739 2017 1775 aliam
2034 1751 2138 1785 capro
2161 1739 2267 1774 emis-

1204 1803 1312 1838 sario.
1332 1802 1442 1848 Cujus
1459 1814 1533 1838 sors
1554 1803 1675 1838 exierit
1686 1802 1851 1845 Domino,
1869 1802 1990 1847 offeret
2007 1800 2107 1836 illum
2123 1812 2184 1847 pro
2194 1812 2270 1846 pec-

1204 1869 1304 1904 cato;
1325 1863 1425 1908 cujus
1443 1869 1558 1897 autem
1574 1863 1610 1897 in
1628 1873 1771 1908 caprum
1791 1862 2024 1903 emissarium,
2044 1867 2170 1895 statuet
2187 1871 2266 1895 eum

1203 1933 1313 1957 unum
1328 1932 1445 1957 coram
1455 1923 1668 1965 Domino,ut
1686 1922 1811 1967 [undat
1829 1933 1945 1968 preces
1961 1933 2065 1968 super
2078 1927 2172 1964 eo,et
2188 1922 2267 1957 mit-

1204 1990 1255 2019 tat
1273 1982 1374 2018 illum
1394 1983 1432 2018 in
1449 1983 1686 2018 solitudinem.
1710 1982 1776 2018 His
1793 1984 1856 2017 rite
1875 1982 2070 2025 celebratis,
2086 1983 2205 2027 offeret
2220 1982 2268 2016 vi-

1204 2044 1317 2079 tulum
1327 2054 1452 2090 royans
1466 2055 1528 2090 pro
1546 2055 1594 2086 se,
1612 2049 1643 2078 et
1659 2054 1721 2089 pro
1740 2042 1842 2077 domo
1862 2054 1940 2077 sua.
1958 2041 2030 2089 (Em
2041 2041 2266 2088 Auqustino.)

1204 2104 1255 2140 De
1275 2105 1414 2141 duobus
1431 2104 1558 2147 hircis,
1580 2114 1652 2139 uno
1671 2102 1909 2145 immolando,
1937 2107 1974 2138 et
1993 2102 2063 2137 alio
2091 2102 2127 2137 in
2147 2102 2269 2137 deser-

1206 2170 1281 2201 tum
1314 2165 1550 2208 dimittendo,
1585 2175 1692 2211 quem
1718 2173 1978 2210 apopompeum
2002 2167 2155 2205 vocant,
2179 2161 2269 2197 solet

1205 2236 1284 2263 esse
1305 2228 1517 2273 disceptatio
1534 2238 1543 2270 ;
1571 2233 1609 2263 et
1627 2238 1646 2262 a
1663 2226 1878 2272 quibusdam
1897 2225 1958 2261 hic
1974 2224 2216 2260 immolandus
2231 2223 2266 2258 in

1204 2289 1299 2325 bono
1316 2289 1508 2335 accipitur,
1531 2289 1590 2325 ille
1608 2295 1730 2324 autem
1750 2288 1986 2324 dimittendus
2003 2287 2041 2322 in
2060 2285 2168 2321 malo.
2188 2285 2266 2320 Non

1206 2355 1326 2384 tamen
1348 2349 1416 2384 iste
1436 2358 1565 2384 sensus
1584 2349 1666 2384 ideo
1684 2347 1954 2383 confirmandus
1968 2352 2035 2388 est,
2056 2346 2140 2390 quia
2159 2345 2268 2379 homo

1205 2409 1243 2444 in
1271 2408 1373 2454 cujus
1405 2418 1514 2443 manu
1546 2408 1583 2442 in
1615 2417 1776 2443 eremum
1802 2407 1925 2442 hircus
1946 2405 2161 2447 dimittitur,
2185 2413 2267 2438 cum

1206 2469 1368 2512 redierit,
1391 2469 1513 2503 lavare
1529 2469 1653 2514 jussus
1674 2474 1730 2504 est
1747 2469 1964 2503 vestimenta
1986 2477 2065 2509 sua,
2084 2471 2121 2501 et
2137 2476 2269 2511 corpus

1207 2540 1310 2566 suum
1327 2539 1434 2574 aqua,
1454 2536 1490 2564 ct
1511 2530 1563 2564 sic
1579 2530 1716 2575 ingredi
1735 2530 1771 2565 in
1791 2535 1924 2572 castra,
1953 2534 2122 2574 tanquam
2143 2533 2179 2564 et
2199 2528 2269 2563 hoc

1207 2592 1254 2627 sit
1274 2590 1462 2633 indicium,
1485 2601 1549 2626 cur
1567 2591 1603 2626 in
1621 2590 1716 2626 malo
1737 2590 1784 2626 sit
1803 2590 1862 2625 ille
1882 2590 2005 2625 hircus
2023 2588 2266 2635 accipiendus,

1207 2662 1227 2687 a
1258 2652 1359 2698 cujus
1390 2652 1604 2698 contagione
1634 2652 1743 2687 homo
1774 2651 1972 2687 abluendus
1989 2658 2068 2693 est;
2096 2651 2148 2686 sic
2172 2651 2266 2686 enim

1207 2712 1295 2747 dicit
1326 2711 1544 2747 abluendum
1559 2738 1568 2754 ,
1588 2716 1626 2746 ct
1652 2711 1714 2757 qui
1745 2711 1894 2746 alterius
1919 2711 2026 2752 hirci,
2051 2711 2113 2756 qui
2134 2711 2171 2746 in
2190 2710 2269 2745 loco

1207 2773 1398 2818 acceperit,
1427 2783 1554 2809 carnes
1574 2778 1677 2808 extra
1699 2779 1818 2808 castra
1837 2773 2098 2816 combusserit,
2129 2772 2213 2818 quia
2233 2777 2270 2807 ct

1207 2834 1250 2869 de
1269 2833 1330 2869 illo
1345 2839 1382 2869 et
1401 2834 1444 2870 de
1462 2833 1574 2869 vitulo
1592 2833 1669 2868 lieri
1680 2831 1795 2878 jubet.
1818 2834 1868 2869 De
1891 2843 2044 2878 quorum
2063 2833 2268 2868 immolato-

1207 2904 1286 2929 rum
1304 2894 1479 2940 sanguine
1498 2893 1538 2929 fit
1558 2893 1718 2939 aspersio
1731 2920 1740 2937 ,
1761 2898 1797 2928 et
1823 2899 1906 2929 sunt
1930 2904 1996 2939 pro
2013 2893 2173 2939 peccatis
2187 2920 2195 2934 ,
2227 2903 2268 2929 ac

1206 2965 1271 3001 per
1296 2956 1365 2992 hoc
1390 2966 1461 2991 non
1495 2955 1720 3002 negligenter
1740 2955 1891 2991 istorum
1911 2956 2062 2992 duorum
2082 2955 2266 2990 hircorum

1207 3018 1392 3054 distinctio
1421 3019 1456 3054 in
1482 3018 1674 3064 allegorica
1699 3018 1963 3064 significatione.
1985 3017 2171 3054 tractanda
2198 3022 2265 3052 cst.

1209 3079 1281 3127 (Ex
1299 3079 1502 3126 Hesychia).
1531 3079 1655 3116 Solent
1674 3079 1760 3116 caeci
1782 3080 1819 3115 in
1848 3079 1982 3115 lumine
2005 3078 2203 3120 offendere,
2232 3083 2269 3112 et

1209 3140 1373 3177 infideles
1391 3141 1428 3176 in
1444 3141 1524 3188 lege
1540 3141 1603 3177 Dei
1620 3140 1876 3183 scandalizari3
1894 3140 1989 3185 qnod
2003 3139 2131 3174 Petrus
2150 3137 2269 3173 sciens

1212 3206 1284 3237 tam
1299 3201 1343 3237 de
1357 3200 1460 3236 Pauli
1477 3201 1574 3237 vasis
1589 3201 1776 3236 electionis
1791 3199 1975 3245 Epistolis‚
1991 3207 2097 3243 quam
2112 3196 2155 3231 de
2168 3195 2267 3232 cinni

1211 3264 1332 3300 divina
1344 3263 1532 3310 Scriptura
1545 3263 1635 3299 dixit
1653 3261 1692 3298 :1
1696 3273 1718 3296 n
1727 3260 1851 3307 quibus
1871 3265 1950 3294 sunt
1967 3257 2129 3304 quaedam
2145 3256 2267 3303 diffici-

1212 3326 1260 3362 lia
1276 3325 1463 3367 intellectu‚
1478 3335 1555 3372 quoe
1569 3323 1702 3359 indocti
1719 3328 1752 3357 et
1771 3318 1950 3356 instabiles
1964 3317 2167 3364 depravant,
2175 3317 2267 3353 sicut

1210 3393 1242 3422 et
1262 3391 1406 3422 coeteras
1425 3385 1644 3429 Scripturas,
1667 3381 1714 3418 ad
1729 3391 1830 3417 suam
1848 3380 2003 3425 ipsorum
2021 3377 2264 3424 perditionem.

1211 3446 1288 3482 Hoc
1302 3450 1339 3482 et
1358 3454 1454 3480 nunc
1471 3443 1670 3489 patiuntur,
1693 3441 1754 3486 qui
1773 3439 1819 3475 ad
1841 3448 1944 3474 suam
1963 3438 2184 3475 voluntatem
2196 3465 2206 3483 ,
2230 3444 2267 3476 et

1210 3516 1283 3542 non
1302 3507 1349 3542 ad
1366 3514 1490 3541 veram
1510 3501 1747 3539 intentionem
1765 3499 1970 3547 intelligunt
1987 3499 2102 3548 legem
2122 3500 2186 3537 Dei
2199 3527 2208 3542 ,
2229 3504 2268 3536 et

1210 3566 1359 3602 noxium
1383 3565 1513 3600 animae
1530 3573 1573 3600 ac
1587 3562 1816 3609 pestilentem
1830 3561 2007 3606 idolorum
2025 3563 2160 3600 cultum
2180 3572 2268 3599 con-

1210 3625 1376 3667 stituere,
1396 3622 1442 3659 ab
1460 3623 1518 3659 his
1531 3631 1613 3668 quae
1630 3621 1727 3658 dicta
1741 3626 1824 3659 sunt
1844 3631 1866 3658 a
1887 3621 2094 3669 legislatore
2112 3621 2268 3660 inaniter

1212 3686 1385 3732 cogitant.
1405 3683 1496 3720 Nam
1513 3683 1659 3720 dicunt:
1678 3682 1796 3730 Super
1815 3682 1905 3720 duos
1918 3682 2041 3719 hireos
2054 3682 2112 3719 lex
2133 3686 2265 3720 sortem

1213 3745 1308 3783 mitti
1331 3744 1527 3792 praecepit,
1545 3753 1658 3780 unum
1677 3743 1862 3788 Domino,
1893 3741 2047 3780 alterum
2070 3747 2194 3780 autem
2221 3743 2266 3777 al

1214 3804 1446 3846 emissionem
1477 3803 1640 3854 separari
1668 3803 1863 3852 praecepit;
1889 3803 2120 3842 emissarium
2145 3805 2267 3860 autem
