2540 4016
1102 52 1139 90 Ο

306 136 380 175 585

304 278 388 305 vasa
415 266 491 312 ejus
505 264 648 310 diripiat
667 261 766 309 (Luc.
785 261 854 307 xi).

351 327 454 364 Tunc
488 331 607 362 autem
633 323 737 369 plene
771 321 1035 367 intelligibilem
1062 320 1203 356 hostem
1237 319 1360 355 subdi-

302 398 398 432 mus,
429 387 466 423 id
487 391 544 423 est
565 383 760 425 diabolum,
782 381 966 429 ligareque
996 391 1079 418 eum
1099 387 1136 416 et
1159 380 1359 427 depraedari

302 455 340 487 et
355 456 566 485 consecrare
579 446 653 482 Deo
674 443 787 490 spolia
807 441 884 488 ejus
901 452 1106 488 possumus,
1122 441 1268 488 quando
1280 441 1358 487 ejus

301 517 428 545 omnes
464 505 658 542 vicerimus
690 502 892 545 machinas,
930 512 1038 538 omne
1080 502 1358 539 contriverimus

300 573 420 614 caput,
449 574 666 611 omnemque
687 564 847 610 speciem
866 563 1009 610 peccati
1036 563 1355 606 declinaverimus,

299 632 428 665 cuncta
446 626 572 662 mundi
602 625 781 662 desideria
801 624 1011 667 vicerimus,
1026 629 1252 668 ‘cunctasque
1284 623 1358 658 vir-

297 692 393 723 tutes
430 684 590 722 assecuti
617 684 794 720 fuerimus
818 695 826 719 :
858 688 943 719 tunc
974 683 1072 719 enim
1102 693 1184 718 eum
1210 683 1357 729 ligatum

299 746 475 783 habemus
507 750 543 781 et
570 743 759 791 praedicari
780 753 987 790 possumus.
1030 743 1092 779 Sic
1113 747 1236 778 autem
1266 741 1357 777 diri—

295 805 436 852 pientes
450 810 487 840 et
505 814 588 840 eum
606 804 780 850 praedicta
798 803 950 839 victoria
971 802 1219 845 devincentes,
1241 802 1358 847 quod-

298 875 440 913 cunque
457 865 726 912 diripuerimus,
748 865 823 901 Deo
838 869 937 900 recte
955 863 1155 900 offerimus.
1180 861 1358 898 Sanctum

299 932 422 964 autem
451 931 660 963 sanctorum
682 924 884 972 perfectum
915 929 1278 970 consummatumque
1294 923 1359 958 ha-

295 987 423 1023 bemus
436 1012 447 1030 ,
474 996 543 1023 nec
562 991 686 1022 nostra
705 984 958 1021 exhortatione
977 994 1044 1021 nec
1063 983 1217 1019 aliorum
1233 992 1356 1029 egens,

295 1046 392 1093 quod
422 1055 490 1081 nec
517 1045 803 1082 additamentum
835 1044 996 1089 aliquod,
1033 1053 1102 1079 nec
1139 1047 1357 1088 provectum

733 126 775 163 B.
803 122 975 162 RABANI
999 122 1147 160 MAURI
1171 120 1386 159 ARCHIEP.
1413 118 1619 158 MOGUNT.
1645 116 1831 158 OPEPUM
1856 117 1976 156 PARS
2000 117 2030 157 1.
2296 127 2321 152 ι

309 209 384 255 ejas
398 205 562 252 diripere,
589 214 618 240 si
637 210 706 238 non
734 201 833 247 prius
851 198 1049 245 alligaverit
1064 199 1203 245 fortem,
1229 203 1263 233 et
1279 203 1360 233 tum:
1378 198 1413 238 A
1429 195 1575 239 debent,
1607 195 1700 232 sicut
1717 194 1867 241 perfecti
1900 203 2042 240 semper
2055 198 2092 230 et
2111 196 2384 234 consummati.
2403 195 2480 233 fru-

2407 119 2479 158 58*

1427 266 1488 303 ges
1507 266 1593 303 ergo
1613 256 1650 291 in
1675 255 1846 302 praesenti
1864 254 1923 291 lex
1941 255 2161 291 messionem
2177 265 2259 300 quae
2276 262 2334 294 est
2365 258 2408 294 de
2425 267 2482 294 se-

1425 316 1524 351 mine
1558 316 1666 359 dicit;
1701 314 1870 351 similiter
1890 320 1927 350 et
1944 325 2052 361 poma
2085 315 2258 350 arborum
2266 308 2480 354 secundum

1425 380 1567 423 tempus
1594 386 1712 413 suum.

1471 436 1524 472 De
1544 436 1603 472 his
1621 441 1741 472 autem
1766 435 1906 472 decima
1918 446 2005 484 pars
2026 437 2101 474 Deo
2134 437 2333 474 secundum
2365 438 2480 486 legem

1424 494 1587 539 debetur,
1608 500 1803 540 utrumque
1826 498 2037 534 autem-hoc
2054 498 2100 534 ad
2115 497 2206 545 legis
2228 499 2480 537 fructificatio-

1423 565 1507 591 nem
1521 555 1638 601 accipi
1657 561 1820 601 oportet;
1855 556 2035 602 siquidem
2051 557 2227 595 Dominus
2257 560 2391 596 bonam
2408 566 2482 597 ter·

1424 624 1503 650 ram
1532 614 1690 651 fructum
1730 615 1943 653 afferentem
1972 617 2121 664 triginta
2157 625 2194 656 et
2227 623 2414 669 sexaginta
2445 629 2482 660 et

1424 680 1582 718 centum,
1609 686 1672 712 eos
1691 676 1753 722 qui
1771 677 1974 723 suscipiunt
1996 679 2147 716 verbum
2167 686 2204 717 et
2228 681 2367 718 faciunt
2383 693 2480 728 eum,

1424 736 1460 770 in
1478 737 1650 780 parabola
1669 738 1848 773 seminum
1862 740 2152 786 evangelicorum
2167 751 2352 789 exponens
2366 744 2476 788 dixin

1423 794 1537 830 David
1558 802 1680 832 autem
1701 807 1797 834 nunc
1822 797 1956 834 clamat
1973 812 1980 834 :
1997 799 2122 837 Iustus
2143 808 2182 837 ut
2207 803 2325 849 palma
2344 805 2482 850 florebit
2530 785 2540 860 1

1425 854 1540 901 (Psal.
1578 855 1653 903 xm)
1673 868 1682 901 ;
1719 863 1756 894 et
1771 868 1898 895 rursus
1918 871 1926 894 :
1950 858 2027 906 Eyo
2055 867 2171 896 autem
2190 863 2281 897 sicut
2298 862 2389 898 oliva
2406 863 2482 909 sru-
2530 870 2540 911 ,ξ

1424 917 1548 963 οιὶῙενα
1561 918 1599 954 in
1611 919 1714 954 domo
1735 919 1880 955 Domini
1901 919 2016 967 (Psal.
2038 921 2111 969 L1);
2138 932 2237 959 nunc
2255 927 2377 959 autem
2396 924 2482 960 bre-
2532 918 2540 965 Ξ

1423 977 1518 1014 viter
1551 979 1760 1015 describens
1783 979 1921 1025 justum
1941 981 2012 1016 :Et
2038 982 2119 1026 erit,
2141 982 2205 1027 ait,
2229 984 2319 1019 sicut
2347 983 2481 1031 tionum
2536 975 2540 996 ⁶

1424 1039 1517 1085 quod
1552 1039 1749 1086 plantatum
1770 1047 1819 1077 est
1848 1053 1946 1077 secus
1979 1043 2145 1079 decursus
2172 1056 2358 1090 aquarum,
2388 1045 2481 1093 quod
2496 1015 2540 1182 ἡ.

295 1116 387 1152 opus
421 1106 546 1142 habet.
571 1105 758 1150 Quomodo
776 1104 896 1141 enim?
926 1103 1016 1148 Quia
1036 1113 1144 1140 omne
1164 1109 1352 1150 peccatum
1370 1098 1402 1137 B
1422 1098 1575 1144 fructum
1587 1111 1690 1135 suum
1714 1100 1811 1135 dabit
1831 1101 1869 1135 in
1892 1106 2044 1147 tempore
2067 1113 2130 1137 suo
2147 1102 2266 1150 (Psal.
2291 1104 2333 1151 1).
2368 1103 2481 1150 Hujus

295 1165 427 1208 evasit,
447 1174 591 1202 omnem
609 1170 731 1201 autem
763 1165 936 1200 virtutem
953 1169 1143 1210 operatum
1162 1169 1200 1200 et
1219 1164 1355 1200 aliena-

295 1231 373 1262 tum
390 1230 445 1261 est
475 1226 610 1262 mundo
637 1225 843 1270 mundoque
870 1224 1096 1261 crucifixum.
1130 1224 1244 1261 Nimis
1268 1234 1354 1271 ergo

295 1290 560 1330 consequenter
577 1284 714 1320 addidit
727 1284 793 1318 :Et
808 1285 919 1319 omnis
929 1284 1143 1319 consecratio
1158 1295 1236 1330 quoe
1250 1285 1354 1330 offer-

294 1352 352 1382 tur
369 1346 411 1381 ab
434 1346 574 1380 homine
600 1355 671 1379 non
702 1344 904 1386 redimetur,
924 1343 983 1379 sed
1019 1348 1131 1378 morte
1167 1344 1350 1378 morietur.

294 1405 373 1449 Qua
387 1405 529 1441 morte?
565 1403 641 1447 Qua
657 1403 792 1438 Paulus
811 1402 955 1438 dicebat
975 1414 982 1437 :
1009 1401 1095 1436 Vivo
1131 1407 1248 1436 autem
1272 1402 1352 1447 jam

296 1476 366 1500 non
398 1476 474 1510 eqo,
491 1464 574 1499 vivit
603 1468 720 1498 autem
735 1463 771 1497 in
791 1473 845 1497 me
863 1461 1035 1496 Christus.
1056 1461 1102 1496 Et
1117 1471 1243 1496 rursus
1264 1472 1273 1496 :
1294 1460 1353 1497 Sic

293 1531 326 1561 et
358 1535 415 1560 vos
433 1524 601 1559 oestimate
622 1533 679 1558 vos
697 1528 852 1557 mortuos
878 1521 1016 1567 quidem
1033 1526 1187 1567 peccam,
1204 1521 1351 1556 viventes

293 1590 410 1620 autem
435 1584 509 1619 Deo
528 1584 567 1618 in
591 1581 729 1618 Christo
755 1581 854 1622 Jesu,
875 1581 956 1617 talis
974 1591 1074 1627 ergo,
1097 1581 1189 1616 sicut
1208 1580 1267 1626 qui
1288 1591 1350 1616 us-

295 1655 366 1691 que
388 1645 434 1680 ad
450 1644 594 1680 culmen
612 1643 756 1679 virtutis
774 1642 930 1688 proficit,
957 1647 994 1678 et
1019 1651 1208 1678 mensuras
1231 1642 1349 1677 conti-

293 1706 360 1752 git,
381 1705 418 1741 id
437 1703 668 1750 perfectionis
688 1709 743 1739 est
765 1714 774 1746 ;
815 1708 979 1739 mortuus
1001 1703 1098 1739 enim
1125 1703 1257 1739 saeculo
1280 1709 1350 1747 est,

294 1769 331 1800 et
350 1774 371 1799 a
388 1763 624 1810 praesentibus
644 1762 795 1805 alienus,
821 1767 857 1798 et
885 1763 971 1798 olim
991 1773 1011 1798 a
1031 1763 1158 1798 mundi
1179 1763 1351 1809 migravit

292 1824 491 1871 sapientia3
508 1829 607 1860 recte
627 1829 775 1860 sanctus
794 1829 1001 1859 sanctorum
1017 1823 1170 1859 Domino
1187 1829 1256 1866 est,
1289 1823 1351 1869 qui

292 1890 457 1922 sanctum
475 1889 684 1921 sanctorum
705 1884 867 1920 imitatus
880 1888 936 1920 est
949 1883 1147 1919 secundum
1159 1883 1349 1929 possibili-

293 1951 405 1984 tatem
425 1956 542 1983 suam.

685 2006 835 2045 CAPUT
861 2007 969 2044 xvn.

295 2069 348 2105 De
365 2068 509 2104 decimis
529 2073 632 2104 terroe
658 2078 701 2103 ex
722 2068 880 2114 sruyibus
898 2074 929 2103 et
944 2068 1054 2113 pomis
1075 2066 1266 2114 quomodo
1271 2077 1351 2114 pos-

716 2116 783 2149 sint
811 2115 947 2149 redimi.

346 2189 463 2237 (lum.)
493 2189 620 2225 Omnes
646 2190 788 2225 decimoe
809 2196 923 2233 terrm,
942 2190 1011 2225 sive
1031 2190 1072 2225 de
1093 2190 1266 2236 stafilius,
1283 2191 1352 2226 sive

300 2251 343 2286 de
370 2250 482 2297 pomis
510 2250 689 2293 arborum,
718 2250 860 2285 Domini
881 2258 975 2293 sunt,
996 2256 1027 2285 et
1051 2250 1103 2285 illi
1130 2251 1353 2295 sanctifican-

297 2316 367 2345 tur.
394 2309 432 2346 Si
456 2310 533 2356 quis
567 2316 682 2345 autem
703 2310 849 2345 voluerit
877 2310 1045 2345 redimere
1078 2310 1231 2345 decimas
1255 2321 1351 2353 suas,

299 2370 405 2406 addet
445 2371 603 2416 quintam
634 2376 768 2416 partem
798 2380 930 2405 earum.
957 2370 1121 2404 Otmtium
1140 2370 1353 2405 decimarum

298 2431 390 2466 bovis
410 2435 443 2466 et
466 2431 539 2465 ovis
556 2441 738 2476 caproeque
762 2440 840 2476 quoe
859 2429 922 2463 sub
948 2430 1098 2475 pastoris
1120 2430 1216 2475 virya
1235 2435 1353 2465 trans-

296 2496 390 2533 cunt,
424 2489 593 2536 quidquid
611 2489 784 2524 decimum
808 2489 951 2531 venerit,
972 2489 1252 2534 sanctificabitur
1283 2489 1355 2525 Do-

296 2551 404 2585 mino.
427 2548 511 2585 Non
529 2549 676 2595 eliqetur
696 2559 708 2584 .·
729 2559 789 2584 nec
808 2549 934 2584 bonum
964 2560 1024 2584 nec
1054 2549 1200 2592 malum,
1221 2560 1282 2585 nec
1303 2549 1356 2585 al-

297 2615 369 2645 tero
390 2609 662 2645 commutabitur
684 2609 837 2656 :siquis
870 2609 1066 2651 mutaverit,
1097 2615 1129 2644 et
1154 2609 1247 2656 quod
1280 2621 1358 2645 mu-

300 2675 414 2704 tatum
429 2675 494 2711 est,
512 2675 544 2703 et
565 2680 626 2714 pro
644 2679 711 2715 quo
727 2675 901 2704 mutatum
915 2676 980 2713 est,
1000 2670 1277 2715 sanctificabitur
1290 2670 1359 2705 Do-

300 2729 394 2764 mino
407 2734 439 2763 et
459 2739 529 2764 non
543 2728 745 2763 redimetur.
765 2729 904 2772 Quaeris
924 2729 1043 2765 forsan
1058 2730 1158 2774 cujus
1174 2730 1225 2766 rei
1243 2731 1358 2777 gratia

298 2787 456 2824 fructum
491 2787 637 2834 quidem
673 2793 779 2824 terrae
812 2789 940 2824 redimi
974 2788 1151 2824 decimam
1178 2790 1354 2836 praecipit,

301 2849 413 2886 boum
442 2855 564 2886 autem
581 2855 619 2886 et
634 2850 756 2885 ovium
775 2860 848 2886 non
878 2852 1071 2897 praecipit?
1096 2852 1197 2896 Quod
1215 2852 1358 2889 Judaeus

303 2909 425 2945 dicere
444 2919 531 2955 ⁸non
553 2914 686 2956 potest,
718 2909 802 2954 quia
836 2909 902 2945 soli
920 2910 1032 2946 servit
1046 2910 1189 2953 litterae,
1222 2913 1258 2946 in
1287 2922 1358 2957 qua

303 2969 463 3006 maxime
506 2969 621 3005 multa
660 2969 893 3015 quaestionem
934 2969 1145 3015 recipientia
1177 2969 1359 3016 legislator

300 3030 517 3076 interponit,
549 3035 591 3066 ut
625 3029 805 3077 angustati
841 3030 887 3066 ad
923 3029 1090 3076 spiritum
1125 3035 1288 3074 currant,
1323 3035 1360 3066 et

304 3093 423 3129 sciant
460 3092 546 3139 quia
588 3091 709 3128 littera
756 3096 844 3127 tunc
882 3097 938 3127 est
975 3092 1071 3127 bona
1106 3092 1255 3137 quando
1298 3092 1359 3128 illa

305 3154 361 3191 usi
401 3154 538 3190 fuerint
581 3154 680 3191 velut
721 3154 961 3190 instrumento
997 3158 1034 3189 et
1069 3153 1238 3190 ministra
1285 3154 1358 3200 spi-

306 3215 412 3252 ritus.

353 3275 602 3313 Differentiam
621 3285 708 3323 ergo
724 3274 984 3322 discipulorum
999 3274 1089 3321 legis
1105 3274 1167 3311 hic
1180 3274 1360 3321 proponit,

307 3342 345 3374 et
357 3338 662 3384 quemadmodum
678 3338 715 3373 in
730 3337 982 3383 primogenitis
997 3336 1141 3373 mundis
1154 3340 1192 3372 et
1207 3336 1363 3372 immun-

310 3397 380 3439 dis,
398 3398 544 3443 quidam
562 3407 644 3434 cum
662 3397 881 3440 obedientia,
898 3401 935 3432 et
947 3397 1082 3434 bonam
1100 3395 1190 3442 legis
1209 3397 1365 3433 medita-

312 3458 448 3495 tionem
467 3465 504 3495 et
531 3460 719 3496 scientiam
735 3459 1044 3506 conquisiverunt,
1073 3459 1222 3506 quidam
1241 3465 1364 3497 autem

315 3512 400 3556 sunt
414 3521 476 3566 qui
493 3521 606 3557 solam
624 3521 868 3558 obedientiam
888 3521 1046 3565 habent;
1069 3521 1121 3558 sic
1141 3526 1179 3557 et
1207 3521 1268 3558 hic
1285 3521 1365 3568 qui-

311 3581 395 3617 dam
414 3587 607 3628 operantes
639 3583 809 3620 mandata
839 3582 1056 3630 sapientiam
1089 3588 1271 3620 terrenam
1302 3584 1366 3619 ha-

313 3642 413 3688 bent,
443 3649 481 3681 et
506 3651 696 3692 propterea
722 3645 971 3693 redemptione
995 3646 1204 3683 necessario
1240 3649 1365 3693 agenn

315 3703 459 3748 quidam
489 3716 559 3744 nec
585 3706 715 3744 redimi
743 3715 833 3753 opus
865 3706 1014 3751 habent,
1045 3707 1109 3745 sed
1135 3716 1203 3745 nec
1233 3706 1368 3744 mutari

1423 1168 1510 1206 ergo
1530 1160 1671 1196 decima
1689 1167 1815 1197 sancta
1842 1166 1911 1198 est.
1936 1161 2072 1198 Sancta
2092 1163 2190 1198 enim
2221 1164 2351 1200 horum
2383 1165 2480 1201 actio
2537 1208 2540 1209 ⁷

1422 1225 1477 1256 cst
1508 1226 1544 1256 et
1577 1222 1736 1257 studium
1761 1226 1818 1258 est
1838 1234 1846 1257 :
1868 1222 1952 1268 quia
1979 1223 2040 1268 qui
2073 1223 2161 1269 legis
2194 1224 2365 1260 mandata
2395 1234 2481 1270 ope-

1422 1291 1520 1324 rans,
1543 1291 1643 1327 spem
1663 1282 1700 1317 in
1718 1288 1914 1327 praesentes
1947 1274 2204 1320 retributiones
2222 1284 2336 1330 ponit,
2374 1290 2483 1321 terre-
2537 1308 2540 1309 ν

1421 1350 1469 1376 na
1494 1342 1603 1387 sapit,
1620 1342 1745 1387 quales
1763 1348 1870 1378 erant
1889 1344 2034 1388 quidam
2059 1344 2277 1388 Judaeorum,
2311 1346 2356 1381 ad
2390 1356 2481 1392 quos

1421 1404 1461 1434 ut
1492 1406 1576 1445 pote
1605 1406 1713 1437 terrae
1730 1402 1966 1446 haerentibus,
1997 1403 2171 1440 Dominus
2210 1405 2382 1442 dicebat:
2413 1405 2480 1442 Vos

1421 1458 1584 1493 deorsum
1603 1461 1700 1501 estis,
1726 1472 1787 1506 eqo
1811 1462 1993 1497 desursum
2011 1459 2102 1498 sumL
2138 1464 2211 1500 Sed
2229 1470 2265 1499 et
2283 1464 2416 1501 Paulus
2437 1466 2481 1502 de

1421 1518 1474 1554 eis
1496 1518 1587 1554 dixit
1609 1530 1617 1553 :
1638 1519 1707 1562 Qui
1727 1526 1864 1556 terrena
1885 1522 2038 1567 sapiunt,
2065 1528 2185 1558 nostra
2202 1530 2317 1559 autem
2341 1536 2482 1562 conver·
2536 1561 2540 1564 Α

1420 1581 1511 1615 satio
1545 1582 1580 1616 in
1602 1580 1694 1617 coelis
1708 1588 1758 1617 est
1793 1580 1942 1629 (Philip.
1964 1582 2033 1630 ιιι).
2069 1583 2146 1620 Hoc
2171 1591 2292 1621 autem
2310 1597 2407 1622 nunc
2427 1587 2482 1623 in-

1420 1640 1521 1684 nuit;
1553 1652 1670 1687 neque
1703 1643 1800 1678 enim
1818 1643 2029 1690 simpliciter
2050 1645 2165 1680 dixit:
2186 1645 2311 1683 Omnis
2334 1648 2482 1684 decimae

1420 1707 1542 1746 terrac,
1565 1703 1628 1739 sed
1653 1709 1689 1739 et
1722 1715 1838 1740 omnes
1853 1704 1995 1740 decimoe
2011 1711 2112 1741 terroe
2127 1707 2305 1751 praedixit,
2329 1712 2367 1743 et
2395 1714 2481 1744 tunc

1421 1765 1594 1810 subdidit,
1615 1767 1685 1802 sive
1710 1767 1751 1802 de
1769 1767 1940 1814 sruqibas,
1961 1772 1999 1803 ut
2017 1768 2231 1814 praedicaret
2255 1774 2379 1816 aperte
2399 1779 2482 1805 eum

1420 1832 1481 1876 qui
1499 1830 1740 1866 intentionem
1763 1830 2035 1874 exspectatione
2058 1834 2289 1866 terrenorum
2304 1831 2480 1866 bonorum

1420 1892 1509 1938 legis
1532 1892 1703 1928 mandata
1722 1896 1904 1937 operatur,
1926 1897 1962 1927 et
1981 1891 2011 1927 si
2031 1897 2156 1927 sancta
2177 1892 2255 1938 ejus
2268 1891 2422 1935 decima,
2443 1891 2480 1927 id

1420 1958 1487 1996 est,
1519 1953 1681 1988 mandati
1697 1952 1860 1998 operatio
1878 1957 1949 1994 est,
1967 1959 2216 1988 verumtamen
2243 1962 2317 1987 non
2340 1953 2479 1999 grande

1370 2000 1399 2041 C
1417 2012 1586 2060 juvamen
1602 2022 1728 2048 corum
1746 2017 1802 2048 est
1823 2021 1868 2048 ex
1888 2011 1951 2047 tali
1972 2012 2183 2058 operatione
2199 2013 2295 2048 circa
2322 2012 2480 2048 retribu-

1420 2075 1557 2110 tionem
1581 2085 1688 2120 quam
1714 2085 1786 2110 non
1819 2078 1963 2120 oportet
1987 2084 2007 2109 a
2027 2074 2100 2110 Deo
2132 2074 2333 2120 exspectari
2354 2074 2400 2108 ab
2427 2074 2480 2110 eis

1421 2137 1483 2183 qui
1507 2138 1660 2172 terrenis
1682 2138 1833 2173 inhiant.
1862 2137 1964 2174 Unde
1981 2137 2012 2172 si
2029 2137 2106 2173 vult
2123 2137 2243 2182 quivis
2264 2137 2480 2183 sibimetipsi

1421 2197 1598 2233 decimam
1617 2198 1710 2233 banc
1731 2198 1933 2243 acquirere,
1963 2197 2069 2234 addat
2084 2198 2258 2242 quintam,
2279 2196 2315 2232 id
2331 2202 2399 2240 est,
2422 2198 2479 2232 in-

1422 2257 1669 2304 telligentiam,
1689 2264 1728 2293 ut
1747 2270 1823 2304 quse
1849 2269 1989 2294 sursum
2013 2264 2093 2293 sunt
2122 2259 2251 2304 sapiat,
2280 2263 2312 2293 et
2335 2268 2376 2293 ea
2403 2268 2480 2304 quae

1422 2329 1561 2354 sursum
1579 2324 1658 2353 sunt
1675 2325 1808 2365 qucerat
1824 2318 1972 2365 (Coloss.
1989 2318 2060 2365 ιιι),
2075 2317 2375 2363 quemadmodum
2391 2317 2483 2352 Pau·

1391 2386 1394 2390 ’
1423 2378 1478 2415 lus
1515 2379 1708 2415 scribebat.
1731 2379 1800 2423 Qui
1818 2379 1914 2415 enim
1932 2379 2022 2424 legis
2039 2379 2092 2414 sic
2110 2379 2281 2414 mandata
2297 2384 2479 2424 operatur,

1423 2450 1495 2475 non
1509 2440 1628 2486 perdit
1648 2440 1788 2475 lucrum
1807 2440 1899 2486 ejus,
1932 2441 2017 2484 quia
2036 2439 2175 2474 decima
2199 2440 2277 2485 ejus
2314 2438 2479 2475 efficitur.

1423 2501 1518 2547 Ergo
1538 2501 1615 2547 ejus
1632 2501 1694 2547 qui
1728 2506 1874 2537 terrena
1893 2501 2005 2547 ksapit
2029 2501 2168 2537 decima
2190 2505 2315 2536 sancta
2338 2500 2482 2546 quidem

1425 2568 1494 2605 est,
1518 2562 1581 2597 sed
1600 2571 1671 2596 non
1690 2561 1738 2605 ei,
1764 2562 1848 2607 quia
1868 2572 1940 2597 non
1965 2561 2238 2607 intelligibiliter
2273 2561 2482 2596 mandatum

1425 2625 1609 2667 operatur,
1635 2630 1702 2656 nec
1721 2621 1795 2656 scit
1815 2621 1911 2666 quod
1936 2620 2076 2656 lucrum
2092 2621 2129 2655 in
2144 2630 2187 2656 ea
2206 2626 2403 2666 exspectet,
2422 2625 2484 2656 aut
2536 2638 2540 2639 ν

1426 2691 1534 2727 quam
1567 2681 1841 2717 retributionem
1874 2681 1911 2716 in
1946 2691 1989 2716 ea
2021 2685 2156 2726 speret.
2191 2681 2295 2717 Bovis
2314 2687 2429 2717 autem
2452 2687 2484 2716 et

1428 2741 1513 2784 ovis,
1541 2748 1574 2776 et
1606 2752 1822 2788 quoecunque
1848 2741 1910 2777 sub
1927 2753 2069 2777 numero
2098 2747 2178 2777 sunt
2203 2747 2236 2777 et
2261 2742 2324 2777 sub
2350 2743 2482 2788 viryam
2538 2743 2540 2745 ’

1428 2807 1631 2843 transeunt;
1654 2800 1741 2836 dicit
1762 2800 1858 2836 enim
1873 2811 1935 2837 eos
1957 2800 2019 2846 qui
2042 2786 2108 2836 sub
2126 2800 2228 2846 virga
2246 2806 2484 2836 numerantur

1430 2862 1564 2905 crucis,
1585 2861 1720 2907 quibus
1739 2867 1780 2897 ut
1800 2867 2037 2899 numerentur
2068 2861 2158 2898 fides
2186 2861 2251 2897 Dei
2271 2867 2309 2898 et
2328 2862 2485 2898 amicitia
2535 2875 2540 2892 :

1429 2922 1563 2964 donat;
1598 2922 1761 2967 quisquis
1787 2923 1884 2958 enim
1912 2909 2028 2958 fidelis
2060 2927 2116 2959 est
2141 2922 2232 2966 Deo,
2264 2922 2324 2958 hic
2340 2921 2417 2968 ejus
2451 2925 2488 2957 ct
2535 2923 2540 2967 j

1430 2982 1568 3018 amicus
1605 2982 1799 3018 invenitur.
1839 2982 1941 3027 Quod
1971 2983 2197 3019 demonstrat
2223 2981 2422 3024 Abraham,
2444 2981 2487 3016 dc

1429 3051 1500 3088 quo
1521 3042 1655 3078 dictum
1686 3048 1767 3078 est:
1791 3041 1949 3078 Credidit
1972 3043 2151 3079 Abraham
2172 3042 2247 3079 Deo
2277 3048 2310 3078 et
2342 3048 2486 3088 reputa-

1430 3109 1503 3139 tum
1525 3109 1576 3139 est
1602 3104 1633 3139 ei
1652 3104 1904 3151 adjustitiam,
1926 3111 1959 3140 et
1982 3106 2117 3141 amicus
2139 3105 2205 3141 Dei
2228 3103 2423 3152 appellatus
2437 3109 2486 3139 est
2527 3122 2530 3123 ⁷

1431 3164 1551 3212 (Rom.
1571 3164 1637 3212 iv).
1658 3165 1727 3209 Qui
1747 3165 1844 3201 enim
1859 3166 1967 3202 amici
1985 3167 2047 3203 Dei
2061 3175 2212 3202 numero
2229 3165 2328 3212 digni
2348 3165 2487 3201 haben·
2532 3187 2536 3190 -

1431 3229 1506 3267 tur,
1543 3224 1630 3259 licet
1647 3224 1720 3260 sint
1738 3224 1924 3260 immensae
1941 3225 2196 3270 multitudinis,
2218 3231 2254 3262 et
2270 3235 2344 3261 non
2368 3225 2485 3261 solum

1433 3283 1687 3328 sinumerum,
1723 3282 1788 3318 sed
1822 3283 1934 3318 etiam
1964 3284 1995 3319 si
2020 3294 2229 3320 mensuram
2252 3285 2490 3329 excesserint,

1433 3342 1517 3379 audi
1542 3341 1656 3377 David
1677 3341 1855 3377 dicentem
1871 3354 1879 3376 :
1900 3342 1990 3377 Mihi
2009 3349 2126 3379 autem
2144 3345 2249 3380 nimis
2267 3345 2494 3392 honorificati

1435 3408 1519 3439 sunt
1545 3401 1649 3437 amici
1666 3402 1732 3445 tui,
1753 3401 1861 3444 Deus,
1881 3402 1986 3438 nimis
2004 3403 2222 3449 confortatus
2238 3414 2289 3442 esc
2315 3407 2495 3454 principa·
2519 3430 2523 3431 ν

1434 3471 1490 3500 tus
1511 3474 1643 3507 eorum,
1665 3462 1894 3498 dinumerabo
1911 3473 1969 3498 eos
1985 3468 2017 3498 et
2036 3474 2141 3510 super
2158 3475 2305 3503 arenam
2320 3466 2493 3514 multipli-

1435 3526 1607 3561 cabuntur
1631 3521 1746 3571 (Psat.
1773 3522 1948 3570 cxxxvm)
1967 3535 1975 3559 :
1993 3524 2029 3560 hi
2047 3529 2233 3564 terrenam
2262 3539 2336 3566 non
2357 3529 2495 3565 habent

1436 3583 1664 3630 sapientiam,
1681 3592 1749 3619 nec
1770 3581 1806 3618 in
1829 3582 1886 3619 his
1903 3593 1982 3629 quae
2010 3592 2123 3635 agunt
2141 3587 2412 3635 corruptibilem
2430 3597 2493 3623 re-

1438 3643 1672 3679 tributionem
1705 3648 1892 3688 quaerunt,
1921 3651 2071 3692 propter
2106 3649 2202 3694 quod
2227 3657 2301 3685 non
2339 3647 2473 3694 special
2496 3645 2501 3676 ἱ

1439 3705 1621 3753 quippiam
1642 3704 1800 3751 illorum,
1822 3705 1886 3743 sed
1901 3710 2143 3758 quodeunque
2164 3711 2319 3759 egerint.
2343 3709 2472 3748 manda
