2540 4016
63 213 144 256 '169

691 210 1028 250 COMMENTARIA
1050 209 1097 247 IN
1122 209 1330 248 EXODUM.
1354 135 1513 246 —RR
1537 209 1599 249 111.

2181 215 2251 252 170

70 293 215 331 sideriis
230 296 451 340 praegustare
477 287 698 327 eoelestibus.
731 287 840 333 Cujus
874 287 984 323 etiam
1013 285 1124 322 cubiti
1141 287 1178 328 A
1193 292 1329 330 tarum,
1350 285 1482 332 quibus
1502 284 1657 332 apostoli
1677 289 1715 322 et
1737 284 1980 332 Evangelistae
1995 294 2039 323 ea
2058 298 2141 335 quoe
2156 291 2250 327 seri.

70 353 324 400 adimpletione
352 357 436 389 tunc
469 348 744 392 beatificantur,
772 358 855 385 cum
876 346 986 384 fuerit
1004 357 1124 383 sermo

69 423 177 461 quem
192 414 289 452 omni
304 413 500 451 electorum
519 410 650 458 populo
681 410 848 457 promisit
874 410 912 446 in
941 409 1012 445 fine
1031 409 1125 444 sutu-

69 484 150 511 rum
171 475 319 512 dicenst
344 473 505 520 Eripiam
525 483 604 508 eum
630 477 663 507 et
679 470 884 517 glorificabo
900 481 993 514 eum,
1016 470 1126 516 lonqi-
1151 501 1156 505 .

66 535 187 571 tudine
205 534 340 571 dierum
362 531 558 579 adimplebo
578 542 671 575 eum,
697 536 730 567 et
757 530 940 566 ostendam
953 529 1007 566 illi
1026 529 1123 566 salu-

67 599 142 631 tare
157 605 272 631 meum
291 591 407 633 (Psal.
427 593 502 641 xc).

111 657 157 693 In
181 656 348 693 lateribus
368 655 509 699 tabuloe,
527 656 775 691 incastraturoe
798 653 1038 704 fient,·quibu³
1063 657 1122 689 ta-

64 718 146 753 bula
162 717 264 753 alteri
277 715 406 752 tabuloe
420 721 666 758 connectatur;
683 720 785 761 atque
797 715 835 749 in
853 714 945 749 hunc
964 714 1120 756 modum,

62 784 195 814 cunctat
214 777 343 814 tabuloe
363 777 595 823 parabuntur.
612 776 868 812 Incastraturae
885 774 921 809 in
947 773 1120 810 lateribus

62 837 264 874 tabularum
281 838 453 874 virtutem
473 837 662 884 designant
696 834 911 871 humilitatis
930 834 966 869 in
987 834 1122 870 menti-

58 897 126 935 bus
151 899 330 945 justorum
348 927 358 944 ,
388 910 453 946 per
468 908 576 945 quam
594 897 750 934 maxime
768 896 837 932 sibi
856 895 1012 930 invicem
1048 894 1120 930 fra-

58 964 160 995 terna
179 960 354 996 charitate
367 959 579 1004 junguntur.
601 958 692 992 Dum
716 955 814 991 enim
833 954 968 1000 singuli
983 954 1119 1000 quique

57 1027 183 1055 eorum
207 1020 314 1055 corde
333 1018 487 1054 contrito
511 1021 548 1051 et
564 1016 767 1059 humiliato,
789 1014 1055 1061 receptaculum
1080 1015 1117 1051 in

55 1089 94 1115 se
108 1080 354 1125 proximorum
380 1077 564 1113 dilectioni
584 1080 818 1123 praeparant,
856 1082 893 1112 et
927 1075 1117 1122 diligendis

54 1149 94 1176 se
112 1139 284 1175 fratribus
322 1138 451 1175 merito
482 1138 626 1184 pietatis
645 1147 687 1173 ac
707 1137 909 1173 devotionis
929 1135 1115 1180 exhibent,

1192 355 1298 392 psere
1318 356 1361 382 ae
1389 345 1638 393 praedicavere
1652 372 1664 391 ,
1697 355 1786 382 vera
1815 355 1897 382 esse
1915 356 1960 382 ac
1978 346 2098 383 divina
2119 351 2252 395 proba-

1167 409 1169 411 ’
1191 407 1294 442 hant.
1312 406 1416 442 Unde
1434 411 1490 443 est
1518 406 1606 442 illud
1631 405 1669 442 in
1687 405 1885 453 Evangelio
1908 405 2107 452 saepissime
2121 411 2254 455 repeti-

1192 472 1268 504 tum
1303 479 1312 503 :
1351 466 1448 502 Tunc
1480 466 1707 514 adimpletum
1738 473 1803 510 est,
1835 466 1928 513 quod
1961 465 2095 501 dictum
2113 472 2164 502 est
2192 479 2254 514 per

1190 525 1397 572 prophetam
1413 537 1426 567 ;
1446 530 1495 568 et,
1515 524 1594 561 Hoc
1615 532 1731 561 autem
1749 532 1859 561 totum
1886 525 2020 572 factum
2053 531 2116 570 est,
2134 532 2174 562 ut
2193 528 2255 562 ad-

1190 585 1417 632 implerentur
1455 587 1640 633 scripturoe
1686 586 1950 634 prophetarum.
1986 587 2032 623 Et
2069 587 2253 632 apostolus

1189 644 1320 682 Petrus
1341 646 1385 682 de
1407 646 1562 683 Domino
1579 648 1829 684 testimonium
1848 647 2045 694 perhibens
2062 675 2072 691 ,
2092 648 2226 695 adiecit
2242 662 2251 685 :

1190 705 1236 741 Et
1265 707 1432 743 habemus
1460 708 1652 754 firmiorem
1675 708 1916 756 propheticum
1951 720 2147 745 sermonem
2164 737 2173 753 ,
2197 711 2255 746 cui

1190 766 1393 814 benefacitis
1423 769 1641 805 attendentes
1662 769 1720 817 (ΙΙ
1738 768 1837 805 Petr.
1859 769 1908 817 ι).
1926 768 2024 806 Bene
2042 774 2164 805 autem
2181 770 2256 806 sin-

1189 829 1281 875 gulis
1312 830 1443 867 tabulis
1460 831 1555 867 binae
1580 832 1687 868 bases
1701 838 1953 879 supponuntur
1965 860 1975 877 ,
1997 838 2037 868 ut
2054 843 2254 869 consensus

1188 890 1412 934 propheticae
1436 892 1680 928 attestationis
1712 892 1749 928 in
1785 894 1955 930 omnibus
1985 905 2065 941 quae
2100 894 2252 940 apostoli

1188 949 1315 985 dixere
1340 957 1592 995 monstretur3
1622 953 1680 988 vel
1703 958 1813 990 certae
1834 954 1930 990 binae
1958 954 2064 991 bases
2101 955 2254 1002 singulis

1187 1011 1321 1046 tabulis
1339 1022 1406 1057 per
1422 1011 1514 1048 duos
1530 1013 1679 1058 angulos
1697 1014 1940 1059 subjiciuntur
1957 1043 1966 1059 ,
1993 1021 2045 1059 ut,
2071 1017 2162 1052 bene
2178 1016 2254 1052 sus-

1187 1070 1288 1107 sultis
1307 1072 1468 1119 angulis,
1500 1079 1575 1109 tota
1608 1080 1708 1110 recte
1738 1081 1776 1111 et
1805 1076 2107 1112 indeclinabiliter
2139 1079 2256 1124 possit

1189 1133 1310 1168 tabula
1332 1134 1535 1170 consistere
1557 1145 1565 1168 z
1588 1135 1672 1180 quia
1694 1135 1813 1170 omnis
1834 1135 2034 1182 evangelici
2055 1142 2091 1172 et
2109 1143 2255 1182 aposto-

53 1198 158 1246 quasi
172 1199 302 1235 tabulae
318 1209 444 1235 omnes
462 1198 685 1235 tabernaculi
707 1198 801 1234 inter
815 1198 1030 1234 alterutrum
1052 1208 1118 1243 per
1136 1192 1168 1231 B
1187 1193 1246 1231 lici
1262 1195 1456 1238 sermonis,
1474 1195 1510 1230 in
1528 1195 1751 1240 propheticis
1770 1195 1914 1239 litteris,
1942 1201 1979 1231 et
2002 1196 2147 1233 initium
2164 1188 2256 1243 prce-

53 1260 302 1296 incastraturae
325 1270 458 1296 nexum
493 1259 719 1305 copulantur.
748 1260 793 1294 Et
827 1259 972 1306 quidem
993 1265 1115 1295 erecto

54 1321 285 1357 tabernaculo
305 1332 347 1356 ac
366 1311 579 1367 regulariter
599 1325 684 1355 ante
717 1319 883 1356 ordinato
901 1347 910 1362 ,
941 1330 1115 1366 compago

52 1383 253 1419 tabularum
273 1382 387 1430 figura
405 1384 660 1420 incastraturae
676 1393 747 1419 non
771 1383 953 1427 cernitur3
977 1389 1115 1429 quanta

53 1449 172 1481 tamen
188 1445 318 1480 virtute
341 1445 480 1481 tabulas
498 1445 642 1481 sibimet
664 1445 936 1488 coadunaverit,
959 1445 1034 1490 ipsa
1051 1455 1115 1490 pa-

51 1504 152 1541 rietis
172 1506 376 1542 inconcussi
412 1507 516 1542 firma
549 1506 729 1542 stabilitas
749 1507 907 1542 ostendit
926 1518 934 1541 :
961 1506 1043 1551 quia
1061 1507 1115 1541 ni-

51 1562 183 1598 mirum
201 1564 386 1599 humilitas
405 1564 524 1599 cordis
551 1570 774 1606 sanctorum,
805 1574 875 1608 qua
905 1563 974 1599 sibi
1006 1563 1116 1598 alter-

51 1628 173 1658 utrum
195 1623 429 1665 soederantur,
441 1623 529 1660 soris
543 1624 750 1660 hominibus
764 1624 878 1659 videri
894 1634 963 1659 non
980 1630 1112 1670 potest,

51 1686 112 1722 sed
127 1685 211 1731 quid
227 1686 322 1721 intus
336 1691 506 1731 operetur
528 1696 572 1721 ex
606 1686 682 1731 ipso
703 1690 837 1720 sanetae
858 1685 1030 1721 Ecclesiae
1049 1696 1112 1732 pa-

50 1746 236 1781 catissimo
266 1751 362 1781 statu
381 1746 500 1790 palam
530 1745 697 1780 omnibus
723 1751 832 1790 patet.
858 1745 960 1789 Quod
992 1751 1114 1781 autem

47 1805 148 1853 iubet
168 1808 255 1843 duas
276 1807 311 1841 in
329 1806 457 1841 tabulis
478 1806 627 1851 singulis
646 1806 909 1842 incastraturas
932 1806 1023 1848 fieri,
1044 1807 1113 1842 hoc

49 1874 104 1904 est
129 1869 166 1904 in
196 1873 347 1912 utroque
366 1867 476 1903 latere
509 1867 665 1907 illarum,
688 1866 880 1912 dupliciter
913 1867 1025 1911 accipi
1047 1876 1114 1911 per

48 1927 199 1975 figuram
226 1931 370 1973 potest:
394 1932 432 1961 ut
458 1926 544 1962 etin
574 1927 756 1973 prosperis
774 1927 880 1963 simul
912 1933 1020 1972 atque
1051 1928 1113 1963 ad-

47 1990 163 2027 versis
185 1989 354 2024 inviolata
376 1999 461 2036 erga
495 1988 627 2024 fratres
660 1989 744 2034 jura
780 1989 971 2024 charitatis
991 1999 1112 2025 serve-

47 2061 139 2087 mus.
157 2050 314 2093 Quarum
342 2050 461 2096 viqinti
480 2055 580 2084 erunt
605 2050 639 2083 in
660 2049 768 2084 latere
788 2049 997 2092 meridiano,
1016 2050 1110 2096 quod

47 2113 153 2158 vergit
171 2112 215 2146 ad
231 2118 413 2147 austrum:
429 2111 799 2157 quibusquadraqinta
814 2111 911 2147 bases
926 2118 1109 2158 arqenteas

48 2172 185 2219 fundes,
209 2178 244 2207 ut
265 2172 353 2207 bime
373 2172 470 2207 bases
486 2170 631 2217 singulis
649 2170 775 2206 tabulis
794 2183 855 2218 per
873 2171 961 2207 duos
994 2183 1108 2218 anqu-

47 2233 100 2269 los
125 2233 371 2279 subjiciantur.
390 2233 528 2277 Quanta
549 2233 658 2269 suerit
677 2233 864 2280 longitudo
884 2234 1109 2270 tabernaculi

46 2295 252 2341 specialiter
268 2306 339 2331 non
355 2295 582 2341 exprimitur,
613 2294 675 2330 sed
698 2306 742 2330 ex
760 2305 803 2331 eo
833 2294 995 2330 innuitur
1013 2295 1109 2340 quod

45 2356 203 2403 parietes
211 2356 288 2402 ejus
297 2366 340 2391 ex
356 2355 488 2391 tabulis
503 2355 628 2400 viginti
641 2355 816 2401 compacti
830 2360 950 2391 essent
967 2367 976 2398 ;
1000 2361 1037 2390 et
1054 2355 1109 2391 hae

46 2415 193 2462 singulae
211 2415 370 2461 singulos
392 2415 532 2451 cubitos
553 2424 596 2450 ac
622 2415 809 2450 semissem
828 2414 1030 2450 latitudinis
1044 2415 1107 2450 ha-

45 2475 167 2513 buisse
198 2477 448 2522 perhibentur.
470 2475 605 2523 Viginti
627 2487 784 2523 namque
802 2477 916 2513 cubiti
947 2482 984 2512 et
1002 2477 1108 2513 vities

46 2538 155 2574 semis
173 2539 311 2582 cubiti,
341 2539 487 2584 triginta
508 2539 713 2574 cubitorum
742 2549 921 2575 summam
954 2539 1108 2584 comple-

46 2598 159 2634 bunt:
181 2608 289 2643 quam
314 2597 425 2634 luisse
459 2598 684 2635 tabernaculi
713 2598 976 2645 longitudinem
997 2598 1107 2634 etiam

46 2659 223 2705 Josephus
242 2659 379 2695 scribit.
414 2660 458 2694 Et
473 2659 566 2695 bene
597 2661 666 2696 hoe
697 2670 849 2695 numero
881 2659 1108 2697 tabernaculi

32 2719 232 2766 longitudo
265 2720 608 2765 comprehenditur:
633 2721 719 2767 quia
752 2726 828 2758 tres
847 2727 932 2757 sunt
951 2722 1107 2765 virtutes

32 2780 86 2818 *in
102 2781 231 2827 quibus
255 2781 503 2828 principaliter
521 2782 638 2817 omnis
656 2787 790 2818 sanctae
821 2783 993 2819 Ecclesiae
1023 2794 1107 2829 per-

31 2840 155 2881 trectio
173 2843 360 2886 consistit,
392 2843 561 2879 videlicet
583 2842 671 2879 fides
690 2871 699 2887 ‚
733 2854 816 2890 spes
845 2849 882 2880 et
916 2846 1104 2882 charitas:

30 2914 127 2952 1quae
139 2915 204 2951 per
228 2905 353 2940 decem
371 2904 721 2950 multiplicantur-,ut
742 2905 959 2942 tricenarius
980 2916 1106 2942 nume-

47 2974 110 3001 rus
141 2965 355 3011 impleatur,
389 2965 473 3001 dum
500 2965 694 3001 virtutihus
716 2966 848 3002 mentis
874 2975 983 3012 opera
1009 2967 1104 3002 bona

29 3023 257 3074 Jiunguntur,
276 3037 358 3072 quae
375 3025 545 3071 decalogo
563 3026 654 3072 legis
671 3026 917 3069 eontinentur,
952 3037 998 3063 ne
1024 3028 1106 3073 quis

30 3082 117 3129 inihi
141 3085 251 3122 fidem
267 3113 277 3129 ,
312 3095 414 3132 spem
441 3091 478 3121 et
514 3085 746 3121 dilectionem
770 3085 807 3121 in
837 3086 951 3122 Deum
972 3087 1108 3132 absque

28 3152 195 3195 ceperum
217 3147 432 3184 executione
449 3151 554 3192 putet
572 3146 737 3183 sufficere.
755 3157 875 3192 posse.
900 3146 1003 3191 Quod
1020 3157 1107 3183 vero

28 3209 220 3261 l'fflmerus
245 3205 452 3244 tabularum
470 3206 678 3243 vicenarius
695 3211 774 3250 est,
809 3212 845 3243 et
870 3207 940 3243 hoc
968 3217 1108 3253 magnae

84 3277 93 3300 ·:·
114 3273 255 3307 ctorum
274 3267 509 3315 perfectionis
529 3268 742 3315 mysterium
767 3268 943 3305 continet.
971 3267 1109 3312 Quater

67 3329 136 3361 Ὅ··
171 3330 302 3377 quini,
331 3329 471 3365 faciunt
504 3328 634 3375 viginti
656 3333 722 3365 :et
751 3339 834 3365 cum
858 3329 916 3364 lex
950 3329 1108 3365 Mosaica

83 3397 114 3438 41
139 3399 208 3429 lue
230 3389 346 3433 libris,
372 3389 490 3436 gratia
506 3394 629 3425 autem
646 3393 682 3425 et
704 3389 839 3425 veritas
862 3389 953 3425 Novi
982 3389 1109 3426 Testa-

59 3449 63 3455 “
132 3461 158 3490 ἡ
193 3453 350 3494 quatuor
373 3448 492 3486 sancti
525 3448 713 3495 Evangelii
740 3449 984 3485 voluminibus
993 3454 1109 3486 ‘com-

102 3498 109 3507 ’
130 3510 133 3512 ’
162 3521 217 3540 *w
251 3512 326 3551 est,
363 3509 495 3545 merito
530 3508 647 3544 sancti
686 3509 855 3546 doctores
877 3536 887 3554 ,
921 3509 1108 3546 vicenario

111 3616 113 3618 .
135 3615 143 3622 ..
208 3567 486 3616 apt-iniuntur,
507 3568 592 3614 quia
617 3569 711 3604 miro
727 3569 898 3605 veritatis
911 3578 1107 3614 consensu,

271 3643 273 3645 ’
287 3637 401 3679 atque
410 3632 616 3679 completa
606 3643 645 3668 m
657 3632 853 3680 Evangelio
866 3632 956 3680 legis
974 3642 1108 3669 arcana

68 3688 107 3707 ·’
221 3704 224 3713 ¹
253 3705 273 3732 ,·
306 3692 617 3759 ,nemrim
634 3692 776 3732 luisse
766 3704 804 3731 m
822 3692 902 3741 lege
921 3693 1108 3741 Evangelii

181 3748 184 3749 ⁷
274 3754 305 3778 '-
495 3787 501 3791 ,
527 3752 649 3793 Bam
662 3758 795 3801 antem
810 3754 943 3801 quitus
972 3754 1108 3793 tabulae

31 3803 614 3861 mfflmt
627 3811 766 3860 etlihri
782 3813 874 3861 tegis
889 3823 935 3852 ao
950 3814 1106 3862 prophe-

319 3867 505 3916 Pxnm..
530 3871 682 3923 (ivm.

27 3339 39 3850 ---οφ-οοισ

34 3952 40 4010 3·
68 3962 92 4016 ι’

1185 1257 1368 1302 signatum
1391 1257 1579 1292 invenitur
1604 1262 1641 1292 et
1674 1256 1771 1293 finis.
1792 1257 1890 1293 Bene
1911 1257 2045 1293 eaedem
2064 1258 2171 1294 bases
2199 1270 2256 1294 ar-

1183 1323 1323 1364 genteae
1353 1323 1438 1353 sunt
1457 1317 1560 1353 sactae
1575 1345 1583 1360 ,
1607 1322 1756 1364 propter
1773 1317 1930 1354 nitorem
1956 1317 2125 1354 videlicet
2152 1320 2254 1355 verbi

1183 1378 1359 1414 coelestis.
1383 1378 1535 1425 Eloquia
1559 1379 1655 1415 enim
1677 1379 1819 1414 Domini
1834 1378 1972 1424 eloquia
1995 1385 2107 1422 casta,
2127 1390 2254 1426 arqen-

1183 1444 1258 1474 tum
1282 1440 1360 1485 igme
1374 1441 1615 1475 examinatum
1632 1446 1748 1476 terroe.
1760 1440 1780 1475 1
1784 1452 1806 1475 n
1825 1440 1934 1477 latere
1948 1452 2084 1488 quoque
2100 1441 2252 1477 secundo

1183 1501 1420 1544 tabernaculi,
1439 1502 1532 1548 quod
1550 1503 1657 1548 verqit
1673 1503 1718 1537 ud
1741 1502 1953 1549 aquilonem,
1984 1504 2103 1550 viginti
2122 1503 2252 1538 tabutoe

1182 1568 1285 1596 erunt
1320 1562 1557 1608 quadraqinta
1594 1562 1756 1598 habentes
1795 1563 1893 1599 bases
1926 1571 2124 1610 arqertteas.
2150 1563 2252 1599 Binae

1183 1623 1281 1658 bases
1297 1623 1444 1669 sinqulis
1461 1622 1591 1658 tabulis
1604 1631 1858 1669 supponentur.
1878 1624 1990 1659 Latus
2011 1624 2252 1659 meridianum

1183 1685 1407 1721 tabernaculi
1438 1685 1535 1731 quod
1558 1685 1731 1731 vergebat
1765 1686 1810 1720 ad
1843 1691 2033 1726 austrum,
2063 1685 2252 1730 antiquam

1182 1745 1280 1780 illam
1306 1746 1371 1781 Dei
1399 1746 1542 1791 plebem
1584 1746 1775 1791 designat,
1811 1756 1891 1791 qua:
1928 1747 2046 1781 lucem
2089 1746 2251 1782 scientiae

1180 1807 1307 1854 legalis
1331 1807 1407 1853 jam
1437 1808 1572 1843 dudum
1599 1809 1783 1854 accipiens
1801 1835 1809 1851 ‚
1835 1818 1959 1844 amore
1978 1808 2032 1843 sui
2052 1808 2251 1843 conditoris

1180 1868 1323 1904 fervere
1345 1868 1495 1904 solebat.
1521 1869 1635 1904 Porro
1657 1869 1751 1905 latus
1772 1870 1985 1913 secundum,
2011 1871 2107 1915 quod
2125 1881 2252 1916 verge-

1179 1928 1242 1963 bat
1262 1929 1305 1963 ad
1327 1929 1534 1974 aquilonem
1559 1940 1638 1964 cam
1659 1940 1739 1974 quae
1760 1930 1921 1966 tenebris
1950 1941 1992 1966 ac
2016 1930 2150 1978 frigore
2169 1931 2251 1966 infi-

1180 1988 1340 2024 delitatis
1358 1987 1476 2035 ‘usque
1501 1991 1547 2026 ad
1581 1996 1721 2036 tempus
1755 1990 1952 2027 Dominicoe
1988 1992 2250 2027 incarnationis

1181 2055 1325 2095 torpere
1358 2061 1429 2086 non
1453 2051 1644 2086 destiterat
1675 2053 1837 2098 gentium
1867 2052 2137 2088 multitudinem
2159 2053 2249 2100 figu-

1130 2093 1159 2135 C
1182 2117 1239 2146 rat
1259 2112 1330 2147 :de
1362 2110 1463 2157 cujus
1484 2113 1675 2148 vocatione
1704 2113 1857 2159 pulchre
1882 2114 2057 2150 Dominus
2081 2125 2147 2161 per
2165 2125 2250 2160 pro-

1179 2173 1327 2218 phetam
1349 2185 1356 2207 :
1376 2173 1524 2217 Dicam,
1546 2174 1686 2220 inquit,
1713 2175 1870 2221 aquiloni
1889 2185 1900 2209 .·
1923 2175 1996 2218 Da,·
2028 2183 2060 2211 et
2092 2184 2213 2212 austro
2236 2187 2248 2212 .·

1180 2233 1268 2268 Noli
1285 2234 1468 2279 prohibere
1489 2233 1579 2281 (Isa.
1599 2234 1703 2283 xuu)
1726 2248 1733 2270 :
1757 2235 1859 2280 Quod
1878 2242 1934 2272 est
1956 2241 2080 2282 aperte
2097 2238 2218 2274 dicere
2238 2249 2247 2273 :

1180 2293 1305 2329 Dicam
1325 2294 1458 2340 populo
1478 2295 1640 2341 gentium
1659 2296 1794 2332 diutius
1818 2297 1896 2332 si-ne
1918 2296 1989 2332 fide
2010 2298 2144 2344 algenti
2169 2308 2178 2333 :
2198 2299 2249 2334 Da

1180 2355 1223 2391 de
1242 2356 1313 2391 tuis
1332 2355 1416 2392 filiis
1436 2357 1499 2402 qui
1515 2357 1560 2392 ad
1577 2367 1665 2392 meae
1681 2357 1790 2394 fidem
1805 2358 2045 2396 consessionis
2060 2365 2095 2395 et
2113 2361 2248 2396 amoris

1179 2418 1411 2453 conveniant.
1425 2417 1551 2453 Dicam
1568 2423 1605 2453 et
1623 2418 1719 2463 plebi
1734 2419 1956 2462 Israeliticae‚
1973 2431 2053 2465 quae
2065 2419 2138 2464 jam
2158 2430 2248 2457 meae

1178 2476 1315 2512 lumine
1334 2477 1552 2523 cognitionis
1570 2479 1759 2514 fruebatur
1779 2490 1788 2514 :
1810 2479 1889 2515 Noli
1908 2480 2101 2525 prohibere
2123 2487 2247 2526 gentes

1178 2539 1215 2575 in
1240 2544 1375 2574 sortem
1395 2539 1584 2574 electionis
1605 2540 1732 2584 recipi.
1753 2540 1878 2575 Dicam
1906 2539 2075 2576 Cornelio
2105 2552 2146 2577 ac
2180 2543 2245 2578 do-

1178 2598 1252 2634 mui
1286 2597 1365 2642 ejus
1398 2610 1406 2632 :
1439 2597 1567 2634 Fidem
1594 2604 1630 2633 et
1659 2599 1841 2644 baptisma
1886 2598 2021 2635 Christi
2060 2601 2245 2648 suscipite.

1178 2659 1304 2695 Dicam
1322 2658 1456 2695 Judaeis
1478 2669 1487 2693 :
1510 2658 1629 2694 Nolite
1651 2669 1781 2706 cogere
1797 2660 1990 2696 eredentes
2011 2671 2054 2696 ex
2077 2662 2244 2708 gentibus

1179 2720 1391 2755 circumcidi
1413 2746 1421 2762 ‚
1449 2719 1581 2764 quibus
1597 2719 1698 2755 fonte
1717 2720 1891 2766 baptismi
1909 2723 2137 2758 consecratis
2155 2723 2246 2760 fides

1176 2787 1214 2817 et
1240 2781 1422 2818 consessio
1457 2782 1622 2817 veritatis
1663 2782 1709 2817 ad
1743 2782 1897 2818 salutem
1935 2782 2078 2819 sufficit.
2129 2784 2245 2822 Unius

1177 2849 1299 2878 autem
1328 2843 1503 2887 numeri,
1538 2853 1794 2879 mensurarum
1829 2850 1865 2880 et
1898 2844 2074 2889 facturae,
2099 2848 2242 2883 tabulas

1176 2910 1371 2949 utrumque
1390 2904 1485 2940 latus
1504 2904 1644 2940 habuit.
1667 2904 1759 2948 Quia
1786 2905 1959 2941 nimirum
1987 2917 2059 2942 una
2097 2909 2242 2944 eadem-

1177 2976 1248 3011 que
1275 2965 1379 3009 fides,
1399 2976 1494 3012 spes,
1515 2966 1691 3009 charitas,
1711 2966 1856 3012 utrique
1869 2967 2001 3013 populo
2019 2977 2085 3012 per
2100 2973 2243 3014 aposto-

1178 3028 1235 3065 los
1252 3028 1486 3075 praedicatur,
1504 3029 1550 3065 ad
1565 3039 1636 3064 una
1656 3033 1807 3075 uterque
1825 3029 2006 3074 promissa
2033 3031 2137 3077 regni
2170 3042 2244 3068 coe--

1176 3091 1279 3127 lestis
1295 3096 1457 3126 vocatur.
1487 3090 1542 3125 Aa
1566 3090 1818 3125 occidentalem
1847 3101 1926 3126 vero
1955 3091 2096 3137 plaqam
2130 3093 2245 3128 taber-

1178 3150 1296 3186 naculi
1318 3151 1427 3196 facies
1461 3162 1523 3186 sex
1557 3150 1720 3193 tabulas;
1744 3157 1777 3186 et
1804 3162 1946 3187 rursum
1972 3151 2062 3187 alias
2086 3152 2176 3188 duas
2205 3154 2244 3187 in

1176 3210 1344 3257 anqulis;
1373 3217 1406 3246 et
1428 3212 1612 3257 eriqantur
1642 3217 1719 3258 post
1743 3217 1878 3257 terqum
1913 3211 2144 3246 tabernaculi.
2182 3211 2243 3246 Jo-

1177 3273 1311 3317 sephus
1332 3271 1461 3308 scribit
1487 3272 1532 3308 de
1559 3272 1796 3308 tabernaculo
1812 3298 1822 3314 ,
1844 3271 1939 3316 quod
1957 3271 2079 3306 decem
2099 3271 2241 3306 cubitos

1177 3333 1346 3368 habuerit
1363 3332 1581 3368 latitudinis.
1605 3332 1741 3368 Scribit
1759 3332 1869 3367 etiam
1896 3331 1990 3376 quod
2017 3330 2148 3366 tabulae
2161 3330 2241 3376 ejus

1177 3401 1358 3427 mensurae
1366 3397 1524 3437 quatuor
1537 3392 1730 3437 digitorum
1746 3390 1882 3425 fuerint
1891 3400 1912 3424 a
1922 3394 2020 3424 terra
2033 3398 2238 3436 suspensae:

1177 3461 1222 3488 ex
1241 3462 1315 3498 quo
1332 3452 1478 3488 videtur
1499 3452 1592 3488 velle
1611 3450 1765 3495 intelligi
1787 3448 1883 3493 quod
1901 3453 2012 3484 tantae
2037 3449 2240 3488 altitudinis

1176 3510 1284 3548 faetae
1311 3511 1449 3547 fuerint
1465 3511 1626 3556 ipsarum
1645 3509 1752 3544 bases
1779 3506 1996 3544 tabularum.
2017 3507 2086 3552 Qui
2110 3521 2239 3548 rursus

1177 3572 1222 3607 de
1239 3572 1310 3608 hoe
1330 3572 1427 3617 quod
1453 3570 1562 3606 modo
1589 3567 1847 3615 proposuimus
1872 3569 2032 3615 capitulo
2050 3581 2094 3608 ae
2110 3571 2155 3608 de
2175 3583 2242 3611 ve-

1177 3632 1295 3668 ctibus
1315 3630 1520 3667 tabularum
1549 3629 1600 3664 ita
1627 3627 1716 3666 dicit
1738 3639 1753 3666 2
1782 3627 2002 3668 Posterioris
2020 3637 2143 3668 autem
2171 3642 2241 3681 pa-

1175 3691 1279 3729 rietis
1297 3700 1427 3726 novem
1460 3690 1604 3726 cubitos
1632 3698 1698 3726 sex
1726 3689 1859 3727 tabulae
1886 3689 2084 3736 faciebant,
2103 3692 2239 3739 quibus

1176 3750 1377 3797 conjunctae
1409 3754 1493 3786 sunt
1525 3749 1606 3786 aliae
1633 3749 1717 3801 duoe
1739 3749 1874 3788 tabulae
1889 3760 1936 3787 ex
1964 3750 2084 3789 medio
2110 3753 2240 3798 cubito

1175 3823 1240 3850 sex
1259 3824 1267 3849 :
1289 3821 1381 3860 quas
1400 3811 1592 3859 angulares
1608 3807 1824 3859 posuerunt,
1857 3811 1904 3849 ad
1937 3811 2054 3850 instar
2081 3812 2239 3855 aliarum

1966 3877 2007 3920 6¹
