2540 4016
318 188 410 228 1185

738 182 778 218 B.
806 181 978 236 RABANI
1001 180 1148 220 MAURI
1172 181 1385 220 ARCHIEP.
1409 181 1615 224 MOGUNT.
1641 186 1832 226 OPERUM
1858 187 1978 226 PARS
2001 190 2028 226 Ι.

2493 0 2540 102 r

2385 193 2479 232 -ttst

316 264 395 307 Dei,
414 265 450 297 et
467 257 722 306 prophetavit;
750 267 822 293 non
839 266 922 292 cum
940 255 1038 301 iuste
1056 263 1191 305 ageret,
1207 257 1269 294 sed
1282 266 1365 293 cum
1380 259 1418 299 Δ
1433 257 1512 295 fleri
1523 258 1647 306 iussit,
1663 262 1788 308 utique
1803 262 1849 298 ad
1868 262 2026 309 aliquam
2044 261 2343 309 significationem
2361 275 2499 305 rerum,

315 333 352 360 m
385 321 502 356 virum
539 323 706 355 sanctum
744 316 857 352 David
892 315 1194 362 innocentemque
1225 316 1368 352 saeviret

315 381 360 430 (Ι
378 379 462 426 Req.
481 378 541 426 x).
565 378 650 424 Agit
667 377 765 414 enim
784 376 932 422 spiritus
949 376 1093 412 Domini
1112 381 1150 412 et
1171 386 1236 423 per
1251 377 1367 413 honos

314 447 350 478 et
363 450 430 488 per
447 440 575 483 malos,
595 443 631 474 et
647 448 712 485 per
730 438 896 481 scientes,
911 443 949 474 et
964 447 1030 484 per
1046 438 1261 482 nescientes,
1270 437 1368 484 quod

315 501 490 549 agendum
507 500 608 536 novit
636 505 674 536 et
696 499 843 544 statuit;
868 500 930 546 qui
958 499 1067 536 etiam
1085 510 1150 546 per
1176 499 1365 546 Caipham‚

314 562 531 598 acerrimum
553 561 697 597 Domini
724 565 1014 606 persecutorem,
1038 561 1260 597 nescientem
1281 561 1368 607 quid

314 622 458 665 dixerit,
468 621 646 668 insignem
658 620 808 667 protulit
823 621 1060 666 prophetiam,
1073 621 1168 667 quod
1185 625 1368 667 oporteret

314 684 495 720 Christum
510 693 575 729 pro
598 687 703 730 gente
725 681 845 729 (Joan.
865 681 930 729 xi).
952 682 1039 726 Quis
1062 683 1157 719 enim
1180 682 1275 727 egit,
1298 681 1368 718 nisi

316 744 470 789 Spiritus
487 743 645 786 Domini,
663 753 796 778 curans
814 743 1055 788 praenuntiare
1073 748 1236 786 ventura,
1258 748 1298 778 ut
1312 744 1369 790 ju-

315 806 384 840 dici
407 804 552 841 Gedeon
576 809 716 840 tentare
743 803 879 840 volenti
906 803 1097 839 Dominum
1111 831 1120 847 ,
1144 809 1180 839 et
1199 815 1271 841 non
1290 814 1369 839 cre-

315 866 412 901 denti
429 866 524 911 quod
543 865 576 902 ei
595 864 715 901 fuerat
731 875 796 910 per
815 875 944 900 manus
962 864 1040 909 ejus
1058 866 1100 901 de
1118 865 1233 901 salute
1246 865 1368 912 populi

311 929 385 974 jam
407 928 561 971 locutus,
584 928 653 964 hoc
671 927 900 973 potissimum
922 926 966 962 de
986 927 1118 963 vellere
1134 927 1244 972 {prius
1272 937 1370 963 com-

313 988 427 1034 pluto,
450 990 679 1035 postmodum
699 989 809 1032 sicco,
834 994 871 1024 et
899 989 942 1024 de
970 998 1052 1024 area
1082 988 1238 1034 primum
1259 989 1367 1031 sicca,

313 1055 437 1095 postea
455 1051 584 1096 rigata,
605 1051 743 1086 veniret
761 1050 797 1085 in
816 1049 999 1084 mentem?
1014 1054 1053 1083 ut
1069 1048 1162 1093 quod
1182 1048 1370 1084 subdeficit

315 1120 335 1144 a
360 1110 443 1153 fide,
470 1110 671 1146 infirmitati
694 1110 771 1154 ejus
800 1110 1001 1154 delictoque
1030 1111 1245 1154 deputatum
1274 1111 1368 1154 quod

314 1179 400 1204 vero
421 1170 531 1205 etiam
550 1169 613 1204 tali
634 1169 711 1214 ejus
730 1169 850 1204 animo
879 1168 922 1203 ad
949 1169 1017 1203 hoc
1037 1169 1132 1213 quod
1160 1169 1281 1213 generi
1302 1170 1368 1204 hu-

314 1239 420 1264 mano
441 1229 636 1274 significari
669 1227 879 1272 oportebat,
901 1237 986 1263 usus
1009 1233 1065 1263 est
1093 1228 1200 1271 Deus,
1223 1229 1267 1264 ad
1293 1229 1370 1275 ejus

314 1289 534 1334 intelligatur
543 1287 829 1323 misericordiam
843 1292 878 1323 et
892 1287 1094 1323 mirabilem
1108 1289 1370 1334 providentiam

313 1350 510 1394 pertinere.

362 1408 401 1444 Si
419 1409 499 1454 quis
515 1414 635 1444 autem
661 1408 747 1444 dicit
773 1407 893 1443 omnia
914 1408 1087 1444 scientem
1107 1407 1236 1444 fecisse
1258 1413 1295 1444 et
1317 1408 1371 1444 di-

311 1471 408 1507 xisse
425 1470 570 1507 Gedeon
590 1480 635 1506 ex
653 1470 872 1506 revelatione
895 1471 1126 1516 prophetica,
1150 1476 1189 1507 ut
1206 1481 1271 1516 per
1288 1481 1371 1507 eum

314 1532 413 1577 signa
434 1531 520 1566 talia
546 1536 855 1574 monstrarentur3
877 1541 944 1567 nec
964 1531 1138 1567 defecisse
1168 1543 1185 1567 a
1215 1532 1309 1575 fide3
1335 1538 1372 1569 et

313 1590 409 1636 quod
439 1590 472 1626 ei
502 1589 577 1635 jam
608 1590 823 1635 promiserat
854 1590 1028 1627 Dominus
1063 1592 1283 1636 credidisse3
1309 1593 1372 1629 sed

315 1653 455 1688 actione
477 1652 687 1698 prophetica
707 1652 742 1687 in
759 1651 890 1688 vellere
910 1653 1066 1689 voluisse
1082 1659 1236 1696 tentare,
1264 1659 1372 1699 atque

312 1712 362 1747 ita
382 1712 476 1747 illius
491 1713 727 1748 tentationem
741 1712 850 1749 fuisse
866 1714 1130 1758 inculpabilem,
1144 1715 1236 1750 sicut
1250 1715 1371 1751 dolum

313 1770 423 1807 Jacob
443 1770 544 1818 (Gen.
570 1772 697 1819 xxvn),
723 1779 759 1808 et
789 1773 874 1808 illud
905 1775 1000 1819 quod
1017 1775 1167 1810 Domino
1188 1776 1238 1811 ait
1260 1788 1267 1810 :
1288 1775 1371 1812 Non

311 1833 489 1868 irascatur
504 1833 697 1879 indignatio
715 1840 774 1869 tua
790 1835 826 1869 in
841 1846 909 1877 me,
929 1845 999 1870 non
1022 1836 1103 1871 ideo
1124 1836 1258 1872 dixisse
1275 1838 1372 1883 quod

312 1891 404 1927 iram
435 1892 511 1938 ejus
534 1894 696 1937 timeret,
731 1895 793 1931 sed
825 1896 920 1940 quod
951 1906 1033 1931 eum
1065 1897 1268 1932 consideret
1299 1907 1371 1933 non

311 1953 434 1998 irasci,
452 1964 591 1990 cumea
614 1954 750 1991 faceret
773 1966 853 2001 quae
880 1956 1008 2002 spiritu
1035 1956 1111 2001 ejus
1136 1956 1293 1993 dictante
1318 1957 1371 1993 sa-

312 2015 439 2051 cienda
472 2026 553 2052 esse
588 2022 760 2063 tanquam
793 2019 970 2063 propheta
1003 2018 1155 2054 sentiret
1172 2031 1179 2054 :
1210 2020 1304 2055 dicat
1331 2024 1370 2054 ut

311 2075 465 2118 videtur,
490 2076 683 2113 dummodo
701 2077 786 2113 illud
803 2079 897 2123 quod
913 2079 957 2113 de
974 2079 1068 2115 sacto
1085 2079 1166 2115 efod
1183 2080 1368 2125 Scriptura

313 2135 390 2180 ipsa
411 2136 583 2180 culpavit,
604 2138 789 2181 quodlibet
812 2138 1001 2183 significet,
1022 2149 1094 2174 non
1114 2141 1245 2174 audeat
1261 2151 1369 2176 excu-

313 2204 393 2230 sare
419 2204 439 2229 a
462 2200 624 2240 peccato.
647 2195 738 2231 Nam
767 2201 803 2231 et
828 2196 916 2231 illud
936 2198 1030 2241 quod
1053 2198 1204 2234 trecenti
1229 2198 1296 2233 viri
1323 2199 1369 2234 ad

312 2255 452 2299 signum
474 2256 593 2290 crucis
612 2256 691 2300 ipso
709 2265 861 2291 numero
878 2257 1100 2301 pertinentes
1114 2258 1262 2302 hydrias
1279 2258 1370 2294 ficti-

312 2313 363 2348 les
383 2319 613 2358 acceperunt,
635 2314 759 2358 eisque
782 2314 948 2350 ardentes
974 2314 1109 2351 faculas
1130 2316 1368 2360 incluserunt,

311 2370 440 2416 quibus
464 2371 602 2417 hydriis
618 2371 755 2416 fractis,
777 2378 925 2418 repente
940 2373 1075 2409 lumina
1097 2384 1288 2411 numerose
1301 2376 1370 2411 mi-

311 2431 431 2466 cantia
448 2437 587 2467 tantam
601 2433 758 2469 hostium
774 2433 1038 2470 multitudinem
1053 2440 1272 2479 terruerunt,
1287 2441 1366 2471 tan-

311 2503 420 2538 quam
449 2504 494 2530 ex
525 2505 590 2530 suo
613 2495 762 2531 arbitrio
789 2496 932 2532 videtur
948 2495 1078 2532 secisse
1098 2497 1271 2541 Gedeon;
1296 2508 1368 2534 non

311 2554 407 2588 enim
440 2553 626 2600 Scriptura
652 2556 738 2592 dicit
764 2556 954 2593 Dominum
984 2557 1215 2594 admonuisse
1239 2564 1279 2594 ut
1301 2560 1369 2595 hoc

312 2612 459 2656 faceret,
473 2620 507 2650 et
521 2620 644 2652 tamen
660 2621 734 2651 tam
751 2617 885 2664 grande
899 2618 1040 2664 signum
1057 2619 1139 2663 quia
1154 2618 1231 2663 eJus
1247 2621 1367 2656 animo

314 2679 420 2718 atque
440 2676 589 2711 consilio
613 2676 831 2720 faciendum,
854 2677 923 2713 nisi
944 2678 1129 2723 Dominus,
1155 2680 1368 2726 inspiravit?

312 2732 378 2776 Qui
396 2734 637 2780 praefiguravit
663 2743 807 2773 sanctos
830 2748 915 2774 suos
939 2739 1146 2775 thesaurum
1171 2741 1367 2786 evangelici

311 2792 457 2829 luminis
473 2794 510 2829 in
526 2795 622 2831 vasis
636 2795 806 2833 fictilibus
827 2798 1014 2835 habituros
1028 2826 1036 2842 ‚
1064 2800 1156 2835 sicut
1173 2799 1366 2845 Apostolus

311 2853 397 2889 dicit
413 2866 422 2889 ε
451 2853 628 2892 Habemus
646 2862 762 2892 autem
777 2858 978 2894 thesaurum
991 2860 1097 2895 istum
1110 2860 1147 2896 in
1166 2861 1256 2896 vasis
1275 2861 1367 2906 ficti-

311 2911 399 2946 libus
421 2913 476 2957 (ΙΙ
497 2914 578 2950 Cor.
596 2915 645 2964 1v)
664 2929 671 2951 :
699 2917 830 2963 quibus
846 2919 884 2954 in
901 2919 1067 2964 passione
1087 2922 1265 2966 martyrii,
1288 2927 1366 2957 tan-

310 2981 419 3016 quam
433 2974 588 3009 vasculis
600 2975 739 3018 fractis,
749 2978 864 3022 major
877 2987 1001 3012 eorum
1017 2979 1137 3023 gloriae
1151 2979 1267 3024 fulgor
1280 2982 1365 3016 cmi-

311 3030 399 3072 cuit,
420 3040 499 3075 quae
523 3032 652 3077 impios
671 3035 886 3079 evangelicae
906 3036 1172 3080 praedicationis
1198 3038 1363 3076 inimicos

310 3091 494 3136 inopinata
510 3091 582 3128 illis
600 3092 734 3129 Christi
756 3094 918 3131 claritate
936 3098 1131 3142 superavit.

358 3150 430 3188 Seu
449 3161 535 3199 ergo
549 3163 615 3199 per
634 3155 787 3191 scientes
806 3165 869 3191 seu
886 3166 950 3202 per
973 3157 1175 3194 nescientes
1194 3160 1360 3205 praefigu-

310 3213 486 3249 rationem
508 3213 868 3260 praedicationemque
894 3215 1096 3252 futurorum
1126 3219 1273 3263 spiritus
1287 3220 1360 3255 Do-

310 3273 397 3308 mini
418 3274 639 3319 propheticis
659 3275 879 3320 temporibus
898 3281 1066 3321 operatus
1087 3283 1154 3313 est.
1189 3277 1262 3314 Nec
1281 3278 1362 3315 ideo

310 3339 458 3378 peccata
472 3344 596 3370 eorum
609 3335 798 3371 dicendum
812 3341 868 3372 est
883 3347 953 3372 non
967 3336 1077 3373 fuisse
1091 3343 1260 3384 peccata;
1277 3340 1361 3384 quia

310 3398 347 3428 et
371 3393 481 3436 Deus,
502 3395 563 3440 qui
581 3400 618 3430 et
639 3395 746 3432 malis
771 3397 905 3432 nostris
929 3397 1020 3433 bene
1036 3397 1089 3432 uti
1108 3397 1228 3443 novit,
1253 3399 1362 3434 etiam

310 3451 398 3496 ipsis
423 3462 548 3488 eorum
574 3455 732 3499 peccatis
750 3465 836 3492 usus
862 3462 917 3492 est
935 3456 979 3491 ad
999 3456 1232 3502 significanda
1247 3484 1257 3501 ‚
1282 3468 1362 3503 quae

310 3511 434 3547 voluit.
454 3511 607 3550 Proinde
624 3514 654 3550 si
674 3520 864 3560 propterea
881 3521 1067 3561 peccatum
1081 3526 1154 3552 non
1174 3515 1241 3552 suit
1253 3544 1263 3560 ‚
1284 3517 1360 3554 sive

310 3573 502 3619 cujuslibet
517 3575 617 3611 necis
635 3576 801 3613 humanae
813 3603 823 3620 ,
839 3576 915 3612 sive
939 3577 1048 3613 etiam
1071 3578 1284 3625 parricidale
1302 3589 1361 3615 sa-

309 3634 498 3678 crificium,
523 3635 580 3671 vel
596 3646 726 3672 vovere
741 3635 798 3672 vel
816 3636 979 3680 reddere,
996 3637 1082 3683 quia
1105 3647 1275 3684 magnum
1295 3637 1360 3674 ali-

309 3693 395 3737 quid
411 3699 449 3730 et
465 3695 626 3748 ffiiritale
647 3695 881 3742 significavit,
901 3695 1036 3732 frustra
1059 3696 1156 3733 Deus
1173 3697 1258 3733 talia
1274 3707 1359 3744 pro-

310 3752 439 3798 hibuit,
457 3760 495 3793 et
508 3766 548 3794 se
563 3757 682 3795 odisse
696 3762 848 3795 testatus
862 3762 942 3803 est;
961 3757 1133 3804 quoniam
1148 3762 1186 3796 et
1202 3757 1263 3795 illa
1279 3766 1361 3804 quac

1436 318 1650 364 spiritalium
1666 331 1950 368 magnarumque
1978 321 2196 358 reseruntur.
2225 322 2298 360 Cur
2321 334 2408 370 ergo
2424 324 2498 363 ium*

1433 379 1655 425 prohiberet,
1689 380 1978 426 quandoquidem
2004 385 2151 426 propter
2180 381 2341 418 eamdem
2363 393 2487 422 rerum

1434 438 1640 474 earumdem
1661 438 1961 484 significationem
1980 444 2170 486 poterant,
2199 446 2346 487 propter
2377 452 2486 487 quam

1435 502 1472 533 et
1489 498 1558 533 ista
1573 497 1670 534 licite
1683 497 1832 540 fiebant,
1844 498 2078 536 nihilominus
2097 500 2194 536 licite
2211 500 2386 544 fieri‚nisi
2401 502 2488 548 quia
2522 492 2525 499 ¹

1435 566 1501 593 nec
1517 558 1589 593 tale
1615 557 1750 603 aliquid
1774 558 2015 604 significantia
2039 561 2146 606 quale
2163 561 2306 607 expedit
2323 564 2485 608 credere,
2519 586 2521 593 ι

1435 617 1592 653 humana
1610 618 1684 653 Deo
1701 617 1877 654 sacrificia
1891 619 2116 665 placuerunt,
2135 621 2276 666 quando
2296 633 2368 658 non
2388 623 2487 669 quis-

1435 690 1505 725 que
1527 690 1592 725 pro
1615 679 1788 725 injustitia
1805 680 1849 716 ab
1865 680 2040 725 inimicis,
2068 682 2151 728 quia
2170 687 2267 718 recte
2288 684 2409 719 vivere
2425 693 2488 719 vo-

1435 739 1502 775 luit
1518 745 1580 775 aut
1593 745 1781 785 peccatum
1801 740 1928 784 noluit,
1954 741 2194 786 interimitur,
2225 744 2287 779 sed
2315 744 2422 780 homo
2442 745 2487 781 ab

1436 801 1580 837 homine
1601 808 1772 847 tanquam
1796 802 1911 838 electa
1937 802 2055 839 hostia
2080 814 2180 840 more
2200 804 2490 850 pecorisimmo-

1435 860 1559 896 latur?

1483 921 1574 965 Quid
1590 922 1633 965 si,
1650 923 1701 958 ait
1714 923 1857 968 aliquis,
1874 924 2045 970 quoniam
2058 934 2231 970 pecorum
2247 924 2403 961 victimae
2415 925 2490 971 jam

1436 990 1479 1016 eo
1496 981 1574 1026 ipso
1594 991 1664 1027 quo
1682 982 1825 1018 fuerant
1843 984 1997 1028 usitatae,
2012 985 2175 1030 quamvis
2195 990 2231 1021 et
2249 985 2334 1031 ipsae
2353 997 2373 1021 a
2393 991 2491 1022 recte

1437 1043 1716 1089 intelligentibus
1730 1045 1774 1079 ad
1788 1044 2085 1092 significationem
2103 1045 2315 1090 spiritalium
2330 1046 2492 1082 reserun-

1438 1108 1508 1145 tur,
1530 1105 1647 1139 minus
1667 1110 1786 1140 tamen
1805 1104 1983 1140 faciebant
2007 1105 2164 1140 intentos
2185 1106 2230 1140 ad
2251 1115 2420 1151 magnum
2435 1116 2491 1142 sa-

1438 1172 1660 1201 cramentum
1685 1166 1820 1202 Christi
1841 1172 1877 1201 et
1895 1165 2066 1201 Ecclesiae
2094 1165 2350 1210 requirendum
2370 1178 2379 1208 ;
2407 1177 2492 1212 pro-

1436 1231 1558 1271 pterea
1578 1226 1672 1260 Deus
1687 1235 1726 1260 re
1744 1225 1875 1270 insigni
1897 1230 1934 1259 et
1950 1225 2133 1269 inopinata
2149 1224 2273 1260 volens
2288 1227 2390 1271 quasi
2405 1227 2491 1262 dor—

1437 1285 1590 1319 mientes
1618 1284 1806 1318 hominum
1837 1283 1977 1319 animos
2009 1284 2190 1327 excitare,
2211 1294 2254 1320 eo
2282 1287 2398 1332 magis
2422 1298 2492 1332 quo

1438 1344 1521 1378 talia
1540 1343 1608 1379 sibi
1629 1343 1806 1378 sacrificia
1824 1343 1944 1379 offerri
1963 1350 2140 1387 vetuerat,
2159 1346 2298 1381 curavit
2317 1347 2385 1382 sibi
2398 1347 2493 1392 ejus-

1437 1402 1534 1438 modi
1555 1403 1690 1449 aliquid
1707 1402 1944 1447 offerendum,
1968 1410 2006 1440 ut
2023 1405 2099 1450 ipsa
2119 1405 2308 1442 admiratio
2325 1417 2493 1453 magnam

1438 1463 1599 1509 gigneret
1613 1463 1863 1508 quaestionem,
1885 1469 1921 1500 et
1942 1474 2070 1510 magna
2090 1466 2238 1511 quaestio
2259 1467 2304 1502 ad
2322 1476 2491 1511 perscru-

1439 1523 1585 1558 tandum
1605 1533 1775 1569 magnum
1796 1524 2007 1569 mysterium
2024 1524 2181 1560 studium
2195 1525 2263 1570 piae
2278 1526 2410 1561 mentis
2424 1526 2494 1562 eri-

1438 1589 1549 1630 geret,
1578 1585 1635 1629 pie
1654 1593 1740 1620 vero
1763 1590 1930 1620 scrutans
1957 1595 2059 1621 mens
2086 1585 2242 1621 hominis
2266 1585 2493 1622 altitudinem

1438 1645 1647 1691 prophetiae,
1670 1645 1767 1681 velut
1798 1645 1904 1681 hamo
1934 1646 2071 1692 piscem
2098 1646 2289 1681 Dominum
2309 1645 2494 1682 Christum

1438 1706 1481 1741 de
1502 1706 1679 1751 profundo
1701 1707 1970 1752 Scripturarum
1990 1707 2138 1743 levaret.
2164 1706 2255 1742 Huic
2275 1717 2340 1742 nos
2360 1707 2493 1743 rationi

1437 1772 1475 1803 et
1498 1767 1779 1803 considerationi
1800 1778 1871 1804 non
1891 1768 2113 1804 obsistimus.
2147 1768 2218 1805 Sed
2247 1769 2317 1805 alia
2343 1769 2495 1815 quaestio

1439 1833 1494 1863 cst
1512 1829 1554 1864 de
1574 1829 1692 1864 animo
1709 1830 1886 1873 voventis,
1907 1830 1976 1865 alia
1995 1830 2038 1866 de
2057 1831 2282 1876 providentia
2300 1831 2386 1874 Dei,
2405 1842 2494 1877 qua-

1438 1889 1605 1934 licunque
1629 1890 1749 1926 animo
1767 1890 1842 1935 ejtts
1866 1891 2000 1936 optime
2023 1891 2170 1927 utentis.
2193 1891 2434 1935 Quamobrem
2459 1891 2490 1927 si

1439 1951 1585 1996 spiritus
1601 1952 1743 1987 Domini
1762 1953 1822 1997 qui
1842 1952 1958 1988 sactus
1977 1958 2032 1988 cst
2058 1962 2164 1998 super
2183 1952 2330 1998 Jephte,
2357 1958 2398 1988 ut
2425 1953 2494 1988 boc

1439 2016 1585 2046 voveret
1615 2012 1760 2046 omnino
1779 2013 1969 2057 praecepit,
2004 2013 2101 2057 quod
2132 2013 2276 2056 quidem
2307 2012 2492 2057 Scriptura

1387 2050 1416 2091 C
1437 2082 1508 2108 non
1526 2072 1687 2117 aperuit:
1706 2077 1824 2107 tamen
1852 2072 1881 2107 si
1911 2071 1979 2106 hoc
2002 2071 2060 2106 ille
2087 2072 2270 2116 praecepit,
2296 2071 2396 2115 cujus
2421 2081 2492 2107 non

1435 2133 1518 2167 licet
1532 2133 1632 2177 jussa
1652 2138 1903 2174 contemnere,
1931 2141 2002 2166 non
2031 2131 2146 2166 solum
2178 2131 2384 2176 insipientia
2413 2132 2492 2167 cul-

1435 2192 1552 2236 panda
1567 2201 1639 2226 non
1658 2198 1723 2232 est,
1746 2201 1871 2226 verum
1887 2191 1994 2225 etiam
2011 2190 2187 2226 laudanda
2202 2191 2406 2226 obedientia
2421 2197 2490 2228 est.

1435 2249 1511 2284 Hoc
1525 2250 1620 2284 enim
1636 2250 1746 2286 etiam
1764 2250 1793 2285 si
1811 2260 1859 2286 se·
1870 2251 1978 2286 homo
1996 2251 2072 2295 ipse
2090 2251 2289 2295 interimat,
2308 2253 2403 2297 quod
2417 2253 2492 2288 uti-

1435 2320 1506 2355 que
1531 2310 1687 2346 humana
1709 2311 1894 2347 voluntate
1917 2317 2025 2358 atque
2054 2312 2205 2348 consilio
2235 2312 2353 2348 tacere
2386 2313 2490 2349 nefas

1435 2369 1674 2415 est,profecto
1689 2370 1956 2415 intelligendum
1973 2376 2027 2406 est
2043 2371 2252 2407 obedienter
2263 2371 2342 2406 fieri
2357 2373 2488 2417 potius,

1435 2440 1543 2474 quam
1563 2430 1725 2472 sceleste,
1749 2430 1779 2465 si
1804 2430 1975 2465 divinitus
1989 2430 2127 2476 jussum
2147 2436 2223 2473 est;
2245 2431 2289 2466 de
2307 2442 2377 2476 qua
2394 2442 2492 2477 quae-

1435 2490 1551 2525 stione
1572 2490 1660 2525 satis
1676 2490 1712 2525 in
1730 2489 1846 2536 primo
1863 2490 1955 2526 libro
1971 2490 2013 2526 de
2032 2490 2185 2527 Civitate
2204 2491 2269 2527 Dei
2289 2492 2490 2537 disputavi÷

1435 2561 1527 2587 mus.
1562 2551 1598 2586 Si
1627 2556 1746 2586 autem
1773 2550 1900 2597 Jephte
1919 2552 2115 2586 humanum
2135 2557 2279 2588 secutus
2305 2563 2487 2598 errorem,

1431 2609 1631 2646 humanum
1653 2612 1867 2648 sacrificium
1888 2613 2090 2648 vovendum
2115 2613 2274 2658 putavit,
2310 2613 2387 2659 ejus
2410 2615 2490 2660 qui·

1434 2672 1514 2708 dem
1532 2678 1720 2718 peccatum
1741 2673 1784 2708 de
1802 2673 1907 2708 unica
1926 2673 1999 2708 filia
2014 2673 2095 2718 jure
2115 2675 2279 2719 punitum
2304 2680 2373 2718 est,
2393 2677 2488 2722 quod

1435 2733 1542 2767 etiam
1569 2733 1645 2778 ipse
1673 2733 1790 2769 verbis
1818 2734 1892 2770 suis
1912 2735 1999 2770 satis
2024 2735 2168 2771 videtur
2196 2737 2405 2780 ostendere,
2426 2738 2487 2773 ubi

1434 2793 1503 2827 ait:
1523 2793 1602 2827 Heu
1617 2804 1668 2827 me
1679 2794 1691 2828 .'
1705 2794 1795 2838 filia,
1808 2794 1982 2840 impedisti
1998 2806 2063 2836 me,
2081 2796 2118 2830 in
2133 2793 2381 2841 offendiculum
2391 2797 2487 2843 facta

1434 2863 1468 2888 es
1494 2853 1531 2887 in
1558 2853 1667 2889 oculis
1695 2854 1800 2896 meis,
1830 2854 1990 2890 discissis
2013 2855 2120 2890 etiam
2150 2855 2371 2891 vestimentis
2395 2858 2482 2893 suis.

1434 2913 1690 2949 Verumtamen
1724 2914 1832 2949 etiam
1866 2914 1924 2950 hic
1955 2913 2030 2958 eius
2059 2924 2161 2950 error
2189 2914 2298 2951 habet
2327 2916 2484 2962 aliquam

1433 2973 1575 3009 laudem
1590 2974 1687 3018 fidei,
1706 2986 1777 3020 qua
1796 2975 1907 3011 Deum
1927 2976 2059 3018 timuit,
2076 2981 2117 3010 ut
2131 2976 2226 3022 quod
2243 2982 2387 3012 voverat
2404 2978 2484 3013 red-

1433 3033 1547 3076 deret,
1567 3045 1634 3070 nec
1651 3035 1759 3071 divini
1782 3036 1819 3071 in
1839 3046 1878 3072 se
1892 3035 2017 3081 judicii
2044 3035 2256 3071 sententiam
2278 3036 2482 3079 declinavit,

1433 3094 1508 3130 sive
1524 3105 1672 3140 sperans
1686 3095 1798 3130 Deum
1813 3097 2088 3142 prohibiturum,
2107 3096 2198 3131 sicut
2215 3094 2300 3132 fecit
2311 3095 2480 3138 Abrahae‚

1433 3155 1507 3190 sive
1521 3154 1598 3199 ejus
1615 3156 1834 3191 voluntatem
1856 3155 1965 3191 etiam
1995 3165 2067 3190 non
2093 3154 2317 3201 prohibentis
2339 3155 2481 3190 intelle-

1431 3220 1525 3250 ctam
1543 3214 1662 3250 facere
1678 3215 1797 3260 potius
1816 3225 1924 3260 quam
1940 3221 2171 3251 contemnere
2187 3219 2362 3249 statuens.

1478 3272 1691 3317 Quanquam
1713 3278 1750 3308 et
1767 3273 1827 3308 hic
1846 3273 1976 3308 merito
1999 3272 2111 3317 quaeri
2129 3275 2261 3316 potest,
2280 3277 2401 3307 utrum
2418 3283 2479 3309 ve-

1431 3331 1507 3366 rius
1530 3330 1727 3376 intelligant
1747 3330 1816 3366 hoc
1827 3323 2020 3367 ¹Dominum
2050 3330 2144 3366 nolle
2174 3329 2275 3374 fieri,
2306 3336 2342 3366 et
2368 3331 2405 3367 in
2435 3342 2478 3369 eo

1429 3389 1548 3435 potius
1568 3390 1655 3433 Deo,
1682 3389 1712 3425 si
1729 3399 1801 3424 non
1825 3388 1946 3431 fieret,
1979 3388 2196 3432 obediretur,
2219 3389 2389 3434 quoniam
2409 3390 2478 3427 hoc

1431 3461 1470 3487 se
1489 3450 1583 3486 nolle
1601 3456 1637 3486 et
1654 3450 1691 3486 in
1704 3450 1858 3486 Abrahae
1875 3449 1949 3485 filio
1961 3453 1998 3485 et
2015 3445 2224 3495 inlegitima
2235 3450 2477 3496 prohibitione
2521 3463 2525 3466 ’

1430 3516 1704 3548 monstraverat.
1725 3510 1976 3547 Verumtamen
1996 3510 2025 3546 si
2050 3514 2238 3556 propterea
2257 3508 2385 3556 Jephte
2402 3519 2477 3547 non

1430 3573 1578 3616 faceret,
1601 3572 1668 3609 sibi
1681 3572 1800 3619 potius
1817 3571 1855 3608 in
1879 3571 1986 3607 unica
2012 3569 2085 3607 filia
2242 3569 2314 3606 isse
2328 3597 2338 3614 ‚
2365 3580 2474 3616 quam

1430 3635 1495 3671 Dei
1518 3634 1736 3670 voluntatem
1753 3637 1897 3669 secutus
1922 3643 2003 3669 esse
2030 3632 2110 3670 vide
2132 3639 2134 3641 ·
2166 3640 2221 3666 ur.
2252 3631 2365 3679 Magis
2385 3641 2474 3679 ergo

1430 3693 1618 3737 intellexit,
1628 3693 1666 3729 in
1682 3702 1726 3730 eo
1741 3694 1836 3739 quod
1848 3693 1898 3728 illi
1912 3692 1985 3729 tilia
1996 3691 2168 3735 occurrit,
2177 3690 2332 3728 ultorem
2343 3691 2470 3737 Deum,

1424 3753 1604 3800 justaeque
1623 3761 1740 3799 poenae
1755 3762 1794 3789 se
1813 3752 1966 3790 fideliter
1981 3750 2161 3809 ῄᾱίᾱίι,
2191 3750 2324 3788 timens
2347 3750 2473 3789 saevio-
