2540 4016
17 176 86 212 201

653 173 987 212 COMMENTARIA
1010 173 1059 212 IN
1081 174 1288 213 Exomm.
1315 194 1364 204 —
1385 175 1473 215 Lm.
1496 178 1556 217 w.

2122 176 2194 214 202

17 241 200 282 conspectu
215 235 356 271 Domini
368 244 510 282 semper.
528 233 704 272 Sacerdos
716 235 894 282 judicium
909 235 1065 272 tiliorum
1084 239 1120 280 Α
1134 236 1228 272 mala
1256 236 1387 283 punica
1415 241 1454 272 et
1475 235 1718 273 tintinnabula
1735 243 1802 280 per
1823 246 1964 282 gyrum,
1983 226 2127 283 quando
2148 235 2196 272 ad

17 294 128 331 lsrael
145 296 183 331 in
211 301 356 342 pectore
374 305 439 332 suo
456 295 494 330 in
520 300 716 341 conspectu
735 296 878 332 Domini
899 295 1068 343 gestabit,

19 366 102 392 cum
130 357 352 393 subditorum
377 365 503 392 causas
519 365 586 402 pro
608 356 683 392 sola
708 356 843 392 interni
860 356 994 403 iudicis
1013 356 1068 391 in-

19 417 180 453 tentione
198 415 355 459 discutit,
371 420 412 450 ut
430 415 521 451 nihil
540 426 579 452 se
595 417 630 453 ei
646 417 858 453 humilitatis
874 416 1072 453 admisceat

19 477 57 512 in
75 487 131 522 eo,
147 475 243 524 quod
257 475 376 512 divina
392 476 532 523 positus
546 476 626 514 vice
646 477 842 524 dispensat.

419 549 573 588 CAPUT
599 550 672 587 vll.

19 608 71 644 De
101 609 218 645 tunica
249 608 342 645 linea
360 614 392 645 et
413 610 505 645 tiara
537 610 678 656 byssina
695 637 705 654 ,
738 623 779 647 ac
807 611 943 648 baltheo
975 622 1075 658 opere

393 655 568 702 plumario
587 657 702 703 factis.

69 728 193 765 Facies
212 735 243 765 et
263 730 416 766 tunicam
434 731 729 777 superhumeralis
753 738 862 767 totam
883 732 1077 778 hyacinthi-

20 800 102 824 nam
119 790 249 836 (Exod.
271 793 412 838 xxvin).
445 792 582 828 Tunica
615 794 747 830 dicitur
773 793 1077 840 superhumeralis

19 848 123 894 cujus
143 860 226 896 pars
242 861 314 886 non
334 852 483 887 minima
503 853 788 898 superhumerali
809 853 1010 898 tegebatur,
1034 853 1079 889 ad

20 910 287 947 distinctionem
314 913 444 948 tunicae
463 923 543 958 quae
572 918 650 948 erat
674 913 826 948 interius
850 913 966 955 linea;
989 923 1078 957 qua-

18 981 99 1006 rum
128 972 263 1017 pariter
288 973 451 1008 meminit
480 972 644 1017 superius
673 972 826 1008 dicens:
848 972 931 1008 H'aec
959 977 1080 1008 autem

21 1036 126 1066 erunt
148 1033 362 1067 vestimenta
394 1041 474 1076 quae
505 1030 640 1067 facient
662 1044 669 1066 :
692 1032 868 1068 rationale
895 1038 931 1068 et
955 1043 1081 1079 super-

20 1090 217 1133 humerale,
241 1090 399 1125 tunicam
418 1096 454 1125 et
472 1090 603 1127 lineam
624 1092 801 1128 strictam.
832 1093 987 1130 Interior
1017 1104 1079 1129 au-

1139 302 1276 333 tantam
1293 295 1543 333 excellentiam
1573 294 1711 331 devotae
1731 293 1805 329 Deo
1828 297 2111 333 conversationis
2138 304 2198 332 sa-

1139 357 1268 393 cerdos
1283 356 1505 402 pervenerit,
1524 360 1565 391 ut
1583 354 1634 391 nil
1649 355 1687 390 in
1708 353 1770 390 illo
1789 353 1886 389 aliud
1905 363 2015 399 quam
2032 355 2200 400 splendor

1140 422 1176 453 et
1193 417 1323 463 gratia,
1341 416 1478 463 flosque
1494 421 1535 453 ut
1549 416 1598 452 ita
1616 415 1770 451 dixerim
1787 414 1911 450 varius
1926 414 2104 451 bonorum
2118 425 2202 461 ope»

1139 487 1221 514 rum
1236 477 1402 513 videatur
1418 489 1427 512 :
1448 476 1500 512 nil
1512 475 1633 512 abillo
1650 474 1748 511 aliud
1765 484 1847 510 eum
1864 484 1906 510 os
1925 472 2077 520 aperuit,
2093 483 2202 519 quam

1141 537 1376 574 suavissimus
1404 538 1536 573 horum
1569 546 1678 573 sonus
1709 536 1889 572 audiatur.
1920 535 2012 579 Quia
2037 534 2134 571 enim
2165 534 2204 572 in

1141 597 1239 634 malo
1262 598 1396 644 punico
1413 597 1527 633 multa
1555 597 1709 633 interius
1734 607 1846 644 grana
1874 606 1947 633 uno
1964 595 2054 633 foris
2070 595 2205 633 cortice

1142 662 1325 704 tegunt-ur,
1342 663 1441 694 recte
1453 667 1520 704 per
1535 656 1631 694 mala
1650 656 1797 704 punica,
1816 656 2015 693 multifaria
2028 657 2204 693 virtutum

1144 718 1319 764 operatio,
1349 728 1422 754 uno
1443 717 1631 754 charitatis
1652 717 1851 753 munimine
1879 717 2039 763 undique
2059 727 2206 753 versum

1145 784 1240 815 tecta
1272 779 1495 824 designatur.
1530 777 1594 814 His
1627 787 1715 814 vero
1745 778 1782 812 in
1814 777 1933 814 medio
1963 778 2206 814 tintinnabula

1145 841 1423 885 permiscentur,
1442 850 1525 876 cum
1543 848 1660 885 neque
1679 849 1769 886 opus
1789 838 1989 876 sacerdotis
2005 850 2165 886 unquam
2185 850 2206 876 a

1146 901 1266 936 sonitu
1290 902 1392 937 verbi
1413 901 1510 947 quod
1529 901 1690 947 loquitur
1721 901 1919 947 discrepat,
1953 911 2072 947 neque
2102 912 2120 937 a
2150 910 2209 937 re·-

1147 959 1322 995 ctitudine
1351 961 1484 1006 operis,
1516 962 1665 997 territus
1697 961 1887 1008 adversis„
1900 960 2031 1008 linguae
2069 962 2210 998 sonitus

1148 1019 1328 1055 dissentit.
1348 1020 1418 1056 Ubi
1433 1020 1584 1066 pulchre
1604 1021 1747 1057 additur
1768 1031 1777 1056 t
1798 1021 1859 1056 Ita
1878 1027 1916 1057 ut
1934 1022 2209 1058 tintinnabulum

1149 1081 1194 1115 sit
1209 1091 1354 1115 aureum
1369 1086 1401 1115 et
1417 1080 1550 1115 malum
1562 1081 1754 1126 punicum:
1773 1091 1981 1127 rursumque
1997 1082 2212 1117 tintinnabu-

19 1154 92 1184 tem
112 1155 190 1184 erat
217 1149 309 1185 linea
343 1151 418 1186 sive
445 1152 603 1197 byssina,
636 1155 731 1198 quod
763 1153 826 1189 lini
853 1165 931 1190 esse
966 1165 1077 1202 genus
1097 1132 1129 1171 B
1147 1140 1220 1176 lum
1238 1140 1337 1176 aliud
1355 1152 1516 1184 aureum»
1537 1147 1569 1176 ‘³²
1585 1140 1718 1176 malum
1737 1142 1917 1187 punicum·
1932 1142 2054 1178 Aurea
2079 1143 2212 1189 qnippe

19 1210 281 1245 nobilissimum
300 1217 462 1259 constatj
480 1212 639 1248 exterior
654 1223 740 1249 vero
760 1214 882 1250 tunica
898 1220 972 1251 tota
992 1216 1079 1262 hya-

19 1268 180 1304 cinthina
201 1269 250 1304 nil
268 1270 414 1306 omnino
431 1271 562 1307 coloris
581 1272 729 1308 alterius
749 1273 956 1318 admittens,
979 1276 1080 1321 cujus

21 1331 137 1376 specie
180 1331 364 1375 uniformi,
407 1332 597 1369 manifeste
627 1335 699 1370 vita
733 1336 931 1372 sacerdotis
964 1337 1080 1383 qualis

21 1402 99 1428 esse
114 1393 255 1435 debeat,
275 1393 436 1437 docetur,
457 1395 525 1430 hoc
540 1400 609 1438 est,
627 1397 792 1442 supernis
810 1398 924 1433 solum
944 1399 1080 1435 deside-

21 1454 84 1489 riis
122 1454 344 1490 incessanter
375 1456 529 1498 intenta,
564 1462 601 1492 et
636 1460 947 1495 conversationem
979 1459 1081 1504 juxta

21 1514 231 1560 Apostolum
252 1516 388 1552 habens
409 1517 444 1552 in
460 1518 573 1561 coelis,
594 1528 636 1553 ac
654 1519 708 1554 sui
733 1519 931 1555 Salvatoris
951 1519 1083 1555 indesi-

24 1575 194 1611 deranter
211 1584 424 1622 exspectans
444 1578 651 1613 adventum.
668 1578 753 1621 Quae
769 1579 934 1615 videlicet
962 1580 1082 1617 tunica

25 1637 118 1672 sicut
138 1643 173 1672 et
192 1637 338 1683 byssina
368 1639 413 1673 ad
443 1639 551 1684 pedes
583 1649 696 1685 usque
726 1641 968 1688 pertingebat,
989 1643 1084 1678 unde

23 1701 176 1741 utraque
211 1696 334 1732 Graece
360 1698 505 1741 poderis
536 1699 631 1734 dicta
657 1705 732 1742 est;
768 1706 806 1735 ut
836 1702 1084 1737 ostenderetur

27 1754 78 1790 nil
93 1756 129 1790 in
144 1756 357 1791 sacerdotali
371 1757 443 1791 vita
459 1757 618 1792 infimum
631 1769 671 1794 ac
685 1760 868 1796 sordidum
880 1772 1083 1805 remanere,

31 1815 94 1850 sed
111 1825 217 1851 omne
236 1817 330 1861 quod
349 1822 486 1862 ageret,
510 1818 612 1862 quasi
633 1819 791 1855 aethereo
811 1821 930 1857 colore
949 1823 1086 1868 specio-

25 1877 221 1919 sissimum,
237 1887 302 1922 per
322 1878 491 1912 universa
509 1880 669 1914 membra
687 1881 779 1926 ejus,
802 1891 822 1916 a
836 1882 956 1927 capite
971 1893 1085 1929 usque

24 1937 70 1972 ad
95 1938 216 1983 pedes,
247 1939 362 1985 gratia
386 1939 558 1976 virtutum
589 1947 791 1977 contectam
824 1953 904 1979 csse
937 1944 1082 1981 debere.

24 1997 111 2034 Item
132 1998 252 2034 tunica
273 1999 377 2034 talari
397 2001 566 2036 sacerdos
583 2006 657 2037 tota
685 2002 922 2048 hyacinthina
941 2010 996 2040 est
1023 2015 1084 2041 ve-

26 2057 145 2100 stitus,
166 2064 205 2093 ut
225 2059 462 2095 admoneatur
478 2071 567 2106 opus
586 2062 731 2098 coeleste
750 2074 822 2100 non
841 2065 1085 2103 inchoandum

27 2119 287 2162 tantummodo,
304 2121 536 2156 verumetiam
565 2133 679 2168 usque
696 2123 732 2158 in
758 2124 866 2160 linem
884 2125 921 2160 in
941 2136 984 2162 eo
1005 2136 1085 2163 esse

26 2179 331 2223 perseverandum
349 2180 532 2223 omnibus,
549 2182 609 2227 qui
628 2182 716 2218 salvi
735 2194 814 2220 esse
829 2185 1021 2221 voluerint.
1040 2186 1085 2221 In

28 2239 129 2284 cujus
150 2241 262 2275 medio
290 2252 410 2287 supra,
432 2243 496 2276 erit
521 2244 701 2289 capitium,
731 2252 763 2280 et
793 2257 854 2281 ora
875 2258 935 2292 per
962 2259 1085 2294 gyrum

27 2299 104 2344 ejus
119 2300 247 2343 texitis,
268 2301 358 2335 sicut
376 2301 454 2346 fieri
474 2302 558 2338 solet
583 2303 618 2338 in
637 2305 798 2340 extremis
820 2307 962 2342 vestium
978 2308 1084 2353 parti-

29 2361 104 2404 bus,
138 2368 175 2396 ut
205 2362 309 2407 facile
336 2370 554 2410 rumpantur.
583 2364 760 2411 Capitium
792 2369 923 2414 quippe
958 2369 1086 2405 tunicae

16 2421 267 2468 {hyacinthinae
295 2424 542 2460 firmissimam
571 2426 678 2462 habet
712 2438 827 2471 oram,
861 2434 896 2464 et
931 2438 975 2464 ex
1006 2439 1085 2466 sese

17 2487 165 2517 ·textam
194 2492 239 2518 ne
259 2483 364 2520 facile
382 2491 590 2531 rumpatur:
614 2498 695 2523 cum
720 2489 955 2535 primordium
981 2491 1085 2527 bonae

0 2539 1 2542 ’
17 2547 159 2577 ·nostrae
174 2543 337 2586 actionis,
358 2543 442 2579 forti
460 2546 580 2582 radice
595 2547 734 2584 timoris
749 2549 859 2584 divini
877 2549 1084 2593 subnixum,

16 2606 154 2637 contra
171 2611 296 2638 omnes
316 2604 464 2640 insidias
495 2607 610 2642 hostis
643 2608 782 2653 antiqui
802 2610 975 2653 probatur
1005 2620 1085 2646 esse

28 2662 219 2698 munitum.
248 2662 345 2698 Talis
378 2675 530 2710 namque
561 2666 690 2701 collum
718 2669 915 2704 sacerdotis
942 2680 1006 2714 per
1022 2681 1084 2717 gy-

29 2732 109 2757 rum
129 2722 235 2756 vestit
266 2727 302 2757 et
338 2728 454 2766 ornat,
493 2725 636 2769 quando
670 2727 801 2762 rectori
835 2726 1002 2764 fiduciam
1032 2729 1085 2765 lo·-

23 2783 159 2829 quendi
179 2783 312 2826 subdit,
334 2794 377 2819 ac
393 2785 608 2830 praedicandi
629 2787 792 2823 coelestia
813 2789 969 2824 maxima
988 2801 1082 2836 prae—

16 2844 103 2887 lbet,
123 2845 191 2880 hoc
207 2851 274 2887 est,
291 2845 387 2890 quod
406 2847 482 2890 ipse
512 2857 581 2882 non
606 2847 721 2883 solum
744 2849 780 2884 in
800 2859 977 2894 procursu
1001 2853 1083 2887 vitae

18 2914 102 2940 ssuae
121 2910 217 2940 recte
237 2905 382 2948 vixerit,
402 2905 463 2941 sed
483 2906 599 2951 ipsum
620 2918 762 2954 quoque
779 2909 966 2946 exordium
986 2922 1006 2947 a
1027 2923 1083 2948 re-

16 2963 201 3000 ·ctitudine
231 2964 393 3010 eoeperit.
428 2965 563 3001 Tunica
593 2976 678 3013 ergo
709 2970 907 3006 sacerdotis
939 2972 1084 3018 hyacin-

17 3023 128 3060 tthina
145 3025 252 3061 habet
276 3035 378 3060 oram
396 3025 431 3060 in
456 3026 587 3072 capitio
605 3028 778 3071 textilem,
799 3030 891 3066 sicut
910 3031 947 3066 in
965 3039 1085 3069 extre-

15 3083 99 3119 11's
114 3085 264 3120 vestium
278 3085 440 3130 partibus
455 3085 535 3121 fieri
555 3086 661 3130 solet,
681 3098 763 3123 cum
788 3089 913 3126 doctor
932 3092 1085 3138 quisque

60 3158 67 3184 ·,
102 3159 106 3165 -
122 3146 207 3189 ius,
228 3156 249 3181 a
268 3152 367 3182 tanta
386 3146 609 3192 perfectione
639 3159 728 3194 opus
746 3150 920 3186 virtutum
944 3153 1083 3199 incipit,

22 3204 264 3253 jdquantam
283 3207 434 3253 quilibet
454 3207 560 3244 altius
587 3209 788 3246 diutissime
811 3211 994 3256 laborans,
1025 3215 1085 3250 vix

40 3279 44 3295 τ
89 3284 92 3293 ·
129 3267 222 3304 ando
257 3269 436 3314 pervenit,
470 3279 551 3304 cum
586 3275 686 3308 tanto
718 3272 847 3309 timore
875 3273 1082 3320 famulatus,

30 3326 127 3370 'mi
141 3327 344 3373 horajuxta
368 3339 570 3366 sermonem
589 3330 792 3378 Prophetae,
810 3334 983 3372 sollicitus
1008 3347 1084 3372 am-

1 3392 4 3422 }
33 3382 41 3430 ]
61 3389 131 3436 ⁴st
145 3396 226 3423 cum
243 3387 396 3425 Domino
417 3389 491 3426 Deo
510 3401 588 3435 suo,
610 3398 784 3437 quantum
810 3394 902 3432 alius
921 3396 1002 3442 quis
1028 3397 1085 3433 vel

2 3486 4 3488 ,
59 3453 127 3484 ·,,ἰ
150 3460 153 3474 ·
192 3457 238 3490 S,
265 3448 323 3484 vel
350 3449 395 3485 ad
414 3450 588 3496 judicium
609 3451 750 3489 Domini
770 3454 827 3490 sui
845 3455 1010 3492 ultimum
1029 3455 1084 3492 in·

45 3517 52 3543 ·.
72 3508 150 3532 .:
187 3521 191 3537 ι
208 3522 214 3538 ι
236 3509 296 3545 vix
313 3510 447 3548 habere
465 3511 612 3550 sufficit.

132 3565 155 3571 '⁸
200 3590 201 3594 =
226 3588 228 3592 ν
261 3581 340 3607 uero
364 3571 412 3608 ad
437 3573 539 3619 pedes
563 3574 718 3621 ejusdem
735 3577 863 3613 tunicoe
878 3588 941 3625 per
959 3578 1086 3613 circui-

227 3628 246 3662 ·'‡
266 3629 361 3668 mala
389 3634 517 3678 punica
536 3633 644 3680 facies
669 3645 712 3672 ex
740 3636 929 3684 hyacintho
951 3643 984 3673 et
1001 3649 1085 3685 pur*

123 3716 157 3723 ..
272 3706 295 3719 Η
318 3689 374 3728 tis
389 3693 512 3738 tincto,
527 3695 640 3732 mittis
663 3698 703 3735 in
726 3699 841 3734 medio
870 3700 1086 3736 tintinnabu-

56 3744 63 3751 ’
85 3768 95 3780 ·
151 3751 540 3810 -ad
563 3755 675 3802 pedes
705 3759 834 3796 tunicae
863 3758 955 3796 flunt
980 3761 1084 3808 quasi

90 3835 103 3849 -ι
164 3824 167 3836 '
231 3819 275 3839 ‚x'
324 3809 385 3832 γ’
432 3813 648 3858 .''·le1¹·

1148 1202 1391 1238 tintinnabula
1417 1202 1660 1248 hyacinthinae
1683 1202 1865 1249 pontificis
1890 1203 2020 1239 tunicae
2047 1203 2213 1239 inserun-

1148 1267 1221 1304 tur,
1252 1268 1290 1298 et
1319 1263 1418 1299 omni
1446 1272 1491 1298 ex
1517 1268 1620 1308 parte
1660 1263 1946 1307 circumdantur,
1978 1274 2060 1300 cum
2095 1264 2214 1301 omnis

1149 1334 1268 1360 sermo
1302 1323 1379 1369 ejus
1408 1323 1611 1361 claritatem
1655 1335 1820 1372 supernae
1849 1326 1939 1362 lucis
1977 1331 2141 1369 resonat;
2178 1331 2215 1362 et

1149 1384 1246 1421 idem
1260 1385 1400 1420 sonitus
1415 1384 1512 1420 velut
1526 1385 1771 1432 hyacinthinae
1790 1386 1923 1422 tunicae
1943 1386 2047 1422 firme
2066 1386 2212 1429 infixus,

1151 1457 1301 1492 operum
1322 1458 1464 1493 quoque
1487 1448 1599 1493 ipsius
1618 1448 1850 1491 sublimitate,
1873 1449 2096 1485 audientium
2114 1460 2214 1485 men-

1151 1493 1247 1542 tibus
1262 1507 1550 1543 commendatur.
1569 1507 1748 1554 Fiuntque
1767 1509 1850 1545 bina
1871 1509 1965 1544 mala
1983 1510 2120 1545 circum
2140 1510 2214 1545 sin-

1152 1566 1233 1612 gula
1260 1566 1512 1610 tintinnabula,
1534 1573 1570 1602 et
1588 1568 1724 1604 circum
1747 1568 1884 1614 singula
1911 1569 2016 1611 mala,
2039 1570 2124 1605 bina
2144 1569 2216 1605 tin-

1152 1629 1352 1672 tinnabula,
1381 1640 1464 1665 cnm
1499 1635 1534 1665 et
1562 1630 1684 1665 omnia
1705 1640 1784 1676 quae
1805 1630 1976 1676 loquitur,
2000 1630 2105 1666 bonis
2131 1640 2217 1666 con-

1152 1689 1343 1725 firmantur
1361 1690 1515 1730 actibus,
1536 1696 1645 1735 atque
1670 1690 1708 1726 in
1730 1690 1934 1726 auditorum
1954 1691 2090 1726 arctius
2106 1689 2217 1726 corde

1153 1748 1321 1796 figuntur,
1340 1756 1376 1786 et
1397 1751 1566 1786 universa
1593 1762 1672 1796 quae
1693 1751 1780 1798 agit,
1800 1746 1908 1797 quain
1928 1751 2000 1787 sint
2020 1749 2217 1786 rationabi-

1153 1810 1211 1854 lia,
1236 1811 1392 1847 discreto
1422 1811 1600 1847 sermonis
1619 1810 1740 1848 sonitu
1758 1809 2020 1856 producuntur.
2040 1810 2139 1847 Bene
2156 1820 2216 1846 au-

1154 1875 1226 1905 tem
1247 1871 1429 1916 sequitur:

1548 1932 1700 1970 CAPUT
1726 1930 1814 1968 VIII.

1154 2005 1206 2041 De
1230 2017 1268 2041 eo
1296 2006 1388 2053 quod
1414 2006 1535 2042 Aaron
1558 2012 1590 2042 et
1621 2007 1688 2052 filii
1706 2007 1781 2062 ejus
1811 2007 2049 2043 induebantur
2067 2009 2216 2044 vestibus

1611 2061 1756 2089 sanctas.

1199 2127 1247 2163 Et
1266 2129 1431 2164 vestietur
1450 2140 1491 2164 ea
1512 2128 1632 2164 Aaron
1658 2129 1695 2164 in
1716 2130 1817 2176 officii
1850 2130 2043 2165 ministerio
2067 2139 2078 2163 .·
2098 2135 2136 2164 ut
2156 2141 2219 2165 au-

1152 2188 1272 2223 diatur
1286 2189 1420 2224 sonitus
1438 2189 1579 2235 quando
1596 2189 1792 2236 inqreditur
1812 2196 1845 2225 et
1864 2190 2041 2237 eqreditur
2054 2197 2219 2226 sanctua-

1153 2247 1244 2283 rium
1263 2248 1301 2283 in
1327 2256 1510 2294 conspectu
1535 2249 1691 2293 Domini,
1724 2256 1757 2285 et
1785 2262 1855 2286 non
1887 2251 2062 2286 moriatur
2086 2251 2216 2298 (Exotl.

1152 2308 1297 2354 xxvln).
1322 2308 1501 2345 Sacerdos
1533 2320 1689 2355 namque
1707 2310 1913 2356 ingrediens
1937 2310 1995 2347 vel
2030 2312 2220 2357 egrediens

1152 2367 1319 2411 moritur,
1352 2369 1383 2404 si
1415 2368 1459 2404 de
1490 2380 1532 2405 eo
1553 2371 1692 2405 sonitus
1724 2380 1795 2406 non
1825 2372 1982 2414 auditur,
2010 2371 2094 2416 quia
2127 2371 2219 2405 iram

1152 2434 1279 2463 contra
1299 2438 1337 2464 se
1356 2429 1486 2464 occulti
1501 2429 1635 2473 Judicis
1655 2431 1779 2476 exigit,
1802 2431 1832 2466 si
1848 2432 1926 2467 sine
1947 2431 2218 2476 praedicationis

1153 2489 1272 2524 sonitu
1297 2488 1444 2524 incedit.
1468 2489 1570 2532 Quod
1597 2490 1627 2525 si
1663 2489 1807 2535 Josephi
1836 2490 1985 2537 (Antiq.)
2015 2491 2136 2526 verbis
2163 2491 2217 2525 in-

1154 2549 1301 2584 tendere
1342 2549 1562 2585 voluerimus
1590 2551 1721 2596 quibus
1758 2552 1866 2594 dicit,
1899 2552 1994 2586 mala
2024 2552 2061 2587 in
2095 2553 2218 2588 tunica

1151 2608 1333 2653 pontificis
1347 2609 1574 2655 septuaginta
1591 2610 1680 2645 duos
1694 2609 1820 2653 fuisse,
1837 2616 1873 2646 et
1892 2609 2052 2654 ejusdem
2074 2613 2218 2648 numeri

1152 2668 1407 2710 tintinnabula,
1439 2670 1607 2714 congruit
1637 2671 1706 2706 hoc
1726 2669 1852 2716 liguris
1879 2671 2149 2718 mysteriorum,
2180 2677 2221 2707 ut

1152 2729 1245 2764 sicut
1260 2729 1297 2764 in
1315 2729 1482 2771 humero,
1505 2739 1526 2763 a
1543 2734 1690 2775 pectore
1713 2730 1951 2776 apostolicum
1974 2730 2070 2767 ferre
2094 2743 2220 2768 nume-

1152 2799 1231 2823 rum
1246 2789 1369 2835 jussus
1390 2795 1459 2827 est.
1488 2789 1622 2826 Verum
1643 2790 1753 2826 etiam
1771 2792 1942 2836 ponderis
1973 2798 2028 2828 est
2052 2793 2220 2829 videlieet

1151 2850 1196 2885 ad
1213 2850 1323 2896 pedes
1337 2862 1453 2898 usque
1468 2853 1702 2896 descendens,
1720 2863 1802 2889 cum
1819 2855 2043 2891 continentia
2064 2867 2133 2891 non
2156 2857 2219 2892 uni

1153 2913 1301 2950 cuilibet
1319 2915 1482 2951 membro
1500 2915 1678 2952 violenter
1698 2916 1881 2962 imposita,
1913 2916 1975 2952 sed
1995 2917 2032 2952 in
2061 2924 2135 2954 toto
2164 2925 2220 2955 est

1154 2985 1306 3020 corpore
1334 2976 1597 3013 delectabiliter
1622 2984 1885 3014 consummata.
1918 2979 2002 3015 Haec
2023 2980 2156 3015 etenim
2177 2980 2220 3015 li-

1153 3045 1236 3078 nea,
1270 3046 1398 3072 manus
1432 3047 1475 3074 ac
1502 3038 1651 3074 brachia
1671 3039 1778 3075 debet
1805 3040 1984 3087 stringere
2004 3042 2215 3084 sacerdotis,

1152 3105 1199 3131 ne
1217 3096 1303 3142 quid
1317 3097 1386 3133 nisi
1401 3098 1490 3134 utile
1511 3098 1644 3142 faciat;
1670 3106 1811 3144 pectus,
1827 3111 1873 3136 ne
1893 3101 1979 3147 quid
1997 3102 2104 3138 inane
2122 3103 2218 3147 cogi-

1153 3160 1222 3199 tet;
1256 3163 1440 3202 ventrem,
1473 3169 1519 3195 ne
1554 3160 1700 3196 delicias
1731 3160 1827 3196 ultra
1863 3162 2008 3197 modum
2044 3169 2216 3207 appetens

1154 3215 1267 3254 Deum
1303 3227 1407 3252 suum
1445 3218 1592 3265 gulosus
1627 3219 1747 3256 facere
1782 3226 1978 3266 praesumat
2007 3235 2015 3254 ;
2051 3219 2214 3271 subJ’ecta

1153 3277 1250 3312 enim
1264 3279 1382 3313 ventri
1402 3280 1579 3324 membra,
1604 3291 1650 3316 ne
1669 3280 1900 3323 lasciviendo,
1921 3285 2032 3315 totam
2052 3280 2217 3315 sacerdo-

1152 3338 1236 3374 talis
1257 3339 1403 3376 habitus
1422 3341 1728 3386 pulchritudinem
1756 3345 2000 3386 corrumpant.
2023 3338 2147 3375 Genua
2168 3351 2215 3376 ne

1152 3399 1198 3436 ab
1217 3401 1392 3438 orationis
1422 3402 1595 3437 instantia
1613 3407 1789 3447 torpeant.
1814 3400 1937 3436 Tibias
1959 3405 1996 3436 et
2023 3401 2146 3447 pedes,
2169 3412 2215 3438 ne

1153 3458 1199 3496 ad
1215 3460 1350 3496 malum
1373 3466 1536 3497 currant.
1567 3461 1741 3496 Induatur
1772 3459 1940 3495 sacerdos
1971 3460 2088 3506 primo
2118 3461 2214 3498 linea

1151 3519 1289 3562 stricta,
1308 3525 1348 3555 ut
1364 3524 1401 3555 ct
1419 3529 1551 3565 corpus
1584 3519 1630 3555 ab
1650 3518 1785 3564 iniquis
1799 3519 1970 3565 operibus
1987 3525 2026 3556 et
2050 3530 2072 3556 a
2089 3521 2214 3567 pravis

1152 3582 1311 3613 mentem
1337 3576 1616 3624 cogitationibus
1642 3582 1862 3624 compescat.
1889 3577 2056 3626 Accipiat
2080 3580 2215 3618 deinde

1151 3636 1436 3684 hyacinthinam,
1451 3641 1492 3672 ut
1509 3641 1591 3682 post
1609 3635 1890 3684 descriptionem
1907 3639 2138 3676 continentiae
2153 3650 2214 3677 sa-

1151 3697 1291 3739 lutaris,
1313 3706 1417 3743 aeque
1438 3706 1570 3743 corpus
1592 3702 1631 3733 et
1657 3697 1832 3747 animum,
1859 3698 2077 3746 spiritalium
2096 3699 2211 3737 virtu-

1153 3764 1229 3796 tum
1243 3757 1368 3795 habitu
1379 3761 1558 3794 venustet.
1574 3756 1622 3794 Et
1636 3757 1765 3795 tiaram
1778 3758 1955 3806 byssinam
1968 3759 2089 3808 facies.
2101 3759 2210 3798 Tiara

1839 3821 1866 3862 ’1
