2540 4016
299 209 363 245 571

297 341 455 388 quinque
471 342 761 386 didrachmarum
775 344 928 389 argenti,
946 344 982 381 id
1001 351 1069 388 est,
1082 346 1206 391 decem
1220 347 1347 392 drach-

297 394 386 450 mam
404 402 500 439 oboli
528 409 647 446 autem
673 409 829 444 centum.
868 403 1103 453 ,conversatio
1130 417 1215 455 ergo
1238 410 1345 446 modo

296 463 405 519 geniti
419 464 575 516 quinque
591 464 812 507 didrachmae
829 470 926 508 sunt,
940 471 982 501 ut
1001 467 1210 505 ministeriis
1228 469 1345 515 dupli-

294 533 356 567 ces
371 533 498 560 sensus
521 524 665 567 habeat,
686 523 720 559 id
742 529 810 567 est,
827 529 867 559 ut
886 535 965 572 quae
991 527 1209 566 sensibiliter
1229 529 1343 572 audit,

295 583 372 635 haec
402 584 671 632 intelligibiliter
701 584 896 631 suscipiat:
917 587 969 622 sic
998 586 1107 624 etiam
1126 589 1267 633 videns,
1307 594 1345 625 et

294 650 454 696 gustans,
482 651 516 681 et
539 645 704 687 odorans,
731 650 766 680 et
786 649 960 691 tangens3
982 647 1145 693 perducit
1164 648 1259 683 enim
1277 650 1345 684 hoc

293 715 375 740 eum
392 706 436 741 ad
456 704 728 752 perfectionem.
749 705 902 752 Propter
919 707 1015 752 quod
1042 712 1078 743 et
1093 714 1236 744 centum
1259 708 1346 743 obo-

293 765 408 802 lorum
428 768 582 813 pretium
599 767 723 804 habet.
738 766 916 806 Numerus
935 774 1069 813 autem,
1100 770 1193 806 sicut
1208 770 1345 805 dictum

291 835 361 870 est,
381 827 561 874 perfectus
579 832 646 863 est.

338 901 433 946 Ergo
456 901 581 946 procul
617 901 725 938 dubio
754 911 834 937 eum
865 903 926 948 qui
957 914 1053 939 nunc
1085 905 1343 950 mysteriorum

290 961 468 1006 particeps
488 961 634 997 effectus
652 967 721 1004 est,
739 963 963 1008 necdumque
986 964 1031 999 ad
1051 965 1230 1009 agendum
1261 975 1343 1010 pro-

294 1020 418 1064 cessit,
442 1021 555 1058 sedin
575 1021 644 1058 fide
662 1022 805 1057 interim
827 1024 1012 1067 probatur,
1044 1024 1136 1059 sicut
1152 1024 1268 1065 adhuc
1285 1024 1342 1059 in-

290 1079 442 1123 fantem,
461 1085 498 1116 et
513 1081 665 1116 necdum
686 1086 826 1127 tempus
849 1082 892 1118 ad
913 1083 1155 1119 ostensionem
1171 1083 1342 1119 virtutum

286 1139 481 1175 habentem
497 1141 731 1176 demonstrat.
768 1140 803 1176 Si
833 1147 954 1177 autem
969 1143 1087 1178 minor
1105 1143 1148 1185 is,
1183 1144 1244 1189 qui
1264 1144 1342 1179 talis

289 1206 358 1242 est,
378 1200 498 1244 fuerit,
533 1202 582 1237 ita
600 1207 639 1237 ut
672 1203 861 1238 conveniat
883 1203 918 1238 in
933 1214 975 1239 eo
1004 1203 1146 1240 feminae
1171 1215 1338 1250 persona,
1360 1202 1391 1241 B
1411 1201 1478 1238 est,
1506 1196 1568 1231 Ssssl
1595 1197 1702 1233 11³th
1728 1198 1883 1243 prelium
1910 1199 2034 1235 decem
2055 1199 2285 1236 didffisshnffls
2307 1213 2314 1236 :
2337 1206 2459 1236 6115ῑο-

290 1261 409 1297 minor
428 1267 549 1297 autem
563 1268 628 1304 est,
655 1268 694 1298 ut
715 1264 909 1308 simplicior
941 1269 978 1300 et
995 1275 1065 1300 non
1086 1266 1190 1301 valde
1206 1266 1340 1302 discre-

293 1325 363 1363 tus,
386 1320 492 1366 hujus
511 1322 666 1365 pretium
683 1328 737 1357 est
761 1327 834 1361 tres
853 1323 1084 1367 didrachmae,
1113 1324 1200 1360 fides
1224 1325 1341 1361 Patris

287 1384 324 1415 et
342 1379 422 1416 Filii
447 1386 483 1416 et
498 1380 658 1425 Spiritus
676 1382 803 1423 sancti,
838 1388 877 1416 ut
895 1393 964 1417 non
986 1384 1078 1418 hanc
1095 1385 1339 1429 transgredia-

287 1443 361 1482 tur,
397 1439 458 1475 sed
484 1441 590 1476 corde
608 1441 743 1483 credat,
781 1441 873 1477 sicut
903 1443 952 1476 ait
975 1443 1119 1485 Paulus,
1140 1453 1202 1478 ore
1220 1450 1339 1479 autem

288 1499 512 1537 confiteatur.
534 1500 593 1537 Sic
605 1502 700 1536 enim
716 1502 748 1536 ei
761 1502 835 1536 haec
854 1501 1002 1537 trianon
1022 1503 1135 1538 solum
1155 1503 1339 1538 confitenti

285 1558 419 1606 lingua,
447 1560 509 1596 sed
526 1566 562 1596 et
591 1560 660 1595 fide
687 1561 845 1596 credenti
867 1562 957 1596 liunt
983 1562 1060 1597 duae
1075 1563 1268 1606 drachmae,
1302 1564 1342 1598 fit

286 1626 403 1656 autem
423 1626 459 1656 et
471 1622 553 1657 huic
566 1622 648 1658 talis
664 1621 751 1658 fides
767 1623 809 1657 ad
825 1622 1080 1668 perfectionem
1101 1624 1337 1668 mediocrem

288 1685 361 1717 tres
380 1681 476 1716 enim
490 1682 719 1726 didrachma),
741 1693 803 1718 sex
823 1689 905 1718 sunt
921 1684 1118 1728 drachmae;
1139 1695 1202 1720 sex
1221 1691 1339 1721 autem

285 1739 466 1778 drachma}
481 1742 667 1788 sexaginta
682 1749 763 1779 sunt
781 1744 888 1779 oholi.
905 1744 971 1780 Hic
986 1750 1104 1780 autem
1123 1746 1202 1781 talis
1219 1756 1342 1782 nume-

283 1809 350 1848 ⁴rus
363 1801 580 1838 mediocrem
595 1803 852 1848 perfectionem
873 1805 963 1850 gerit
980 1816 989 1848 ;
1009 1811 1199 1852 propterea
1218 1812 1253 1843 et
1277 1817 1340 1853 po-

284 1857 391 1904 pulus
409 1859 517 1897 lsrael
542 1868 797 1900 sexcentorum
817 1864 982 1909 millium,
1014 1867 1108 1911 quod
1134 1873 1216 1903 sunt
1235 1877 1339 1904 sexa-

284 1921 385 1968 ginta
407 1923 599 1969 myriades,
627 1936 817 1962 numerum
837 1927 982 1962 hahent.

338 1981 525 2019 Sensibilis
543 1985 638 2020 enim
656 1985 768 2021 Israel
798 1985 954 2021 habebat
981 1987 1125 2032 quidem
1145 1994 1181 2024 et
1206 1991 1342 2026 medio·

288 2041 398 2079 ,criter
422 2042 612 2087 perfectos,
642 2045 702 2089 qui
725 2045 761 2080 in
777 2045 853 2092 lege
876 2048 1060 2083 constituti
1089 2049 1339 2099 Evangelicam

726 208 766 244 B.
793 206 964 252 RABANI
989 209 1135 254 UAUBJ
1161 211 1384 253 ARCHIEP.
1411 215 1616 255 MOGUNT.
1641 219 1830 264 oPERUu
1854 221 1974 258 PARS
1998 222 2026 257 1.

299 282 343 318 ad
363 282 631 338 quinquennem
650 287 807 327 aetatem,
829 283 940 327 idest,
959 287 1187 331 conversatio
1201 292 1237 323 et
1255 288 1344 338 vita,
1363 292 1400 333 Α
1414 291 1506 336 dico,
1521 294 1664 340 fratres,
1679 301 1812 342 tempus
1833 297 1929 337 breve
1949 303 1999 333 est
2015 308 2027 332 .·
2049 298 2219 344 reliquum
2233 304 2298 343 eu,
2310 303 2456 348 magui

2386 225 2456 269 5⁷2

1413 353 1539 390 habent
1553 365 1692 399 uxores,
1710 362 1877 403 tanquam
1897 369 1964 393 non
1979 357 2143 401 habentes
2160 359 2254 397 sim:
2275 365 2306 402 et
2329 362 2390 406 qui
2404 361 2458 403 ln-

1411 418 1503 457 9ent,
1521 413 1612 448 sicut
1636 426 1705 450 non
1734 414 1887 461 luqemes
1904 425 1916 449 .·
1937 422 1968 452 et
1989 415 2048 464 4μὶ
2074 417 2238 463 quadem,
2263 418 2365 464 quasi
2389 429 2458 460 non

1411 473 1599 518 qaudemes
1615 485 1628 517 ;
1648 480 1679 510 et
1694 476 1752 521 qui
1767 484 1898 520 emunt,
1917 483 2082 524 tanquam
2098 490 2167 518 non
2178 479 2414 525 possidentem
2426 486 2460 518 et

1411 535 1470 579 qui
1491 540 1636 569 utuntur
1652 535 1716 570 hoc
1733 537 1877 579 mundo,
1898 542 2062 584 tanquam
2079 549 2150 578 non
2175 545 2331 581 mamur.
2359 539 2461 578 Proe-

1412 595 1492 628 terit
1502 596 1593 633 enim
1604 595 1719 640 fiqura
1735 596 1840 641 hujus
1862 597 1996 641 mundi,
2015 597 2090 636 volo
2101 605 2218 635 autem
2235 610 2293 637 vos
2306 600 2380 636 sine
2388 600 2461 636 sol-

1412 652 1593 688 licitudine
1611 665 1685 690 esse
1704 654 1844 703 (Ibid.).

1458 712 1653 760 Propterea
1684 721 1721 751 et
1742 717 1947 762 quindecim
1970 717 2188 757 didrachmae
2214 721 2282 756 erit
2304 721 2459 767 pretium

1412 773 1502 818 ejus,
1537 786 1615 820 quae
1644 785 1726 813 sunt
1743 778 1924 815 drachmae
1944 779 2103 827 triginta.
2131 782 2220 818 Tres
2251 783 2349 820 enim
2375 784 2460 820 vitae

1411 833 1709 874 fructificationes
1731 839 1774 874 de
1788 839 1881 874 bona
1904 845 2000 876 terra
2015 840 2149 877 Christi
2174 843 2374 888 proposuit.
2389 843 2459 879 Per

1412 896 1655 931 centenarium
1677 898 1905 943 virginitatis,
1933 904 1969 935 et
1986 910 2058 936 non
2077 901 2299 946 possidendi,
2317 911 2382 947 per
2402 912 2460 939 se-

1410 956 1642 1000 xagenarium
1661 957 1901 1001 continentiae,
1926 969 1991 1004 per
2009 961 2242 996 tricenarium
2265 962 2355 998 casti
2371 971 2457 998 con-

1407 1013 1496 1060 jugii
1511 1015 1623 1050 vitam
1633 1016 1838 1062 designans.
1864 1017 1901 1054 Si
1920 1025 2040 1055 autem
2058 1020 2236 1056 infirmior
2255 1020 2460 1066 hujusmodi

1410 1080 1477 1117 est,
1494 1074 1645 1112 forsitan
1663 1077 1758 1112 enim
1787 1077 1823 1113 in
1836 1078 2108 1116 fornicationem
2119 1080 2188 1124 hic,
2211 1081 2272 1126 qui
2290 1081 2374 1117 talis
2391 1086 2459 1125 est,

1412 1134 1566 1170 decidit:
1588 1137 1681 1172 unde
1701 1142 1736 1172 et
1756 1137 1888 1173 femina
1907 1139 2050 1183 dicitur,
2080 1150 2146 1176 nec
2166 1141 2216 1176 sic
2239 1142 2460 1187 respuendus

1412 1257 1506 1291 diam
1526 1258 1621 1292 enim
1641 1257 1889 1294 mandatorum
1906 1259 1983 1302 Dei,
2014 1271 2122 1305 quam
2137 1261 2263 1307 viginti
2280 1270 2360 1296 csse
2377 1261 2460 1296 dra·
2508 1294 2509 1298 ,

1410 1317 1532 1352 elimas
1550 1322 1584 1352 ct
1602 1318 1725 1354 obolos
1742 1319 1914 1355 ducentos
1935 1321 2171 1363 ostendimus,
2202 1321 2305 1356 offert
2325 1321 2397 1356 Deo
2426 1326 2462 1357 et
2507 1311 2509 1314 ¹

1409 1377 1446 1411 in
1464 1378 1533 1412 hoc
1550 1378 1860 1414 conversationem
1884 1380 1991 1415 habet
2007 1390 2072 1425 per
2091 1381 2291 1416 custodiam
2310 1381 2460 1416 manda-

1410 1440 1526 1471 torum
1547 1437 1777 1481 justificatus.
1809 1439 1846 1474 Si
1878 1445 1998 1474 autem
2019 1440 2116 1475 dicas
2146 1441 2324 1485 quomodo
2341 1441 2463 1477 Domi·
2496 1483 2508 1493 ,

1409 1505 1477 1529 nus
1506 1506 1681 1532 annorum
1710 1502 1790 1532 erat
1817 1499 1981 1544 triginta,
2015 1500 2100 1534 dum
2123 1500 2220 1535 solus
2249 1507 2343 1536 esset
2378 1511 2463 1536 vere

1408 1556 1604 1602 perfectus,
1632 1568 1712 1592 cum
1742 1568 1808 1594 nos
1840 1559 1875 1594 in
1904 1560 2111 1596 centenario
2136 1570 2285 1596 numero
2303 1561 2463 1598 dicamus
2514 1548 2518 1556 ¹

1408 1615 1667 1661 perfectionem
1701 1628 1793 1661 csse,
1823 1624 1903 1663 post
1931 1620 2026 1655 hunc
2055 1625 2173 1656 autem
2199 1620 2236 1656 in
2260 1621 2460 1666 sexaginta,

1409 1677 1515 1710 tertio
1536 1682 1655 1711 autem
1683 1677 1721 1712 in
1742 1677 1917 1723 triginta?
1946 1679 2064 1722 Disce,
2085 1680 2169 1725 quia
2197 1680 2293 1717 solus
2319 1681 2463 1726 quidem
2504 1678 2508 1683 ’

1408 1736 1476 1772 fuit
1502 1747 1585 1773 vere
1613 1738 1818 1784 perfectus;
1857 1746 2103 1777 verumtamen
2137 1741 2189 1777 sic
2208 1741 2374 1777 omnium
2400 1743 2463 1778 do·
2525 1753 2540 1775 ε

1408 1804 1487 1834 ctor
1520 1803 1555 1834 et
1582 1799 1747 1846 primitiae
1778 1811 1906 1836 massae
1936 1802 2045 1837 totius
2073 1801 2241 1845 effectus,
2276 1812 2321 1838 ex
2350 1802 2464 1838 omni·
2526 1799 2540 1847 ’,ἑ

1408 1859 1475 1895 bus
1504 1865 1735 1906 temperatam
1755 1862 2062 1898 conversationem
2079 1862 2209 1909 figurat
2231 1868 2266 1899 et
2281 1863 2460 1910 proponit.
2529 1906 2540 1915 Ξ

1410 1918 1494 1955 Sive
1521 1920 1618 1956 enim
1649 1921 1893 1966 virginitatem
1924 1922 2027 1966 velis,
2057 1923 2132 1967 ipse
2147 1932 2191 1958 ex
2206 1922 2344 1974 virgine
2361 1923 2463 1969 virgo
2526 1962 2540 1972 π

1410 1986 1481 2023 est,
1512 1986 1547 2016 et
1570 1982 1812 2027 virginitatem
1837 1983 1976 2027 docuit;
2004 1983 2078 2026 sive
2096 1983 2239 2029 nuptias
2265 1988 2301 2019 et
2328 1983 2464 2019 nubere
2528 1980 2540 2037 *¹

1411 2042 1596 2086 praecepit,
1622 2048 1656 2078 et
1679 2044 1854 2079 nubentes
1872 2042 2074 2087 benedixit;
2103 2044 2178 2080 sive
2193 2043 2462 2087 abstinentiam,
2527 2037 2540 2088 j

286 2103 599 2139 conversationem
630 2105 855 2151 aliquatenus
889 2110 1054 2153 agebant·
1100 2111 1190 2147 Sum
1219 2119 1338 2149 autem
1358 2090 1388 2132 C
1410 2100 1518 2136 etiam
1550 2103 1618 2137 hoe
1646 2103 1779 2139 docuit.
1818 2103 1992 2140 Similiter
2018 2108 2054 2140 et
2083 2103 2167 2142 fidei
2201 2113 2349 2146 cursus,
2387 2103 2464 2139 sive

289 2162 417 2214 quibus
438 2163 615 2207 mediocre
632 2165 719 2212 legis
742 2172 778 2201 et
790 2169 1043 2213 prophetarum
1070 2177 1148 2206 erat
1169 2172 1338 2216 studium,

284 2227 435 2269 propter
457 2226 551 2272 quod
581 2231 617 2263 et
641 2227 772 2263 similia
801 2229 984 2274 myriades
1019 2237 1135 2266 crant.
1167 2231 1238 2267 Sed
1270 2243 1338 2269 nec

289 2282 386 2326 mille
412 2284 535 2329 millia,
570 2297 636 2323 nec
653 2288 776 2334 myriae
793 2289 983 2335 myriades,
1017 2296 1053 2327 et
1071 2302 1212 2338 semper
1233 2293 1269 2328 in
1289 2293 1341 2329 cis

290 2349 386 2379 esset
401 2345 574 2391 perfectio
596 2359 604 2382 :
625 2348 702 2384 haec
719 2350 813 2384 enim
835 2350 1054 2396 angelorum,
1084 2357 1119 2387 ct
1143 2353 1341 2389 secundum

291 2404 540 2453 Evangelicam
561 2409 671 2445 vitam
689 2412 980 2449 conversantium
1002 2418 1069 2448 est.
1102 2413 1229 2459 Angeli
1245 2415 1341 2461 enim

289 2471 326 2502 et
343 2467 412 2514 ipsi
432 2469 574 2513 quando
604 2470 821 2516 profecerint
836 2472 1051 2514 cfficiuntur.
1085 2474 1341 2520 Seaeaqerzarius

286 2533 403 2564 autem
426 2535 458 2564 et
477 2529 570 2566 ultra
584 2531 774 2577 masculus,
801 2532 903 2574 ,dabit
931 2535 1125 2580 ([μίηιζεεὶηι
1148 2535 1250 2572 siclos
1273 2537 1341 2573 sive

287 2586 508 2626 didrachmas
521 2600 534 2634 ,·
573 2590 710 2640 semina
755 2598 872 2634 autem
913 2593 1044 2638 decem.
1086 2596 1131 2637 Et
1171 2597 1253 2642 quis
1286 2602 1342 2639 est

287 2647 345 2688 hic
370 2648 431 2698 qui
460 2650 654 2700 maximam
694 2654 1004 2701 conversationem
1045 2667 1113 2702 per
1154 2656 1342 2702 virginita-

288 2709 374 2749 tem,
398 2707 496 2748 verbi
535 2709 669 2759 gratia,
702 2711 758 2746 vel
790 2722 861 2748 non
889 2714 1104 2760 possidendo
1132 2716 1340 2759 virtutibus,

290 2774 368 2810 quae
401 2760 708 2818 aliispromittit,
749 2776 890 2816 etpost
925 2773 1002 2811 haec
1034 2773 1235 2820 infirmatus
1263 2778 1340 2819 est;

290 2824 488 2869 cognovisti
515 2827 626 2871 enim,
652 2827 736 2878 quia
756 2838 837 2866 eum
863 2831 923 2875 qui
946 2833 1072 2878 viginti
1095 2835 1197 2877 annis
1229 2846 1342 2882 usque

291 2882 336 2918 ad
359 2885 544 2937 senaginta
563 2897 740 2938 annorum
763 2894 832 2934 est,
853 2891 1019 2939 omnibus
1042 2893 1226 2942 legislator
1250 2905 1342 2942 prae-

291 2942 424 2989 posuit.

336 3002 470 3041 Deinde
490 3016 585 3045 nunc
610 3014 694 3055 post
708 3019 832 3050 omnes
858 3021 939 3048 eum
954 3013 1015 3059 qui
1032 3014 1217 3061 sexaginta
1238 3017 1342 3053 annis

290 3067 327 3111 et
346 3073 454 3109 supra
474 3071 544 3111 est,
569 3067 633 3112 ait,
663 3078 729 3115 per
750 3070 819 3106 hoc
838 3073 933 3116 quod
950 3072 1041 3108 dixit
1060 3082 1069 3107 :
1088 3084 1195 3120 super
1214 3076 1342 3112 animae

290 3129 513 3167 senectutem
535 3132 571 3163 et
588 3127 835 3173 infirmitatem
855 3131 945 3178 ejus,
965 3133 1026 3178 qui
1043 3134 1237 3171 maximam
1256 3146 1343 3172 con—

289 3186 794 3239 versationem-proposuerat,
810 3193 934 3239 procul
952 3193 1060 3239 dubio
1080 3195 1252 3243 designat.
1271 3195 1344 3239 Qui

290 3253 376 3291 ergo
391 3255 456 3292 per
471 3247 689 3298 virginitatis
704 3250 760 3287 vel
783 3251 1169 3302 despectupossidendi
1187 3264 1339 3291 conver-

295 3305 472 3350 sationem
497 3309 680 3360 promittit
707 3316 746 3357 et
771 3312 959 3360 proponit,
993 3313 1123 3352 deinde
1135 3313 1342 3362 infirmatur

291 3365 470 3417 ‚complere
490 3370 732 3420 prepositum,
759 3371 858 3421 audit
879 3381 900 3416 a
914 3371 1026 3408 Paulo
1044 3385 1055 3408 z
1076 3372 1117 3418 Si
1129 3374 1208 3424 quie
1226 3380 1340 3419 aulem

290 3429 425 3471 turpem
435 3438 471 3463 se
484 3429 658 3467 existimat
672 3441 774 3478 super
790 3431 956 3478 virqinem
970 3443 1084 3477 suam,
1102 3444 1142 3478 eo
1157 3434 1251 3481 quod
1266 3434 1344 3480 {ue-.-

293 3483 336 3526 rt't
354 3496 456 3532 super
468 3489 590 3536 adulta
605 3491 640 3539 (I
657 3491 740 3528 Gor.
756 3492 838 3541 vn).
864 3491 1028 3538 Ostendit
1044 3495 1225 3540 quoddam
1244 3496 1343 3542 infir,-

293 3550 430 3590 matum
442 3553 478 3591 et
491 3550 536 3593 ad
549 3558 770 3600 senectutem
780 3554 978 3603 ,deductum
986 3557 1231 3604 prepositum,
1244 3563 1275 3600 et
1286 3558 1340 3604 εἰς

295 3613 430 3653 oportet
451 3610 544 3656 fieri,
564 3614 656 3659 quod
677 3615 764 3661 vult,
777 3616 908 3663 facias,
945 3629 1015 3662 non
1032 3625 1152 3664 peccat
1167 3619 1203 3655 ,si
1218 3619 1336 3663 nubat.

292 3661 338 3709 Εἰ
359 3676 483 3714 rursus
500 3681 510 3706 :
537 3669 577 3708 Si
595 3676 768 3721 nupseris,
787 3686 856 3713 non
875 3677 1025 3724 peccasti
1031 3688 1046 3720 ,·
1059 3683 1091 3714 et
1117 3679 1148 3723 ,εἰ
1168 3678 1338 3726 nupserit,

296 3724 392 3777 firm>
407 3740 475 3781 noo
484 3736 662 3780 peccam,-
681 3736 940 3777 trilmlaaeionem
962 3744 1079 3782 autem
1094 3740 1216 3785 ,cornis
1233 3739 1339 3786 ῥαῖνε,-
1404 3733 1466 3782 ille
1496 3735 1731 3780 oestinmverit,
1758 3741 1791 3772 et
1821 3735 1946 3772 viderit
1969 3745 2050 3782 mm
2078 3744 2181 3783 poete
2199 3729 2358 3782 rem,
2386 3776 2394 3782 ⁴

295 3780 855 3852 Qnikmfflffm.mm
869 3797 966 3843 avitis
978 3809 1104 3847 natea.
1128 3799 1192 3846 ‘aaa
1210 3805 1336 3847 ,amm
1405 3801 1482 3847 m
1503 3795 1622 3845 datie:
1637 3795 1741 3845 Nunc
1766 3795 1853 3844 uicit
1870 3796 1981 3851 «¹09⁰
2002 3805 2076 3854 ωδ·
2105 3792 2458 3847 mulie-mm

1406 2164 1650 2208 perfectorum
1676 2166 1892 2213 simplicium
1919 2171 1987 2203 est.
2015 2165 2105 2210 Quia
2122 2175 2207 2213 ergo
2238 2165 2275 2201 in
2295 2164 2464 2212 praesenti
2527 2166 2531 2212 g

1409 2223 1630 2260 differentias
1665 2226 1800 2270 innuit,
1831 2233 1868 2263 et
1899 2217 2162 2273 ‹iuodammodo
2198 2226 2311 2263 vitam
2337 2225 2464 2265 distin-

1409 2286 1540 2331 guebat
1574 2286 1773 2332 hominum,
1807 2293 1843 2325 et
1873 2288 1979 2334 hujus
2018 2289 2163 2335 quidem
2201 2297 2279 2324 esse
2307 2287 2462 2335 pretium

1410 2346 1666 2394 quinquaginta
1684 2349 1924 2393 didrachmas,
1950 2350 2000 2386 ait
2018 2362 2025 2384 :
2045 2350 2150 2395 hujus
2167 2349 2325 2396 triginta,
2358 2347 2463 2393 hujus
2527 2346 2540 2386 ἓ·

1409 2409 1549 2454 viginti,
1567 2410 1673 2455 hujus
1692 2411 1830 2454 decem,
1852 2412 1957 2457 hujus
1971 2411 2145 2456 quinque,
2164 2411 2270 2455 hujus
2291 2416 2379 2453 tres,
2401 2410 2464 2446 hu·
2529 2425 2540 2458 g

1405 2469 1464 2516 jus
1486 2469 1706 2515 quindecim,
1721 2470 1830 2515 hujus
1858 2471 2000 2514 decem;
2020 2469 2231 2516 colligentur
2245 2475 2365 2505 autem
2385 2470 2464 2504 haec
2525 2464 2540 2519 Ξ

1409 2539 1550 2574 parum.
1585 2530 1677 2574 Quid
1692 2531 1736 2567 de
1751 2536 1896 2570 centum
1915 2532 2174 2578 quinquaginta
2189 2531 2307 2567 minus
2327 2530 2464 2567 haben-
2527 2532 2540 2579 ῗ

1409 2589 1481 2631 tia?
1500 2589 1583 2626 Haec
1599 2597 1718 2626 autem
1742 2592 1780 2627 in
1797 2592 1954 2637 quinque
1975 2592 2090 2627 divisa
2109 2590 2246 2628 faciunt
2270 2600 2382 2637 prope
2399 2590 2463 2627 tri-
2529 2607 2540 2635 ,-

1410 2650 1594 2687 eenarium
1618 2660 1820 2695 numerum.
1841 2651 1931 2693 Vide
1955 2650 2256 2696 quemadmodum
2275 2649 2462 2696 116616515-

1410 2709 1502 2754 lator
1534 2710 1712 2757 ignoravit
1739 2715 2084 2756 temperamentum,
2101 2711 2198 2757 quod
2229 2709 2395 2749 Christus
2421 2709 2460 2755 in
2525 2710 2540 2761 ἶ·

1410 2776 1532 2807 nostra
1556 2771 1631 2806 vita
1658 2775 1695 2806 et
1722 2771 1992 2811 conversatione
2017 2770 2126 2814 fecit3
2145 2780 2210 2810 nec
2242 2768 2460 2816 evangelista
2524 2767 2540 2828 Ξ

1409 2841 1599 2875 numerum
1619 2836 1940 2877 temperamentum
1956 2832 2148 2874 habentem
2163 2830 2354 2878 ignoravit.
2368 2830 2459 2875 Pro·
2524 2831 2540 2891 Ξ

1407 2895 1488 2935 pter
1505 2890 1601 2935 qnod
1631 2901 1712 2926 eum
1729 2901 1799 2927 non
1826 2892 2013 2937 plenorum
2031 2892 2179 2938 triginta
2197 2900 2372 2935 annorum
2398 2899 2459 2930 ve-
2523 2893 2540 2941 ξ

1408 2949 1504 2984 nisse
1519 2949 1570 2984 ait
1587 2950 1632 2984 ad
1646 2950 1876 2996 baptismum.
1895 2952 1956 2995 Ait
1969 2953 2065 2995 enim
2083 2964 2092 2988 :
2113 2951 2161 2988 Et
2177 2952 2249 2998 ipse
2264 2950 2369 2997 Jesus
2384 2955 2461 2994 ,arat
2503 2986 2506 2998 ,

1409 3008 1576 3054 incipiens
1607 3009 1708 3055 quasi
1743 3021 1914 3047 annorum
1946 3012 2090 3059 triqinla
2120 3011 2220 3058 (Luc.
2240 3009 2310 3058 111).
2339 3009 2383 3047 Et
2395 3019 2461 3058 cui?

1409 3070 1502 3109 hoc?
1520 3069 1610 3112 Quia
1626 3075 1662 3105 et
1679 3071 1740 3116 qui
1759 3071 1866 3107 nimis
1879 3071 2089 3118 perfectam,
2105 3076 2141 3117 et
2153 3071 2216 3118 qui
2227 3069 2460 3116 mfldiocrith

1409 3130 1618 3176 perfectam,
1641 3137 1677 3167 et
1697 3132 1758 3178 qui
1774 3133 1950 3169 minorem
1963 3133 2075 3180 vitam
2091 3132 2225 3179 studet,
2257 3140 2328 3177 11011
2338 3128 2462 3178 perfer·

1410 3198 1468 3228 ete
1487 3194 1652 3238 pervenit
1666 3193 1710 3228 ad
1729 3203 1958 3238 mensuram;
1974 3195 2085 3242 nimis
2100 3194 2199 3240 enim
2210 3193 2321 3239 habet
2337 3190 2454 3240 emti}-

1408 3254 1530 3299 modo,
1548 3253 1632 3298 auia
1649 3253 1836 3299 Deisolius
1850 3253 2115 3301 estpetsemm
2136 3254 2200 3302 §ed
2215 3253 2339 3305 minus
2352 3250 2461 3301 haee

1407 3316 1556 3361 tamum
1575 3312 1613 3347 in
1631 3317 1806 3359 quantum
1828 3311 1970 3359 veniam
1986 3312 2024 3357 in
2042 3312 2126 3360 1³⁰9,
2140 3313 2238 3357 quod
2248 3312 2457 3362 mamea·

1411 3372 1486 3420 dat·
1521 3371 1621 3422 Unde
1648 3376 1684 3407 et
1705 3377 1850 3420 certum
1885 3371 2145 3419 qumquasinta
2167 3376 2305 3418 sertem
2338 3370 2459 3418 minus

1408 3436 1512 3482 sunu
1527 3431 1587 3475 hic
1611 3431 1706 3467 enim
1723 3431 1960 3479 quadraginta
1971 3436 2047 3477 tres
2063 3431 2256 3479 praedictus
2286 3439 2460 3481 nomem

1411 3493 1590 3541 colligitpr
1609 3505 1618 3529 :
1639 3502 1706 3539 per
1723 3493 1966 3542 septenarium
1991 3499 2112 3541 autem
2126 3502 2317 3546 numerum
2341 3491 2459 3539 mni.-

1409 3554 1502 3596 feste
1518 3555 1622 3591 venia
1646 3553 1883 3602 significatur.

1457 3615 1496 3651 Si
1519 3621 1634 3651 autem
1663 3626 1794 3662 pauper
1817 3615 1922 3662 suerit
1949 3621 1982 3652 et
2017 3613 2282 3661 &mamm
2312 3611 2459 3661 κόψας

1408 3685 1478 3716 non
1505 3674 1670 3718 valuerit,
1707 3675 1811 3712 stabit
1840 3686 1960 3712 corum
1987 3671 2260 3728 swadet
2287 3678 2410 3721 quant,
