2540 4016
305 207 372 244 163

722 195 764 231 13.
789 191 959 230 RABAN!
986 187 1133 226 mum
1158 183 1374 222 AnctltEt‘.
1402 181 1613 220 MOGUNT.
1642 181 1836 222 OPERUM
1858 182 1980 220 PARS
2004 183 2032 220 1.

2413 183 2483 220 164

304 285 353 320 tia
370 293 377 317 :
398 278 482 326 quia
499 275 630 314 summi
650 274 699 310 illi
715 272 982 319 praedicatores,
993 266 1054 312 qui
1067 265 1179 300 vitam
1194 261 1353 297 fidetium
1370 264 1407 304 A
1423 258 1466 295 de
1484 258 1555 295 illis
1572 268 1661 304 quas
1673 259 1748 306 jam
1773 259 2111 307 apprehenderant,
2141 258 2288 296 student
2315 258 2484 307 gloriari,

302 342 379 381 suis
398 334 708 377 exhortationibus
731 338 768 368 et
799 326 1115 367 intercessionibus
1146 319 1355 367 quotidiana

303 401 567 442 sollicitudine,
595 397 747 442 vigiliis,
774 392 938 438 JeJ'uniis,
961 399 1024 426 sua
1046 386 1208 423 nuditate
1235 387 1357 429 prote-

304 467 405 510 gunt,
422 469 501 497 sese
520 457 663 504 quidem
696 452 875 489 humiliter
905 448 973 494 ipsi
1002 444 1263 490 contemplata,
1298 452 1357 477 su-

305 531 426 568 pcrnae
453 517 619 566 puritatis
646 512 855 551 excellentia
885 513 1095 555 peccatores
1125 503 1355 551 profitentur.

307 583 373 627 Qui
392 588 509 617 tamen
528 583 696 624 quantum
717 575 759 610 ad
778 574 942 608 humanae
958 569 1104 605 modum
1123 564 1358 613 perfectionis

307 642 450 683 attinet,
474 638 594 675 mundi
615 638 706 672 inter
725 633 886 668 homines
909 640 950 666 ac
969 628 1140 665 sublimes
1158 629 1356 673 apparent:

307 705 427 752 AEqua
445 704 508 740 erit
530 711 688 738 mensura
707 706 869 743 saqorum
890 693 1059 735 omnium,
1079 703 1097 726 e
1111 690 1234 738 quibus
1259 688 1360 734 quin-

306 777 372 813 que
384 766 509 812 jnnqes
528 772 702 802 seorsum,
733 764 764 793 ec
790 767 850 791 sex
871 754 937 790 sibi
955 759 1076 789 mutuo
1095 750 1288 798 copulabis,
1310 749 1360 783 ita

307 835 345 863 ut
359 834 491 862 sextum
507 834 626 870 sayum
639 823 673 856 in
688 821 799 865 fronte
814 818 894 853 tecti
910 814 1077 862 duplices.
1090 813 1166 849 Una
1182 812 1252 847 erit
1266 820 1361 846 men-

309 900 391 925 sura
412 895 577 932 sagorum
603 882 759 919 omnium
774 908 783 923 ,
810 878 893 925 quia
914 877 1085 912 nimirum
1113 884 1182 909 una
1201 877 1256 908 est
1274 870 1361 907 {ides

309 951 344 985 in
365 960 434 994 qua
457 953 526 982 tota
550 944 707 980 salvatur
727 940 900 982 Ecclesia,
922 948 993 973 una
1013 936 1212 980 eademque
1227 933 1300 968 vita
1317 931 1362 967 ad

307 1019 412 1053 quam
443 1006 588 1041 festinat
614 1009 759 1038 aeternai.
784 1000 885 1036 Unde
905 1005 942 1034 et
962 998 997 1033 lii
1025 996 1141 1043 quiin
1162 995 1266 1030 vinea
1291 994 1362 1028 Do-

307 1070 391 1105 mini
409 1069 549 1104 diverso
565 1071 723 1110 tempore
739 1063 782 1097 ad
796 1060 1017 1106 operandum
1037 1059 1276 1098 intraverunt,
1292 1064 1362 1090 uno

307 1140 431 1166 omnes
462 1126 609 1163 denario
642 1126 917 1159 renumerantur
941 1119 1090 1167 (Manli.
1119 1118 1202 1162 xx).
1229 1116 1363 1151 Divisio

1422 324 1544 367 potest
1561 330 1714 357 numero
1733 330 1905 357 ansarum
1935 320 2012 357 sive
2041 318 2233 356 fibularum
2264 318 2488 367 quinquage-

1424 381 1541 424 nario,
1553 381 1630 428 ipsa
1647 381 1935 428 compunctionis
1950 391 2077 419 eorum
2091 381 2277 418 humilitas
2291 381 2486 428 designari.

1425 441 1753 489 Quinquagesimus
1772 453 1930 489 namque
1946 442 2170 490 poenitentiae
2187 442 2350 488 psalmus
2368 448 2437 487 est,
2452 447 2489 480 et

1426 508 1526 539 recte
1544 515 1552 538 :
1581 503 1666 549 quia
1686 501 2063 549 donum‘poenitentiae
2078 514 2151 540 non
2167 502 2237 539 nisi
2255 501 2392 549 Spiritu
2407 513 2491 539 san-

1427 569 1485 600 cto
1500 565 1677 611 largiente
1690 565 1923 601 conceditur:
1939 565 2074 602 donum
2087 565 2203 601 veniae
2217 563 2488 611 poenitentibus,

1427 635 1500 660 non
1517 624 1588 660 nisi
1606 625 1732 661 eadem
1755 626 1872 661 sancti
1899 624 2057 671 Spiritus
2081 624 2198 671 gratia
2218 624 2492 660 administrante

1428 685 1614 720 tribuitur.
1631 684 1677 720 Et
1694 685 1787 722 benc
1802 684 2066 732 quinquagena:
2086 695 2184 722 ansae
2199 684 2257 721 vel
2275 684 2392 720 fibulae
2408 694 2492 731 saga

1429 747 1586 783 invicem
1606 751 1771 790 nectunt,
1792 747 1877 792 quia
1896 746 1992 782 nulla
2018 746 2134 793 magis
2159 746 2275 782 virtus
2300 755 2408 791 quam
2428 746 2494 782 hu·

1428 809 1563 845 militas
1578 836 1587 852 ,
1622 808 1746 844 fideles
1779 807 1817 843 in
1843 817 1952 843 unam
1973 806 2163 843 charitatis
2195 805 2362 852 copulam
2392 805 2494 853 ligat.

1429 869 1520 905 Nam
1545 875 1682 916 quanto
1700 879 1738 906 se
1759 869 1911 915 quisque
1932 868 2090 915 amplius
2107 867 2293 904 infirmum
2313 877 2392 904 esse
2413 878 2492 915 per-

1430 930 1568 976 pendit,
1594 934 1694 965 tanto
1713 929 1910 965 studiosius
1932 928 2106 964 auxilium
2130 928 2286 975 proximi
2311 938 2383 974 quo
2410 939 2492 965 con-

1430 991 1609 1034 firmetur,
1635 989 1797 1036 inquirit.
1819 990 1863 1025 Et
1880 990 1974 1025 bene
1992 989 2109 1024 fibula:
2130 994 2215 1025 sunt
2241 998 2372 1031 aeneae,
2399 987 2495 1034 quod

1430 1049 1726 1086 multum'vocale
1745 1054 1888 1085 constat
1908 1058 1987 1084 esse
2003 1048 2204 1092 metallum,
2225 1049 2311 1094 quia
2325 1048 2496 1086 nimirum

1431 1121 1602 1158 magnam
1626 1111 1721 1156 apud
1745 1111 1860 1146 Deum
1879 1110 1987 1146 babet
2003 1119 2129 1146 vocem
2150 1110 2297 1146 humilis
2314 1110 2495 1147 conscien-

310 1200 395 1235 ergo
411 1197 574 1232 sagorum
595 1186 629 1220 in
652 1184 809 1230 quinque
829 1188 865 1218 et
893 1191 954 1216 sex
982 1181 1097 1227 juxta''
1113 1178 1198 1213 illud
1214 1176 1362 1222 intelligi
1383 1178 1413 1216 Β
1435 1171 1482 1207 tia
1506 1169 1701 1215 Justorum.
1725 1170 1828 1206 Unde
1858 1174 1894 1205 et
1931 1179 2070 1216 pauper
2102 1169 2162 1206 ille
2188 1169 2394 1211 Davidicus,
2416 1179 2498 1206 cum

311 1256 441 1296 potest,
462 1248 554 1294 quod
573 1257 678 1292 supra
698 1245 742 1280 dc
760 1243 908 1280 cortinis
927 1243 962 1277 in
978 1242 1134 1287 quinque
1152 1245 1188 1275 et
1204 1238 1362 1284 quinque

311 1310 435 1346 divisis
454 1309 695 1354 exposuimus,
710 1306 793 1352 quia
808 1304 974 1340 videlieet
991 1304 1157 1338 doctores
1176 1300 1363 1344 utriusque

313 1370 529 1407 Testamenti
549 1368 746 1413 designent.
767 1365 932 1409 Quinque
951 1362 1083 1398 etenim
1105 1371 1190 1407 saga
1206 1358 1363 1404 antiquis

311 1433 450 1478 populis
467 1431 528 1467 Dei
549 1429 747 1475 magistris,
783 1432 865 1471 apte
893 1428 1170 1469 comparantur,
1195 1420 1251 1456 vel
1279 1419 1364 1465 quia

314 1492 474 1527 Mosaicae
491 1497 608 1525 tamen
630 1488 715 1534 legis
728 1482 955 1522 'sacramenta
972 1483 1230 1530 praedicabant,
1242 1491 1365 1527 quam-

311 1552 365 1586 vis
386 1557 421 1586 et
446 1549 656 1595 evangelicae
681 1557 811 1583 arcana
842 1545 1108 1592 praedicebant;
1137 1543 1193 1579 vel
1217 1543 1301 1588 quia
1328 1542 1365 1576 in

313 1613 468 1657 quinque
494 1610 615 1645 mundi
643 1608 808 1643 aetatibus
831 1606 936 1650 liujus
962 1605 1073 1639 vitam
1102 1602 1292 1639 ducebant.
1326 1601 1365 1638 ln

315 1683 376 1708 sex
406 1677 524 1706 autem
556 1669 652 1715 sagis
678 1672 826 1712 possunt
855 1675 925 1700 non
955 1663 1247 1699 inconvenienter
1276 1660 1366 1696 Novi

316 1731 533 1767 Testamenti
555 1730 718 1764 doctores
734 1725 955 1771 accipi,quia
970 1723 1136 1759 videlicet
1151 1722 1270 1757 onmia
1287 1731 1366 1766 quae

317 1794 435 1829 divina
467 1792 650 1837 Scriptura
680 1790 714 1824 in
744 1800 807 1824 sex
840 1787 1006 1823 cctatibus
1033 1785 1153 1821 saeculi
1175 1783 1270 1819 sacta
1292 1783 1367 1819 sive

317 1858 410 1892 dicta
427 1854 547 1895 refert,
568 1854 600 1887 in
618 1851 831 1897 adjutorium
847 1855 955 1894 atquc
971 1846 1174 1891 exemplum
1190 1855 1262 1881 suae
1276 1854 1369 1890 pra:-

318 1915 507 1952 dicationis
522 1913 753 1959 spiritualiter
771 1910 950 1946 intellecta
966 1911 1177 1949 assumunt;
1194 1907 1277 1951 quia
1291 1915 1369 1950 pas·

317 1977 452 2012 sionem
473 1974 706 2012 Dominicam,
730 1982 793 2016 per
812 1980 920 2015 quam
935 1968 1089 2003 mundus
1111 1971 1211 2002 sexta
1230 1964 1369 2001 sabbati

317 2037 523 2079 redemptus
542 2038 611 2074 cst,
640 2031 757 2076 palam
789 2030 863 2064 suis
899 2026 1122 2063 auditoribus
1152 2025 1367 2062 credendam

1433 1232 1601 1267 anxiatus
1615 1236 1711 1266 esset
1729 1238 1765 1265 et
1777 1239 1849 1265 non
1868 1230 1903 1265 in
1918 1230 2067 1266 auribus
2079 1229 2267 1266 bominum
2282 1229 2501 1265 vociferare-

1432 1297 1512 1335 tur,
1542 1292 1605 1328 sed
1626 1291 1662 1327 in
1682 1295 1879 1336 conspectu
1897 1290 2040 1326 Domini
2067 1290 2271 1326 effunderet
2296 1290 2500 1326 orationem

1432 1362 1555 1394 suam,
1576 1351 1725 1386 Domine
1740 1378 1750 1394 ,
1779 1350 1910 1386 exaudi
1931 1350 2123 1386 orationem
2154 1361 2288 1396 meam,
2314 1350 2447 1398 inquit,
2467 1356 2500 1387 et

1432 1411 1567 1448 clamor
1587 1422 1682 1446 meus
1704 1411 1749 1446 ad
1771 1417 1802 1446 te
1819 1410 1932 1446 veniat
1951 1410 2065 1457 (Psal.
2090 1409 2155 1457 ct).

1481 1472 1582 1516 Quod
1603 1478 1718 1507 autem
1738 1471 1948 1518 superfuerit
1979 1471 2015 1506 in
2034 1472 2127 1517 saqis
2149 1482 2229 1518 quoe
2254 1477 2502 1519 proeparantur

1433 1539 1534 1576 tecto,
1549 1533 1584 1568 id
1601 1539 1665 1575 est,
1683 1543 1790 1567 unum
1804 1543 1927 1578 saqum
1946 1532 2038 1578 quod
2061 1531 2210 1578 amplius
2227 1539 2291 1576 est,
2309 1543 2351 1568 ex
2374 1533 2502 1569 medie-

1433 1602 1503 1631 tate
1518 1596 1592 1642 ejus
1619 1595 1751 1641 operies
1769 1594 1965 1641 posteriora
1986 1593 2228 1637 tabernaculi;
2247 1600 2280 1630 et
2300 1595 2436 1631 cubitus
2457 1607 2501 1631 ea:

1433 1669 1504 1692 una
1519 1663 1617 1703 parte
1639 1657 1812 1703 pendebit,
1830 1662 1861 1692 et
1883 1655 1972 1691 alter
1990 1667 2032 1692 ea:
2055 1656 2182 1700 altera,
2201 1658 2262 1704 qni
2285 1658 2365 1704 plus
2390 1666 2440 1695 est
2462 1661 2500 1695 in

1434 1732 1597 1767 sayornm
1615 1720 1846 1766 Ionqssucline,
1867 1726 2051 1766 utrumque
2072 1719 2165 1755 latus
2185 1720 2404 1757 tabernaculi
2423 1733 2502 1768 pro-

1435 1786 1563 1826 thens.
1587 1780 1670 1815 llaec
1701 1786 1739 1814 ut
1758 1779 1900 1825 plenius
1921 1779 2072 1825 intelligi
2098 1786 2245 1825 queant,
2265 1780 2372 1827 paulo
2392 1781 2502 1818 latius

1436 1842 1479 1876 de
1505 1846 1580 1876 tota
1619 1840 1729 1885 ipsius
1755 1839 1979 1875 tabernaculi
2005 1839 2183 1884 positione
2217 1842 2401 1887 disputare
2438 1852 2502 1878 ne-

1435 1911 1537 1936 cesse
1555 1905 1622 1935 est.
1646 1900 1806 1935 Diximus
1828 1900 1983 1945 parietes
2005 1900 2227 1936 tabernaculi
2258 1912 2337 1947 qua}
2364 1913 2408 1938 ex
2447 1908 2500 1939 ta-

1435 1960 1530 1996 bulis
1544 1966 1580 1996 et
1600 1960 1778 1996 columnis
1796 1960 2025 2003 constabant,
2047 1960 2306 2007 longitudinem
2329 1963 2500 2000 babuisse

1437 2022 1584 2067 triginta
1605 2021 1820 2064 cubitorum,
1839 2022 2066 2058 latitudinem
2092 2023 2237 2065 decem,
2273 2023 2499 2062 altitudinem

319 2093 629 2136 confitendamque
656 2090 911 2136 pronuntiant,
943 2098 986 2123 ac
1010 2097 1074 2133 per
1099 2086 1204 2130 lunias
1230 2086 1366 2121 solum·
1387 2075 1415 2114 C
1438 2081 1602 2117 similiter
1622 2080 1758 2116 decem.
1783 2080 1821 2116 Si
1848 2081 1929 2126 quis
1961 2091 2046 2127 ergo
2069 2082 2177 2118 vellet
2196 2083 2342 2119 domum
2363 2083 2398 2119 in
2419 2083 2502 2119 lati-

319 2153 427 2189 modo
450 2155 713 2187 sacramentum
737 2159 798 2184 eos
821 2148 948 2184 salvari
977 2157 1082 2193 posse
1103 2151 1366 2182 contestantur.

322 2213 422 2250 Unde
439 2217 533 2247 recte
556 2210 761 2256 prxccipitur
779 2214 917 2244 sextum
942 2217 1066 2252 sagum
1092 2207 1126 2241 in
1148 2205 1265 2241 fronte
1286 2204 1370 2239 tecti

321 2273 506 2319 duplicari,
526 2276 669 2316 propter
687 2270 947 2304 consessionem
965 2268 1131 2302 videlicet
1149 2272 1184 2301 et
1201 2265 1370 2300 imitatio-

322 2338 403 2368 nem
422 2332 579 2376 ejusdem
606 2330 798 2364 Dominica:
830 2328 1020 2374 passionis.
1057 2326 1241 2372 Siquidem
1268 2325 1371 2371 juxta

320 2393 490 2434 litteram,
511 2390 666 2426 frontem
686 2390 780 2430 tecti,
804 2390 1006 2435 ingressum
1028 2386 1248 2423 tabernaculi
1269 2386 1367 2428 dicit,

321 2452 380 2487 ubi
402 2461 471 2486 non
496 2451 635 2486 tabulas
662 2455 701 2484 ut
729 2459 835 2494 supra
856 2449 1013 2483 breviter
1031 2448 1208 2489 diximus,
1229 2447 1290 2482 sed
1310 2456 1370 2481 co-

320 2511 459 2545 lumnas
487 2515 522 2545 et
551 2515 685 2544 vectem
715 2509 759 2543 ab
789 2508 919 2554 angulo
951 2507 1165 2549 tabularum,
1193 2517 1306 2551 usque
1325 2505 1370 2541 ad

320 2570 485 2616 angulum
504 2574 726 2615 protentum,
755 2568 837 2614 poni
869 2573 1087 2613 praeceptum
1117 2574 1185 2603 cst.
1216 2566 1370 2612 ideoque

321 2635 491 2674 quantum
507 2629 551 2663 ad
569 2628 718 2663 sormam
736 2629 855 2673 operis
876 2628 986 2673 ipsius
1007 2627 1175 2672 pertinet,
1193 2627 1240 2662 ibi
1258 2627 1370 2673 magis

321 2699 411 2734 opus
429 2694 506 2723 crat
525 2689 703 2734 geminato
723 2698 889 2733 sagorum
908 2687 1141 2729 munimento,
1172 2686 1231 2722 ubi
1256 2686 1370 2722 solida

323 2750 468 2795 parietis
486 2749 634 2783 [trinitas
652 2749 787 2783 aberat.
806 2748 860 2782 Ad
878 2758 963 2783 vero
990 2748 1163 2794 mystice,
1194 2748 1229 2783 in
1251 2747 1370 2783 fronte

324 2809 409 2844 tecti
426 2814 566 2844 sextum
583 2818 709 2852 sagum
726 2806 937 2852 duplicatur,
964 2817 1045 2842 cum
1063 2817 1189 2842 omnes
1205 2809 1265 2852 qui
1287 2818 1371 2844 san·

324 2875 418 2905 ctam
437 2869 573 2904 intrant
595 2867 790 2903 Ecclesiam
803 2893 812 2909 ,
834 2867 882 2902 ita
903 2867 971 2902 fide
991 2873 1028 2902 et
1046 2869 1282 2903 sacramentis
1302 2869 1371 2903 Do-

325 2928 465 2964 minicae
479 2928 654 2972 passionis
675 2926 874 2967 initiantur,
894 2932 931 2960 ut
952 2926 987 2961 in
1005 2926 1110 2971 liujus
1128 2937 1270 2972 quoque
1289 2928 1370 2963 imi-

328 2986 459 3022 tatione
475 2985 540 3021 sibi
556 2995 695 3030 semper
712 2995 791 3020 esse
807 2985 995 3020 vivendum
1011 2985 1227 3038 intelligant:
1246 2985 1370 3022 Facies
1387 2980 1422 3018 D
1439 2980 1551 3015 litatis
1564 2980 1760 3015 seeundum
1781 2981 2041 3028 longitudinem
2065 2986 2204 3031 domus,
2224 2987 2349 3024 decem
2367 2997 2496 3024 rursus

326 3051 357 3081 et
372 3045 622 3091 quinquaqinta
642 3043 783 3078 ansulas
801 3044 837 3079 itt
856 3054 917 3078 ora
931 3044 1005 3089 saqi
1022 3044 1138 3086 unius,
1155 3050 1191 3078 ut
1207 3045 1371 3091 conjungi

326 3114 407 3140 cunt
424 3102 533 3139 altero
549 3108 671 3148 queat‚·
692 3108 723 3136 et
752 3103 1003 3148 quinquaqinta
1028 3114 1132 3138 ansas
1160 3103 1197 3138 in
1216 3114 1278 3138 ora
1296 3105 1373 3149 saqi

326 3162 532 3204 attenuant!
548 3172 626 3195 cum
643 3160 752 3195 altero
765 3160 964 3206 copulatum
979 3162 1228 3207 quinquaqinta
1244 3162 1369 3207 fibulas

325 3231 466 3263 aureas,
481 3220 602 3266 quibus
619 3219 814 3264 jungantur
833 3230 942 3262 anate,
965 3226 1000 3255 ut
1022 3231 1128 3255 unum
1145 3232 1188 3256 ex
1211 3222 1371 3258 ornnibus

325 3281 575 3327 operimentum
596 3279 672 3324 fiat.
698 3278 782 3315 llaec
801 3284 841 3314 ut
857 3289 963 3324 supra
983 3279 1018 3314 in
1034 3280 1183 3316 cortinis
1202 3282 1369 3326 exposui-

327 3351 420 3383 mus,
444 3341 553 3377 etiam
569 3339 627 3376 bic
652 3339 799 3386 intelligi
823 3345 995 3385 possunt:
1023 3340 1118 3386 quod
1135 3341 1300 3378 videlicet
1316 3351 1373 3378 re-

327 3400 485 3436 cordatio
503 3409 666 3446 superna:
685 3399 836 3446 requiei,
863 3410 944 3446 quae
971 3411 1121 3437 numero
1147 3401 1370 3450 quinquage-

329 3460 431 3495 nario
451 3460 540 3495 solet
557 3460 732 3506 exprimi,
752 3460 860 3496 corda
879 3465 1085 3497 sanctorum
1112 3461 1255 3499 vinculo
1273 3463 1374 3509 pacis

329 3519 475 3554 atlunet.
496 3520 567 3556 Aut
589 3521 621 3556 si
651 3521 731 3557 novi
757 3521 893 3568 aliquid
920 3521 1046 3558 audire
1075 3522 1252 3567 delectat,
1285 3534 1373 3572 saga

328 3576 566 3614 bumilitatem
607 3578 811 3615 sublimium
843 3579 1033 3627 designant
1067 3580 1227 3617 virorum
1242 3608 1253 3626 ,
1286 3582 1373 3629 quia

328 3637 443 3683 mgis
457 3647 603 3674 suorum
623 3638 829 3676 meminisse
849 3639 1063 3679 delictorum
1087 3650 1196 3688 quam
1219 3642 1374 3680 virtutes

330 3702 415 3730 suas
431 3695 643 3740 practicasse
659 3697 820 3742 eupiunt,
835 3698 989 3744 amplius
1009 3699 1055 3736 de
1071 3699 1126 3736 eis
1141 3708 1233 3747 quas
1247 3710 1375 3750 appro-

333 3749 486 3791 numne
497 3755 654 3802 umam
667 3761 818 3803 poemat
830 3757 1025 3795 virtutibus
1038 3760 1246 3809 compungi,
1260 3770 1373 3812 qnam

1441 2140 1561 2176 tudine
1581 2139 1726 2185 cingere
1759 2139 1931 2183 funiculo,
1951 2141 2052 2177 verbi
2082 2142 2196 2187 gratia
2219 2154 2239 2178 a
2259 2143 2338 2179 basi
2372 2143 2501 2180 tabulae

1439 2198 1544 2233 unius
1563 2198 1754 2233 meridiani
1775 2198 1914 2241 lateris,
1931 2209 2044 2245 nsque
2065 2200 2108 2236 ad
2132 2201 2247 2237 basim
2270 2202 2400 2239 tabulae
2417 2212 2499 2249 quae

1439 2262 1534 2293 essct
1552 2267 1571 2293 e
1595 2257 1740 2303 regione
1760 2258 1795 2292 in
1815 2258 1926 2294 latere
1946 2261 2235 2306 septentrionali,
2255 2268 2398 2299 constat
2416 2273 2501 2309 pro-

1438 2318 1532 2353 secto
1550 2318 1715 2353 eumdem
1731 2318 1926 2354 funiculum
1947 2320 2096 2366 triginta
2115 2322 2319 2358 cubitorum
2344 2322 2500 2370 longitu-

1439 2378 1534 2413 dinis
1554 2388 1633 2413 esse
1662 2377 1793 2413 debere
1815 2379 1919 2414 :·hoc
1950 2384 2005 2415 est
2033 2381 2156 2416 decem
2184 2381 2326 2418 cubitos
2363 2382 2501 2418 habsns

1439 2438 1660 2474 ascensionis
1681 2439 1716 2473 in
1741 2439 1939 2475 meridiano
1959 2441 2111 2486 pariete,
2133 2441 2258 2477 decem
2273 2442 2362 2478 alios
2383 2453 2502 2489 :equa-
2535 2454 2540 2495 ³,

1438 2496 1552 2532 litatis
1569 2507 1712 2533 sursum
1738 2497 1833 2532 inter
1854 2499 2011 2543 parietes
2028 2525 2037 2541 ‚
2073 2499 2197 2535 decem
2218 2501 2324 2537 tertio
2352 2502 2502 2538 descen-
2533 2498 2540 2536 .¹

1439 2558 1550 2594 sionis
1571 2558 1604 2593 in
1624 2558 1762 2604 pariete
1796 2559 2081 2604 septentrionali.
2103 2560 2191 2596 Item
2211 2561 2240 2597 si
2260 2572 2326 2608 per
2342 2562 2501 2610 longitu-

1438 2617 1558 2653 dinem
1594 2617 1722 2654 domus
1747 2619 1944 2655 extendere
1964 2619 2159 2656 funiculum
2180 2621 2283 2666 velis,
2306 2623 2375 2660 boc
2392 2630 2448 2660 est
2476 2635 2499 2661 a
2537 2633 2540 2684 Ι

1438 2677 1584 2714 basibus
1604 2679 1851 2715 columnarum
1876 2691 2017 2716 sursum
2038 2707 2048 2724 ,
2083 2686 2119 2717 ct
2141 2691 2207 2727 per
2235 2682 2497 2731 longitudinem
2534 2685 2540 2706 ⁴

1438 2739 1548 2775 totius
1566 2739 1694 2776 domus
1709 2739 1752 2775 ad
1781 2740 2040 2776 occidentalem
2073 2751 2188 2787 usque
2218 2744 2416 2789 parietem,
2454 2755 2499 2782 ac

1439 2799 1566 2834 deinde
1585 2809 1698 2844 usque
1717 2801 1762 2835 ad
1780 2800 1886 2835 bases
1905 2801 1982 2846 ejus
1994 2800 2161 2838 deorsum
2175 2828 2185 2846 ,
2223 2802 2370 2840 habebit
2401 2804 2498 2842 runi-

1439 2860 1615 2895 culusille
1634 2861 1893 2907 quinquaginta
1925 2863 2066 2900 cubitos
2083 2865 2342 2912 longitudinis:
2370 2866 2496 2904 decem

1438 2919 1607 2955 videlicet
1624 2921 1846 2957 ascensionis
1861 2921 1964 2966 Juxta
1986 2925 2186 2970 columnas,
2208 2927 2354 2974 triginta
2371 2938 2500 2974 tequa-

1439 3039 1683 3075 descensionis
1697 3039 1802 3085 juxta
1823 3042 2057 3080 occidentalis
2087 3045 2236 3090 parietis
2255 3045 2408 3083 tabulas.
2428 3046 2495 3084 His

1439 3107 1525 3143 ergo
1554 3098 1806 3142 consideratis,
1824 3099 1955 3136 intueri
1981 3107 2036 3138 est
2066 3113 2255 3142 mensuras
2272 3105 2495 3143 cortinarum

1437 3160 1567 3206 quibus
1598 3161 1752 3206 regenda
1771 3167 1850 3197 erat
1884 3162 2024 3207 domus,
2045 3166 2202 3211 qualiter
2228 3167 2389 3214 praesatis
2411 3177 2497 3215 pos-

1439 3220 1511 3255 sint
1529 3220 1721 3257 convenire
1752 3221 1942 3257 mensuris.
1965 3223 2095 3260 Decem
2121 3232 2226 3262 erant
2259 3228 2408 3264 eortinae
2429 3227 2495 3264 ba*

1441 3279 1567 3315 bentes
1583 3279 1730 3325 singulae
1748 3279 1979 3326 longitudinis
2004 3284 2130 3330 viginti
2147 3291 2232 3323 octo
2259 3287 2415 3332 cubitos.
2440 3287 2495 3324 la·

1442 3338 1606 3375 titudinis
1632 3345 1814 3385 quatuor:
1842 3351 1921 3386 quae
1951 3343 2057 3379 simul
2081 3345 2215 3390 iunctae
2252 3353 2288 3383 et
2316 3348 2354 3384 in
2380 3358 2493 3386 unum

1442 3399 1649 3445 compositae
1666 3425 1677 3443 ‚
1713 3399 1983 3438 tabernaculum
2008 3403 2204 3450 implebant
2230 3407 2275 3444 de
2301 3399 2494 3446 latitudine*

1443 3469 1522 3503 sua,
1544 3459 1685 3497 cubitos
1701 3461 1951 3509 quadraginta.
1985 3463 2170 3512 Suspende
2203 3467 2313 3516 igitur
2331 3471 2493 3513 curtim

1443 3529 1524 3565 quae
1541 3519 1676 3556 habent
1688 3519 2083 3568 singulaeJongitudinis
2096 3526 2221 3574 viginti
2237 3533 2319 3567 octo
2331 3529 2475 3568 cuuto·
2500 3522 2502 3527 ’

1443 3584 1481 3616 et
1495 3579 1644 3624 poncia
1662 3579 1768 3616 domo
1793 3580 1896 3628 ettjus
1912 3587 1968 3619 est
1995 3595 2161 3624 mensura
2178 3588 2216 3625 in
2242 3593 2344 3628 trans
2376 3594 2381 3598 “

1440 3640 1590 3688 triginta
1607 3640 1763 3685 cubitos,
1781 3645 1821 3678 et
1841 3642 1980 3680 videbis
2007 3646 2091 3692 quia
2123 3649 2272 3686 cortinae
2305 3650 2329 3687 b

1438 3702 1478 3740 in
1491 3702 1792 3758 ”qualitateque
1814 3709 1872 3741 est
1889 3705 1985 3743 inter
2000 3709 2168 3755 parietes,
2189 3709 2346 3750 cubitu*
2400 3716 2410 3754 ζ
2463 3707 2469 3759 ’,

1438 3761 1477 3799 in
1491 3770 1645 3801 mauu
1663 3755 1799 3811 autem,
1812 3763 1890 3802 sive
1902 3765 2077 3806 descem
2102 3758 2165 3816 qui
2181 3774 2239 3809 est
2249 3767 2374 3820 Juxta*
