2540 4016
103 168 243 218 :mua

145 313 294 358 guntur,
313 310 397 347 audi
417 313 501 358 quia
525 311 702 351 Dominus
730 318 908 362 sapientia
924 317 996 355 est.
1029 321 1196 372 Cui-ergo

135 371 280 408 v«neum
307 371 503 410 naeieunas
524 379 607 410 esse
637 374 826 421 numanus,
849 378 918 415 iste
953 381 1198 421 haereditatem

146 434 333 481 snpientia
347 436 458 482 capit,
494 436 669 476 Dominus
692 439 834 487 Justitia
852 442 998 480 dicitur.
1028 445 1094 483 Cui
1113 455 1197 496 ergo

32 501 44 517 r
67 527 78 542 γ
145 494 318 533 bonanus
345 497 539 536 haereditas
566 502 622 536 est
638 528 648 545 ,
675 502 743 538 iste
775 504 1022 542 haereditatem
1049 507 1198 553 justitiae

144 556 392 605 consequitur.
414 559 589 598 Dominus
613 570 684 608 pax
708 568 778 609 est,
795 560 969 604 Dominus
998 569 1197 617 redemptio

70 617 77 624 ’
144 621 212 663 est,
234 617 411 656 Dominus
443 622 541 658 salus
558 627 626 667 est,
649 629 685 660 et
703 625 740 660 in
755 626 907 664 Domino
925 634 1008 665 sunt
1036 630 1196 668 thesauri

143 679 329 725 sapientia!
359 686 396 717 et
421 682 585 720 scientiae
629 684 829 723 absconditi
858 698 868 723 :
899 689 976 726 baee
1008 691 1129 728 omnia
1159 694 1196 729 in

141 739 391 779 haereditatem
407 745 581 792 percipiet
597 746 699 792 cujus
717 748 909 786 haereditas
926 751 1100 788 Dominus
1116 751 1194 790 sne-

140 802 201 838 rit.
235 802 494 840 Verumtamen
525 811 562 841 et
595 806 655 843 isti
686 808 817 853 quibus
851 809 1026 855 sapientia
1061 811 1137 856 Dei,
1161 819 1197 850 et

139 860 289 900 verbum
307 864 387 909 Dei,
410 868 446 901 et
464 866 600 904 veritas
615 873 654 904 et
666 868 806 914 iustitia
828 878 908 906 esse
931 868 1122 907 haereditas
1142 873 1195 909 di-

140 924 262 968 citur,
298 924 559 962 habitationem
601 924 749 964 interim
795 938 876 964 cum
913 928 984 966 illis
1016 931 1196 977 accipiunt

140 996 295 1032 quorum
323 986 514 1024 haereditas
534 985 687 1025 habetur
709 999 746 1025 m
767 989 888 1034 terris,
911 994 950 1026 ut
973 1002 1017 1028 ex
1037 993 1195 1039 ipsorum

140 1046 324 1084 consortio
354 1049 393 1084 ni
432 1050 494 1095 qui
528 1060 594 1096 per
627 1051 840 1098 semetipsos
877 1054 1033 1090 nondum
1075 1055 1195 1092 valent

137 1107 332 1155 participes
366 1105 569 1145 efficiantur
600 1111 784 1158 sapientiae
818 1118 853 1149 et
887 1115 1045 1151 scientiae
1063 1115 1140 1159 Dei,
1159 1121 1197 1152 et

140 223 142 227 Ι
759 174 1268 228 mmmmm
1290 189 1512 231 mma:
1539 196 1711 236 utrm,

146 249 416 296 mquid
445 248 534 288 utu-1
562 251 2278 330 mqummnoenmtneaest-Aaemffleffimnmtmn—nahm
2326 265 2330 267 ’

1266 337 1281 361 ι
1309 328 1407 364 deut
1425 332 1833 378 praecep-:mmmmm
1856 334 1896 370 in
1911 342 2141 391 manum
2164 319 2292 389 ..θέ

1267 397 1282 421 t
1313 389 1490 435 tribubus,
1505 398 1546 428 u
1560 393 1721 429 &meiat
1738 394 1860 430 tribui.
1893 396 2041 436 Dub-
2062 405 2160 442 αι.
2178 411 2291 448 uum.

1267 455 1282 478 ι
1310 445 1379 482 bue
1409 454 1446 483 et
1477 450 1634 487 dimidio
1663 450 1812 488 dederat
1837 453 1975 500 Moyse·
1996 463 2098 496 trun·
2107 461 2294 506 'Quem

1267 515 1282 539 «
1309 508 1592 552 possessionem:
1608 511 1745 556 abque
1753 511 1969 560 Levitis‚qui
1984 516 2074 553 nihii
2088 527 2296 568 aeceperunt

1268 577 1280 600 t
1311 566 1408 603 inter
1426 567 1560 605 tratres
1577 579 1674 614 sues,
1695 571 1814 608 sedin
1834 580 1959 610 eorum
1980 584 2227 618 meram
2249 584 2298 620 lo-

1267 637 1282 660 «
1311 637 1408 671 cum,
1428 640 1441 662 »
1463 634 1533 664 etc.
1570 630 1755 668 Discamns
1783 642 1827 668 ex
1858 633 1936 681 lege
1957 646 2067 682 qum
2102 644 2298 679 necessarie

1263 687 1398 733 scripta
1422 689 1473 724 sit
1499 695 1606 726 terrae
1635 691 1775 736 divisio,
1807 702 1887 739 quae
1913 696 2031 741 primo
2055 703 2212 744 tenpore
2237 711 2299 747 per

1263 748 1422 796 Moysen,
1449 753 1607 788 secundo
1625 762 1688 798 per
1705 753 1824 791 lesum
1849 755 1943 793 saeta
1966 764 2020 795 est
2037 767 2047 795 t
2062 769 2132 796 non
2150 767 2189 796 ut
2203 746 2300 799 utra-

1261 818 1333 856 que
1353 821 1555 857 servemus,
1582 815 1645 851 sed
1662 820 1702 850 ut
1721 817 1894 854 rationem
1925 821 2112 867 utriusque·
2129 823 2296 867 dicentes,

1262 871 1359 908 illam
1391 874 1503 910 solam
1536 881 1720 913 teneamus
1750 888 1830 924 quae
1861 880 1906 915 ab
1923 879 2005 917 Jesu
2034 883 2137 919 nobis
2152 883 2300 920 Domino

1262 939 1386 969 nostro
1409 935 1573 971 traditur.
1599 936 1711 983 Igitur
1730 933 1826 975 illam
1850 946 1981 977 terram
2003 951 2084 988 quas
2110 948 2207 980 trans
2223 944 2301 982 Jor-

1263 995 1391 1031 danem
1410 996 1549 1043 Moyses
1567 998 1764 1043 distribuit,
1787 1001 1878 1037 hanc
1898 1002 1955 1038 his
1973 1013 2050 1048 quae
2069 1008 2124 1040 est
2150 1005 2183 1040 in
2204 1010 2300 1041 terra

1264 1060 1388 1090 saneta
1420 1061 1456 1091 et
1488 1061 1582 1092 terra
1610 1058 1705 1093 bona
1724 1059 1905 1096 distribuit
1922 1061 2026 1098 «iesus
2045 1064 2210 1109 princeps
2243 1066 2302 1101 tri·

1263 1115 1372 1151 buum
1405 1115 1526 1152 lsrael.
1571 1116 1680 1154 Vides
1712 1129 1798 1166 ergo
1818 1122 1902 1166 quia
1919 1131 2000 1157 cum
2019 1124 2064 1158 ab
2092 1132 2136 1159 eo
2153 1126 2303 1170 coeperit

137 1172 272 1206 veritas
305 1169 382 1215 ejus
412 1181 455 1206 ac
484 1172 583 1207 verbi
602 1183 611 1216 ;
654 1178 689 1208 et
731 1174 780 1210 ita
814 1174 919 1211 etiam
951 1177 996 1212 ad
1027 1178 1195 1213 minimos
1214 1178 1245 1217 B
1262 1187 1347 1212 vera
1370 1176 1427 1213 illa
1447 1178 1639 1215 haereditas
1658 1186 1763 1216 terrae
1779 1187 1924 1225 sancue,
1943 1182 1977 1218 id
1996 1188 2062 1227 est,
2084 1192 2104 1220 a
2121 1184 2302 1222 Salvatorc

137 1241 298 1278 quosque
318 1232 540 1278 dispensatio
562 1234 680 1270 divina
706 1236 902 1280 pertendit,
923 1244 962 1272 ut
982 1237 1040 1283 qui
1060 1239 1193 1284 prinei-

134 1294 265 1340 paliter
289 1304 358 1330 non
377 1300 528 1340 possunt
548 1293 678 1331 divinae
702 1298 827 1342 grati-,e
848 1308 999 1343 capaces
1020 1299 1190 1342 existere,

136 1353 332 1390 illuminari
364 1366 409 1390 ex
441 1361 651 1391 sanctorum
684 1358 868 1393 consortio
904 1365 1124 1402 mereantur,
1157 1366 1194 1395 et

137 1416 364 1461 compleatur
380 1415 467 1452 illud
485 1417 579 1462 quod
597 1416 790 1463 Apostolus
819 1418 903 1455 dicit
923 1421 966 1455 ad
985 1419 1191 1457 Corinthios

135 1477 180 1513 de
199 1478 334 1514 sanetis
350 1476 626 1525 jerosolymitis,
672 1493 683 1514 c
708 1486 745 1515 ut
766 1486 889 1516 nostra
913 1482 1056 1527 quidem
1079 1483 1191 1519 abun-

135 1537 260 1574 dantia
291 1539 354 1574 liat
385 1536 430 1574 ad
460 1540 604 1576 illorum
635 1541 793 1587 inopiam
816 1537 872 1588 (ΙΙ
894 1541 973 1578 Cor.
997 1543 1089 1590 vlu),
1116 1557 1126 1577 i
1152 1549 1192 1578 ut

134 1605 170 1636 et
191 1599 335 1636 illorum
367 1601 588 1636 abundantia
608 1601 670 1636 fiat
693 1602 736 1638 ad
758 1607 914 1638 vestram
946 1603 1116 1648 inopiam.
1139 1604 1190 1639 Ita

133 1672 220 1709 ergo
245 1667 281 1698 et
307 1673 402 1698 nunc
432 1661 644 1698 cohabitare
670 1661 843 1708 jubentur
863 1663 994 1699 Levitae
1011 1669 1047 1699 et
1073 1674 1191 1699 saeer-

134 1723 255 1765 dotes,
297 1723 356 1769 qui
399 1734 471 1759 non
509 1722 643 1759 habent
681 1727 835 1767 terram,
871 1729 910 1759 ut
944 1724 1120 1770 percipiat
1146 1725 1190 1760 ab

134 1782 297 1820 israelita
316 1785 486 1820 sacerdos
503 1792 538 1819 et
553 1783 675 1819 Levita
697 1790 839 1820 terrena
855 1794 932 1830 quae
950 1791 1019 1820 non
1040 1780 1189 1827 liabent,

133 1851 170 1882 et
191 1857 335 1882 rursum
366 1846 529 1882 Israelita
564 1846 741 1893 pereipiat
773 1857 792 1882 a
814 1847 1000 1883 sacerdote
1018 1853 1053 1883 et
1067 1846 1191 1883 Levita

133 1907 295 1943 coelestia
328 1913 364 1943 et
398 1908 517 1943 divina
548 1918 627 1954 quae
659 1919 731 1944 non
761 1908 883 1944 habet.
907 1907 981 1945 Lex
1011 1909 1106 1944 enim
1126 1908 1191 1944 Dei

133 1970 383 2006 sacerdotibus
416 1971 608 2006 commissa
641 1976 698 2007 est
730 1977 766 2006 ct
782 1971 931 2015 Levitis,
952 1976 991 2007 ut
1020 1972 1104 2008 huic
1126 1970 1191 2007 soli

132 2041 282 2077 operam
301 2031 475 2074 tribuant,
494 2036 529 2066 et
549 2031 660 2066 verbo
680 2031 744 2067 Dei
763 2031 899 2078 absque
926 2031 997 2067 ulla
1019 2032 1189 2068 sollieitu-

1264 1236 1441 1278 distribui,
1478 1247 1706 1274 assumentur
1731 1242 1838 1276 etiam
1863 1243 2044 1288 principes
2067 1245 2144 1280 veri
2175 1250 2210 1280 et
2235 1246 2303 1291 spi-

1261 1297 1384 1334 ritales
1407 1297 1529 1334 lsrael.
1564 1299 1660 1343 Quos
1686 1307 1805 1336 autem
1835 1308 2000 1346 putamus
2019 1312 2097 1340 esse
2124 1306 2302 1351 principes

1260 1358 1417 1393 tribuum
1453 1365 1677 1403 nostrarum,
1711 1361 1767 1396 vel
1800 1361 1968 1398 Ecclesiae
1995 1364 2193 1410 principes,
2231 1366 2301 1402 nisi

1260 1423 1402 1454 sanctos
1434 1419 1627 1464 apostolos,
1663 1419 1708 1455 ad
1737 1430 1824 1466 quos
1857 1421 1944 1457 dicit
1976 1421 2151 1466 Salvator,
2182 1425 2301 1470 «quia

1259 1478 1426 1514 sedebitis
1445 1486 1480 1515 et
1496 1490 1560 1515 vos
1579 1490 1687 1526 super
1720 1481 1905 1517 duodecim
1925 1482 2084 1526 thronos,
2100 1483 2301 1529 judicantes

1260 1538 1446 1574 duodecim
1484 1539 1598 1576 tribus
1631 1537 1741 1577 lsrael
1773 1541 1913 1588 (Mami.
1937 1543 2026 1590 xix).
2050 1557 2062 1578 2
2098 1544 2301 1581 Assumitur

1258 1603 1379 1634 tamen
1404 1599 1448 1634 ad
1467 1599 1679 1635 divisionem
1700 1601 1808 1636 etiam
1841 1603 2019 1646 sacerdos,
2042 1604 2100 1650 qui
2116 1608 2173 1640 est
2200 1615 2301 1641 arca-

1258 1669 1325 1695 nus
1345 1665 1380 1695 et
1410 1661 1581 1706 mysticus
1608 1670 1726 1697 sermo
1745 1660 1839 1696 Dei:
1871 1662 1923 1698 sie
1954 1663 2049 1698 enim
2086 1665 2184 1708 dicit,
2218 1665 2302 1711 quia

1263 1733 1274 1754 ‹
1305 1732 1386 1758 eum
1406 1723 1546 1760 venerit
1571 1722 1690 1768 Jesus,
1711 1729 1747 1760 et
1763 1723 1913 1761 Eleazar
1944 1726 2047 1762 simul
2081 1726 2125 1763 ad
2145 1728 2302 1765 dividen-

1258 1782 1340 1818 dam
1355 1789 1502 1820 terram.
1528 1798 1540 1818 ι
1564 1785 1608 1820 Et
1628 1785 1813 1822 videamus
1833 1786 1914 1832 quis
1932 1791 1984 1822 est
2004 1789 2062 1832 qni
2082 1789 2218 1834 primus
2239 1799 2296 1827 ao-

1260 1844 1353 1888 eepit
1367 1844 1610 1881 haereditateln
1628 1845 1672 1882 ab
1689 1845 1784 1882 Jesu.
1810 1858 1821 1879 t
1841 1845 1963 1891 Caici),
1988 1860 1999 1882 ι
2022 1849 2148 1894 inquit,
2174 1859 2187 1882 t
2205 1848 2300 1887 nlius

1260 1901 1408 1941 lenone.
1435 1919 1445 1939 ι
1470 1905 1534 1942 Hic
1553 1907 1647 1942 enim
1669 1907 1769 1953 petiit
1788 1912 1823 1944 et
1840 1909 1975 1955 accepit
1990 1910 2125 1955 primus
2146 1910 2299 1954 eaeteris,

1260 1967 1471 2013 quibusdam
1491 1969 1689 2005 rationibus
1707 1975 1742 2005 et
1761 1970 1880 2006 verbis
1899 1981 1976 2016 qure
1996 1972 2174 2018 descripta
2198 1978 2299 2008 sunt:

1260 2037 1340 2073 quae
1360 2029 1470 2065 verba
1491 2029 1597 2064 etiam
1619 2039 1684 2065 nos
1701 2035 1848 2075 possunt
1874 2030 2051 2067 instruere
2070 2032 2114 2067 ad
2138 2032 2299 2068 salutem.

133 2092 215 2128 dine
236 2097 374 2128 vacent.
402 2091 474 2129 Sed
493 2093 627 2128 iterum
647 2098 683 2128 ut
698 2103 828 2129 vacare
847 2094 1000 2140 possint,
1013 2094 1190 2130 laieorum
1209 2082 1238 2124 C
1260 2087 1304 2123 Εῑ
1321 2088 1460 2133 primus
1479 2088 1639 2124 Omnium
1661 2089 1769 2126 caleb
1794 2089 2022 2137 ῙΠῑθΓΡΙὉῑῊῙ
2041 2092 2182 2135 dieitur,
2201 2094 2303 2139 ‘luaSi

133 2153 186 2188 uti
210 2153 424 2189 ministeriis
459 2153 591 2189 debent
609 2165 616 2187 :
637 2154 665 2189 si
691 2154 787 2190 enim
818 2153 932 2191 laicus
963 2165 1005 2191 ea
1025 2166 1104 2201 quae
1128 2166 1191 2192 ne-

89 2214 92 2217 ’
134 2214 295 2250 cessuria
314 2220 397 2250 sunt
414 2225 487 2250 non
506 2214 701 2260 przebuerit
720 2215 969 2252 sacerdotibus
987 2219 1023 2251 et
1039 2215 1187 2261 Levitis,

133 2275 298 2320 occupati
319 2275 370 2310 illi
390 2275 425 2310 in
447 2275 592 2319 talibus,
613 2274 649 2312 id
664 2282 733 2319 est,
754 2276 790 2312 in
810 2276 1058 2323 corporalibus
1077 2278 1187 2321 curis,

134 2338 253 2373 minus
274 2337 343 2384 legi
360 2336 422 2373 Dei
442 2339 636 2374 vacabunt.
656 2338 729 2375 Illis
747 2344 867 2375 autem
887 2349 958 2375 non
981 2337 1190 2375 vacantibus

134 2408 251 2444 neque
285 2407 431 2443 operam
466 2398 634 2435 dantibus
665 2397 733 2444 legi
766 2396 847 2442 Dei,
880 2404 917 2434 tu
948 2398 1187 2446 periclitabi83

134 2458 390 2494 obscurabitur
409 2458 506 2494 enim
534 2458 596 2494 lux
624 2459 784 2495 scientiae
811 2468 890 2505 quae
924 2458 960 2493 in
982 2458 1052 2494 illis
1069 2464 1135 2501 est,
1157 2463 1189 2493 te

133 2534 206 2559 non
238 2523 468 2558 ministrante
492 2523 611 2558 oleum
641 2522 809 2564 lucernae,
831 2527 866 2557 et
894 2521 999 2565 culpa
1023 2527 1082 2555 tua
1101 2520 1189 2555 illud

133 2584 274 2619 eveniet
291 2584 387 2628 quod
404 2582 493 2617 dixit
514 2580 700 2624 Dominus,
722 2582 807 2626 quia
843 2593 854 2614 ε
878 2591 994 2616 caecus
1014 2591 1107 2616 caeco
1125 2578 1189 2615 du-

133 2651 254 2680 catum
292 2644 471 2688 praebcns,
503 2641 608 2678 ambo
643 2641 679 2677 in
711 2640 850 2677 foveam
884 2643 1012 2677 eadent
1043 2641 1185 2688 (Mutclz.

133 2704 207 2750 xv).
231 2717 242 2736 ι
266 2703 336 2738 Sed
354 2707 390 2738 et
406 2701 492 2737 illud
511 2702 750 2747 complebitur
773 2702 868 2747 quod
886 2701 1060 2737 Dominus
1076 2701 1185 2737 dixit:

139 2777 150 2799 t
182 2766 220 2801 Si
240 2766 336 2800 enim
366 2765 424 2799 lux
448 2773 526 2810 qua>
546 2768 601 2799 cst
626 2763 661 2798 in
686 2766 722 2799 te
742 2763 898 2799 tenebroe
917 2768 1012 2807 sunt,
1032 2761 1187 2798 tenebra)

134 2828 221 2875 ipsae
234 2833 377 2874 quantae
391 2828 496 2862 sunt?
514 2839 525 2860 ›
547 2825 688 2872 (ΜαιιΙι.
706 2825 771 2872 νι.)
789 2824 834 2860 Ut
852 2834 935 2870 ergo
954 2823 1013 2859 lux
1031 2822 1188 2859 scientiae

134 2889 171 2925 in
205 2888 453 2924 sacerdotibus
475 2886 623 2933 fulgeat,
651 2886 799 2921 lucerna
825 2894 950 2921 eorum
982 2884 1028 2919 sit
1049 2894 1188 2929 semper

136 2961 313 2986 accensa:
338 2955 375 2985 tu
408 2948 515 2995 imple
547 2947 719 2990 officium,
754 2952 790 2982 tu
824 2944 961 2992 comple
981 2944 1186 2981 mandatum

135 3013 199 3049 Dei
218 3022 304 3058 erga
321 3011 495 3056 obsequia
514 3010 756 3046 sacerdotum.
786 3006 887 3052 Quod
907 3007 937 3043 si
958 3007 1050 3043 sorte
1069 3016 1188 3042 susec-

134 3074 207 3120 ptis
234 3084 253 3108 a
273 3078 307 3108 te
326 3082 406 3118 quae
432 3071 636 3108 necessaria
668 3075 764 3113 suut,
795 3075 830 3104 et
854 3069 906 3104 sic
927 3079 999 3103 non
1028 3067 1190 3113 sequaris

136 3134 342 3174 avaritiam,
363 3133 426 3169 sed
442 3131 728 3168 benedictionem
749 3129 939 3167 merueris.
954 3128 1005 3163 illi
1027 3126 1191 3174 neglexe-

135 3194 213 3232 rint
222 3193 417 3231 eruditioni
428 3203 573 3240 operam
584 3193 683 3235 dare,
694 3197 730 3227 et
744 3190 854 3227 verbo
870 3189 932 3225 Dei
950 3195 1077 3224 vacare
1085 3214 1093 3228 ‚
1103 3194 1139 3222 et
1155 3185 1190 3221 in

70 3282 73 3285 -
137 3255 215 3304 lege
224 3255 287 3292 Dei
301 3254 469 3292 meditari
479 3253 586 3290 dieac
596 3258 712 3294 noete,
730 3247 799 3298 ipsi
818 3249 990 3286 videbunt
1013 3245 1191 3294 quomodo

135 3325 204 3364 pro
229 3315 417 3355 animabus
428 3314 566 3362 ‚vestris
586 3307 739 3349 reddant
754 3307 908 3347 Domino
928 3307 1116 3345 rationem.

539 3385 692 3425 CAPUT
724 3384 783 3421 ul,

137 3461 192 3501 Do
209 3473 249 3500 ω
262 3463 355 3512 quod
371 3473 493 3499 novem
509 3462 618 3497 tribu·
639 3466 674 3496 et
689 3458 836 3495 dtu-§dia
850 3459 1056 3502 accepemus
1076 3459 1186 3506 sortes

177 3522 271 3551 aaa»
293 3522 356 3559 per
385 3510 598 3545 Eteammm
626 3507 842 3558 sacerdotem
871 3510 903 3539 et
932 3501 1040 3537 Josue
1072 3499 1185 3543 filtum

185 3557 290 3604 Nun,
307 3557 442 3595 duatus
469 3553 625 3591 tribubus
651 3561 682 3590 et
700 3550 846 3588 «timiam
864 3555 979 3596 partes
999 3557 1079 3582 suas
1097 3543 1186 3580 acci-

184 3603 357 3659 pientibus
374 3610 435 3651 per
451 3596 596 3648 moysen
612 3598 706 3636 nstra
719 3595 921 3635 Jordanem.

186 3681 288 3732 (ΕΝ.
302 3678 395 3728 xlv.)
431 3691 444 3714 ‹
462 3676 539 3717 Hoc
555 3671 722 3724 estquod
735 3672 976 3722 possederunt
996 3666 1058 3705 filii
1075 3663 1186 3704 lsrael

135 3755 162 3790 ..t
186 3733 234 3790 is<
246 3747 350 3791 terra
359 3735 551 3796 Qanaan,
571 3747 682 3790 quam
703 3732 882 3772 dederunt
897 3730 951 3769 eis
964 3728 1114 3767 Eleazar
1131 3735 1186 3763 sa-

146 3816 162 3841 «
188 3800 331 3847 cordos,
350 3806 388 3840 et
405 3792 626 3842 Josuafllius
641 3793 736 3844 Nun,
765 3799 802 3836 et
822 3795 1004 3842 principes
1033 3786 1184 3830 familia-

1260 2159 1335 2185 eor.
1355 2149 1443 2192 Quis
1469 2160 1554 2196 ergo
1583 2149 1687 2195 quasi
1713 2158 1791 2193 cor,
1823 2150 1892 2186 nisi
1922 2151 1953 2186 is
1982 2152 2041 2196 qui
2075 2150 2111 2187 ln
2140 2152 2303 2189 omnibus

1261 2207 1455 2245 intellectui
1476 2219 1622 2256 operam
1645 2209 1799 2245 tribuit?
1833 2209 1923 2254 Quia
1943 2219 2015 2247 non
2043 2212 2138 2248 aliua
2159 2212 2302 2259 aliquod

1259 2270 1459 2305 membrum
1488 2271 1649 2316 corporis
1666 2270 1835 2306 Ecclesia}
1863 2281 1941 2307 esse
1959 2270 2101 2315 dicitur,
2121 2272 2190 2308 nlsi
2214 2271 2301 2310 iliud

1258 2329 1352 2374 quod
1384 2334 1439 2365 est
1471 2331 1573 2366 nobis
1605 2330 1812 2375 praeclarius
1845 2340 1920 2374 cor,
1940 2331 1975 2367 id
1996 2337 2061 2375 est,
2088 2332 2148 2378 qui
2180 2334 2299 2368 omnia

1258 2398 1337 2424 cum
1371 2390 1508 2424 ratione
1557 2395 1593 2425 et
1621 2389 1844 2435 providentia
1882 2390 1983 2435 gerit,
2020 2391 2134 2435 etita
2171 2398 2298 2428 cuncta

1257 2448 1451 2493 dispensat,
1471 2448 1572 2494 quasi
1594 2459 1663 2484 non
1692 2449 1738 2485 sit
1770 2449 1864 2484 aliud
1892 2450 1958 2484 nisi
1981 2460 2053 2485 cor.
2077 2447 2296 2497 interpreta-

1258 2514 1314 2544 tur
1337 2515 1455 2545 autem
1475 2515 1510 2545 et
1527 2509 1663 2546 Jeffone
1682 2515 1784 2556 pater
1803 2509 1878 2555 ejus
1902 2511 2098 2546 conversio.
2125 2511 2189 2548 llic
2209 2524 2296 2560 ergo

1256 2569 1362 2607 Calcb
1385 2572 1478 2608 [ilius
1495 2577 1549 2608 est
1570 2572 1826 2609 conversionis.
1862 2570 1927 2616 Qui
1949 2573 2016 2609 nisi
2039 2573 2067 2608 is
2086 2573 2145 2619 qui
2165 2574 2208 2609 ad
2226 2573 2295 2609 Do-

1255 2631 1391 2667 minum
1414 2643 1608 2668 conversus
1630 2633 1734 2669 talem
1756 2644 1797 2668 cx
1829 2644 1865 2669 se
1897 2633 2048 2669 fructum
2070 2631 2239 2680 proferet,
2260 2640 2296 2671 et

1256 2702 1318 2727 cor
1344 2691 1456 2727 filium
1484 2693 1675 2739 generarit.
1715 2693 1778 2728 Est
1809 2704 1894 2740 crgo
1927 2694 2043 2728 omnis
2075 2693 2134 2739 qui
2168 2693 2295 2729 divinis

1256 2751 1420 2787 sensibus
1438 2756 1553 2795 vacat,
1577 2758 1612 2788 et
1630 2750 1825 2798 prudenter
1858 2755 1985 2787 cuncta
2008 2762 2049 2787 ae
2073 2750 2293 2787 rationabili-

1258 2816 1311 2848 ter
1329 2813 1415 2859 agit,
1435 2811 1555 2848 Caleb.
1573 2810 1638 2848 lile
1654 2813 1768 2858 primo
1785 2812 1926 2858 quidem
1946 2812 2104 2849 cruditus
2122 2823 2142 2848 a
2158 2809 2293 2860 Moyse,

1257 2874 1413 2910 secundo
1442 2885 1527 2911 vero
1559 2886 1578 2909 a
1598 2874 1680 2910 Jesu
1713 2873 1769 2909 cui
1796 2874 1998 2916 assistebat,
2034 2873 2180 2909 dicens:
2206 2885 2217 2906 ‹
2241 2871 2295 2909 Tu

1258 2926 1351 2971 nosti
1372 2935 1519 2971 verbum
1543 2934 1636 2981 quod
1667 2935 1807 2970 loeutus
1826 2941 1879 2970 est
1899 2933 2069 2970 Dominus
2091 2931 2135 2969 ad
2154 2930 2295 2980 Moysen

1258 2994 1439 3032 homiuem
1460 2995 1542 3039 Dei;
1565 3009 1576 3030 ›
1623 2999 1659 3030 tu
1678 2995 1747 3030 seis
1766 2996 1910 3030 verbum
1937 2995 2031 3039 quod
2056 2993 2194 3030 locutus
2225 2998 2292 3029 est.

1259 3057 1346 3100 Quis
1365 3057 1459 3091 euim
1491 3054 1581 3090 alius
1601 3059 1718 3101 potest
1741 3064 1845 3089 nosse
1866 3054 2012 3089 verbum
2032 3055 2126 3098 quod
2159 3052 2294 3088 locutus

1258 3122 1312 3154 ost
1335 3116 1506 3154 Dominus
1535 3118 1578 3151 ad
1599 3116 1755 3162 Moysen,
1778 3115 1843 3150 nisi
1862 3113 1958 3148 solus
1973 3113 2098 3147 Jesus?
2116 3112 2224 3146 Nemo
2242 3113 2292 3147 sie

1258 3178 1433 3215 intellexit
1452 3179 1564 3225 legem
1585 3179 1675 3214 sieut
1689 3175 1807 3212 (locuit
1825 3174 1926 3209 Jesus
1944 3186 1951 3206 ε
1968 3173 2042 3218 ipse
2061 3172 2154 3208 enim
2174 3173 2290 3207 omnia

1260 3241 1381 3279 docuit
1413 3245 1448 3276 et
1476 3239 1625 3285 aperuit,
1654 3237 1729 3281 ipse
1750 3232 1918 3269 revelavit
1942 3228 2065 3274 Paulo,
2102 3244 2114 3265 ι
2134 3232 2216 3277 quia
2234 3231 2290 3267 lex

1259 3300 1429 3349 spiritalis
1445 3304 1500 3336 est
1518 3297 1632 3345 (Rom.
1658 3293 1735 3340 vn).
1761 3305 1774 3327 ι

1661 3365 1810 3404 CAPUT
1833 3363 1890 3402 lv.

1255 3437 1306 3474 De
1325 3433 1494 3476 locutione
1514 3429 1616 3466 Galeb
1636 3429 1680 3463 ad
1705 3428 1810 3463 Josue
1827 3437 1888 3481 pro
1914 3432 2006 3481 terra
2032 3418 2163 3469 Ebu-on,
2187 3436 2287 3472 (μιαηι

1574 3472 1648 3522 prbi
1666 3474 1849 3521 postulanti
1867 3472 1958 3508 dan.

1301 3538 1417 3586 (into.)
1445 3550 1457 3570 ι
1481 3535 1706 3580 Locutusque
1730 3528 1847 3570 estad
1870 3542 1951 3569 eum
1979 3530 2087 3567 Caleb
2104 3529 2195 3565 nlius
2212 3524 2286 3565 {ef-

1259 3613 1271 3635 ι
1301 3599 1398 3642 sone,
1411 3595 1602 3634 Cenezaeus
1615 3606 1623 3629 :
1636 3592 1734 3630 Nosti
1745 3590 1837 3638 quod
1853 3591 1991 3627 ioeutus
2003 3591 2047 3626 stt
2062 3587 2232 3625 Dominus
2239 3588 2287 3623 ad

1259 3673 1272 3695 ι
1301 3657 1446 3706 Moysen
1463 3651 1643 3693 hominem
1666 3650 1743 3696 Det,
1760 3651 1804 3688 de
1818 3658 1876 3687 me
1891 3653 1927 3686 et
1945 3651 1980 3686 te
1994 3647 2032 3686 in
2045 3645 2286 3686 cadesbarne.

1260 3735 1271 3756 ‹
1301 3715 1541 3764 Quadraginta
1573 3717 1749 3751 annorum
1786 3712 1884 3748 eram
1917 3704 2059 3756 quando
2095 3715 2154 3744 me
2189 3705 2288 3742 inicit

1261 3797 1272 3818 t
1303 3779 1442 3828 Moyses
1465 3773 1619 3815 tamaius
1633 3771 1773 3811 nomint
1793 3775 1837 3810 m!
1853 3767 2091 3813 meamne,
2104 3771 2148 3805 m
2168 3765 2287 3804 eonsi-
