2540 4016
602 181 870 222 ENARRATIO
896 183 1047 223 SUPER
1071 185 1487 226 DEUTERoNoMttm.
1511 206 1560 219 ·-
1582 191 1677 230 Lm,
1692 193 1738 230 11.

2151 205 2222 244 89⁰

52 261 165 310 §quod
188 261 345 299 vendere
374 261 475 308 iubet
497 260 555 298 his
579 261 642 307 qui
672 260 816 307 longius
835 261 946 307 positi
968 265 1075 297 erant
1098 271 1119 297 a
1136 263 1173 304 A
1186 263 1367 309 praecepit,
1394 272 1466 299 non
1495 263 1542 298 ad
1559 273 1643 300 eum
1666 266 1786 302 locum
1811 267 1948 307 reterre
1967 275 2030 313 ubi
2051 277 2224 319 Dominus

51 319 162 365 uoco,
183 321 221 358 in
240 332 312 368 quo
342 321 611 358 tabernaculum
628 321 686 357 vel
705 322 878 367 templum
910 322 974 357 Dei
1001 321 1120 359 fuerat

51 382 317 426 ιοοιιειὶιιιιιιιιι,
341 383 517 419 decimam
535 381 722 426 frumenti,
738 382 813 418 vini
829 387 865 418 et
881 382 964 425 olei,
988 383 1120 428 primo-

51 441 186 488 ,genita
211 452 354 488 quoque
376 443 487 478 boum
512 448 548 478 et
577 443 711 486 ovium,
743 443 811 478 nisi
839 443 935 488 quod
965 442 1121 478 instruat

52 511 142 546 ceos,
162 502 222 548 qui
254 502 293 538 in
312 503 470 539 incolatu
501 503 609 550 hujus
645 503 771 539 mundi
793 508 1066 546 conversantur,
1083 507 1120 538 et

54 563 170 610 'longe
196 568 281 599 sunt
311 573 332 598 a
363 564 584 609 perfectione
611 569 840 608 sanctorum,
869 574 938 600 nec
966 568 1119 609 possunt

55 623 260 660 vascendere
288 622 423 658 cultum
455 624 644 668 virtutum,
674 635 792 671 neque
829 634 959 660 vacare
989 624 1118 659 divinae

53 682 376 728 contemplationi,
402 689 442 718 ut
470 684 577 727 bona,
601 695 680 730 quae
701 695 767 731 per
782 685 942 721 divinam
961 685 1118 731 gratiam

50 744 362 792 1possint,·devote
381 754 423 780 ac
451 744 637 780 humiliter
656 751 776 792 agant,
794 753 971 791 quatenus
994 754 1039 781 ex
1062 755 1119 780 re-

64 805 131 841 bus
153 804 305 840 terrenis
329 808 437 849 atque
458 805 618 847 caducis,
651 810 858 840 mercentur
883 803 951 839 sibi
968 804 1117 848 praemia

50 871 212 907 aterna,
241 871 275 900 et
293 865 484 901 thesauros
506 866 686 902 coelestes.
716 866 817 902 Unde
839 864 1013 900 Dominus
1031 864 1118 900 dicit

62 927 99 962 in
130 927 355 972 Evangelio:
390 938 401 960 ‹
426 927 684 963 Thesaurizate
715 926 817 962 vobis
854 925 1044 960 thesauros
1078 925 1116 961 in

61 986 166 1029 eoelo,
188 986 248 1021 ubi
265 996 331 1022 nec
348 997 486 1032 aerugo,
503 997 571 1022 nec
584 987 682 1021 tinea
701 984 909 1026 demolitur,
927 989 962 1019 et
979 985 1040 1020 ubi
1061 984 1117 1020 fu-

60 1056 119 1082 res
155 1056 226 1080 non
261 1045 434 1081 effodiunt
472 1055 539 1081 nec
574 1045 740 1080 furantur
771 1043 916 1091 (ΜαιιΙι.
941 1045 1007 1091 νι).
1030 1058 1041 1079 ι
1069 1045 1114 1081 Et

61 1105 144 1141 alibi
163 1114 172 1140 :
199 1116 210 1137 ι
230 1103 351 1140 Facite
370 1105 486 1146 vobis,
506 1105 568 1144 ait,
589 1104 725 1139 amicos
748 1104 791 1139 de
818 1114 1023 1140 mammona
1051 1106 1116 1141 ini-

1187 332 1225 358 se
1240 322 1353 358 voluit
1369 323 1542 359 invocari.
1568 334 1581 356 ι
1597 323 1643 358 Ει
1661 324 1795 368 veniet,
1820 326 1948 372 inquit,
1975 331 2128 381 Levites,
2157 341 2220 386 qui

1186 391 1258 417 non
1273 381 1381 418 habet
1397 387 1518 428 partes
1537 392 1606 418 nec
1623 383 1888 428 possessionem
1906 390 2038 431 tecum,
2066 400 2102 428 et
2117 405 2222 440 pel-0-

1187 442 1324 487 grinus,
1343 448 1380 478 et
1403 444 1576 489 pupillus,
1603 449 1640 480 et
1658 444 1777 488 vidua,
1799 454 1878 490 quae
1898 446 1992 483 intra
2011 456 2134 494 portas
2147 460 2230 494 tuas

1187 507 1254 546 est,
1276 510 1313 538 et
1337 505 1515 540 comedet.
1534 518 1547 539 ι
1568 504 1661 541 Hinc
1690 509 1788 541 certe
1808 505 2000 543 manifeste
2017 518 2142 546 verum
2159 519 2228 558 est,

1185 573 1254 599 nec
1281 563 1389 599 istam
1417 564 1592 600 decimam
1619 565 1763 602 Domini
1789 565 1867 602 fieri
1886 566 2043 603 voluisse
2073 579 2232 607 commu-

1186 634 1269 660 nem
1284 623 1318 659 ei
1336 624 1398 670 qui
1423 623 1528 660 offert
1547 630 1584 660 et
1601 626 1659 661 his
1676 626 1807 671 quibus
1826 627 2063 673 impendenda
2077 635 2147 671 est,
2170 634 2230 668 sed

1185 684 1255 720 illis
1275 685 1360 721 solis
1380 686 1522 730 erogari
1538 695 1620 721 eam
1634 685 1741 730 jussit
1761 687 1821 731 qui
1835 687 1925 722 nihil
1941 687 2040 723 aliud
2058 688 2232 727 haberent

1185 744 1222 779 in
1238 745 1368 790 quibus
1386 745 1565 791 praecipue
1582 745 1744 782 Levitem
1766 747 1900 793 posuit.

1572 820 1721 857 CAPUT
1757 822 1844 858 VIII.

1230 878 1282 914 De
1299 879 1500 915 remissione
1517 882 1600 915 amn·
1616 882 1763 927 septimi,
1781 889 1810 917 et
1830 883 1871 917 de
1889 893 1984 918 servo
2010 884 2066 919 cui
2088 885 2186 920 auris

1515 927 1638 962 subula
1662 928 1875 973 perforatur.

1231 987 1329 1034 (Car.
1349 988 1424 1034 xv.)
1464 1000 1475 1021 ‹
1510 987 1670 1034 Septimo
1703 999 1795 1024 anno
1824 990 1935 1027 facies
1962 993 2227 1037 remissionem,

1186 1056 1199 1078 ι
1230 1056 1309 1090 quae
1326 1047 1395 1082 hoc
1414 1047 1539 1082 ordine
1553 1047 1792 1083 celebrabitur
1811 1061 1819 1084 ε
1842 1050 1908 1085 Cui
1928 1051 2078 1087 debetur
2096 1054 2231 1099 aliquid

1189 1117 1201 1138 ι
1232 1106 1277 1141 ab
1293 1107 1424 1150 amico,
1445 1107 1500 1142 vel
1516 1108 1681 1152 proximo
1697 1119 1738 1143 ac
1754 1108 1867 1144 fratre
1884 1121 1962 1154 suo,
1981 1119 2144 1158 repetere
2160 1125 2232 1150 non

60 1165 221 1211 quitatis,
242 1170 282 1200 ut
302 1175 384 1200 cum
405 1164 624 1207 defeceritis,
650 1164 827 1210 recipiant
841 1175 906 1200 vos
924 1165 961 1200 in
981 1171 1115 1202 aeterna
1136 1159 1168 1198 B
1191 1175 1203 1197 ι
1233 1166 1377 1210 poterit,
1405 1166 1488 1211 quia
1514 1177 1628 1202 annus
1654 1168 1878 1204 remissionis
1907 1176 1960 1206 est
1982 1171 2137 1207 Domini.
2162 1187 2174 1207 ι
2193 1173 2232 1209 ln

60 1225 291 1262 tabernacula
325 1224 425 1271 (Luc.
453 1225 543 1272 xvi).
568 1239 579 1258 ι
602 1224 655 1260 lbi
687 1225 782 1260 enim
809 1226 1025 1271 epulandum
1045 1233 1113 1271 cst,

60 1285 109 1322 ibi
141 1285 333 1321 laetandum
355 1295 437 1321 cum
466 1285 608 1328 amicis,
632 1286 701 1321 hoc
722 1291 778 1321 est
803 1296 884 1321 cum
918 1287 1051 1322 sanctis
1081 1293 1117 1322 et

59 1346 184 1382 electis
205 1351 241 1382 et
267 1347 416 1393 angelis,
437 1347 497 1382 ubi
518 1352 634 1392 coepta
654 1357 727 1382 non
755 1347 949 1382 cessabunt
968 1349 1113 1394 gaudia,

60 1407 123 1442 sed
140 1407 176 1442 in
197 1407 422 1443 beatitudine
441 1413 655 1451 permanent
672 1412 858 1453 perpetua.
881 1421 893 1441 ‹
916 1408 1021 1444 Anno
1040 1415 1114 1445 ter-

65 1478 76 1500 ι
108 1467 158 1502 tio
173 1467 359 1512 separabis
377 1467 485 1501 aliam
502 1467 680 1502 decimam
703 1477 745 1502 ex
766 1468 933 1503 omnibus
954 1479 1033 1514 quae
1047 1479 1112 1504 na-

65 1539 76 1560 «
109 1533 259 1562 scuntur
280 1528 343 1563 tibi
368 1537 411 1563 eo
430 1532 604 1572 tempore,
625 1533 660 1563 et
685 1538 837 1573 repones
865 1528 961 1563 intra
984 1528 1113 1573 januas

66 1600 78 1621 ι
111 1592 212 1631 tuas;
233 1588 424 1633 venietque
441 1587 583 1623 Levites
604 1588 664 1633 qui
692 1588 798 1623 aliam
823 1598 892 1624 non
911 1589 1017 1624 habet
1033 1599 1115 1634 par-

67 1660 78 1682 «
110 1654 182 1684 tem
211 1659 277 1684 nec
301 1648 568 1694 possessionem
600 1654 731 1691 tecum,
763 1655 797 1684 et
825 1650 1048 1695 peregrinus,
1080 1655 1116 1685 et

65 1719 78 1742 ‹
107 1709 275 1755 pupillus,
295 1719 336 1745 ac
358 1709 478 1753 vidua,
502 1709 564 1754 qui
592 1709 686 1744 intra
713 1714 837 1755 portas
865 1714 944 1746 tuas
964 1715 1061 1753 sunt,
1080 1715 1115 1744 et

63 1781 79 1805 e
109 1770 299 1806 comedent
328 1775 364 1806 et
393 1771 663 1813 saturabuntur,
683 1776 723 1806 ut
739 1771 930 1807 benedicat
955 1772 1019 1807 tibi
1046 1771 1116 1806 Do-

64 1842 78 1865 «
108 1830 228 1866 minus
259 1830 354 1867 Deus
386 1836 482 1875 tuus,
514 1831 550 1866 in
579 1832 717 1867 cunctis
750 1833 917 1876 operibus
944 1841 1115 1867 manuum

66 1902 77 1924 ι
110 1896 266 1934 tuarum,
289 1901 368 1936 quae
401 1891 543 1927 seceris.
569 1905 581 1925 ι
603 1891 641 1927 In
671 1891 766 1927 LXX
791 1898 911 1928 autem
943 1893 1114 1936 editione,

61 1952 112 1987 ita
144 1953 321 1988 habetur:
348 1965 360 1986 ‹
392 1953 478 1990 Post
506 1961 582 1989 tres
615 1964 728 1990 annos
760 1955 936 2000 produces
970 1966 1113 1991 omnem

65 2024 78 2046 «
108 2013 283 2048 decimam
303 2013 486 2049 fructuum
510 2019 668 2049 tuorum.
690 2015 728 2049 In
747 2015 808 2050 illo
829 2026 923 2050 anno
942 2025 1053 2061 pones
1074 2016 1115 2050 il-

66 2085 78 2108 «
110 2073 170 2109 lud
190 2073 226 2109 iu
246 2074 452 2110 civitatibus
474 2075 557 2110 tuis.
580 2075 623 2110 Et
639 2075 758 2110 veniet
774 2075 913 2118 Levita,
932 2077 1015 2121 quia
1030 2087 1115 2122 pars

66 2146 78 2169 ι
108 2134 184 2180 ejus
202 2145 274 2171 non
295 2141 350 2171 est
370 2141 487 2171 tecum
504 2146 621 2182 neque
641 2146 732 2179 sors,
753 2143 788 2173 et
809 2137 975 2173 adveniet
995 2139 1115 2184 pupil-

67 2206 79 2228 ‹
109 2194 165 2231 lus
180 2200 217 2230 et
234 2196 342 2231 vidua
361 2206 440 2242 quae
466 2202 520 2233 est
545 2197 582 2232 in
610 2197 816 2234 civitatibus
835 2199 929 2234 tuis:
948 2204 983 2234 et
1016 2210 1118 2234 man·-

67 2267 79 2290 ‹
111 2256 295 2291 ducabunt
318 2262 354 2292 et
379 2258 649 2301 saturabuntur,
671 2263 710 2293 ut
729 2258 919 2294 benedicat
939 2263 973 2294 te
993 2259 1116 2294 Domi-

69 2328 81 2350 ι
111 2327 179 2352 ιιιιε
196 2317 289 2352 Deus
310 2323 391 2353 tuus
422 2318 589 2354 omnibus
607 2318 776 2364 operibus
801 2319 870 2354 tuis
893 2329 1117 2364 quaeeunque

69 2389 81 2410 ‹
113 2376 255 2413 seceris.
277 2390 290 2412 ι
316 2378 369 2413 Ex
400 2379 469 2414 ista
491 2379 630 2414 decima
651 2389 722 2414 non
744 2380 832 2415 dixit
853 2384 892 2414 ut
919 2379 995 2424 ipse
1015 2389 1117 2414 man-

67 2438 174 2474 ducet
189 2449 270 2474 cum
287 2439 374 2482 suis,
396 2450 438 2475 ac
450 2450 515 2485 per
530 2440 595 2476 hos
609 2439 743 2475 Levitis
759 2445 794 2475 et
815 2440 972 2486 pupillis,
991 2446 1026 2475 et
1050 2440 1115 2476 ad-

65 2498 180 2541 venis,
202 2505 238 2534 et
256 2499 374 2535 viduis
388 2498 498 2544 ¹iussit
514 2510 593 2535 eam
615 2499 787 2545 impendi,
810 2501 872 2536 sed
888 2501 1043 2536 obscure
1054 2510 1116 2545 po-

66 2558 176 2595 situm
196 2564 264 2602 est,
284 2560 367 2604 quia
389 2570 460 2594 non
479 2565 534 2595 cst
567 2560 734 2595 distincta
758 2560 825 2594 ista
846 2560 982 2595 decima
1006 2561 1050 2594 ab
1073 2570 1116 2595 ea

66 2629 175 2665 quam
189 2619 302 2653 voluit
317 2628 398 2653 cum
413 2618 548 2654 Levitis
571 2619 605 2653 in
620 2629 662 2654 eo
677 2619 754 2654 loco
768 2620 988 2659 manducari,
1008 2629 1114 2664 quem

67 2680 240 2715 Dominus
271 2679 435 2726 elegisset
455 2680 491 2715 in
519 2679 651 2725 templo
678 2690 755 2715 suo.
779 2679 850 2714 Sed
878 2679 913 2714 in
937 2690 978 2714 ea
1005 2681 1116 2715 inter-

66 2741 282 2787 pretatione,
299 2751 378 2786 quae
397 2746 452 2776 est
470 2751 514 2776 cx
531 2740 695 2784 Rebi-ceo,
722 2740 881 2786 apertius
899 2741 966 2776 hoe
990 2740 1118 2776 distin-

69 2808 167 2838 ctum
184 2802 398 2847 reperimus.
419 2802 480 2837 Ait
499 2802 594 2837 enim
612 2814 620 2837 z
647 2814 659 2835 ‹
678 2802 783 2837 Anno
802 2802 908 2837 tertio
930 2802 1115 2847 separabis

69 2863 175 2898 aliam
194 2862 387 2905 decimam,
406 2871 450 2897 ex
473 2862 640 2898 omnibus
661 2872 740 2908 quae
771 2868 967 2897 nascuntur
989 2862 1051 2897 tibi
1072 2872 1115 2898 eo

69 2929 243 2970 tempore,
267 2929 303 2960 et
338 2934 490 2970 repones
523 2924 617 2959 intra
641 2924 770 2970 ianuas
789 2929 895 2967 tuas;
928 2924 1116 2969 venietque

70 2984 225 3027 Levites,
244 2984 305 3030 qui
323 2995 395 3020 non
421 2984 530 3020 habet
549 2984 657 3019 aliam
677 2988 816 3030 partem
834 2993 901 3020 nec
919 2983 1120 3029 possessio-

70 3054 153 3080 nem
175 3050 309 3087 tecum,
328 3049 365 3080 et
390 3044 602 3090 peregrinus
621 3049 658 3080 ct
684 3044 840 3090 pupillus
856 3050 892 3080 et
918 3045 1039 3086 vidua,
1060 3044 1119 3089 qui

71 3103 167 3139 intra
193 3107 316 3149 portas
337 3108 414 3139 tuas
435 3109 537 3139 sunt:
554 3108 590 3139 et
612 3104 804 3140 comedent
836 3110 872 3140 et
904 3104 1119 3140 saturabun-

72 3168 146 3207 tur,
165 3169 204 3199 ut
219 3164 410 3200 benedicat
430 3164 495 3200 tibi
522 3164 695 3201 Dominus
709 3165 803 3201 Deus
822 3171 903 3201 tuus
928 3165 964 3200 in
984 3165 1122 3200 cunctis

73 3225 241 3271 operibus
278 3235 448 3261 manuum
486 3231 655 3269 tuarum,
689 3236 768 3272 quae
803 3225 946 3262 feceris.
968 3240 979 3260 ι
1002 3225 1122 3262 Ρι·ὶηιο

74 3285 191 3331 ipsum
211 3285 279 3321 hoc
297 3285 437 3331 plenius
457 3285 624 3332 estquod
643 3286 706 3329 ait,
731 3298 742 3319 ι
755 3285 859 3321 Anno
887 3285 1007 3321 tertio.
1034 3298 1046 3319 ι
1065 3284 1122 3320 In-

76 3346 248 3395 telligitur
272 3347 369 3383 enim
387 3358 459 3384 uno
479 3358 573 3384 anno
588 3348 811 3395 interposito.
834 3348 871 3383 ln
890 3347 1125 3394 Septuaginta

78 3409 197 3442 autem
231 3407 328 3452 quod
359 3411 442 3453 post
476 3412 550 3444 tres
576 3417 690 3444 annos
726 3408 829 3450 dixit,
865 3407 1042 3442 incertum
1060 3411 1124 3441 est

78 3469 199 3502 utrum
228 3477 290 3504 eos
323 3468 460 3504 medios
491 3478 571 3505 esse
606 3467 774 3510 voluerit,
803 3471 843 3501 ut
872 3471 1124 3511 quotoquoque

76 3536 172 3564 anno
196 3526 312 3563 tieret.
334 3527 470 3563 Deinde
503 3537 586 3564 cum
612 3527 684 3563 ait:
705 3539 716 3560 ‹
736 3526 781 3561 Et
808 3523 991 3571 separabis
1016 3523 1123 3558 aliam

80 3586 271 3632 decimam,
289 3601 302 3624 ι
337 3589 425 3625 satis
456 3589 612 3626 ostendit
639 3594 740 3626 extra
766 3586 864 3622 illam
892 3593 985 3627 esse,
1015 3593 1123 3629 quam

81 3645 195 3683 voluit
208 3657 289 3684 eum
315 3649 433 3695 ipsum
449 3650 511 3695 qui
530 3647 635 3687 offert
658 3647 877 3684 manducare
898 3655 979 3681 cum
999 3643 1072 3679 suis
1089 3647 1125 3678 et

81 3703 217 3742 Levitis
241 3706 279 3743 in
301 3716 346 3744 eo
374 3707 453 3744 loco
483 3717 592 3754 quem
622 3707 730 3754 elegit
756 3705 941 3743 Dominus.
959 3703 1004 3740 Et
1033 3703 1125 3740 hanc

85 3764 183 3801 enim
199 3764 306 3804 aliem
326 3767 503 3806 decimam
517 3769 612 3806 intra
627 3768 759 3815 ianuas
777 3776 862 3805 suas
883 3775 966 3804 eum
992 3773 1125 3811 ponere

1186 1226 1255 1261 hoc
1286 1236 1439 1272 namque
1471 1227 1639 1272 capitulo,
1674 1227 1787 1273 pietas
1825 1235 1932 1274 atque
1965 1230 2107 1266 dilectio
2134 1232 2236 1268 nobis

1184 1287 1340 1321 maxime
1374 1287 1660 1328 commendatur,
1692 1287 1751 1321 ubi
1777 1287 1961 1332 jubemur,
1996 1299 2060 1334 per
2092 1291 2235 1336 septimi

1184 1348 1268 1382 anni
1304 1346 1554 1383 remissionem
1573 1374 1583 1391 ,
1621 1349 1908 1384 misericordiam
1945 1355 1981 1385 et
2021 1352 2233 1388 charitatem

1183 1407 1374 1444 ostendere
1395 1407 1431 1442 in
1450 1408 1625 1452 proximis
1652 1409 1784 1444 nostris
1802 1410 2034 1455 pauperibus,
2052 1421 2162 1457 quare
2178 1411 2233 1447 su-

1182 1474 1300 1503 turam
1321 1469 1648 1503 remunerationem
1667 1479 1817 1515 spcrare
1831 1470 2003 1507 debemus
2022 1481 2042 1506 a
2064 1472 2229 1508 Domino.

1184 1529 1284 1565 Unde
1313 1534 1349 1564 et
1381 1529 1573 1575 Apostolus
1602 1539 1666 1565 nos
1695 1530 1862 1566 hortatur
1894 1532 2039 1567 dicens:
2062 1545 2073 1565 ‹
2095 1533 2232 1569 Bonum

1183 1596 1302 1626 autem
1331 1590 1514 1633 facientes,
1551 1601 1621 1626 non
1658 1591 1879 1628 deficiamus.
1924 1594 2100 1640 Tempore
2136 1596 2231 1631 enim

1182 1658 1246 1685 suo
1263 1659 1334 1685 non
1352 1649 1571 1693 deficientes,
1590 1655 1779 1687 metemus.
1799 1652 1894 1697 Ergo
1913 1653 1997 1688 dum
2012 1659 2153 1699 tempus
2168 1655 2234 1690 ha-

1181 1710 1322 1753 bemus,
1346 1720 1537 1756 operemur
1557 1711 1691 1746 bonum
1710 1713 1754 1747 ad
1771 1721 1911 1754 omnes,
1931 1712 2087 1748 maxime
2109 1713 2153 1748 ad
2168 1713 2230 1749 do-

1184 1771 1354 1806 mesticos
1373 1770 1456 1806 fidei
1476 1769 1569 1817 (Gal.
1592 1770 1657 1818 vl).
1681 1784 1693 1805 ›
1711 1771 1802 1807 Hine
1824 1772 1870 1808 ad
1897 1772 2112 1818 discipulum
2142 1773 2233 1809 scri-

1182 1830 1270 1865 bens
1286 1830 1361 1864 ait:
1385 1841 1395 1862 ‹
1417 1829 1554 1865 Excrce
1582 1829 1739 1875 teipsum
1760 1831 1802 1865 ad
1826 1831 2010 1876 pietatem.
2035 1831 2125 1867 Nam
2147 1843 2228 1868 cor-

1182 1890 1315 1936 poralis
1341 1891 1550 1926 exercitatio
1582 1891 1626 1926 ad
1667 1890 1846 1926 modicum
1882 1891 1979 1928 utilis
2012 1898 2087 1935 est;
2119 1893 2233 1938 pietas

1185 1955 1304 1985 autem
1332 1950 1376 1985 ad
1408 1951 1527 1985 omnia
1558 1950 1656 1987 utilis
1680 1957 1748 1994 est,
1786 1952 2060 1997 promissionem
2093 1954 2230 1990 habens

1184 2011 1278 2053 vitae,
1297 2021 1375 2056 quae
1406 2022 1500 2047 nunc
1534 2017 1603 2055 est,
1624 2017 1660 2047 et
1690 2011 1818 2048 futura}
1836 2012 1869 2058 (Ι
1903 2013 1992 2049 Tim.
2015 2014 2078 2061 lv).
2103 2028 2114 2049 ι
2140 2015 2231 2052 Hinc

1186 2085 1326 2121 quoque
1365 2075 1441 2121 ipsa
1478 2074 1619 2111 Veritas
1653 2076 1687 2110 in
1718 2076 1911 2122 Evangelio
1947 2078 1997 2112 ait
2030 2089 2037 2111 :
2071 2090 2083 2111 ‹
2103 2078 2233 2114 Dimit—

1186 2136 1250 2171 tite
1283 2140 1318 2170 et
1355 2136 1556 2171 dimittetur
1600 2136 1723 2177 vobis;
1755 2137 1836 2171 date
1873 2141 1909 2171 et
1945 2137 2088 2172 dabitur
2119 2138 2232 2173 vobis.

1186 2196 1352 2232 Mensura
1398 2206 1466 2240 qua
1505 2195 1620 2230 mensi
1668 2195 1829 2239 fueritis,
1884 2197 2094 2232 remetietur
2135 2198 2235 2234 vobis

1187 2258 1286 2304 (Luc.
1316 2257 1380 2303 vi).
1403 2270 1414 2291 ι
1440 2257 1470 2291 Α
1489 2258 1681 2303 peregrino
1715 2263 1750 2293 et
1777 2259 1912 2294 advena
1942 2259 2083 2305 exiges:
2106 2270 2125 2295 a
2153 2270 2235 2305 pro-

1185 2318 1318 2362 pinquo
1339 2318 1524 2361 repetendi
1545 2327 1615 2352 non
1632 2319 1780 2354 habebis
1799 2324 2028 2363 potestatem,
2059 2325 2127 2355 etc.
2165 2319 2233 2355 Pe-

1186 2377 1369 2422 regrinum
1387 2383 1422 2411 ct
1442 2377 1616 2412 advenam
1641 2378 1795 2422 appellat
1814 2388 1894 2412 eum
1914 2380 1974 2423 qui
1989 2385 2090 2413 extra
2108 2379 2231 2415 Eccle-

1186 2439 1275 2474 siam
1295 2442 1349 2472 est
1377 2443 1412 2472 et
1441 2443 1543 2472 extra
1567 2438 1773 2483 religionem
1804 2437 2058 2473 Christianam.
2083 2437 2147 2473 Cui
2177 2445 2234 2476 est

1186 2502 1221 2533 et
1235 2497 1470 2542 propinquus,
1492 2497 1553 2541 qui
1572 2502 1693 2531 noster
1714 2495 1826 2531 frater
1844 2501 1912 2539 est,
1932 2501 1967 2531 et
1992 2497 2087 2532 intra
2106 2497 2229 2533 Eccle-

1187 2559 1275 2594 siam
1290 2557 1511 2592 constitutus
1527 2556 1713 2592 nobiscum
1729 2567 1837 2591 unum
1854 2557 2044 2591 Dominum
2061 2556 2157 2592 colit.
2175 2556 2230 2591 In-

1186 2625 1240 2654 ter
1259 2618 1488 2664 peregrinum
1511 2627 1596 2663 ergo
1612 2622 1648 2652 et
1667 2618 1782 2652 civem
1803 2617 1882 2653 ideo
1902 2617 2108 2653 distantiam
2129 2615 2230 2660 facit,

1184 2686 1223 2716 ιιι
1252 2681 1494 2726 intelligamus
1517 2690 1598 2715 cum
1627 2678 1728 2713 nobis
1763 2677 2058 2723 propinquiorem
2087 2686 2165 2712 csse
2193 2677 2230 2712 in

1186 2742 1322 2776 unitate
1356 2739 1436 2775 fidei
1459 2739 1519 2785 qui
1546 2738 1731 2774 nobiscum
1760 2742 1881 2772 manet
1908 2746 2013 2781 quam
2043 2734 2141 2770 illum
2171 2735 2232 2780 qui

1187 2803 1324 2837 alienus
1344 2801 1441 2836 cultu
1457 2805 1494 2835 et
1517 2800 1588 2834 ritu
1606 2803 1661 2834 est
1681 2808 1700 2833 a
1717 2797 1874 2833 Christo.
1892 2796 1936 2832 Et
1949 2796 2032 2832 licet
2053 2806 2137 2841 erga
2156 2804 2232 2829 om-

1186 2872 1250 2898 nes
1281 2862 1445 2897 homines
1479 2859 1655 2905 justitiam
1689 2858 1881 2894 observare
1916 2856 2113 2898 debemus,
2148 2863 2232 2900 erga

1186 2922 1372 2968 proximos
1404 2926 1524 2956 tamen
1551 2918 1717 2954 affectum
1743 2918 1924 2953 mitiorem
1956 2915 2090 2951 habere
2126 2914 2232 2949 debe-

1189 2993 1268 3018 mus
1285 2993 1293 3024 ;
1311 2981 1471 3027 profecto
1498 2980 1581 3025 quia
1600 2979 1761 3015 membra
1792 2982 1915 3014 nostra
1935 2981 2018 3012 sunt
2035 2975 2077 3011 et'
2093 2975 2128 3010 in
2152 2974 2233 3010 uni-

1190 3048 1264 3079 tate
1285 3041 1446 3086 corporis
1463 3040 1578 3076 nostri
1598 3045 1634 3075 et
1651 3038 1786 3074 Christi
1811 3038 1997 3073 nobiscum
2017 3035 2231 3072 consistunt.

1191 3102 1292 3138 Unde
1323 3111 1384 3136 eos
1413 3106 1453 3135 ut
1490 3099 1729 3144 nosmetipsos
1757 3097 1904 3142 diligere
1939 3095 2121 3131 debemus.
2153 3092 2234 3126 Ideo

1191 3160 1417 3207 subjungitur
1434 3173 1441 3196 :
1463 3173 1474 3193 ‹
1498 3160 1542 3195 Et
1562 3159 1708 3195 omnino
1724 3157 1886 3201 indigens
1906 3159 1942 3189 et
1964 3152 2148 3187 mendicus
2162 3159 2232 3184 non

1191 3223 1260 3259 erit
1279 3222 1374 3258 inter
1393 3231 1468 3264 vos,
1491 3226 1530 3256 ut
1562 3218 1750 3255 benedicat
1777 3214 1840 3249 tibi
1866 3211 2036 3248 Dominus
2065 3210 2100 3244 in
2122 3213 2230 3250 terra,

1194 3294 1302 3329 quam
1325 3282 1523 3318 traditurus
1546 3285 1601 3314 est
1620 3276 1683 3312 tibi
1713 3276 1748 3309 in
1771 3271 2043 3319 possessionem.
2067 3281 2078 3302 ι
2102 3267 2230 3303 Proxi-

1193 3344 1262 3380 mis
1284 3353 1369 3389 ergo
1390 3340 1522 3377 nostris
1540 3341 1714 3383 quantum
1731 3331 1898 3379 possibile
1921 3334 1990 3372 est,
2021 3328 2057 3363 in
2077 3327 2231 3363 necessi-

1194 3404 1325 3439 tatibus
1351 3406 1390 3436 ut
1420 3395 1685 3440 nobismetipsis
1718 3390 1902 3428 consulere
1937 3389 2118 3429 debemus,
2148 3386 2231 3432 quia

1193 3461 1366 3499 exhibitio
1379 3458 1510 3504 operis,
1528 3453 1690 3501 probatio
1704 3457 1760 3488 est
1772 3449 1986 3486 dilectionis.
2007 3446 2108 3484 Unde
2121 3446 2229 3483 Joan-

1194 3531 1258 3557 nes
1277 3520 1352 3555 ait:
1375 3530 1387 3551 ‹
1407 3517 1475 3560 Qui
1504 3513 1668 3551 habuerit
1699 3509 1936 3547 substantiam
1959 3508 2082 3544 mundi
2113 3506 2230 3552 hujus,

1195 3585 1230 3615 et
1252 3578 1383 3614 viderit
1399 3576 1548 3612 fratrem
1567 3582 1671 3609 suum
1689 3580 1835 3607 necesse
1853 3570 1999 3612 habere,
2015 3575 2051 3604 et
2065 3566 2234 3603 clauserit

1194 3640 1333 3676 viscera
1353 3646 1417 3674 sua
1434 3636 1478 3671 ab
1502 3644 1559 3677 eo,
1582 3630 1761 3679 quomodo
1780 3629 1938 3666 charitas
1961 3632 2082 3664 manet
2108 3626 2143 3662 in
2164 3625 2234 3662 eo?

1193 3699 1310 3738 Filioli
1336 3696 1420 3740 mei,
1442 3704 1511 3731 non
1533 3692 1723 3739 diligamus
1741 3689 1850 3726 verbo
1875 3697 1992 3735 neque
2005 3687 2148 3733 lingua;
2164 3683 2229 3722 sed

1195 3769 1304 3808 opere
1322 3762 1359 3794 et
1373 3755 1526 3794 veritate
1543 3751 1578 3802 (1
1595 3751 1702 3789 Joan.
1714 3749 1785 3800 ιιι).
1807 3763 1821 3785 ι
