2540 4016
49 189 142 279 ‘25²3

63 295 199 343 segor.
220 293 308 338 Quis
319 293 438 339 potest
451 290 553 324 tanta
564 294 673 321 nosse
687 280 883 329 mysteria?
899 279 988 322 Quis
1003 278 1040 313 in
1055 287 1120 312 ex·
1136 278 1174 317 A

70 355 199 392 tremis
216 353 306 401 legis
324 356 360 388 et
375 348 484 395 hujus
497 347 581 383 vitae
603 344 737 380 finibus
754 340 972 378 constitutus
990 337 1121 373 intelli-

71 416 124 463 git
139 423 280 461 semper
294 411 363 448 sibi
378 419 457 446 esse
475 405 719 454 pugnandum,
739 407 776 438 et
797 406 883 437 tunc
902 399 1044 446 plenam
1067 397 1120 432 vi-

73 475 224 511 ctoriam
246 472 336 514 dari,
360 471 391 507 si
418 468 527 505 fuerit
547 467 583 503 in
608 461 889 510 campestribus?
910 459 949 496 Si
969 459 1006 494 in
1030 457 1122 493 Abel

73 535 226 577 Sethim‚
252 533 347 578 quod
380 532 637 576 interpretatur
667 526 781 561 luctus
809 523 1004 569 spinarum,
1036 518 1122 554 fleat

71 594 219 638 antiqua
232 596 392 637 peccata,
411 595 446 624 et
460 589 582 634 spinas
598 596 678 631 quae
694 583 961 620 suffocaverunt
978 588 1120 615 semen-

72 661 145 691 tem
158 652 261 689 verbi
280 651 359 693 Dei,
377 654 413 684 et
435 649 480 685 de
498 648 628 694 quibus
644 646 825 691 Propheta
852 642 937 678 dicit
955 653 963 675 :
994 638 1122 674 Versa-

73 721 129 750 tus
146 723 223 748 sum
240 711 278 745 in
297 709 451 750 miseria,
470 708 554 742 dum
571 706 757 751 configitur
773 703 872 749 spina
900 700 984 735 milti
1003 695 1119 745 (Psal.

70 775 186 821 xxxx).
205 772 279 809 Nec
295 771 471 807 silendum
491 769 659 810 arbitror,
678 765 773 811 quod
799 763 947 814 quidam·
959 768 1124 804 quaeren-

71 837 155 873 dum
189 837 329 879 putant,
360 830 567 866 mansiones
594 826 830 873 quadraginta
863 823 942 858 duae
966 818 1122 853 filiorum

69 895 179 933 lsrael
203 895 238 929 in
258 892 461 932 solitudine,
488 899 567 935 quae
590 889 648 924 hic
668 888 705 922 in
735 885 861 920 ultima
885 880 968 916 libri
990 878 1124 914 Nume-

70 966 195 992 rorum
209 959 312 1000 parte
327 956 596 997 computantur,
613 951 702 992 quot
715 943 771 978 vel
787 941 917 987 quibus
933 938 1005 973 sint
1021 937 1124 972 annis

71 1017 245 1063 aptandae,
278 1011 477 1059 longissimi
508 1009 603 1044 illius
637 1004 777 1041 itineris
802 1011 874 1046 quo
902 1000 947 1034 ab
968 998 1124 1044 AEgypto

70 1085 185 1120 usque
203 1074 248 1108 ad
267 1078 403 1107 terram
420 1065 712 1113 repromissionis
730 1063 789 1097 ille
818 1060 971 1106 populus
995 1059 1125 1104 ageba-

69 1141 140 1171 tur.
161 1133 231 1169 Sed
252 1131 308 1167 his
330 1129 419 1165 satis
438 1134 648 1171 responsum
667 1133 745 1158 esse
762 1121 901 1157 aestimo
918 1120 954 1154 in
973 1118 1124 1163 epistola

536 179 892 246 ENARnArionns
917 201 964 239 ιΝ
987 199 1162 239 Lmnuu
1185 172 1494 237 Nuimnonuu.
1519 215 1567 223 -
1589 172 1679 234 un.
1700 172 1762 234 ni.
1787 174 1795 180 ’

1187 275 1332 311 Pharan
1353 271 1558 309 solitudinis
1574 272 1720 307 nomine
1738 272 1940 309 continetur
1957 277 2154 324 impletum,
2174 279 2230 315 vi-

1188 337 1338 373 deamus
1358 333 1454 379 quod
1470 331 1565 368 intra
1585 324 1760 376 scriptum
1777 335 1845 366 est.
1864 331 2082 379 Reversique
2109 338 2230 384 explo-

1186 401 1327 432 ratores
1355 399 1464 430 terrae
1491 396 1574 438 post
1591 389 1831 436 quadraginta
1849 390 1940 434 dies,
1960 393 2057 426 omni
2088 397 2232 440 regione

1187 455 1353 497 circuita,
1363 458 1542 489 venerunt
1557 451 1605 487 ad
1619 450 1765 497 Moysen
1785 454 1821 484 et
1833 449 1970 492 Aaron,
1984 455 2021 484 et
2037 451 2082 485 ad
2093 461 2234 491 omnem

1188 522 1321 553 coetum
1338 514 1493 549 [iliorum
1507 511 1633 554 Israel,
1651 510 1690 546 in
1706 510 1887 545 desertum
1899 508 2057 551 Pharan,
2073 511 2168 555 quod
2181 517 2238 548 est

1187 575 1225 611 in
1248 574 1376 610 Gades.
1398 572 1470 607 Sed
1487 571 1524 606 in
1543 568 1823 606 Deuteronomio
1836 567 1976 613 Moyses
1991 567 2067 612 ipse
2081 567 2239 612 loquitur

1187 635 1320 682 populo
1341 632 1460 678 capite
1480 631 1598 677 primo
1630 642 1638 664 ε
1670 627 1824 673 Cumque
1853 626 2029 662 venissetis
2050 626 2086 661 in
2112 625 2239 662 Cades-

1191 699 1315 739 barne,
1337 694 1412 730 dixi
1446 693 1568 729 vobis:
1592 690 1742 726 Venistis
1777 689 1821 723 ad
1850 693 2001 723 montem
2030 687 2239 731 Amorrhaei,

1190 768 1292 805 quem
1319 754 1490 790 Dominus
1517 751 1612 786 Deus
1641 755 1756 785 noster
1773 748 1921 783 daturus
1941 752 1991 782 est
2021 746 2131 781 nobis.
2158 744 2242 780 Vide

1191 823 1320 853 terram
1339 825 1443 861 quam
1463 812 1634 848 Dominus
1654 809 1746 844 Deus
1766 814 1845 843 tuus
1868 807 1964 842 dabit
1982 806 2043 842 tibi
2062 816 2074 841 .·
2097 804 2242 840 ascende

1190 884 1223 914 et
1240 875 1377 923 posside
1411 884 1500 909 eam.
1541 872 1587 907 Et
1606 869 1797 906 accessistis
1829 867 1875 902 ad
1903 877 1958 902 me
1983 877 2115 908 omnes,
2141 871 2243 910 atque

1192 937 1359 972 dixistis:
1389 934 1488 969 Mitte
1521 933 1611 967 viros
1642 930 1701 977 qui
1740 928 1954 964 considerent
1985 932 2137 969 terram,
2170 930 2241 960 etc.

1193 998 1295 1041 Quod
1336 1002 1454 1032 autem
1490 994 1655 1030 eamdem
1691 991 1915 1026 mansionem
1954 987 2111 1024 secundo
2149 995 2244 1021 anno

1193 1056 1326 1102 egressi
1361 1056 1405 1090 de
1438 1053 1595 1098 AEgypto
1624 1051 1791 1092 adierint,
1814 1059 1833 1084 a
1855 1059 1925 1093 qua
1953 1054 2071 1083 tamen
2097 1052 2244 1092 peccato

1194 1112 1493 1151 murmurationis
1526 1115 1624 1145 retro
1658 1108 1834 1150 converti,
1864 1117 1907 1142 ac
1937 1106 2050 1141 multo
2086 1111 2246 1150 tempore

69 1195 174 1232 Bedae
192 1190 405 1239 presbyteri,
434 1196 542 1233 quam
562 1185 606 1220 ad
638 1184 760 1219 Accan
793 1180 994 1216 antistitem
1018 1187 1125 1223 super
1144 1177 1175 1215 B
1194 1180 1276 1221 post
1303 1173 1488 1208 desertum
1511 1169 1591 1215 vagi
1622 1178 1759 1210 errare,
1794 1171 1830 1202 et
1855 1165 1990 1211 passim
2011 1164 2141 1200 cadere
2171 1174 2248 1199 me-

70 1256 139 1291 hac
157 1263 197 1289 re
214 1248 429 1295 conscripsit
445 1257 454 1282 :
477 1255 583 1292 quam
597 1242 759 1290 profecto
776 1252 820 1277 ex
836 1240 994 1275 maxima
1009 1242 1123 1283 parte,

70 1317 108 1353 in
127 1316 197 1351 hoc
231 1318 355 1349 nostro
372 1308 544 1356 opusculo
562 1316 628 1352 pro
649 1306 717 1341 hac
733 1303 928 1349 quaestione
955 1300 1125 1336 solvenda

70 1374 272 1423 ponendam
308 1381 387 1408 esse
430 1367 651 1405 censuimus.
696 1363 824 1400 Gastra
866 1361 1034 1397 videlicet
1070 1359 1126 1393 vel

70 1434 276 1472 mansiones
320 1431 478 1472 easdem,
520 1428 629 1463 trium
675 1422 923 1460 tantummodo
971 1429 1127 1465 congrue

71 1505 262 1532 annorum.
295 1491 409 1527 Primi
432 1488 599 1524 videlicet
619 1492 655 1522 et
680 1485 841 1526 secundi,
864 1488 898 1518 et
928 1482 1127 1527 quadrage-

72 1557 153 1592 simi
171 1552 388 1601 egressionis
402 1561 446 1586 ex
463 1548 619 1594 AEgypto
634 1559 641 1580 z
656 1555 808 1592 quorum
820 1544 957 1589 prin‘ms
967 1542 1128 1577 continet

72 1626 188 1652 annus
203 1613 406 1650 mansiones
427 1615 525 1646 certa
541 1607 774 1644 distinctione
789 1604 990 1641 duodecim.
1008 1602 1129 1636 Prima

73 1678 246 1712 Ramesse
263 1674 388 1720 quinta
408 1672 545 1708 decima
565 1670 622 1705 die
636 1668 743 1714 primi
762 1666 897 1702 mensis
913 1665 1126 1708 ingressam,

73 1736 238 1772 ultimam
269 1732 499 1769 solitudinem
530 1729 629 1764 Sinai
649 1727 767 1773 prima
786 1726 842 1761 die
864 1723 961 1759 tertii
993 1722 1129 1757 mensis

74 1795 246 1836 additam,
278 1798 313 1829 et
340 1802 405 1836 per
438 1789 606 1825 undecim
638 1795 782 1822 menses
818 1784 1007 1820 continuos
1040 1792 1128 1817 con-

73 1853 234 1891 struendi
262 1850 500 1891 tabernaculi,
527 1855 562 1885 et
588 1847 755 1883 docendae
781 1845 870 1890 legis
907 1844 1021 1890 gratia
1058 1842 1128 1877 mi-

72 1915 170 1950 nime
194 1912 369 1948 relictam.
409 1909 568 1952 Quarum
595 1907 762 1943 videlicet
795 1903 1001 1950 quindecIm
1029 1911 1130 1937 man-

73 1976 227 2017 sionum,
252 1983 381 2009 novem
407 1970 631 2007 solummodo
661 1969 752 2004 liber
778 1966 892 2001 Exodi
916 1963 1130 1999 nominatim

74 2035 293 2080 exprimens,
320 2038 468 2068 caeteras
495 2037 571 2065 tres
599 2030 664 2065 suh
692 2027 825 2063 deserti
847 2025 911 2061 Sin
930 2023 1024 2069 quod
1051 2029 1131 2057 esse

75 2095 207 2131 dicitur
232 2093 326 2128 inter
367 2091 460 2126 Elim
489 2095 525 2126 et
563 2089 678 2130 Sinai,
721 2085 896 2122 vocabulo
935 2083 1131 2119 indiscrete

75 2154 261 2203 praeteriit.
290 2151 477 2188 Secundus
501 2160 616 2185 annus
646 2146 898 2192 complectitur
925 2143 1131 2178 mansiones

75 2215 206 2261 viginti
229 2219 264 2249 et
281 2223 406 2248 unam.
432 2211 569 2254 Quibus
586 2210 622 2244 in
644 2208 771 2245 ordine
803 2205 963 2242 historiae
990 2202 1132 2239 cunetis

79 2274 327 2311 indifferenter
364 2272 431 2307 sub
463 2269 668 2306 solitudinis
701 2268 843 2302 Pharan
868 2264 1014 2300 nomine
1034 2272 1133 2298 com-

78 2334 282 2381 prehensis,
307 2333 425 2378 prima
444 2330 559 2366 solum
582 2328 742 2365 secunda
760 2332 797 2362 et
815 2326 957 2367 ultima,
974 2325 1044 2359 hoc
1061 2327 1130 2366 est,

79 2394 243 2440 sepulcra
275 2390 594 2436 concupiscentiae,
630 2386 807 2423 Haseroth
839 2391 874 2420 et
906 2383 1034 2425 Gades,
1068 2392 1133 2418 suo

80 2455 346 2499 distinguuntur
370 2461 415 2486 ex
436 2450 594 2486 nomine.
617 2448 687 2483 Sed
706 2447 741 2482 in
774 2445 939 2490 catalogo
973 2443 1132 2479 mansio-

80 2525 166 2551 num
180 2514 317 2560 pariter
333 2520 459 2547 omnes
475 2514 563 2555 quot
581 2517 732 2543 numero
751 2505 897 2547 fuerint,
914 2503 972 2538 vel
988 2512 1059 2547 quo
1070 2511 1135 2536 no-

85 2575 183 2610 mine
216 2573 333 2613 dictae,
368 2571 556 2615 diligenter
583 2567 796 2603 ostenditur.
830 2565 988 2607 Quarum
1018 2562 1134 2606 prima

85 2633 239 2675 mansio,
260 2632 329 2666 hoc
349 2637 418 2671 est,
442 2628 616 2673 Sepulcra
634 2623 952 2669 Concupiscentiae‚
979 2621 1135 2657 secundo

83 2706 207 2732 mense
228 2694 389 2741 ejusdem
410 2690 559 2728 secundi
577 2689 676 2731 anni,
699 2687 872 2722 vicesimo
893 2684 1050 2720 secundo
1077 2683 1135 2718 die

83 2757 220 2794 mensis
241 2756 404 2791 introita.
427 2753 532 2787 Anno
553 2751 649 2786 enim
683 2748 854 2790 secundo,
877 2751 916 2781 ut
948 2745 1135 2790 Scriptura

84 2820 184 2863 dicit,
207 2828 331 2854 mense
362 2816 534 2856 secundo,
560 2812 731 2848 vicesimo
759 2811 817 2846 die
843 2809 990 2850 mensis,
1013 2816 1135 2842 move-

84 2884 170 2916 runt
190 2884 309 2915 castra
338 2878 382 2913 de
413 2877 558 2911 deserto
591 2872 710 2914 Sinai;
733 2875 768 2907 et
796 2868 975 2910 recubuit,
1006 2866 1135 2912 inquit,

85 2938 199 2975 nubes
233 2939 270 2973 in
303 2935 490 2972 solitudine
526 2933 688 2974 Pharan;
722 2928 945 2976 profectique
978 2933 1061 2963 sunt
1093 2927 1137 2962 de

86 3004 210 3036 monte
229 2998 386 3041 Domini,
403 2998 499 3032 viam
520 2998 625 3030 trium
645 2994 798 3034 dierum,
828 2991 942 3026 donec
971 2989 1138 3025 venirent

88 3066 133 3101 ad
151 3065 270 3101 locum
287 3061 498 3102 mansionis,
515 3068 594 3104 quae
605 3056 734 3093 merito
745 3054 865 3101 populi
882 3063 1011 3089 carnes
1028 3051 1141 3097 AEgy-

65 3146 74 3148 -
87 3126 183 3172 ptias
201 3121 454 3161 desiderantis,
469 3118 723 3164 Sepulcrorum
739 3112 1058 3160 Concupiscentiae‚
1078 3120 1141 3146 no-

91 3195 175 3220 men
200 3183 350 3228 aceepit.
374 3181 508 3217 Ultima
530 3184 648 3214 autem
680 3178 809 3213 horum
836 3175 990 3216 mansio,
1011 3173 1046 3208 id
1065 3176 1139 3214 est,

91 3243 219 3286 Gades,
241 3251 313 3287 quo
331 3241 388 3277 die
408 3240 464 3276 vel
479 3248 600 3274 mense
618 3237 778 3282 ejusdem
794 3235 878 3271 anni
903 3234 950 3269 sit
966 3234 1139 3278 ingressa,

91 3313 163 3339 non
194 3302 343 3344 dicitur;
378 3301 441 3336 sed
465 3305 585 3334 tamen
605 3297 701 3343 quia,
733 3295 865 3340 etipsa
894 3294 931 3330 in
950 3292 1142 3329 solitudine

90 3363 235 3401 Pharan
256 3364 337 3405 sita,
358 3363 442 3408 quia
459 3362 586 3398 eodem
607 3370 701 3395 anno
721 3358 830 3395 suerit
846 3357 981 3399 addita,
1000 3366 1071 3391 non
1088 3360 1142 3390 ta-

96 3429 208 3460 cetur.
230 3423 412 3468 Scriptum
433 3425 488 3457 est
502 3420 600 3456 enim
618 3431 626 3454 :
649 3418 694 3453 Et
715 3416 864 3463 populus
881 3426 950 3451 non
966 3420 1015 3450 est
1029 3418 1142 3448 motus

97 3483 139 3519 de
157 3482 218 3518 tuo
244 3482 332 3524 loco,
351 3481 458 3516 donec
487 3484 646 3516 revocata
672 3476 803 3518 Maria,
834 3474 1007 3520 profectus
1034 3477 1084 3506 est
1101 3470 1143 3504 de

97 3542 271 3578 Haserom
288 3542 369 3587 fixis
387 3540 543 3576 tentoriis
559 3540 597 3574 in
611 3539 745 3573 deserto
759 3534 916 3573 Pharan,
933 3531 991 3566 ubi
1007 3530 1142 3564 locutus

99 3601 338 3644 eustominus
355 3601 400 3636 ad
419 3599 578 3646 Moysen,
598 3598 716 3634 dicens
733 3605 744 3630 :
765 3594 865 3630 Mitte
884 3592 973 3627 viros
987 3589 1046 3635 qui
1060 3599 1143 3623 con-

101 3656 249 3694 siderent
265 3665 395 3694 terram
411 3656 581 3694 chanaan
596 3654 720 3704 (Num.
741 3653 822 3700 xn).
843 3651 946 3696 Quod
962 3658 1007 3685 ne
1023 3646 1145 3694 proxi-

101 3725 160 3751 ma
174 3720 256 3762 post
267 3717 444 3755 naseroth
462 3716 649 3754 mansione
663 3715 805 3762 iussum
819 3713 1026 3758 tactumque
1043 3714 1146 3756 pute-

105 3779 176 3820 tur,
193 3774 257 3813 8⁶11
273 3776 392 3822 potius
405 3775 623 3823 intelligatur
640 3776 680 3812 in
691 3773 819 3811 ultima
836 3781 974 3816 earnm,
990 3779 1070 3816 quae
1081 3766 1149 3806 sub

1195 1236 1347 1275 ruerint,
1369 1238 1521 1269 testatur
1540 1230 1678 1276 Moyses
1698 1229 1733 1263 in
1755 1227 1834 1263 istis
1861 1225 2166 1271 consequentibus
2194 1225 2247 1259 di-

1194 1307 1279 1332 cens
1313 1307 1320 1329 :
1343 1294 1490 1330 Sedistis
1511 1292 1609 1336 7eryo
1636 1290 1672 1324 in
1706 1287 1925 1323 cadesbarne
1953 1285 2062 1321 multo
2081 1292 2244 1331 tempore.

1196 1356 1416 1400 Profectique
1447 1353 1542 1393 inde,
1563 1351 1717 1386 venimus
1742 1350 1779 1383 in
1799 1347 2034 1389 solitudinem,
2054 1357 2131 1392 quoe
2152 1346 2247 1381 ducit

1195 1417 1350 1468 acl—mare
1370 1413 1538 1454 Rubrum,
1559 1412 1649 1446 sicut
1664 1410 1750 1444 milti
1767 1409 1905 1443 dixerat
1924 1407 2095 1442 Dominus
2113 1411 2146 1441 et
2179 1406 2247 1441 cir-

1196 1478 1364 1513 cuivimus
1394 1480 1545 1510 montem
1577 1472 1655 1508 Seir
1684 1470 1792 1506 multo
1826 1477 1976 1515 tempore
1997 1469 2116 1516 (Dent.
2138 1467 2178 1516 1).
2203 1468 2248 1503 Et

1196 1539 1289 1574 infra
1319 1550 1327 1573 ε
1352 1537 1516 1582 Tempore
1545 1540 1661 1570 autem
1692 1543 1758 1579 quo
1789 1530 2042 1567 ambulavimus
2061 1530 2103 1565 de
2117 1529 2249 1565 Cades-

1197 1601 1315 1642 barne,
1336 1609 1442 1645 usque
1465 1597 1509 1632 ad
1540 1596 1725 1631 transitum
1751 1593 1912 1629 torrentis
1941 1591 2084 1634 Zaredz,
2106 1591 2248 1637 triginta

1196 1667 1270 1696 octo
1281 1669 1450 1694 annorum
1461 1657 1541 1702 fuit,
1555 1655 1662 1690 donec
1673 1658 1931 1688 consumeretur
1947 1650 2058 1685 omnis
2073 1650 2247 1695 generatio

1196 1720 1374 1754 hominum
1384 1717 1587 1752 bellatorum
1598 1715 1639 1749 de
1650 1714 1787 1756 castris,
1800 1713 1887 1747 sicut
1894 1709 2249 1758 juraveratDominus

1198 1779 1316 1826 (Deut.
1340 1779 1394 1826 11).
1432 1778 1565 1813 Zareth
1583 1782 1702 1812 autem
1720 1784 1851 1810 nomen
1882 1779 1936 1809 est
1963 1771 2175 1814 mansionis,
2206 1771 2249 1806 de

1198 1841 1266 1876 illis
1281 1840 1360 1876 dico
1378 1838 1614 1884 quadraginta
1628 1837 1779 1878 duabus,
1791 1835 1852 1871 sed
1871 1844 2000 1869 nomen
2020 1831 2189 1868 torrentis
2205 1830 2251 1865 ad

1198 1910 1318 1946 quem,
1345 1899 1438 1934 sicut
1459 1899 1495 1933 in
1516 1897 1756 1933 Numerorum
1774 1894 1955 1931 volumine
1970 1893 2114 1939 legitur,
2136 1898 2253 1926 trans-

1199 1969 1322 2006 gressa
1341 1959 1512 1994 vicesima
1528 1965 1655 1992 octava
1682 1956 1871 1991 mansione
1892 1954 2036 1990 nomine
2054 1950 2250 1993 Jeabarim,

1198 2023 1389 2056 venerunt.
1413 2017 1527 2061 Quem
1547 2016 1805 2060 relinquentes,
1845 2013 1974 2058 inquit,
2007 2009 2253 2048 castrametati

1150 2071 1179 2111 C
1202 2085 1286 2116 sunt
1303 2081 1339 2114 in
1360 2078 1499 2119 Arnon,
1533 2087 1611 2122 quae
1630 2080 1686 2111 est
1717 2076 1754 2110 in
1773 2075 1929 2115 deserto,
1950 2077 1986 2108 et
2013 2071 2194 2117 prominet
2216 2069 2253 2103 in

1200 2141 1330 2176 linibus
1352 2137 1566 2174 Amorrhaei.
1590 2136 1691 2179 Quod
1708 2135 1985 2180 quadragesimo
2005 2143 2100 2168 anno
2113 2140 2254 2178 gestum

1200 2201 1323 2243 fuisse,
1341 2209 1412 2235 non
1429 2199 1529 2234 latet.
1547 2197 1615 2241 Qui
1629 2196 1796 2231 videlicet
1814 2206 1928 2231 annus
1948 2194 2247 2240 quadragesimus

1199 2262 1295 2297 idem
1315 2265 1350 2296 et
1373 2259 1535 2300 ultimus,
1557 2256 1776 2302 longissimae
1790 2264 1855 2301 per
1874 2255 2055 2290 desertum
2073 2253 2139 2288 viae
2155 2262 2256 2287 man-

1201 2323 1320 2358 siones
1338 2321 1497 2355 continet
1514 2327 1665 2353 numero
1697 2317 1835 2352 decem.
1862 2315 2023 2357 Quorum
2053 2313 2169 2358 prima
2199 2317 2255 2347 est

1200 2391 1331 2426 magno
1358 2380 1524 2414 laborare
1546 2377 1710 2422 repetita,
1731 2376 1856 2410 eadem
1876 2375 1952 2419 ipsa
1970 2373 2085 2409 Gades
2118 2371 2254 2407 deserti

1202 2441 1266 2477 Sin
1287 2453 1293 2475 :
1319 2450 1426 2485 quam
1445 2443 1529 2473 ante
1547 2437 1694 2482 triginta
1715 2441 1797 2470 octo
1817 2443 1932 2469 annos
1956 2438 1995 2467 ut
2014 2433 2150 2467 dictum
2173 2438 2249 2474 est,

1202 2501 1304 2545 culpa
1322 2496 1629 2544 praevaricationis
1647 2495 1826 2540 exigente,
1847 2498 1928 2538 post
1944 2502 1982 2528 se
2009 2491 2142 2526 reversi
2169 2490 2253 2526 reli-

1201 2565 1367 2606 querant.
1391 2558 1441 2592 De
1463 2566 1533 2602 qua
1552 2556 1601 2590 ita
1622 2554 1798 2600 scriptum
1819 2559 1873 2589 est
1906 2564 1913 2587 :
1953 2550 2190 2597 Veneruntque
2210 2550 2254 2595 fi-

1202 2622 1239 2656 lii
1259 2618 1387 2661 Israel,
1409 2623 1440 2653 et
1457 2616 1567 2651 onmis
1595 2614 1781 2650 multitudo
1805 2613 1846 2648 de
1874 2612 2008 2647 deserto
2032 2611 2110 2654 Sin,
2135 2621 2252 2646 mense

1202 2682 1335 2727 primo‚·
1358 2684 1389 2713 et
1407 2677 1533 2712 mansit
1549 2674 1697 2721 populus
1717 2675 1753 2709 in
1773 2673 1898 2709 Gades.
1918 2671 2126 2717 Mortuaque
2145 2675 2195 2706 est
2208 2670 2255 2704 ibi

1205 2741 1335 2781 Maria,
1355 2745 1386 2773 et
1402 2736 1537 2783 sepulta
1552 2741 1603 2770 est
1623 2736 1658 2769 in
1674 2734 1792 2769 eodem
1809 2732 1896 2767 loco.
1915 2731 2069 2775 Cumque
2087 2729 2256 2774 indigeret

1204 2812 1294 2846 aqua
1319 2798 1479 2846 populu-3,
1500 2798 1656 2832 coierunt
1682 2795 1867 2830 adversum
1891 2791 2035 2838 Moysen
2055 2797 2087 2826 et
2117 2791 2251 2832 Aaron,

1204 2866 1240 2896 et
1259 2866 1389 2896 caetera
1408 2867 1521 2903 usque
1539 2857 1584 2892 ad
1604 2855 1640 2891 id
1658 2854 1753 2900 quod
1774 2853 1948 2898 scriptum
1981 2857 2038 2886 est
2064 2860 2073 2884 z
2101 2848 2134 2884 H
2137 2859 2185 2884 oec
2204 2854 2253 2883 est

1207 2931 1297 2966 aqua
1313 2909 1612 2958 contradictionis,
1632 2913 1839 2959 ubijurqati
1853 2916 1932 2947 sunt
1960 2909 2025 2955 filii
2046 2907 2158 2943 Israel
2178 2918 2258 2942 con-

1208 2987 1263 3016 tra
1287 2979 1490 3020 Dominum,
1513 2983 1544 3012 et
1565 2974 1803 3018 sanctificatus
1827 2978 1876 3008 est
1894 2973 1930 3006 in
1954 2971 2003 3006 eis
2023 2969 2148 3016 (Num.
2178 2968 2256 3011 xx).

1206 3040 1480 3084 Notandumque
1513 3036 1608 3082 quod
1647 3034 1774 3070 eadem
1812 3032 1926 3068 Gades
1970 3034 2006 3065 et
2041 3029 2078 3064 in
2115 3028 2259 3063 deserto

1210 3102 1351 3137 Pharan
1367 3109 1446 3135 esse
1467 3103 1503 3134 et
1522 3098 1558 3132 in
1578 3097 1719 3132 deser-to
1742 3094 1803 3130 Sin
1841 3092 2026 3137 Scriptura
2043 3090 2148 3125 sitam
2169 3087 2260 3122 rese-

1210 3166 1277 3196 rat.
1302 3160 1404 3196 Unde
1436 3157 1647 3203 conjiciatur
1670 3158 1842 3191 consueto
1872 3161 1970 3186 more
2003 3150 2174 3186 locorum,
2195 3155 2259 3190 pa-

1208 3223 1297 3258 riter
1320 3220 1450 3257 deserti
1469 3219 1625 3259 Pharan,
1654 3215 1713 3250 ubi
1737 3213 1851 3248 Gades
1874 3214 1941 3251 est,
1968 3206 2172 3252 specialiter
2194 3203 2259 3239 Sin

1209 3281 1395 3328 appellari.
1425 3279 1488 3315 Sin
1512 3283 1630 3312 autem
1649 3284 1719 3310 non
1735 3273 1811 3316 ipsa
1829 3275 1884 3305 est
1900 3268 2014 3304 Gades
2039 3275 2147 3310 quam
2173 3274 2257 3300 mox

1210 3350 1436 3389 transgresso
1450 3338 1540 3374 mari
1553 3336 1689 3375 Rubro,
1706 3334 1797 3367 inter
1806 3330 1898 3364 Elim
1915 3333 1951 3363 et
1961 3326 2061 3362 Sinai
2074 3330 2259 3371 pertrans-

1210 3405 1297 3446 iere,
1325 3402 1387 3438 sed
1412 3400 1481 3435 alia
1505 3404 1651 3442 prorsus
1675 3392 1825 3436 aliisque
1854 3389 1947 3434 apud
1968 3387 2138 3423 Hebraeos
2170 3386 2259 3422 scri·

1211 3470 1272 3509 pta
1307 3457 1504 3497 elementis.
1536 3452 1696 3490 Secunda
1712 3460 1797 3486 vero
1816 3447 1975 3494 ejusdem
1993 3445 2259 3493 quadragesimi

1213 3522 1298 3558 anni
1318 3518 1456 3555 mansio
1475 3520 1530 3552 est
1561 3522 1663 3549 mons
1682 3510 1768 3553 Hor,
1794 3510 1830 3546 in
1847 3518 1918 3554 quo
1953 3508 2122 3544 occubuit
2138 3506 2259 3542 Aaron

1212 3580 1329 3627 prima
1352 3577 1409 3613 die
1434 3573 1567 3611 mensis
1597 3571 1725 3617 quinti.
1758 3569 1891 3606 Ultima
1910 3564 2127 3612 campestria
2154 3561 2258 3598 Moab

1213 3648 1320 3686 super
1333 3635 1526 3672 Jordanem
1553 3637 1677 3669 contra
1692 3628 1850 3671 iericho,
1869 3627 1931 3663 ubi
1945 3621 2260 3663 Deuteronominm

1213 3701 1428 3740 meditantes
1458 3699 1682 3738 manserunt,
1726 3701 1838 3738 usque
1874 3690 1958 3727 dum
1997 3691 2079 3735 post
2105 3689 2260 3722 mortem

1214 3762 1342 3810 Moysi,
1367 3760 1476 3799 Josue
1503 3758 1607 3803 duee,
1625 3755 1740 3804 prima
1755 3753 1814 3791 die
1840 3750 1970 3791 decimi
1996 3747 2146 3792 mensis,
2164 3746 2262 3784 sicea
