2540 4016
91 131 110 148 b

69 205 136 244 ΤΠ

718 199 1047 240 ΟΟΜΜΕΝΤΑΒΙΑ
1073 198 1119 236 ΙΝ
1143 198 1348 237 EXODUM.
1376 219 1423 226 —
1445 200 1531 236 Lm.
1556 199 1613 237 ln.

2157 199 2182 245 ’1
2188 209 2234 247 ’18

68 295 148 324 esse
167 285 387 333 significans.
419 282 544 319 Facies
565 287 595 317 et
617 271 802 316 ternariam
823 280 861 315 in
885 279 1030 315 introitu
1055 283 1110 312 ta-
1126 278 1159 317 A
1179 277 1307 323 quibus
1327 282 1410 323 apte
1428 276 1593 312 subditur
1609 288 1617 311 z
1641 275 1800 319 Quarum
1819 278 1935 324 capita
1953 290 2062 318 aurea
2079 290 2113 320 et
2130 284 2234 325 baeu

70 346 261 391 temactati,
275 346 317 382 de
329 342 512 391 hyacintho
526 347 558 376 et
570 351 725 387 purpura
741 350 908 385 coccoque
923 338 973 373 bis
988 337 1110 380 tincto,

68 412 100 441 et
120 407 219 452 bysso
239 410 368 441 retorta
389 412 487 449 opere
511 399 698 448 plumario.
734 399 883 444 Expleta
903 396 1112 433 narratione

69 468 112 504 de
130 467 224 510 velo,
242 465 336 512 quod
355 462 599 500 sanctuarium
624 466 662 498 et
686 460 882 498 sanctuarii
907 458 1112 495 sanctuaria

68 526 269 569 dividebat,
301 525 394 562 redit
422 532 601 570 exponere
627 523 670 559 de
698 521 863 558 orientali
888 521 1002 556 latere
1031 531 1113 556 san-

68 588 210 632 ctuarii,
227 587 321 633 quod
339 586 577 622 intermisisse
594 584 640 620 ad
655 590 795 629 tempus
809 582 1013 622 videbatur,
1031 591 1113 616 cum

67 657 196 684 caetera
214 647 290 694 ejus
308 648 436 689 latera,
457 645 614 682 australe
632 644 809 686 videlicet,
832 641 1114 688 septentrionale

67 713 102 743 et
118 707 359 749 occidentale,
386 706 617 742 describeret.
653 703 863 739 Tentorium
886 712 971 748 ergo
995 702 1032 737 in
1058 701 1112 736 in-

66 769 176 804 troitu
208 767 426 803 tabernaculi
458 766 609 812 pulchra
640 765 801 800 colorum
825 764 999 799 varietate
1022 772 1111 798 con-

65 834 216 869 textum,
230 827 421 872 primitivae
438 831 493 861 est
509 826 616 861 decus
633 823 816 866 Ecclesiae,
832 821 983 858 diversis
999 821 1113 856 virtu-

66 895 140 924 tum
167 887 315 923 floribus
342 887 554 933 glorificum.
592 884 642 918 De
669 883 799 928 quibus
824 882 948 916 scribit
966 880 1110 916 Lucas:

65 949 156 992 Quia
172 948 406 983 ntultitudinis
427 946 639 981 credentium
654 949 726 978 erat
745 953 804 976 cor
818 952 926 976 unum
943 947 976 976 et
993 942 1112 977 anima

63 1021 155 1052 una;
177 1016 208 1044 et
228 1020 296 1044 non
315 1013 389 1043 erat
409 1005 582 1051 separatio
603 1004 639 1039 in
657 1004 706 1038 eis
728 1002 822 1045 ut!a;
849 1013 909 1037 nec
926 1002 1111 1048 quisquam

61 1082 179 1106 eorum
202 1080 279 1115 qaoe.
295 1065 650 1114 possidebac‚aliquid
669 1075 771 1100 suum
790 1075 862 1099 esse
876 1064 1025 1105 dicebat,
1037 1068 1107 1098 etc.

60 1129 151 1176 (Act.
168 1128 231 1175 iv).
257 1127 376 1163 Inerat
391 1136 544 1172 namque
559 1126 591 1161 ei
608 1125 834 1172 hyacinthus,
850 1124 934 1169 quia
949 1123 1110 1159 coelestia

1181 347 1300 372 aeneoe.
1318 337 1449 390 'Aurea
1467 336 1599 382 quippe
1620 336 1739 381 capita
1759 335 1859 371 illum
1878 336 2080 385 designant,
2099 343 2144 379 de
2159 354 2232 391 quo

1181 398 1265 434 dicit
1281 398 1498 443 Apostolus:
1522 397 1568 433 Et
1589 398 1706 433 omnia
1731 403 1890 434 constant
1917 399 1956 434 in
1981 399 2080 446 ipso;
2103 409 2136 437 et
2160 406 2234 451 ipse

1180 465 1230 496 est
1257 466 1361 505 caput
1386 459 1541 505 corporis
1561 458 1731 494 E'ccles'ia,²
1749 486 1759 503 ,
1791 459 1851 505 qui
1881 465 1932 495 est
1963 460 2174 507 principium
2200 472 2232 501 et

1180 519 1425 566 primoqenitus
1458 530 1502 554 ex
1533 519 1679 555 mortuis
1704 518 1847 565 (Ephes.
1868 519 1919 567 v).
1954 519 2079 566 Neque
2109 521 2234 559 incon-

1181 591 1308 628 gruum
1333 581 1496 616 videatur
1523 590 1588 625 per
1612 580 1771 625 quinque
1802 580 1920 626 capita
1954 581 2205 618 columnarum
2222 610 2232 628 ,

1180 652 1290 678 unum
1311 647 1418 687 caput
1435 641 1606 676 Ecclesiae
1631 639 1815 676 Christum
1845 640 2008 687 figurari.
2044 641 2112 678 Tot
2135 643 2233 679 enim

1180 704 1281 740 fuere
1300 704 1417 749 capita
1434 730 1445 747 ,
1478 707 1566 748 quot
1594 701 1780 738 columnae.
1819 701 1910 746 Quia
1938 702 2111 739 nimirum
2138 705 2235 741 idem

1180 765 1255 812 ipse
1275 764 1448 800 Dominus
1467 762 1651 807 Christus,
1678 763 1840 798 omnium
1867 767 2075 799 sanctorum
2103 770 2233 811 caput,

1180 826 1216 860 in
1248 835 1286 861 se
1318 824 1462 870 quidem
1490 824 1567 869 ipso
1600 834 1753 860 manens
1787 833 1931 869 semper
1950 824 2099 870 aequalis
2126 831 2233 872 atque

1179 886 1423 928 indivisibilis,
1444 886 1506 921 sed
1527 886 1676 932 singulis
1697 885 1897 932 quibusque
1921 886 2056 931 electis,
2081 889 2234 935 gratiam

1180 947 1234 982 sui
1262 945 1418 991 Spiritus
1446 956 1511 991 pro
1540 946 1796 992 accipientium
1826 948 2028 992 capacitate
2051 949 2230 986 dividens.

1183 1006 1281 1042 Unde
1303 1015 1373 1040 non
1394 1006 1509 1040 solum
1529 1006 1689 1040 omnium
1711 1007 1926 1052 generaliter
1948 1008 2139 1052 Ecclesiae,
2170 1019 2233 1045 ve-

1178 1076 1258 1100 rum
1284 1065 1392 1100 etiam
1414 1065 1618 1110 specialiter
1638 1066 1832 1111 unicuique
1862 1069 2105 1104 membrorum
2133 1070 2233 1116 ejus,

1178 1125 1262 1161 licet
1294 1126 1378 1161 illud
1409 1127 1658 1172 propheticum
1691 1137 1773 1162 cum
1809 1127 1938 1163 fiducia
1973 1130 2230 1174 proclamare:

58 1189 237 1235 cogitare,
270 1187 452 1223 coelestem
482 1186 518 1221 in
543 1186 649 1220 terris
669 1185 778 1225 vitam
799 1185 929 1220 ducere
956 1183 1105 1219 solebat.
1127 1180 1158 1218 B
1179 1186 1283 1222 Nunc
1313 1194 1429 1222 autem
1456 1187 1621 1222 exaltavit
1654 1194 1756 1233 caput
1789 1198 1904 1222 meam
1938 1200 2041 1234 super
2076 1190 2235 1227 inimicos

57 1251 176 1286 Inerat
191 1259 363 1295 purpura,
380 1249 464 1294 quia
483 1248 572 1283 mori
588 1252 714 1293 parata
731 1257 796 1293 pro
811 1246 968 1282 Christo.
990 1245 1109 1281 Inerat

58 1320 185 1346 coccus
206 1309 261 1345 bis
281 1310 437 1351 tinctus,
467 1308 549 1353 quia
577 1307 640 1342 Dei
670 1312 704 1342 et
732 1307 888 1353 proximi
917 1306 1109 1342 dilectione

58 1369 244 1416 flagrabat.
279 1370 397 1405 inerat
418 1370 548 1415 byssus
575 1374 734 1411 retorta,
771 1368 855 1413 quia
887 1366 1108 1402 continentia

59 1431 178 1468 carnis
207 1436 242 1466 et
269 1432 435 1466 castitate
463 1430 652 1476 gaudebat.
689 1429 733 1464 Et
754 1429 902 1475 quinque
927 1427 1107 1463 columnas

59 1491 244 1527 deaurabis
265 1491 438 1537 liquorum
458 1492 594 1533 sethim,
618 1496 697 1525 ante
720 1501 806 1536 quas
831 1490 979 1524 ducetur
999 1494 1109 1523 temo-

58 1552 163 1586 rinm.
202 1550 383 1586 Columnae
414 1551 544 1596 quibus
579 1551 774 1585 tentorium
809 1549 1106 1594 suspendebatur,

59 1612 173 1647 sancti
199 1617 282 1647 sunt
300 1611 480 1652 doctores,
502 1610 544 1646 de
564 1611 693 1656 quibus
712 1609 827 1645 Lucas
847 1615 1110 1654 consequenter

59 1672 245 1719 adjungit:
275 1671 321 1706 Et
339 1671 464 1706 virtute
483 1682 609 1716 maana
629 1670 816 1705 reddebant
841 1668 988 1712 apostoli
1011 1669 1105 1703 testi-

58 1734 212 1769 monium
248 1731 506 1768 resurrectionis
539 1729 624 1765 Jesu
659 1728 788 1764 Christi
823 1729 965 1764 Domini
999 1728 1110 1763 nostri

59 1792 200 1840 (loia).
241 1791 400 1835 Quorum
432 1800 534 1825 mens
565 1794 700 1834 quanto
735 1790 918 1825 robustius
955 1790 1033 1834 ipsa
1066 1788 1111 1824 ad

58 1864 212 1899 superna
233 1852 396 1898 erigitur,
418 1856 518 1886 tanto
539 1851 678 1886 firmius
699 1851 870 1893 docendo,
899 1856 934 1886 et
955 1851 1045 1886 alios
1065 1851 1110 1886 ad

58 1923 216 1948 amorem
243 1921 479 1957 supernorum
506 1910 639 1946 sufficit
664 1911 840 1946 attollere.
881 1910 982 1946 Sicut
1011 1911 1109 1946 enim

57 1977 207 2024 apostoli
229 1982 265 2012 et
283 1975 470 2022 apostolici
490 1975 573 2018 viri,
592 1985 657 2020 per
676 1974 817 2010 tabulas
838 1980 934 2010 recte
953 1979 1108 2020 possunt

58 2039 238 2084 designari
270 2042 416 2083 propter
442 2037 666 2072 latitudinem
694 2037 750 2072 vel
780 2036 1002 2079 doctrinam,
1036 2047 1106 2082 qua

1179 1259 1285 1282 meos.
1322 1246 1430 1293 Cujus
1450 1248 1619 1282 nimirum
1642 1248 1770 1293 capitis
1790 1248 2041 1294 significantiae
2064 1251 2235 1286 convenit

1179 1312 1260 1352 apte
1277 1307 1371 1352 quod
1393 1308 1518 1343 eadem
1538 1308 1655 1353 capita
1673 1308 1921 1344 columnarum
1937 1336 1945 1352 ,
1970 1320 2041 1345 non
2063 1311 2235 1347 deaurata

1178 1371 1217 1400 ut
1243 1366 1417 1401 columnae
1447 1372 1484 1402 et
1513 1367 1640 1402 tabulae
1659 1394 1668 1410 ,
1704 1369 1767 1403 sed
1798 1379 1907 1404 aurea
1939 1369 2016 1405 fieri
2045 1371 2232 1416 Jubentur.

1178 1424 1268 1467 Quia
1296 1426 1410 1461 sancti
1438 1427 1583 1471 quidem
1617 1436 1743 1462 omnes
1761 1454 1769 1470 ‚
1804 1428 1997 1474 participes
2030 1436 2115 1466 sunt
2145 1430 2233 1467 sacti

1179 1484 1335 1529 Spiritus
1354 1486 1468 1521 sancti
1488 1491 1523 1521 et
1541 1487 1666 1532 gratiae
1683 1487 1854 1523 eoelestis.
1880 1488 1962 1533 Ipse
1980 1495 2095 1525 autem
2112 1490 2234 1536 plenas

1179 1555 1252 1583 erat
1271 1549 1406 1594 qratioe,
1434 1556 1465 1584 et
1485 1551 1654 1586 veritatis.
1689 1553 1734 1587 Et
1754 1553 1846 1588 sicut
1863 1563 2066 1598 praecursor
2085 1565 2171 1592 suus
2192 1557 2235 1593 de

1179 1608 1239 1644 illo
1267 1609 1384 1644 aiebat
1409 1621 1417 1643 :
1448 1609 1531 1644 Non
1556 1612 1646 1646 enim
1674 1612 1719 1646 ad
1748 1624 1947 1648 mensuram
1976 1615 2036 1650 dat
2063 1615 2115 1650 itti
2139 1616 2234 1653 Deus

1180 1669 1364 1715 Spiritum.
1392 1669 1502 1706 Pater
1519 1673 1610 1706 enim
1631 1672 1744 1718 diliyit
1765 1673 1912 1717 Filium,
1941 1681 1974 1709 et
1999 1677 2115 1711 onmia
2141 1677 2235 1712 dedit

1178 1730 1213 1764 in
1231 1741 1337 1765 manu
1354 1731 1429 1776 ejus
1447 1731 1565 1778 (Joan.
1586 1732 1626 1778 ι).
1649 1732 1758 1768 Bases
1776 1739 1894 1769 autem
1910 1745 2033 1777 aeneae,
2050 1737 2235 1781 prophetae

1180 1797 1282 1834 sunt,
1314 1802 1464 1838 quorum
1490 1794 1721 1829 attestatione
1741 1794 1988 1840 apostolorum
2009 1806 2128 1832 sermo
2151 1808 2236 1833 con-

1179 1850 1357 1886 firmatur.
1390 1853 1435 1887 Et
1451 1853 1542 1889 bene
1562 1864 1670 1889 aeneae
1689 1866 1696 1888 ε
1716 1854 1772 1890 vel
1789 1860 1936 1901 propter
1955 1856 2234 1903 insuperabilem

1178 1911 1310 1946 mentis
1328 1913 1548 1957 propheticae
1569 1914 1757 1958 fiduciam,
1784 1915 1840 1950 vel
1861 1916 1944 1962 quia
1969 1927 2089 1953 sermo
2108 1928 2235 1955 eorum

1178 1976 1390 2007 senescente
1417 1972 1490 2007 sive
1521 1978 1731 2009 transeunte
1754 1975 1907 2018 mundo,
1943 1976 2054 2016 nulla,
2075 1988 2234 2023 unquam

1177 2037 1355 2067 vetustate
1375 2037 1493 2078 potest
1513 2034 1690 2069 consumi.
1725 2035 1845 2081 Neque
1872 2037 1963 2071 enim
1989 2038 2079 2073 venit
2104 2039 2235 2076 solvere

57 2106 181 2136 euntes
198 2100 234 2134 in
251 2099 422 2134 mundum
440 2099 648 2134 universum
664 2098 862 2144 praedicant
881 2098 1106 2144 evangelium
1126 2077 1158 2118 C
1180 2094 1287 2141 leqem
1306 2102 1367 2130 aut
1391 2097 1589 2142 prophetas,
1611 2098 1670 2133 sed
1689 2098 1877 2144 adimplere
1900 2099 2042 2147 (Matth.
2063 2101 2113 2148 v).
2131 2089 2236 2140 'Sane

58 2161 155 2197 omni
175 2166 368 2204 ereaturae;
395 2160 451 2196 vel
470 2161 631 2204 claritas,
657 2161 741 2206 quia
763 2170 833 2196 non
856 2160 971 2196 solum
992 2171 1107 2206 usque

58 2221 104 2257 ad
131 2222 288 2265 amicos,
322 2222 384 2257 sed
415 2231 528 2267 usque
561 2222 605 2257 ad
639 2221 836 2268 diligendos
868 2222 978 2257 etiam
1010 2222 1109 2267 ipsos

58 2281 256 2318 extendunt
287 2281 464 2317 inimicos.
507 2281 552 2316 Et
586 2281 810 2317 orationibus
845 2291 886 2317 ac
922 2281 1108 2318 benefieiis

57 2341 328 2387 prosequendos
358 2351 419 2376 eos
447 2340 507 2385 qui
539 2350 576 2376 se
607 2341 688 2376 odio
719 2341 878 2384 habent,
917 2341 966 2376 ita
999 2342 1108 2377 etiam

56 2407 202 2449 propter
220 2401 496 2448 inexpugnabile
526 2403 644 2438 cordis
672 2403 782 2438 robur
807 2407 843 2438 et
871 2403 1108 2440 intentionem

57 2462 103 2497 ad
139 2461 299 2498 coelestia
336 2472 478 2507 semper
510 2468 698 2506 erectam,
733 2473 805 2498 non
842 2463 1108 2499 inconvenienti

56 2522 243 2566 vocabulo,
264 2528 300 2558 et
317 2522 455 2559 factura
477 2523 748 2567 columnarum,
769 2523 982 2569 figurantur.
1008 2523 1107 2569 Apo-

58 2583 150 2618 stolo
168 2587 359 2618 attestante
378 2585 438 2629 qui
457 2584 507 2619 ait
523 2596 532 2618 ε
552 2583 575 2618 J
579 2585 719 2627 acobus,
737 2583 871 2630 Cephas
888 2591 919 2620 et
936 2584 958 2619 J
963 2595 1107 2627 oannes,

57 2643 116 2688 qai
141 2642 344 2677 videbantur
360 2643 530 2678 columnoe
552 2654 624 2678 esse
641 2643 775 2690 (Galat.
797 2643 852 2690 ιι).
889 2643 975 2687 Quae
999 2644 1107 2679 nimi-

60 2712 138 2737 rum
165 2702 340 2737 columnae
373 2703 464 2738 hene
498 2703 656 2748 quinque
686 2709 770 2738 sunt
798 2702 901 2738 sactae
919 2730 928 2746 ‚
963 2709 1110 2750 propter

61 2762 207 2798 totidem
241 2762 352 2798 libros
386 2762 501 2808 legis,
538 2773 627 2808 quos
661 2773 810 2799 neccsse
842 2769 898 2799 est
925 2770 964 2799 ut
994 2765 1108 2800 sancti

59 2823 222 2859 doctores
243 2833 315 2859 suae
333 2824 443 2859 verbo
469 2823 734 2869 praedicationis
763 2825 1023 2860 communiant.
1062 2825 1108 2860 Et

58 2883 213 2919 maxime
235 2883 306 2929 qui„
323 2884 540 2930 primitivam
561 2884 749 2920 instituere
771 2885 971 2922 Ecclesiam
987 2913 996 2929 ,
1028 2897 1108 2932 qua}

58 2954 102 2981 cx
135 2944 365 2981 Hebraeorum
402 2945 532 2991 populo
573 2951 789 2993 congregata
830 2947 905 2983 sola
942 2947 1106 2984 Mosaicae

59 3006 147 3054 legis
164 3007 376 3043 auctoritate
392 3012 541 3043 noverat
559 3007 712 3050 institui,
729 3018 811 3043 cum
829 3010 981 3045 necdum
997 3020 1106 3046 evan-

59 3067 171 3114 gelica
196 3073 233 3103 et
259 3067 455 3114 apostolica
474 3077 539 3113 per
557 3068 682 3103 orbem
701 3068 877 3113 scriptura
902 3068 1102 3116 effulgeret.

58 3125 153 3164 Bene
168 3128 301 3164 eaedem
317 3128 491 3164 columnae
509 3128 552 3164 de
570 3127 676 3175 lignis
696 3129 842 3173 quidem
860 3129 991 3165 sethim
1009 3130 1103 3175 fieri,

58 3195 146 3225 auro
163 3189 334 3235 jubentur
352 3189 505 3235 operiri,
535 3194 576 3224 ut
602 3189 833 3226 insinuentur
849 3192 1106 3236 praedicatores

60 3250 197 3294 saneti,
229 3255 266 3286 et
292 3249 462 3286 firmitate
490 3250 609 3286 cordis
635 3250 731 3287 intus
757 3251 906 3298 integri,
940 3258 1047 3299 atque
1067 3254 1105 3290 in

58 3311 157 3362 fillo
184 3312 415 3356 deficientes,
449 3318 485 3349 et
519 3323 669 3359 operum
703 3314 868 3350 claritate
903 3314 1105 3352 forinsecus

58 3375 142 3421 fise
159 3372 290 3410 debere
310 3372 508 3418 conspicui.
537 3372 599 3409 Vel
618 3378 716 3410 certe
734 3373 909 3410 columnae
926 3374 1105 3422 lignorum

66 3447 74 3472 .·
88 3438 105 3472 7
118 3430 152 3479 ζ’
166 3447 181 3464 ι·
208 3433 440 3478 deaurantur,
468 3443 552 3470 cum
576 3433 686 3470 iidem
704 3434 894 3478 doctores,
922 3434 1106 3471 fortitudi-

79 3483 105 3535 Jss
162 3502 236 3531 ωε
259 3493 411 3530 actionis
425 3519 437 3537 ‚
467 3493 589 3531 divino
611 3503 754 3540 semper
778 3494 956 3541 adiutorio
985 3499 1108 3541 prote-

91 3540 167 3602 ’j
189 3568 204 3580 ··
248 3554 402 3599 docent,
437 3565 519 3592 cum
554 3555 594 3592 in
624 3556 791 3593 omnibus
827 3566 907 3602 quae
940 3555 1104 3601 faciunt,

116 3611 119 3616 '
152 3613 159 3627 ³
188 3612 353 3653 fratris
374 3616 436 3662 qui
457 3617 496 3653 in
519 3616 621 3654 coelis
638 3622 695 3654 est
712 3618 923 3664 requirunt,
957 3627 1040 3654 cum
1069 3618 1108 3655 in

87 3689 134 3733 Α
151 3684 343 3738 »ww
356 3675 566 3724 loquuntur,
588 3677 772 3715 Christum
796 3689 927 3716 sonare
951 3679 1108 3726 gaudent

79 3745 83 3761 ⁸
103 3729 142 3760 ²²³
161 3739 173 3761 θ
188 3728 359 3795 Illi-2911·
384 3738 477 3775 enim
501 3733 730 3786 nometipsos
763 3739 996 3787 predicamus
1012 3767 1024 3785 ,
1046 3738 1108 3776 red

220 3794 241 3821 θ’
261 3796 269 3804 ’”
291 3795 323 3820 ²„
342 3793 768 3839 ‚‘m'mmrum
780 3797 840 3848 (Π
854 3797 938 3836 Gor.
956 3798 1021 3848 iv).
1055 3799 1108 3836 De

1178 2158 1262 2203 quia
1288 2159 1331 2194 de
1356 2159 1521 2194 orientali
1546 2160 1650 2207 plaga
1674 2160 1868 2207 loquimur,
1896 2163 2038 2199 videtur
2062 2170 2235 2211 opportu-

1178 2230 1262 2256 num
1278 2230 1561 2257 conunemorarc
1578 2222 1699 2268 aliqua
1716 2223 1759 2258 de
1776 2224 1999 2269 expositione
2013 2227 2126 2262 vectis
2142 2227 2239 2264 illius

1178 2281 1391 2328 singularis,
1421 2292 1527 2327 quem
1550 2283 1594 2318 ab
1615 2283 1745 2329 angulo
1765 2283 1970 2321 tabularum
1995 2287 2039 2323 ad
2066 2288 2237 2334 angulum

1178 2352 1291 2387 usque
1323 2343 1470 2389 parietis
1505 2344 1654 2380 alterius
1685 2351 1892 2391 porrectum
1928 2357 2006 2383 esse
2041 2358 2083 2384 ac
2118 2354 2234 2386 totum

1177 2405 1355 2449 parietum
1385 2407 1640 2449 constantiam,
1657 2416 1702 2442 ne
1716 2407 1751 2442 vi
1768 2412 1803 2442 et
1820 2407 1975 2453 impulsu
1991 2409 2235 2453 procellarum

1179 2464 1337 2506 concuti,
1359 2469 1466 2509 atque
1486 2466 1556 2501 huc
1574 2470 1611 2500 et
1631 2464 1714 2501 illue
1733 2471 1856 2510 posset
1873 2465 2028 2510 inflecti,
2049 2468 2238 2506 continere

1173 2522 1250 2566 jam
1280 2523 1448 2558 diximus.
1488 2523 1672 2569 Scriptum
1704 2529 1757 2559 est
1791 2525 1827 2559 in
1861 2527 2095 2570 sequentibus
2123 2538 2237 2565 sacrae

1178 2583 1350 2626 historiae,
1367 2583 1426 2618 ubi
1445 2584 1564 2619 omnia
1583 2594 1662 2629 quae
1679 2584 1852 2620 Dominus
1870 2587 2077 2631 imperarat,
2095 2587 2237 2635 Moyses

1178 2645 1377 2690 explevisse
1398 2651 1549 2680 narrat:
1581 2645 1682 2680 Fecit
1707 2657 1841 2693 qaoque
1868 2653 1994 2683 vectem
2023 2648 2148 2692 alium,
2177 2650 2236 2696 qui

1177 2716 1238 2750 per
1257 2705 1388 2740 medias
1409 2705 1545 2741 tabulas
1569 2706 1611 2741 ab
1630 2705 1758 2752 angulo
1778 2718 1886 2753 usque
1907 2707 1952 2742 ad
1973 2709 2140 2755 angulum
2157 2721 2237 2755 per-

1178 2766 1318 2801 veniret.
1357 2766 1424 2802 Hic
1445 2776 1531 2813 ergo
1549 2767 1665 2803 vectis
1686 2778 1706 2803 a
1726 2767 1843 2813 prima
1863 2769 2066 2805 tabularum
2086 2770 2237 2807 summi-

1178 2833 1251 2863 tate
1270 2837 1383 2872 usque
1404 2827 1448 2863 ad
1469 2827 1619 2863 alterius
1638 2827 1762 2864 lateris
1786 2829 2048 2871 summitatem,
2080 2841 2147 2876 per
2173 2831 2236 2868 de-

1177 2897 1256 2923 cem
1281 2888 1421 2924 cubitos
1455 2887 1656 2924 latitudinis
1688 2888 1911 2926 tabernaculi
1943 2896 2132 2936 protentus
2155 2902 2236 2930 esse

1177 2948 1377 2985 credendus
1397 2954 1470 2992 est,
1491 2949 1609 2994 capite
1629 2954 1783 2995 utroque
1799 2950 1953 2987 firmiter
1972 2951 2104 2988 tabulis
2121 2953 2237 3000 impo-

1178 3008 1268 3051 sitis,
1298 3014 1337 3044 ut
1358 3019 1422 3054 per
1441 3009 1510 3045 hoc
1536 3015 1573 3045 et
1598 3019 1640 3045 ea
1662 3010 1885 3046 tabernaculi
1903 3010 2027 3059 plaga,
2057 3021 2137 3058 quae
2162 3022 2237 3048 non

1177 3069 1309 3106 tabulis
1327 3069 1389 3105 sed
1403 3069 1580 3106 columnis
1596 3070 1797 3114 constabat,
1812 3080 1886 3106 non
1903 3071 2023 3107 minus
2037 3071 2110 3107 fixa
2127 3082 2236 3118 quam

1178 3136 1318 3166 caeterae
1347 3135 1454 3166 vento
1488 3130 1573 3166 licet
1604 3130 1833 3176 impellente,
1864 3131 2090 3177 persisteret.
2125 3131 2236 3176 Cujus

1177 3192 1291 3229 vectis
1310 3192 1340 3227 si
1361 3192 1470 3227 etiam
1491 3197 1758 3228 sacramentum
1777 3192 1872 3228 scire
1893 3192 2091 3236 desideras,
2114 3191 2235 3236 ipsum

1179 3253 1315 3300 absque
1351 3253 1450 3290 omni
1484 3253 1721 3300 ambiguitate
1754 3252 2034 3298 Redemptorem
2069 3255 2234 3288 nostrum

1179 3313 1330 3360 figurate
1350 3313 1550 3349 denuntiat.
1590 3311 1659 3356 Qui
1685 3311 1791 3357 quasi
1817 3311 1862 3347 ab
1887 3309 2018 3356 angulo
2045 3318 2157 3353 usque
2185 3309 2233 3347 ad

1178 3374 1349 3421 angulum
1368 3374 1555 3420 pervenit,
1582 3373 1668 3418 quia
1691 3372 1797 3418 plebe
1823 3370 1974 3406 Judaica
1999 3380 2107 3415 quam
2132 3371 2233 3417 prius

1178 3433 1307 3479 elegit,
1338 3442 1420 3470 sese
1446 3434 1492 3468 ad
1520 3432 1731 3468 salvandam
1751 3430 1862 3465 etiam
1879 3429 2042 3475 gentium
2068 3430 2231 3467 multitu-

1178 3494 1301 3531 dinem
1329 3494 1544 3540 propitiatus
1574 3490 1749 3527 extendit.
1783 3488 1886 3526 Unde
1912 3491 2044 3528 merito
2071 3492 2167 3529 sicut
2193 3495 2231 3530 in

1177 3554 1363 3600 prophetis
1382 3554 1472 3599 lapis
1498 3550 1694 3597 angularis,
1728 3550 1778 3586 ita
1807 3550 1919 3588 etiam
1947 3551 1986 3588 in
2012 3552 2091 3600 lege
2116 3554 2232 3590 vectis

1176 3614 1361 3661 angularis
1377 3617 1497 3658 potest
1514 3615 1614 3648 recte
1629 3611 1843 3658 nuncupari.
1863 3611 1974 3659 Lapis
1987 3613 2156 3650 videlicet
2171 3624 2233 3650 an-

1176 3674 1327 3724 gularis,
1357 3677 1504 3719 propter
1525 3670 1698 3718 templum
1729 3671 1826 3719 quod
1857 3672 1903 3709 de
1932 3673 2111 3719 lapidibus
2138 3674 2232 3713 vivis

1175 3737 1250 3772 Deo
1282 3733 1504 3771 construitur
1527 3743 1537 3769 z
1572 3731 1687 3769 vectis
1717 3742 1805 3769 vero
1837 3733 2022 3780 angularis
2036 3760 2048 3778 ,
2081 3738 2230 3782 propter

1174 3793 1447 3835 tabernaculum
1466 3792 1564 3840 quod
1585 3792 1619 3831 ei
1641 3791 1687 3831 de
1707 3791 1817 3840 lignis
1837 3793 2132 3841 imputribilibus,
2154 3793 2228 3832 hoc
