2540 4016
295 248 385 286 1167
742 241 783 276 B.
810 237 982 276 RABANI
1007 237 1156 276 MAum
1177 220 1388 275 linctum).

292 332 364 370 qua
385 316 534 356 tribulat
552 317 614 354 ille
635 321 673 353 et
688 314 822 362 premit
850 314 998 357 electos,
1017 317 1207 360 superatus
1234 316 1343 358 atque
1362 312 1399 352 A

293 379 465 419 confusus
490 367 622 424 dignus
637 379 772 411 aeterna
798 373 1026 410 damnatione
1051 372 1248 419 apparebit.

686 439 838 485 CAPUT
863 447 952 484 vill.

292 531 343 567 De
357 540 396 566 eo
414 526 508 576 quod
541 525 694 567 Gedeon,
720 521 828 559 Zebee
858 528 890 558 et
922 521 1105 566 Salmone,
1133 522 1238 557 duces
1267 521 1346 556 Ma-

337 577 474 618 dianos,
490 570 762 619 comprehendit,
771 576 803 605 et
819 570 910 605 viros
929 568 1080 605 Sochoth
1090 569 1157 604 sibi
1172 569 1346 603 insultan-

338 631 386 658 tes
406 619 510 657 simul
527 630 605 654 cum
622 618 679 661 iis,
700 616 877 662 adjunctis
893 616 1001 663 spinis
1027 627 1068 651 ac
1095 614 1247 658 tribulis,
1265 625 1347 649 con-

338 669 433 705 trivit
447 673 549 713 atque
564 664 783 701 comminuit.

338 744 439 793 (cip,
463 741 560 788 vm.)
587 739 620 775 F
622 743 838 786 uqeruntque
864 736 972 773 Zebee
989 742 1022 774 et
1049 735 1233 780 Salmone,
1261 747 1347 782 quos

291 815 499 854 persequens
517 800 657 837 Gedeon
678 798 951 846 comprehendit,
973 798 1111 833 turbato
1139 798 1232 834 omni
1250 808 1349 832 eser-

292 870 362 905 citu
379 876 511 903 eorum.
528 863 783 907 Revertensque
811 861 854 896 de
880 859 966 895 bello
998 865 1076 895 ante
1106 859 1189 894 solis
1220 864 1346 901 ortum,

292 926 517 976 apprehendit
532 934 680 971 puerum
697 923 738 958 de
759 922 841 957 viris
861 920 1031 963 sochoth,
1051 919 1347 965 interroqavitque

291 1000 371 1024 eum
385 987 527 1023 nomina
544 984 739 1032 principum
754 988 785 1018 et
799 982 975 1017 seniorum
993 979 1157 1022 Sochoth,
1174 984 1205 1014 et
1220 977 1351 1013 descri-

291 1051 359 1096 psit
387 1046 608 1094 septuaginta
635 1049 762 1090 septem
779 1043 883 1091 viros,
902 1041 1060 1087 venitque
1077 1040 1123 1074 ad
1146 1039 1297 1074 Socltoth
1318 1042 1351 1072 et

293 1111 382 1146 dimit
397 1108 447 1144 eis
462 1117 474 1141 .·
502 1107 559 1142 En
576 1104 684 1140 Zebee
703 1110 734 1138 et
753 1101 941 1144 Samaria,
960 1111 1064 1146 super
1080 1099 1203 1144 quibus
1228 1106 1351 1142 empra-

294 1169 419 1205 brastis
435 1166 522 1201 mihi
546 1165 696 1199 dicentes
711 1170 723 1196 .·
751 1159 923 1195 Forsitan
940 1170 1066 1194 manus
1083 1156 1191 1193 Zebee
1207 1163 1238 1191 et
1267 1156 1351 1191 Sal-

294 1240 399 1264 mana
426 1227 464 1261 in
482 1223 645 1260 manibus
675 1222 743 1256 tuis
773 1226 877 1262 sunt,
903 1225 934 1254 et
969 1219 1099 1253 idcirco
1127 1216 1283 1263 postulas
1314 1222 1351 1251 ut
1370 1213 1402 1253 B

294 1289 414 1324 demus
434 1286 531 1326 viris,
547 1283 607 1328 qui
625 1281 709 1316 lassi
727 1286 807 1315 sunt
822 1287 853 1314 et
869 1279 1082 1324 defecerunt,
1105 1289 1225 1323 panes.
1255 1276 1349 1310 Tulit

293 1358 373 1392 erqo
393 1344 544 1380 seniores
559 1340 720 1382 civitatis,
740 1347 771 1374 et
791 1340 909 1384 spinas
933 1337 1060 1372 deserti
1083 1347 1123 1371 ac
1141 1335 1298 1375 tribulos,
1319 1341 1350 1369 et

294 1405 453 1442 contrivit
462 1413 540 1438 cum
556 1402 618 1444 eis,
637 1406 739 1445 atque
750 1398 953 1434 comminuit
971 1398 1062 1431 viros
1074 1395 1241 1431 Sochotlz.
1262 1394 1351 1428 Tur-

295 1479 368 1503 rem
395 1474 528 1512 quoque
555 1460 694 1497 Fanuel
727 1459 904 1501 subvertit,
943 1458 1064 1493 occisis
1099 1455 1350 1491 habitatoribus

295 1529 456 1571 civitatis,
474 1532 544 1562 etc.
567 1523 660 1568 Quid
689 1533 754 1569 per
774 1521 890 1557 Zebee
910 1525 946 1555 et
975 1519 1142 1555 Salmana
1170 1518 1351 1563 principes

295 1587 584 1627 Madianitarum,
606 1592 696 1630 quos
714 1590 936 1627 persequens
953 1579 1099 1615 Gedeon
1115 1578 1352 1624 comprehen-

296 1649 362 1691 dit,
378 1647 448 1683 nisi
464 1643 668 1692 philosophi
687 1647 794 1687 atque
813 1640 991 1684 haeretici,
1020 1639 1184 1679 membra
1202 1638 1349 1681 diaboli,

297 1707 552 1754 designantur?
566 1705 681 1740 Zebee
697 1703 807 1746 enim,
829 1703 890 1748 qui
909 1702 1168 1747 interpretatur
1195 1700 1349 1742 victima,

296 1771 389 1806 bene
422 1774 541 1814 potest
577 1766 781 1812 exprimere
814 1763 1046 1810 philosophos
1081 1772 1124 1797 ac
1167 1761 1353 1807 theologos

297 1828 497 1876 gentilium,
520 1826 582 1873 qui
597 1826 699 1862 libris
718 1825 792 1861 suis
813 1829 851 1860 et
870 1823 1026 1859 cultibus
1049 1822 1260 1868 praebehant
1286 1831 1351 1867 pa-

299 1896 395 1926 stum
415 1887 614 1925 daemoniis.
636 1886 806 1922 Salmana
825 1894 981 1930 quoque,
1002 1883 1063 1928 qui
1093 1883 1354 1927 interpretatur

298 1949 422 1984 umbra
438 1947 693 1990 commotionis,
710 1945 890 1992 significat
905 1943 1107 1986 haereticos,
1132 1942 1194 1988 qui
1212 1951 1354 1987 semper

300 2011 337 2045 in
356 2009 511 2046 obscuro
534 2007 669 2043 erroris
687 2011 958 2048 conversantes,
979 2015 1000 2039 a
1026 2003 1189 2040 veritatis
1219 2002 1354 2038 lumine

299 2070 472 2106 illustrari
499 2080 569 2105 non
587 2074 784 2105 merentur.
807 2067 913 2103 Tales
941 2076 1028 2112 ergo
1057 2065 1203 2101 Gedeon
1227 2070 1353 2100 noster

298 2140 519 2176 persequens
552 2128 835 2174 comprehendit,
883 2128 1025 2162 turbato
1059 2126 1156 2161 omni
1190 2125 1354 2161 exercitu
1374 2118 1404 2158 C

299 2201 440 2232 eorum,
462 2190 619 2235 quando,
638 2188 753 2222 turbis
773 2187 960 2222 nationum
975 2195 1040 2231 per
1060 2185 1355 2230 praedicationem

298 2251 483 2297 Evangelii
502 2250 546 2285 ab
561 2257 687 2284 errore
707 2246 920 2283 idololatriae
940 2255 982 2281 ac
999 2244 1192 2280 schismate
1210 2245 1355 2280 haereti-

299 2321 426 2347 corum
443 2310 488 2344 ad
500 2308 609 2344 fidem
624 2306 759 2342 Christi
777 2304 974 2345 conversis,
994 2303 1059 2338 soli
1076 2303 1127 2337 illi
1149 2303 1286 2337 erroris
1301 2303 1354 2337 la-

300 2381 393 2417 queo
415 2368 548 2414 captivi
578 2372 765 2410 notantur,
786 2365 849 2411 qui
871 2363 1010 2400 caeteris
1027 2373 1138 2398 causa
1158 2363 1294 2398 erroris
1314 2374 1356 2398 ac

299 2429 459 2477 perfidiae
479 2427 662 2463 exstitisse
686 2426 901 2472 probantur,
929 2433 1021 2469 quos
1040 2423 1270 2468 postmodum
1289 2422 1358 2458 Ge-

299 2491 393 2527 deon
407 2488 526 2535 gladio
546 2497 610 2524 suo
629 2484 825 2528 interfecit,
846 2484 931 2531 quia
952 2484 989 2519 in
1008 2490 1172 2519 extremo
1189 2483 1357 2520 examine

300 2550 420 2598 gladio
449 2550 556 2596 justae
574 2548 723 2584 ultionis
749 2546 858 2591 judex
885 2546 1050 2581 vivorum
1073 2550 1109 2581 et
1132 2552 1357 2581 mortuorum

300 2621 384 2647 cum
402 2610 544 2646 diabolo
564 2615 600 2645 et
621 2607 756 2655 angelis
775 2606 853 2652 ejus
873 2606 910 2641 in
937 2605 1070 2641 inferni
1098 2615 1161 2641 eos
1179 2610 1357 2640 tartarum

300 2672 424 2707 tradit.
442 2670 543 2714 Quod
561 2679 647 2715 ergo
661 2669 760 2704 viros
781 2667 942 2703 Sochotli
963 2676 1005 2702 ac
1034 2666 1185 2710 Fanuel,
1205 2666 1267 2712 qui
1289 2665 1357 2701 sibi

299 2731 531 2778 persequenti
554 2731 678 2766 hostes
698 2739 781 2765 suos
809 2728 918 2764 verba
936 2727 1227 2774 subsannationis
1251 2732 1358 2773 atque

300 2791 481 2828 irrisionis
500 2790 681 2833 dixerunt,
697 2789 791 2825 idem
814 2788 958 2825 Gedeon
972 2794 1054 2835 post
1070 2789 1260 2824 victoriam
1275 2799 1358 2824 cum

303 2853 418 2901 spinis
437 2863 480 2889 ac
500 2851 644 2888 tribulis
670 2851 853 2894 contrivit,
879 2857 1088 2896 turremque
1116 2850 1255 2886 Fanuel
1275 2850 1360 2886 sub-

301 2913 411 2948 vertit
427 2939 437 2955 ,
474 2911 603 2948 occisis
641 2910 908 2946 habitatoribus
957 2910 1126 2953 civitatis,
1181 2909 1359 2955 significat

302 2973 399 3018 quod
417 2972 639 3017 Redemptor
653 2976 778 3006 noster
792 2969 810 3004 J
815 2970 934 3005 udaeos
953 2970 1167 3005 insultantes
1180 2971 1359 3014 praedica-

301 3030 393 3067 tioni
414 3029 631 3075 evangelicae
657 3039 699 3063 ac
717 3028 882 3073 religioni
901 3027 1114 3064 Christianae
1134 3035 1215 3075 post
1234 3040 1356 3066 resur·
1373 3009 1409 3049 D

302 3089 503 3126 rectionem
519 3098 620 3124 suam
640 3093 748 3133 atque
771 3087 1018 3123 ascensionem
1044 3088 1089 3123 ad
1119 3089 1244 3134 coelos,
1275 3101 1358 3127 cum

302 3151 444 3188 actibus
478 3149 712 3186 infructuosis
736 3158 779 3185 ac
791 3148 904 3194 spinis
925 3154 1155 3194 peccatorum
1173 3158 1354 3197 gravatos,

303 3211 422 3258 gladio
448 3210 553 3257 justae
586 3207 755 3244 vindictae
783 3207 993 3244 comminuit
1022 3215 1129 3254 atque
1168 3212 1354 3254 contrivit,

303 3277 515 3316 turremque
533 3268 695 3312 Faunei,
719 3267 790 3304 hoc
812 3271 880 3310 est,
910 3267 1024 3313 ipsam
1042 3268 1169 3304 urbem
1187 3267 1356 3305 Hierusa-

302 3330 387 3374 lem,
421 3329 553 3366 occisis
582 3327 846 3364 habitatoribus
873 3327 965 3374 ejus,
995 3326 1184 3372 subvertit,
1211 3329 1357 3376 quando

303 3400 370 3436 per
405 3388 670 3435 Vespasianum
707 3393 743 3424 et
771 3387 905 3431 Titum,
944 3387 1126 3424 Romanos
1158 3387 1353 3435 principes,

302 3449 394 3485 urbe
425 3449 623 3491 destructa,
656 3447 859 3494 temploque
901 3458 1096 3491 succenso,
1135 3448 1356 3485 habitatores

303 3508 539 3558 ejus-partim
558 3507 654 3544 fame
671 3508 806 3552 necati,
824 3504 957 3555 partim
975 3508 1095 3556 gladio
1112 3509 1241 3553 occisi,
1269 3519 1356 3555 par—

302 3569 443 3616 timque
472 3569 517 3614 in,
535 3569 784 3615 captivitatem
820 3565 962 3606 abducti
1001 3575 1098 3606 sunt.
1134 3570 1170 3618 fl,
1239 3571 1356 3617 ipsum

303 3629 415 3667 etiam
431 3624 555 3683 inillis
571 3629 695 3676 pueris
718 3629 844 3666 Bethel
861 3629 1098 3677 quadraginta
1121 3581 1273 3675 <ruffine
1295 3632 1356 3678 qui

304 3683 475 3731 Elisaeum
503 3689 718 3737 prophetam
744 3688 954 3732 irriserunt,
979 3689 1140 3727 dicentes
1164 3703 1171 3726 :
1191 3690 1356 3736 Ascende,

306 3748 414 3792 calve,
433 3749 596 3793 ascende,
627 3749 722 3805 calm
737 3748 773 3797 (1
789 3749 876 3797 Req.
898 3749 959 3804 μ),
993 3750 1158 3788 similiter
1183 3752 1221 3788 in
1244 3752 1267 3789 fi
1319 3763 1360 3788 ra

306 3808 504 3852 praecessit.
540 3808 631 3853 Quia
663 3809 755 3847 sicut
783 3809 834 3848 ibi
861 3803 932 3848 duo
962 3812 1040 3849 ursi
1070 3763 1357 3860 egredienwffie

1408 1161 1499 1208 -quia
1517 1160 1671 1196 liberasti
1694 1170 1754 1195 nos
1775 1160 1817 1194 de
1835 1170 1942 1194 manu
1972 1158 2132 1194 Madian.
2156 1158 2288 1200 Quibus
2306 1158 2365 1194 ille
2394 1159 2468 1193 ait:

1401 1184 1411 1192 κ

1414 234 1606 275 MOGUNT
1630 232 1820 275 OPERUM
1844 233 1963 271 PARS
1985 233 2012 268 1.
2352 189 2450 270 ῇθῖ

1413 311 1508 349 saltu
1531 313 1698 349 irrisores
1713 320 1846 358 pueros
1875 309 2158 350 devoraverunt3
2186 306 2246 354 sic·
2262 312 2298 342 et
2315 306 2353 342 hi
2380 307 2454 344 Ro·
2519 312 2525 319 ‘

1411 372 1510 407 mani
1534 371 1727 418 principes,
1761 371 1830 407 hoc
1855 373 1911 405 est
1928 368 1998 404 duo
2028 367 2262 412 imperatores
2280 366 2458 413 praedicti,
2519 363 2534 404 f.

1412 430 1638 478 egredientes
1654 430 1699 466 de
1713 429 1806 466 saltu
1822 429 1996 475 gentium,
2012 426 2284 472 quadragesimo
2301 427 2460 464 secundo

1413 501 1508 527 anno
1529 488 1749 526 ascensionis
1766 488 1902 524 Christi
1919 488 1963 524 ad
1977 487 2102 531 coelos,
2120 486 2216 533 ipsos
2232 486 2462 524 insultatores

1413 551 1609 587 Dominicae
1643 547 1823 594 passionis
1856 547 1892 582 in
1925 546 2172 590 Hierusalem,
2213 546 2252 582 in
2288 546 2463 583 Calvariae

1412 610 1492 647 loco
1522 609 1680 654 undique
1714 608 1929 644 constrictos
1965 611 2074 655 atque
2107 612 2309 645 coarctatos
2338 606 2463 644 interi·
2522 605 2531 638 T

1413 674 1554 706 mentes
1572 668 1795 705 deleverunt.

1825 729 1976 767 CAPUT
2000 729 2062 766 IX.

1418 789 1484 826 Ubi
1500 790 1673 826 Israelitoe
1689 789 1903 837 postulantes
1922 789 2098 824 dominari
2113 791 2178 826 sibi
2198 789 2338 826 Gedeon
2365 797 2396 827 et
2422 790 2466 837 fi-

1463 837 1528 873 lios
1547 838 1621 883 ejus
1640 837 1809 872 dederunt
1835 837 1866 871 ei
1883 837 2023 871 inaures
2046 848 2185 880 aureas,
2207 848 2294 882 quas
2315 837 2467 874 tulerunt
2524 836 2530 839 ‘

1463 884 1506 919 de
1531 884 1651 930 proeda
1672 883 1965 925 Madianitarum,
1990 882 2081 918 unde
2109 883 2188 927 fecit
2205 883 2345 919 Gedeon
2371 884 2464 929 efod,
2523 902 2530 909 2

1464 937 1495 965 et
1512 931 1626 976 posuit
1641 929 1730 983 illud
1751 930 1952 982 incivitate
1967 940 2032 964 sua
2049 929 2183 976 Ephra,
2202 931 2294 977 quod
2311 931 2378 976 [uit
2404 931 2468 966 do-

1464 987 1538 1011 mm
1553 987 1662 1023 ipsius
1688 987 1726 1012 m
1742 987 1899 1011 ruinam.

1467 1038 1586 1086 (lmn.)
1612 1038 1849 1084 Dioeeruntque
1876 1048 1992 1073 omnes
2012 1038 2078 1073 viri
2098 1037 2212 1073 Israel
2232 1038 2277 1073 ad
2302 1037 2439 1074 Gedeon
2455 1049 2472 1079 i

1418 1100 1609 1136 Dominare
1637 1100 1745 1135 nostri
1766 1104 1818 1142 tu,
1843 1104 1875 1134 et
1896 1097 1990 1144 filius
2017 1104 2111 1141 tuus,
2143 1105 2175 1134 et
2197 1098 2292 1144 filius
2313 1099 2377 1145 filii
2404 1099 2467 1141 tui,

1421 1222 1505 1258 Non
1524 1221 1729 1256 dominabor
1751 1220 1867 1258 vestri,
1898 1229 1959 1253 nec
1987 1217 2222 1252 dominabitur
2241 1217 2279 1251 in
2296 1228 2355 1252 vos
2375 1217 2469 1263 filius

1417 1294 1527 1324 meus,
1559 1281 1618 1316 sed
1651 1279 1888 1314 dominabitur
1911 1277 2098 1312 Dominus.
2127 1276 2293 1323 Dixitque
2319 1278 2365 1313 ad
2386 1288 2470 1314 eos:

1421 1342 1451 1376 U
1454 1353 1533 1376 nam
1557 1341 1756 1386 petitionem
1776 1337 1911 1384 postulo
1928 1349 1949 1372 a
1975 1338 2069 1373 vobis
2086 1346 2097 1370 .·
2116 1337 2204 1373 Date
2230 1338 2314 1373 mihi
2331 1338 2472 1375 inaures

1419 1413 1460 1437 esc
1487 1400 1607 1447 proeda
1640 1404 1753 1434 vestra
1782 1398 1950 1444 (inaures
1993 1397 2084 1432 enim
2126 1407 2250 1432 aureas
2282 1396 2472 1433 Ismaelita’

1419 1462 1544 1497 habere
1564 1459 1840 1505 consueverant).
1866 1458 1935 1501 Qui
1950 1458 2222 1504 responderunt:
2234 1458 2474 1495 Libentissime

1420 1524 1592 1559 dabimus.
1630 1521 1944 1568 Expandentesque
1981 1531 2085 1566 super
2123 1526 2254 1556 terram
2302 1520 2472 1566 pallium,

1420 1584 1638 1630 projecerunt
1655 1583 1693 1617 in
1710 1592 1788 1617 eum
1806 1581 1946 1616 inaures
1967 1580 2009 1615 de
2027 1579 2161 1626 proeda.
2190 1579 2237 1614 Et
2256 1579 2323 1625 fuit
2340 1580 2474 1626 pondus

1420 1643 1677 1691 postulatarum
1695 1642 1874 1677 inaurium
1893 1640 1985 1676 mille
2007 1640 2211 1686 septinqenti
2235 1639 2324 1683 sicli,
2349 1640 2476 1689 absque

1423 1702 1648 1746 ornamentis,
1668 1708 1699 1737 et
1719 1700 1918 1743 monilibus,
1948 1705 1979 1735 et
2011 1705 2101 1735 veste
2133 1710 2322 1746 purpurea,
2353 1701 2476 1747 quibus

1422 1762 1572 1798 Madian
1589 1774 1682 1809 reyes
1697 1762 1748 1797 uti
1766 1761 1860 1797 soliti
1877 1766 1988 1805 erant,
2009 1767 2040 1796 et
2055 1767 2181 1808 praeter
2198 1768 2335 1809 torques
2351 1773 2476 1798 aureas

1423 1827 1647 1862 camelorum.
1667 1825 1700 1861 F
1702 1827 1835 1873 coitque
1853 1837 1895 1862 ex
1912 1837 1950 1862 eo
1980 1826 2120 1862 Gedeon
2138 1826 2231 1871 efod,
2253 1833 2285 1862 et
2302 1828 2415 1874 posuit
2435 1827 2479 1862 il-

1423 1888 1483 1923 lud
1504 1890 1542 1923 in
1574 1889 1710 1924 civitate
1729 1899 1795 1923 sua
1823 1888 1958 1935 Ephra.
1992 1886 2025 1922 F
2029 1888 2270 1934 ornicatusque
2299 1894 2349 1923 est
2367 1889 2477 1924 omnis

1423 1948 1537 1984 Israel
1560 1950 1597 1984 in
1619 1960 1671 1991 eo,
1702 1955 1735 1984 et
1762 1949 1893 1995 sactum
1925 1955 1974 1984 est
2004 1947 2157 1984 Gedeoni
2178 1954 2210 1983 et
2236 1949 2329 1983 omni
2359 1948 2478 1983 domui

1423 2010 1498 2055 ejus
1516 2012 1553 2044 in
1573 2011 1725 2045 ruinam.
1761 2010 1879 2053 Quaeri
1910 2010 2000 2045 solet
2030 2010 2116 2055 quid
2146 2010 2191 2045 sit
2207 2009 2291 2045 efud
2307 2008 2365 2045 vel
2382 2008 2476 2052 efod,

1424 2069 1519 2116 quod
1540 2070 1686 2115 quidem
1706 2069 1735 2105 si
1765 2069 1986 2104 sacerdotale
2016 2076 2071 2104 est
2097 2069 2359 2111 indumentum,
2383 2068 2479 2113 quod

1424 2131 1586 2176 plerique
1605 2130 1739 2171 dicunt,
1761 2129 1817 2164 vel
1846 2129 1965 2174 potius
1986 2128 2357 2173 superindumentum,
2379 2129 2477 2173 quod

1425 2188 1630 2234 Ependyma
1651 2187 1774 2223 Graece
1793 2188 1938 2229 dicitur,
1962 2187 2020 2222 vel
2050 2187 2208 2232 Epomis,
2245 2188 2340 2232 quod
2366 2188 2480 2234 magis

1426 2247 1613 2283 humerale
1640 2247 1871 2292 interpretari
1890 2247 2016 2282 Latine
2035 2252 2155 2293 potest
2174 2260 2182 2282 :
2198 2248 2327 2284 merito
2345 2254 2478 2293 movet,

1430 2308 1609 2353 quomodo
1634 2308 1678 2344 de
1699 2313 1801 2343 tanto
1821 2318 1908 2343 auro
1924 2307 2070 2344 Gedeon
2097 2308 2132 2344 id
2150 2307 2292 2344 fecerit.
2320 2309 2411 2345 Nam
2429 2311 2481 2346 ita

1427 2369 1600 2414 scriptum
1615 2374 1694 2404 est:
1716 2368 1762 2403 Et
1782 2369 1912 2413 factum
1933 2375 1981 2404 est
1997 2369 2132 2415 pondus
2155 2371 2338 2406 inaurium
2354 2382 2480 2407 aurea-

1426 2440 1504 2463 rum
1519 2440 1606 2475 quas
1625 2429 1785 2474 petierat,
1805 2428 1882 2463 sicli
1896 2429 1990 2464 mille
2009 2430 2217 2476 septinqenti
2236 2431 2329 2474 auri,
2354 2437 2481 2476 praeter

1427 2488 1634 2533 brachialia,
1652 2494 1684 2524 et
1704 2494 1854 2535 torques,
1875 2494 1908 2524 et
1931 2488 2142 2535 operimenta
2177 2501 2369 2536 purpurea,
2402 2501 2480 2537 quae

1425 2554 1524 2583 erant
1543 2559 1646 2594 super
1664 2558 1757 2594 reqes
1787 2547 1948 2590 Madian,
1969 2554 2095 2593 proeter
2115 2554 2250 2594 torques
2277 2559 2354 2594 quoe
2381 2554 2481 2585 erant

1424 2611 1462 2644 in
1480 2608 1667 2645 cervicibus
1687 2607 1898 2644 camelorum
1919 2609 2087 2654 ipsorum.
2111 2608 2156 2643 Et
2185 2609 2266 2654 fecit
2293 2609 2384 2644 illud
2414 2609 2481 2646 Ge-

1426 2670 1515 2705 deon
1532 2671 1569 2705 in
1583 2669 1677 2715 efud,
1701 2675 1732 2704 et
1751 2669 1870 2704 statuit
1886 2668 1974 2703 illud
2000 2669 2036 2704 in
2052 2669 2189 2704 civitate
2203 2680 2268 2704 sua
2286 2670 2324 2705 in
2342 2669 2477 2716 Emere,

1426 2737 1457 2766 et
1472 2731 1665 2776 fornicatus
1684 2736 1733 2765 est
1748 2730 1859 2766 omnis
1885 2728 1999 2766 Israel
2015 2736 2090 2776 post
2105 2729 2192 2764 illud
2205 2730 2276 2773 ibi,·
2294 2736 2326 2766 et
2347 2730 2480 2775 sactum

1426 2798 1477 2826 est
1494 2789 1647 2827 Gedeoni
1665 2797 1697 2826 et
1727 2790 1846 2826 domui
1866 2791 1943 2837 ejus
1973 2791 2011 2826 in
2041 2789 2258 2826 scandalum.
2294 2790 2479 2834 Quomodo

1426 2860 1511 2898 ergo
1530 2851 1600 2886 ista
1614 2849 1726 2886 vestis
1736 2850 1779 2886 de
1793 2854 1893 2886 tanto
1908 2860 1995 2886 auro
2010 2849 2088 2885 fieri
2101 2849 2240 2896 potuit?
2253 2848 2343 2884 Nam
2361 2853 2396 2884 et
2406 2859 2480 2884 ma-

1426 2917 1482 2948 ter
1500 2912 1677 2948 Samuelis
1690 2912 1776 2948 fecit
1789 2911 1863 2947 filio
1874 2921 1950 2956 su0‚
1970 2912 2063 2947 sicut
2076 2910 2227 2956 legimus
2238 2909 2273 2957 (1
2282 2907 2310 2944 V
2322 2908 2408 2955 Req.
2419 2909 2478 2956 ιι),

1428 2972 1592 3017 efudbar,
1612 2973 1706 3018 quod
1723 2973 1886 3009 nonnulli
1901 2971 2126 3018 interpretati
2139 2970 2313 3007 suntefud
2328 2971 2476 3015 lineum,

1427 3033 1569 3080 quando
1588 3042 1671 3069 eum
1690 3033 1786 3070 dedit
1809 3034 1846 3069 in
1876 3033 2008 3079 templo
2035 3032 2278 3068 nutriendum.
2311 3031 2379 3068 Ubi
2405 3032 2480 3068 evi-

1427 3092 1569 3129 dentius
1589 3098 1752 3138 apparet,
1771 3084 1840 3128 hoc
1859 3102 1971 3139 genus
1988 3101 2069 3128 esse
2089 3091 2302 3128 indumenti.
2320 3089 2376 3126 An
2396 3090 2477 3127 ideo

1427 3151 1563 3186 dictum
1580 3157 1650 3195 est,
1675 3151 1808 3187 Statuit
1832 3150 1921 3186 iliud
1946 3152 1983 3186 in
2002 3151 2141 3188 civitate
2154 3161 2233 3194 sua,
2253 3154 2294 3186 ut
2321 3150 2407 3186 hinc
2423 3150 2479 3186 in-

1426 3211 1648 3257 telligeretur
1662 3212 1811 3247 aureum
1825 3210 1935 3247 fuisse
1952 3210 2088 3247 factum
2100 3211 2115 3246 ?
2127 3209 2207 3246 Non
2229 3210 2326 3246 enim
2342 3210 2478 3246 dictum

1427 3275 1496 3312 est,
1513 3271 1649 3315 posuit,
1671 3271 1734 3305 sed
1761 3270 1884 3305 statuit
1892 3281 1907 3312 ;
1939 3269 2109 3314 quoniam
2135 3269 2186 3303 ita
2214 3273 2293 3304 erat
2323 3269 2478 3306 solidum
2518 3278 2529 3305 ἰ

1427 3334 1463 3364 et
1491 3328 1649 3364 validum
1663 3354 1672 3371 ‚
1711 3333 1751 3362 ut
1781 3327 1891 3363 statui
1917 3331 2052 3373 posset,
2088 3327 2159 3373 hoc
2199 3333 2255 3364 est
2274 3355 2284 3372 ,
2318 3329 2477 3376 positum
2526 3374 2529 3375 ⁷

1428 3395 1537 3426 stare.
1556 3388 1632 3425 Hoc
1648 3398 1734 3435 ergo
1751 3387 1916 3424 illicitum
1947 3397 2029 3423 cum
2051 3378 2200 3424 fe‘itisset
2222 3387 2383 3433 Gedeon,
2404 3390 2478 3427 for·
2511 3409 2530 3446 ἑ

1429 3450 1569 3486 nicatus
1596 3454 1653 3486 est
1682 3453 1766 3496 post
1791 3448 1878 3485 illud
1912 3448 2029 3484 omnis
2047 3448 2172 3492 Israel,
2191 3450 2373 3496 sequendo
2390 3449 2494 3494 illud1
2510 3448 2530 3457 ”

1429 3516 1556 3548 contra
1581 3510 1698 3556 legem
1730 3509 1808 3545 Dei.
1828 3507 1898 3545 Ubi
1917 3518 1988 3544 non
2007 3507 2143 3546 trustra
2173 3510 2360 3556 quaeritur,
2391 3520 2484 3547 cum,-

1430 3572 1562 3669 idw
1597 3581 1671 3608 non
1689 3569 1808 3613 fuerit,
1834 3569 1881 3606 ·id
1901 3576 1975 3614 est,
2009 3570 2219 3633 cuiusquam
2243 3570 2301 3606 dei
2331 3569 2413 3607 falsi
2437 3574 2476 3608 et

1429 3633 1476 3669 ali
1496 3632 1499 3633 ⁷
1536 3634 1537 3654 ³
1569 3630 1814 3674 simulacrum,
1835 3631 1900 3667 sed
1928 3630 2034 3676 efud,
2071 3631 2108 3668 id
2128 3632 2203 3675 est,
2220 3641 2333 3667 unum
2351 3631 2396 3668 de
2416 3640 2476 3668 sa-

1428 3691 1624 3729 cramentis
1655 3690 1890 3736 tabernaculi,
1928 3691 2024 3738 quod
2043 3691 2089 3727 ad
2114 3697 2252 3728 vestem
2269 3691 2456 3729 sacerdota

1427 3754 1499 3791 lem
1525 3752 1736 3799 pertineret,
1757 3753 1941 3803 ιςμοιιιοᾶο
1979 3751 2252 3790 fornicationem
2287 3753 2430 3800 Scripta

1428 3813 1523 3851 dicat
1551 3813 1674 3861 populi
1697 3803 1767 3850 ista
1779 3804 1782 3807 ’
1797 3814 1969 3852 sectantis
2005 3813 2344 3881 atquffffvenerantis
2357 3814 2373 3852 i
2387 3812 2471 3851 Ideo
