2540 4016
914 22 957 62 θ’

323 189 392 228 9θ5

324 333 339 356 «
358 321 457 357 vitici
473 321 627 368 generis,
646 326 683 357 et
698 322 743 358 ad
764 320 924 366 judicem
941 323 1003 368 qui
1022 321 1132 357 fuerit
1147 321 1207 357 illo
1229 321 1266 356 in
1278 325 1372 356 tem-

324 393 337 415 «
357 391 466 427 pore;
497 391 708 427 quaeresque
729 381 774 417 ab
801 382 854 417 eis
886 383 948 427 qui
971 382 1181 418 indicabunt
1198 382 1262 418 tibi
1277 381 1372 427 judi-

325 455 336 474 «
359 442 407 477 cii
425 441 637 485 veritatem;
666 446 703 477 et
723 439 835 477 facies
852 442 1092 487 quodcunque
1122 441 1279 486 dixerit,
1311 443 1372 488 qui

324 516 335 537 c
359 509 519 549 praesunt
543 502 622 539 loco
651 512 759 548 quem
793 502 941 549 elegerit
958 503 1130 540 Dominus
1146 530 1155 548 ,
1188 510 1224 540 et
1243 505 1373 541 docue-

324 576 335 596 ‹
358 567 443 598 runt
459 568 494 598 te
507 562 611 607 juxta
634 562 749 609 legem
782 561 872 608 ejus,
891 568 960 600 etc.
984 577 996 598 ›
1034 563 1108 600 Hac
1125 565 1304 601 sententia
1322 565 1372 600 Ie-

319 623 468 670 gislator
496 623 606 659 ritum
642 623 745 659 docet
765 624 999 660 ecelesiastici
1030 624 1234 668 ministerii,
1255 630 1294 660 ut
1317 635 1373 661 sa-

319 683 484 719 cerdotes
511 688 548 718 et
569 682 742 728 praesules
774 683 1018 720 Ecclesiarum
1051 683 1129 727 Dei,
1147 683 1283 729 ⁸iudicia
1310 694 1371 720 ec—

320 743 520 779 clesiastica
542 743 738 779 seeundum
767 749 985 790 potestatem
1019 745 1087 781 sibi
1106 746 1227 780 datam
1261 755 1280 780 a
1298 744 1372 781 Deo

321 810 527 841 reverenter
543 810 651 850 agant
664 803 832 850 justeque
850 806 1057 842 discernant
1077 817 1204 843 causas
1218 811 1254 842 et
1273 812 1373 842 actus

320 864 554 910 singulorum.
581 864 656 900 Hoc
674 865 832 902 maxime
851 867 1093 910 commendat,-
1115 873 1155 902 ut
1174 868 1251 912 ipsa
1278 867 1374 913 judi-

320 924 375 959 cia
393 934 463 960 non
486 925 680 961 secundum
698 935 763 961 sua
777 925 889 962 libera
911 926 1074 972 quisque,
1096 928 1158 963 sed
1178 928 1375 964 secundum

320 984 408 1030 legis
428 985 567 1020 Domini
588 996 694 1031 agere
714 986 856 1022 studeat
873 988 1035 1031 decreta;
1058 998 1124 1024 nec
1147 989 1192 1024 ob
1221 988 1374 1035 gratiam

320 1045 395 1080 sive
419 1044 587 1089 inJuriam
607 1045 797 1090 cujuslibet
832 1048 1059 1093 suscipiendo
1091 1059 1282 1095 personam
1297 1060 1374 1085 mu-

322 1109 373 1139 tet
390 1105 619 1147 sententiam,
640 1105 702 1142 sed
731 1106 768 1141 in
799 1108 965 1143 omnibus
992 1110 1099 1144 rebus
1121 1109 1209 1155 legis
1230 1111 1371 1146 Domini

742 186 785 224 B.
812 184 982 223 RABANI
1007 183 1153 223 MAURI
1175 184 1391 224 ARCHIEP.
1416 183 1621 224 MOGUNT.
1649 184 1840 224 omnum
1866 185 1984 224 PARS
2003 185 2032 222 1.

325 276 340 299 ι
358 261 530 301 Dominus
547 252 645 300 Deus*
669 265 772 306 tuus;
797 263 991 309 veniesque
1020 263 1066 300 ad
1086 262 1292 299 sacerdotes
1306 261 1375 297 Le-
1391 262 1427 302 A
1444 261 1514 298 ait:
1532 261 1610 299 Non
1627 261 1879 309 multiplicabit
1899 261 1967 298 sibi
1984 264 2204 304 uxores‚,ut
2229 268 2303 296 nou
2330 260 2476 298 discede

1440 332 1502 359 eor
1534 334 1631 369 eJus;
1661 328 1698 360 et
1723 327 1911 369 argentum
1929 326 1966 357 et
1990 330 2118 356 aurum
2147 330 2219 357 non
2243 319 2476 368 multiplicabi

1437 450 1656 491 praeceptum
1671 454 1743 480 non
1764 443 1903 486 fecerit,
1922 453 1994 479 non
2009 442 2106 479 enim
2126 452 2234 478 unam
2254 442 2380 479 habuit
2403 453 2495 480 uxo-

1439 516 1528 542 rem.
1551 506 1640 541 Nam
1660 505 1705 540 de
1723 504 1916 540 Salomone
1937 503 2170 540 manifestum
2189 503 2354 550 estquod
2375 502 2510 541 trans-«s

1440 576 1585 612 gressus
1611 565 1719 600 suerit
1736 565 1804 600 hoc
1824 572 2055 610 praeceptum,
2074 569 2111 600 et
2137 565 2173 600 in
2202 564 2358 608 feminis,
2384 570 2421 602 et
2457 565 2514 617 inq

1441 635 1543 667 auro,
1564 629 1600 659 et
1615 624 1654 660 in·
1673 630 1835 670 argento.
1853 624 1924 661 Sed
1939 625 2027 661 hinc
2042 625 2162 671 potius
2176 625 2386 672 intelligitur
2409 636 2496 672 per-

1440 686 1590 721 missum
1600 685 1709 721 fuisse
1717 686 1872 732 regibus,
1882 690 1923 721 ut
1934 685 2055 732 plures
2066 686 2240 722 haberent
2249 696 2356 732 quam
2370 697 2493 723 unam.
2523 707 2540 759 ξ

1442 746 1679 791 Multiplicare
1694 747 1788 782 enim
1802 746 1974 792 prohibiti
1992 752 2097 789 sunt;
2117 756 2197 791 quae
2220 746 2414 792 prohibitio
2425 756 2495 782 non
2523 762 2540 812 ε

1442 807 1550 842 habet
1569 807 1907 853 transgressionem,
1928 806 1959 842 si
1989 816 2112 852 paucae
2133 806 2280 851 fuerint,
2312 807 2404 843 sicut
2427 807 2498 842 Da-
2524 814 2540 857 ἒ

1441 867 1502 903 vid
1535 867 1678 903 suerunt
1695 895 1704 912 ,
1743 879 1816 905 non
1857 873 1977 905 autem
2017 868 2136 904 multae
2175 869 2268 905 sicut
2299 868 2468 904 Salomon
2486 879 2495 902 ς
2525 881 2540 894 0

1442 929 1606 974 quamvis
1621 940 1702 965 eum
1718 930 1867 974 addidit,
1895 943 1906 963 α
1928 936 1968 966 ιιι
1997 941 2068 967 non
2095 930 2255 966 discedat
2276 939 2338 966 cor
2360 929 2454 974 eJus,
2482 942 2495 964 ι
2528 933 2540 977 ζ

1442 990 1511 1025 hoc
1524 991 1639 1036 magis
1656 990 1797 1026 videtur
1814 992 2047 1037 praecepisse,
2063 1002 2109 1028 ne
2126 991 2398 1037 multiplicando
2417 1000 2500 1036 per-

1442 1051 1562 1085 veniat
1588 1050 1632 1085 ad
1657 1050 1875 1097 alienigenas
1907 1051 2075 1095 seminas,
2101 1061 2167 1097 per
2187 1062 2277 1097 quas
2295 1051 2427 1087 factum
2445 1055 2500 1087 est
2524 1048 2540 1073 Ξ

1443 1110 1479 1145 in
1498 1110 1701 1154 Salomone,
1725 1115 1764 1145 ut
1780 1111 1979 1147 diseederet
1994 1122 2055 1147 cor
2077 1111 2153 1156 eJus
2173 1122 2192 1146 a
2210 1112 2295 1148 Deo.
2328 1111 2499 1158 Multipli-

321 1164 488 1199 observet
523 1163 714 1209 justitiam.
744 1166 788 1201 Et
817 1167 901 1212 quia
934 1177 1082 1205 necesse
1101 1175 1156 1205 est
1174 1175 1213 1205 ut
1244 1170 1376 1206 subditi
1396 1165 1428 1203 B
1446 1170 1539 1205 catio
1559 1175 1679 1206 tamen
1711 1171 1926 1216 generaliter
1942 1172 1991 1207 ita
2023 1172 2203 1218 prohibita
2226 1177 2301 1215 est,
2327 1178 2367 1208 ut
2389 1173 2499 1209 ctiam

322 1233 463 1269 quoque
492 1225 744 1271 magistrorum
775 1228 1002 1263 consentiant
1021 1229 1235 1274 disciplinae,
1255 1230 1377 1265 inobe-

322 1283 500 1319 dientibus
519 1295 561 1320 ac
576 1286 865 1330 superbientibus
880 1297 964 1322 mox
984 1299 1064 1333 quae
1083 1299 1144 1324 eos
1159 1290 1378 1333 obsequatur

322 1353 441 1388 poena,
460 1344 683 1379 demonstrat
698 1345 844 1381 dicens:
872 1358 884 1378 ‹
907 1346 975 1388 Qui
1002 1352 1123 1382 autem
1162 1347 1378 1391 superbierit

326 1415 338 1435 ‹
364 1403 489 1438 nolens
509 1404 656 1439 obedire
675 1406 873 1440 sacerdotis
889 1406 1053 1451 imperio,
1071 1407 1132 1451 qui
1157 1417 1200 1441 eo
1219 1413 1379 1451 tempore

327 1475 339 1495 ‹
361 1463 543 1499 ministrat
571 1463 723 1499 Domino
741 1464 814 1499 Deo
839 1470 913 1507 tuo,
934 1465 1077 1500 decreto
1101 1465 1231 1510 judicis
1249 1467 1380 1502 morie-

329 1536 340 1557 «
363 1529 422 1560 tur
432 1525 490 1560 ille
501 1537 508 1559 :
520 1530 556 1560 et
573 1525 713 1561 auferes
730 1526 862 1561 malum
879 1527 921 1562 de
936 1526 1055 1562 medio
1071 1528 1136 1570 tui,
1147 1533 1183 1563 ει
1197 1527 1346 1574 reliqua.
1363 1541 1374 1562 ›

323 1587 509 1632 Morietur,
528 1589 658 1634 inquit,
679 1590 803 1634 homo,
823 1591 884 1636 qui
902 1591 1047 1628 obedire
1067 1593 1221 1629 noluerit
1256 1603 1377 1629 sacer-

326 1650 418 1686 dotis
440 1651 592 1696 imperio
611 1663 618 1687 ε
638 1652 749 1697 ipsius
782 1653 948 1689 videlicet
976 1655 1172 1690 sacerdotis
1206 1655 1378 1701 imperio,

325 1712 387 1756 qui
407 1712 603 1747 seeundum
619 1713 783 1749 ordinem
799 1714 1059 1751 Melchisedech
1079 1716 1247 1752 sacerdos
1263 1715 1378 1751 factus

324 1770 362 1805 in
387 1776 574 1815 aeternum,
592 1777 755 1817 pastores
770 1800 779 1815 ,
807 1774 876 1810 hoc
891 1781 960 1818 est,
980 1775 1134 1812 vicarios
1151 1786 1235 1812 suos
1249 1776 1380 1812 consti-

325 1831 392 1866 tuit
420 1841 544 1878 regere
577 1831 778 1868 Ecclesiam
819 1845 926 1879 quam
973 1837 1164 1881 acquisivit
1209 1837 1380 1882 sanguine

325 1900 404 1934 suo,
421 1898 460 1927 ut
478 1902 544 1938 pro
558 1892 635 1938 ipso
659 1893 833 1939 legatione
848 1894 959 1930 suncti
979 1895 1209 1947 Evangelium
1241 1896 1278 1931 in
1305 1901 1379 1932 toto

325 1952 412 1987 orbe
426 1952 676 1997 praedicarent.
701 1954 767 1997 Qui
785 1961 928 2000 quantae
948 1956 1172 1992 auctoritatis
1206 1957 1276 1991 sint
1304 1956 1380 2001 ipse

325 2012 546 2049 demonstrat
569 2015 691 2051 dicens
711 2028 718 2050 :
750 2027 761 2048 «
793 2015 860 2059 Qui
890 2026 953 2052 vos
974 2017 1087 2060 audit,
1123 2027 1181 2053 me
1201 2018 1322 2060 audit;
1345 2022 1380 2052 et

1447 1231 1478 1267 si
1499 1242 1542 1267 ex
1569 1229 1727 1266 Hebraeis
1757 1231 1843 1266 solis
1861 1241 1921 1267 eas
1951 1231 2243 1278 multiplicasset,
2279 1238 2403 1268 contra
2430 1233 2500 1270 hoe

1446 1297 1664 1336 praeceptum
1685 1290 1813 1327 fecisse
1833 1293 1964 1328 merito
1982 1293 2084 1338 argui
2112 1298 2246 1338 posset.
2267 1294 2367 1336 Quod
2379 1299 2499 1330 autem

1446 1351 1570 1396 utique
1598 1351 1915 1387 Deuteronomium
1938 1353 1970 1388 ei
2005 1354 2112 1389 scribi
2129 1353 2244 1398 Jubet,
2265 1360 2301 1391 et
2318 1355 2386 1401 legi
2420 1365 2500 1391 om-

1448 1411 1555 1446 nibus
1582 1411 1723 1454 diebus,
1745 1412 1902 1448 ostendit
1919 1423 2000 1448 eum
2019 1424 2089 1449 non
2111 1416 2350 1459 superbiendo
2366 1427 2428 1452 sua
2447 1426 2502 1452 se-

1448 1469 1508 1514 qui
1529 1469 1661 1506 debere
1694 1470 1807 1515 libita,
1825 1471 1888 1507 sed
1903 1472 2088 1509 humiliter
2106 1474 2226 1510 divina
2240 1485 2384 1513 servare
2410 1487 2502 1523 prae-

1449 1535 1566 1575 cepta.

1825 1595 1975 1632 CAPUT
2001 1595 2121 1633 XVIII.

1447 1668 1499 1703 De
1519 1670 1754 1705 sacerdotibus
1780 1676 1811 1706 et
1830 1670 1971 1715 Levitis,
2003 1673 2096 1718 quod
2125 1685 2193 1709 non
2211 1674 2354 1710 debeant
2379 1675 2504 1712 habere

1494 1718 1723 1761 possessiones
1758 1729 1798 1752 ac
1827 1724 1935 1754 sortes
1961 1730 2043 1754 suas
2077 1720 2166 1754 inter
2203 1727 2346 1757 coeteras
2376 1722 2498 1766 tribus,

1495 1762 1555 1797 sed
1570 1763 1834 1799 dilatationibus
1849 1764 1989 1800 Domini
2009 1767 2208 1803 sustentari.

1501 1836 1601 1883 (Car.
1620 1837 1737 1878 xv111.)
1762 1850 1773 1870 ‹
1788 1838 1866 1875 Non
1896 1840 2078 1876 habebunt
2094 1842 2296 1879 sacerdotes
2317 1849 2353 1880 et
2372 1844 2504 1881 Levitae

1453 1909 1463 1930 ‹
1486 1908 1623 1941 omnes,
1644 1900 1704 1945 qni
1725 1901 1768 1936 de
1792 1901 1917 1937 eadem
1938 1901 2032 1937 tribu
2053 1908 2147 1946 sunt,
2166 1909 2307 1948 partem
2337 1909 2372 1940 et
2393 1905 2503 1940 haere-

1454 1971 1465 1992 ‹
1489 1960 1639 1996 ditatem
1655 1972 1736 1997 cnm
1763 1963 1900 2008 reliquo
1920 1963 2043 2008 lsrael,
2063 1965 2145 2010 quia
2161 1966 2336 2001 sacrificia
2364 1965 2504 2001 Domini

1455 2032 1465 2053 ‹
1495 2027 1530 2056 et
1548 2021 1749 2058 oblationes
1764 2023 1840 2068 ejus
1859 2024 2061 2066 comedent,
2097 2032 2133 2059 et
2163 2025 2250 2059 nibil
2285 2025 2380 2060 aliud
2412 2025 2506 2060 acci-

325 2073 468 2118 quivos
485 2075 634 2118 spernit,
659 2085 716 2110 me
743 2077 891 2120 spernit.
911 2076 979 2120 Qui
996 2083 1117 2112 autem
1149 2088 1206 2113 me
1230 2077 1377 2122 spernit,
1400 2063 1429 2104 C
1454 2080 1588 2124 ‹·pient
1616 2080 1660 2115 de
1690 2082 1917 2126 possessione
1957 2080 2109 2118 fratrum
2143 2094 2301 2120 suorum.
2334 2083 2506 2120 Dominus

326 2135 464 2180 spernit
496 2146 578 2170 eum
597 2137 657 2181 qui
685 2147 741 2172 me
761 2138 860 2172 misit
884 2138 992 2184 (Luc.
1024 2138 1083 2183 x).
1117 2152 1129 2172 ι
1154 2136 1307 2183 Dignum
1326 2143 1382 2173 est

327 2206 427 2242 ergo,
443 2201 482 2231 ut
496 2206 568 2231 suae
587 2198 825 2233 damnationis
859 2199 1012 2243 accipiat
1046 2199 1258 2234 sententiam
1275 2225 1284 2242 ,
1319 2196 1381 2243 qui

328 2265 401 2290 non
417 2257 545 2292 metuit
564 2263 794 2292 contemnere
809 2258 1012 2293 Divinitatis
1027 2258 1238 2303 potentiam.

722 2331 872 2368 CAPUT
901 2332 1007 2368 XVII.

327 2395 378 2430 De
399 2394 636 2430 constituendo
666 2404 742 2438 ναμε
773 2403 876 2438 super
908 2391 1089 2427 Israelitas
1120 2403 1141 2427 α
1173 2392 1320 2437 propriis
1349 2397 1381 2427 et

468 2452 539 2476 non
556 2441 597 2475 ab
619 2439 780 2481 externis,
801 2446 831 2474 et
842 2439 923 2484 jure
939 2439 1028 2484 repis
1047 2438 1212 2484 leqitimo.

377 2501 493 2549 (lein.)
517 2513 528 2534 ‹
560 2500 649 2536 Cum
673 2501 856 2546 ingressus
884 2499 995 2535 fueris
1033 2507 1164 2535 terram
1182 2509 1290 2544 quam
1314 2498 1383 2534 Do-

331 2575 346 2598 «
364 2564 483 2599 minus
502 2562 597 2598 Deus
616 2567 699 2598 tuus
718 2561 815 2597 dabit
836 2561 912 2604 tibi,
930 2566 966 2596 et
983 2561 1185 2606 possederis
1204 2570 1297 2603 eam,
1318 2560 1382 2596 ha-

333 2636 346 2658 «
368 2623 610 2668 bitaverisque
643 2622 679 2657 in
698 2622 769 2665 illa,
796 2626 833 2657 et
847 2621 1009 2658 dixeris:
1030 2621 1255 2657 Constituam
1275 2630 1383 2666 super

334 2698 347 2718 ‹
369 2695 427 2720 me
445 2694 578 2729 regem,
600 2684 692 2719 sicut
709 2684 843 2719 habent
871 2693 996 2719 omnes
1028 2693 1093 2728 per
1112 2683 1302 2718 circuitum
1318 2692 1382 2717 na-

335 2756 347 2777 «
374 2745 504 2787 tiones,
521 2753 603 2779 eum
633 2744 843 2787 constitues,
861 2754 968 2789 quem
1000 2744 1172 2780 Dominus
1191 2744 1285 2779 Deus
1301 2749 1383 2779 tuus

337 2819 348 2839 ‹
372 2807 520 2851 elegerit
546 2806 590 2842 de
614 2815 764 2840 numero
791 2804 943 2840 fratrum
963 2811 1120 2841 tuorum.
1141 2805 1219 2842 Non
1250 2804 1384 2850 poteris

337 2882 349 2903 ‹
376 2869 524 2904 alterius
550 2867 667 2915 gentis
701 2867 882 2903 hominem
913 2878 1034 2912 regem
1066 2867 1186 2902 faeere
1218 2867 1279 2913 qui
1312 2877 1384 2902 non

337 2941 350 2961 ‹
376 2929 423 2963 sit
441 2928 552 2963 frater
573 2933 667 2963 tuus.
690 2940 701 2960 ›
723 2926 842 2970 Quaeri
864 2932 983 2972 potest
997 2937 1062 2961 cur
1080 2927 1304 2972 displicuerit
1317 2936 1383 2972 po-

333 2987 438 3033 pulus
452 2988 538 3029 Deo,
564 2987 706 3031 quando
725 2996 845 3031 regem
869 2986 1087 3021 desideravit
1103 3013 1113 3030 ,
1146 2998 1228 3022 cum
1245 2988 1303 3023 hic
1329 2988 1383 3024 in·
1399 2973 1436 3012 D

332 3047 498 3082 veniatur
515 3056 596 3082 esse
633 3046 841 3091 permissus.
870 3045 939 3080 Sed
957 3046 1070 3091 magis
1103 3047 1160 3082 bic
1183 3047 1384 3094 intelligen-

335 3107 421 3143 dum
437 3112 493 3142 est
520 3106 648 3142 merito
660 3132 669 3148 ,
698 3116 769 3141 non
799 3105 909 3140 fuisse
939 3105 1134 3141 secundum
1163 3107 1384 3144 voluntatem

335 3170 414 3213 Dei,
433 3169 516 3215 quia
543 3168 622 3204 fieri
638 3168 707 3204 hoc
726 3178 797 3203 non
816 3167 995 3213 praecepit,
1016 3168 1078 3203 sed
1096 3168 1384 3206 desiderantibus

333 3230 518 3277 permisit;
543 3234 791 3265 verumtamen
821 3229 1005 3274 praecepit,
1021 3239 1066 3264 ne
1103 3229 1205 3265 fieret
1226 3230 1383 3273 alienus,

336 3292 399 3328 sed
418 3291 545 3334 frater,
565 3291 603 3327 id
620 3295 687 3334 est,
703 3299 749 3326 ex
778 3290 904 3326 eodem
927 3290 1058 3336 populo
1086 3290 1252 3336 indigena
1267 3316 1276 3333 ,
1315 3301 1386 3326 non

336 3351 548 3398 alienigena.
561 3351 663 3395 Quod
676 3361 748 3387 non
764 3350 910 3397 poteriS,
930 3350 1198 3397 intelligendum
1219 3355 1273 3386 est
1292 3361 1387 3386 ·.non

337 3411 496 3447 debebis.
524 3424 536 3445 ι
554 3411 715 3458 Cumque
744 3411 852 3448 fuerit
870 3412 1100 3456 constitutus,
1120 3423 1191 3449 non
1217 3411 1389 3457 multipli-

342 3482 355 3504 ι
373 3471 470 3507 cabit
487 3471 555 3507 sibi
567 3482 691 3518 equos,
706 3482 774 3509 nec
791 3472 940 3509 reducet
954 3473 1126 3519 populum
1142 3472 1180 3508 iu
1193 3471 1389 3519 AEgyptum

342 3542 354 3563 ι
376 3531 560 3576 equitatus
578 3541 728 3568 numero
742 3532 963 3576 sublevatus,
976 3532 1179 3579 praesertim
1200 3542 1282 3569 eum
1296 3542 1388 3580 prae-

343 3600 355 3622 ι
374 3590 512 3637 ceperit
535 3591 652 3636 vobis,
667 3597 707 3628 ut
723 3601 950 3638 nequaquam
965 3593 1120 3639 amplius
1135 3603 1202 3640 per
1226 3593 1388 3640 eamdem

342 3661 358 3685 ι
376 3651 474 3688 viam
497 3653 746 3691 revertamini..
765 3654 845 3700 Non
874 3654 1023 3692 habebit
1041 3665 1173 3695 uxores
1191 3654 1362 3701 plurimas
1376 3680 1387 3697 ,

331 3722 360 3759 ,ι
379 3722 465 3759 quae-
477 3715 628 3753 illiciaut
645 3714 805 3752 animum
825 3714 903 3762 eius
919 3742 931 3759 ,
957 3725 1074 3761 neque
1088 3714 1229 3762 argenti
1258 3719 1297 3751 et
1308 3712 1390 3751 auri

332 3779 362 3810 ,ι
379 3770 742 3823 inuam-pondera,
757 3780 829 3816 ete.
849 3776 940 3826 &De
959 3785 1046 3822 rece
1074 3784 1158 3815 cum
1182 3775 1390 3824 lower-etur

1042 3881 1086 3900 ’τι
1111 3882 1144 3901 .=‡'·
1183 3883 1212 3896 ;·.ι
1236 3883 1303 3898 πρε.
1319 3871 1358 3891 „⁴⁴”

1423 3824 1425 3827 ,
1457 3775 1654 3821 occupetur
1684 3768 2184 3815 ‘0112me
2214 3770 2312 3826 enim
2340 3769 2429 3818 w*
2459 3768 2461 3770 ’

1455 2150 1467 2171 c
1491 2139 1586 2174 euim
1610 2139 1687 2185 ipse
1721 2144 1775 2175 est
1797 2141 1988 2178 haereditas
2007 2153 2147 2186 eorum,
2168 2144 2260 2179 sicut
2283 2144 2423 2180 locutus
2451 2148 2507 2180 est

1458 2211 1469 2232 ι
1493 2199 1574 2235 illis.
1599 2214 1610 2234 ›
1633 2201 1677 2236 Et
1698 2201 1732 2236 in
1743 2201 1864 2238 Veteri
1879 2209 1914 2238 et
1928 2204 1962 2238 in
1974 2203 2072 2239 Novo
2084 2205 2500 2241 Testamentoministris

1450 2259 1573 2296 altaris
1594 2265 1630 2295 et
1649 2262 1884 2298 servitoribus
1900 2264 2022 2309 templi
2043 2265 2183 2301 Domini
2202 2267 2412 2302 mandatum
2434 2271 2505 2311 est,

1451 2320 1493 2356 dc
1513 2321 1733 2357 oblationum
1753 2322 1918 2369 largitate
1952 2330 1988 2359 ει
2021 2325 2241 2361 deeimarum
2272 2326 2356 2362 dato
2389 2326 2532 2362 nutri-⁷

1450 2386 1610 2416 mentum
1625 2382 1771 2424 habere,
1789 2392 1856 2417 nec
1873 2384 2027 2420 terrenis
2049 2386 2334 2430 possessionibus
2357 2395 2505 2422 conces-

1450 2451 1530 2476 sum
1544 2446 1598 2476 est
1618 2442 1669 2477 eis
1687 2441 1944 2489 adipiscendis,
1980 2443 2051 2479 ullo
2085 2444 2190 2480 modo
2222 2444 2374 2479 inhiare.
2407 2444 2507 2480 Unde

1450 2504 1622 2541 Dominus
1659 2506 1695 2540 in
1725 2506 1917 2553 Evangelio
1945 2505 2114 2551 apostolis
2146 2510 2181 2541 ει
2209 2505 2506 2551 praedicatoribus

1451 2566 1635 2613 Evangelii
1669 2567 1854 2613 praecepit,
1878 2567 2024 2603 dicens:
2053 2579 2064 2600 ‹
2087 2567 2221 2602 Euntes
2242 2572 2360 2602 autem
2379 2565 2507 2612 praedi-
2527 2592 2539 2595 -

1452 2633 1530 2664 cate
1544 2627 1716 2670 dicentes,
1734 2628 1817 2673 quia
1832 2627 2128 2673 appropinquavit
2147 2637 2297 2673 regnum
2314 2626 2503 2662 coelorum.
2532 2618 2540 2659 Ῐ

1451 2687 1616 2724 Infirmos
1637 2693 1782 2730 curate,
1819 2693 1981 2724 mortuos
2001 2687 2190 2730 suscitate,
2223 2686 2381 2732 leprosos
2401 2695 2507 2720 mun·
2526 2686 2540 2716 ’ῗ

1453 2750 1548 2792 date,
1565 2749 1745 2785 daemones
1766 2747 1884 2793 ejicite
1904 2761 1911 2783 :
1935 2748 2046 2794 gratis
2064 2747 2267 2793 accepistis,
2283 2746 2394 2792 gratis
2410 2745 2504 2782 date.
2538 2795 2540 2797 Ι

1451 2810 1567 2846 Nolite
1592 2810 1778 2855 possidere
1811 2819 1938 2844 aurum
1969 2814 2004 2844 et
2029 2813 2227 2854 argentum,
2253 2816 2370 2851 neque
2396 2816 2507 2851 pecu·
2532 2832 2540 2833 ff

1452 2873 1548 2908 niam
1570 2873 1606 2908 in
1635 2872 1734 2908 zonis
1754 2871 1897 2914 vestr1s,
1919 2880 1990 2906 non
2007 2879 2130 2915 peram
2149 2869 2186 2903 in
2202 2868 2400 2913 via,neque
2419 2868 2509 2903 duas

1453 2934 1607 2976 tunicas,
1625 2943 1741 2978 neque
1765 2932 2022 2973 calceamenta,
2043 2940 2159 2975 neque
2190 2929 2341 2975 virgam.
2374 2928 2509 2974 Dignus

1452 2998 1507 3030 est
1523 2994 1618 3029 enim
1633 2993 1820 3039 operarius
1837 2991 2002 3028 mercede
2019 2989 2159 3033 sua‚vel
2174 2989 2254 3025 cibo
2271 2999 2335 3025 suo
2353 2987 2499 3034 (Matth.

1452 3051 1502 3099 x).
1527 3065 1538 3085 ι
1576 3051 1668 3087 Hinc
1697 3051 1828 3087 Paulus
1860 3049 2055 3087 Corinthiis
2083 3049 2262 3095 loquens:
2292 3046 2514 3096 «Nescitis,5

1453 3113 1581 3158 inquit,
1601 3113 1770 3158 quoniam
1792 3111 1852 3157 qui
1869 3111 1906 3146 in
1939 3110 2099 3146 sacrario
2117 3113 2330 3155 operantur,
2365 3117 2444 3152 quae
2463 3105 2484 3142 d
2502 3097 2515 3158 f

1453 3175 1611 3210 sacrario
1631 3178 1714 3209 sunt
1745 3173 1878 3208 edunt?
1915 3171 2030 3216 etqui
2060 3170 2166 3205 altari
2185 3169 2404 3211 deserviunt,
2426 3177 2468 3203 cu

1453 3234 1556 3268 altari
1577 3232 1862 3278 participantur?
1893 3231 1944 3266 Ita
1980 3236 2016 3265 et
2046 3229 2218 3265 Dominus
2247 3229 2427 3264 ordinavit
2478 3227 2487 3235 '

1455 3290 1762 3336 quiEvangelium
1796 3289 2020 3329 annuntiant,
2042 3289 2086 3323 de
2119 3287 2312 3332 Evangelio
2328 3287 2463 3322 vivere.

1454 3350 1546 3386 Hine
1562 3354 1599 3385 et
1620 3349 1664 3384 ad
1684 3348 1911 3383 Timotheum
1952 3347 2113 3382 scribens
2141 3347 2213 3382 ait:
2237 3359 2249 3380 ι
2275 3346 2389 3383 Nemo
2413 3347 2495 3383 mil'

1455 3418 1535 3448 tans
1556 3410 1643 3452 Deo,
1662 3408 1820 3454 implicet
1841 3418 1881 3443 se
1894 3407 2046 3453 negotiis
2060 3407 2304 3452 saecularibus,
2322 3413 2362 3443 ut
2374 3408 2408 3444 ei

1455 3477 1535 3509 eeat
1559 3470 1619 3508 eui
1639 3468 1872 3515 seprobavit.
1906 3467 1996 3504 Nam
2027 3468 2143 3514 etqui
2173 3474 2288 3505 certat
2313 3469 2350 3505 in
2371 3479 2416 3515 ag

1456 3541 1530 3568 non
1549 3533 1758 3572 coronatur,
1773 3527 1844 3564 nisi
1863 3526 2023 3572 legitime
2041 3529 2248 3565 certaverit.
2264 3529 2433 3568 ‚tabum

1456 3591 1552 3629 enim
1571 3589 1766 3638 agricolam
1797 3593 1937 3634 oportet
1958 3588 2115 3634 primum
2145 3589 2190 3626 de
2220 3587 2395 3630 [ructibus

1456 3662 1542 3699 pere
1556 3650 1614 3698 (ΙΙ
1633 3649 1721 3686 Tim.
1739 3647 1796 3696 u).
1826 3662 1838 3684 ›
1861 3649 1935 3686 Nee
1957 3649 2173 3690 conveniens
2189 3649 2285 3686 enim
2303 3653 2373 3692 est,
2386 3653 2427 3692 ut
2446 3647 2455 3657 ”

1457 3720 1565 3758 quam
1579 3713 1720 3756 oportet
1733 3718 1877 3754 semper
1888 3714 2009 3757 astare
2019 3709 2158 3754 divino,
2176 3710 2271 3765 quod
2287 3709 2432 3758 anguine

1561 3907 1573 3923 Ι
