2540 4016
112 178 181 216 705

601 171 960 212 ENARRATIONES
983 171 1031 211 IN
1055 172 1232 212 LIBRUM
1255 170 1567 212 NUMERORUM.
1591 195 1639 204 -
1659 175 1748 214 ΠΒ.
1772 175 1816 214 n.

2197 187 2268 226 706

111 249 392 293 condescendat,
421 252 458 285 et
477 257 549 285 non
579 257 618 284 se
637 258 682 284 ex
700 258 744 284 eo
760 248 856 294 quod
884 248 995 285 habet
1014 249 1130 296 erigat
1145 275 1156 294 ,
1176 254 1213 294 A
1226 250 1312 287 lotis
1325 249 1486 287 vestibus
1512 250 1588 286 suis
1607 255 1644 286 et
1658 260 1810 297 corpore
1838 262 1918 296 suo,
1937 256 1982 291 ad
1997 265 2185 304 vesperum
2209 272 2271 300 ca.

110 312 175 348 sed
191 309 365 357 quidquid
395 310 504 345 habet
530 308 586 345 his
602 308 712 344 etiam
733 309 795 355 qui
813 309 902 345 illud
931 320 1005 346 non
1023 310 1160 346 habent

109 371 337 419 praedicando
354 370 508 407 libenter
540 369 736 416 impendat.
763 369 856 414 Quid
889 369 1031 406 veroin
1051 379 1160 406 coeco

109 432 167 468 bis
186 433 315 475 tincto,
348 431 419 467 nisi
453 430 642 467 eharitatis
661 430 777 467 virtus
806 430 1041 477 exprimitur?
1074 430 1162 474 Quae

110 502 240 528 coccus
248 491 304 527 bis
319 492 452 527 tinctus
467 490 609 535 dicitur,
626 490 710 536 quia
727 490 888 526 charitas
901 499 965 537 per
978 489 1162 526 flammam

110 551 226 587 saneti
253 551 387 586 amoris
415 561 589 596 accensa,
617 551 756 587 duobus
781 551 945 587 exhiberi
973 551 1163 598 praeceptis

104 610 266 657 jubetur,
286 611 323 647 id
342 615 397 647 est
418 611 484 648 Dei
505 618 542 648 et
557 612 749 648 dilectione
764 612 933 658 proximi.
951 612 1014 648 Bis
1029 613 1163 648 tinctus

107 683 195 719 ergo
214 682 344 707 coccus
371 677 426 708 est
457 673 617 709 charitas
635 673 769 719 duplici
789 678 971 719 praecepto
990 673 1160 717 formata,

108 740 148 770 ut
181 733 233 769 sic
266 733 437 779 diligatur
457 733 566 778 Deus,
601 744 646 769 ne
666 734 853 770 deseratur
886 734 1085 779 proximus,
1111 734 1164 769 sic

108 794 278 840 diligatur
311 794 512 840 proximus,
548 804 593 830 ne
617 799 869 830 contemnatur
898 794 1005 828 Deus.
1035 792 1073 827 ln
1095 794 1164 829 hac

106 867 194 904 ergo
207 856 365 899 flamma,
377 866 456 902 quae
470 866 618 892 vaccam
634 861 752 898 vorat,
771 855 932 897 cedrum,
952 854 1162 899 hyssopum,

107 917 162 952 his
183 917 335 952 tinctum
370 926 518 952 coccum
547 915 713 952 sacerdos
732 914 856 949 mittit.
884 913 1018 949 Omnes
1042 915 1160 958 enim,

109 978 171 1023 qui
203 977 239 1012 in
259 977 405 1012 Christo
425 976 620 1018 credimus,
654 974 862 1010 sacerdotes
894 983 1032 1009 sumus.
1062 974 1164 1011 Unde

108 1037 280 1082 scriptum
310 1041 364 1071 est
384 1047 392 1069 ε
421 1034 488 1070 Vos
519 1040 636 1069 autem
656 1046 764 1080 yemis
782 1035 944 1078 electum,
974 1035 1088 1081 reyale
1107 1046 1164 1070 sa-

107 1094 300 1130 cerdotium
320 1093 355 1141 (I
377 1093 456 1128 Pet.
479 1092 534 1140 11).
562 1092 633 1129 Sed
652 1093 827 1139 quidquid
846 1104 911 1139 per
938 1092 1160 1140 contempla-

1228 315 1304 347 stra
1327 310 1528 358 ingreditur
1541 337 1551 354 ,
1568 310 1655 356 quia
1673 309 1745 346 fine
1763 312 1887 348 mundi
1898 314 2076 360 veniente,
2091 324 2273 361 mundatis

1227 369 1451 406 infidelitatis
1465 379 1539 406 suae
1555 369 1740 416 operibus,
1754 370 1866 406 etiam
1878 370 2049 409 Judaicus
2063 379 2213 423 populus
2227 384 2274 419 ad

1228 429 1471 476 cognitionem
1485 429 1680 467 conditoris
1694 429 1751 466 sui
1767 431 1975 475 revertitur,
1991 432 2085 469 sieut
2103 437 2276 482 scriptum

1229 495 1285 527 est
1301 500 1310 525 :
1327 489 1366 527 Si
1384 491 1488 536 fuerit
1506 501 1673 526 numerus
1687 490 1843 536 filiorum
1860 491 1974 528 Israel
1991 497 2157 540 tanquam
2171 507 2278 533 arena

1228 553 1351 596 maris,
1374 552 1529 599 reliquiae
1549 552 1654 588 salvae
1673 552 1762 598 fiunt
1783 551 1903 599 (Rom.
1929 552 1996 600 tx).
2019 554 2065 590 Et
2089 555 2182 591 sicut
2201 567 2280 592 rur-

1230 625 1309 651 sum
1330 615 1506 660 seriptum
1523 619 1579 650 est
1601 626 1609 649 :
1638 613 1756 649 Donec
1771 612 1949 659 plenitudo
1966 615 2121 660 yentium
2139 615 2282 651 introie-

1230 676 1290 720 rit,
1307 681 1339 711 et
1360 676 1410 711 sic
1431 676 1543 711 omnis
1557 674 1672 710 Israel
1691 674 1808 710 salvus
1828 675 1888 720 fiet
1907 674 2026 722 (Rom.
2053 675 2120 722 xl).
2148 675 2203 712 Ad
2223 686 2284 711 ve-

1231 745 1373 782 speram
1390 735 1500 782 igitur
1516 735 1598 770 lotis
1612 735 1776 771 vestibus
1792 735 1962 771 sacerdos
1977 735 2074 771 intra
2088 740 2210 772 castra
2228 747 2285 774 re·
2300 738 2317 790 J

1231 796 1297 839 dit,
1317 796 1378 840 qui
1397 801 1481 831 ante
1502 805 1692 841 vesperam
1711 795 1994 831 commaculatus
2025 801 2095 839 est,
2118 796 2203 843 quia
2228 796 2284 832 in-
2303 793 2316 831 ’ἶ

1231 856 1346 892 fidelis
1365 855 1516 902 populus
1535 854 1705 891 Judaicus
1730 865 1846 900 usque
1865 855 1911 891 ad
1930 855 2038 891 finem
2063 857 2203 900 mundi,
2225 868 2287 893 cx-

1231 921 1288 952 tra
1322 917 1492 952 mandata
1526 916 1622 959 vitae,
1640 915 1737 952 velut
1767 921 1869 952 extra
1902 923 2019 953 castra
2038 923 2092 954 est
2123 918 2283 964 positus,

1231 977 1353 1021 pravis
1371 977 1540 1021 operibus
1557 977 1856 1012 commaculatus.
1885 976 1957 1013 Sed
1975 978 2070 1022 quod
2089 989 2172 1014 cum
2192 989 2287 1025 aqua

1232 1035 1465 1080 baptismatis
1482 1040 1518 1070 et
1532 1035 1744 1080 poenitentia
1765 1035 1918 1079 lavatur,
1940 1041 2026 1073 tunc
2045 1038 2089 1073 ad
2116 1039 2287 1084 cognitio-

1233 1104 1315 1130 nem
1345 1094 1428 1130 fidei
1451 1095 1496 1130 ad
1528 1104 1734 1140 vesperum,
1756 1095 1793 1130 id
1813 1100 1869 1131 est
1897 1096 1934 1130 in
1952 1096 2024 1132 fine
2041 1098 2165 1133 mundi
2183 1100 2288 1143 quasi

106 1154 215 1190 tionis
235 1154 307 1190 alta
343 1154 530 1197 sentimus,
563 1154 737 1200 quidquid
766 1165 831 1201 per
850 1156 1162 1192 mansuetudinem
1181 1149 1215 1188 B
1232 1157 1270 1193 in
1301 1162 1420 1192 castra
1438 1157 1656 1203 revertitur,
1677 1161 1798 1203 potest
1818 1155 1982 1202 intelligi,
2015 1156 2111 1204 quod
2130 1157 2199 1194 iste
2230 1168 2288 1195 sa-

105 1217 335 1259 humilitatis,
367 1216 541 1262 quidquid
569 1226 633 1262 per
654 1216 773 1263 ignem
793 1217 981 1253 charitatis
1011 1218 1160 1254 exhibe-

108 1288 204 1322 mus,
236 1279 273 1313 in
294 1277 421 1323 spiritu
455 1277 636 1322 passionis
670 1277 866 1312 Dominicae
891 1278 1031 1324 tingere
1055 1278 1162 1314 debe-

105 1349 200 1382 mus,
220 1343 260 1373 ut
292 1347 400 1374 omne
419 1337 515 1382 quod
535 1338 572 1372 in
601 1338 704 1373 nobis
738 1345 807 1381 est,
828 1337 928 1373 illum
955 1339 1116 1374 imitetur
1142 1349 1163 1374 a

105 1411 176 1447 quo
204 1407 273 1437 est.
295 1400 385 1436 Nam
407 1401 437 1436 si
471 1406 574 1436 extra
607 1401 844 1436 imitationem
878 1399 1058 1445 passionis
1085 1398 1164 1443 ejus

106 1464 242 1509 aliquid
262 1463 415 1509 agimus,
436 1466 596 1497 nontam
616 1462 800 1504 virtutem,
816 1471 925 1506 quam
942 1460 1070 1495 vitium
1090 1459 1164 1504 agi-

105 1533 199 1558 mus.
220 1522 382 1557 Mittatur
402 1531 488 1567 ergo
507 1521 543 1556 in
561 1520 760 1564 flammam,
782 1530 862 1566 quae
883 1530 1030 1556 vaccam
1061 1524 1165 1555 vorat

106 1584 254 1627 cedrus,
276 1583 312 1619 id
334 1588 390 1619 est
407 1583 678 1628 perseverantia
698 1588 806 1627 atque
826 1581 978 1616 altitudo
1002 1586 1164 1616 contem-

106 1645 277 1692 plationis
298 1651 444 1687 nostrae,
468 1646 702 1682 comburatur
722 1644 804 1690 igne
831 1643 1010 1688 passionis
1039 1642 1164 1678 Domi-

108 1707 212 1742 nicae.
237 1706 402 1741 Mittatur
423 1707 459 1742 in
476 1706 672 1749 flammam,
694 1715 772 1750 quae
788 1714 935 1740 vaccam
956 1707 1059 1738 vorat
1083 1702 1163 1748 hys-

108 1777 230 1812 sopus,
255 1767 290 1801 id
309 1773 365 1802 est
381 1766 564 1802 humilitas
584 1765 703 1802 cordis
718 1764 832 1799 nostri
854 1764 1043 1798 veritatem
1060 1772 1164 1797 man-

108 1827 319 1869 suetndinis,
339 1837 383 1862 ex
399 1826 613 1862 admistione
628 1824 824 1860 Dominieae
838 1823 1016 1868 passionis
1030 1823 1163 1857 trahat.

107 1888 272 1923 Mittatur
296 1888 332 1923 in
349 1887 547 1930 flammam,
569 1896 648 1932 quae
664 1895 810 1920 vaccam
833 1889 938 1919 vorat
953 1884 1009 1919 bis
1032 1884 1166 1918 tinctus

108 1958 251 1991 coccus,
271 1947 306 1982 id
324 1952 379 1982 est
397 1947 569 1989 charitas,
590 1955 670 1990 quae
689 1955 754 1980 nos
776 1945 822 1979 ad
840 1944 1034 1980 amandum
1052 1945 1166 1979 Deum

106 2015 144 2046 ct
171 2010 377 2055 proximum
396 2008 543 2051 excitet,
576 2007 719 2043 assidue
739 2016 803 2041 nos
825 2005 1062 2051 contemplari
1083 2015 1167 2052 pas-

1234 1219 1360 1254 cerdos
1386 1218 1422 1253 in
1455 1217 1538 1254 lotis
1558 1217 1605 1252 sit
1630 1218 1803 1260 vestibus,
1825 1221 1863 1252 et
1891 1226 2006 1262 usque
2029 1217 2074 1253 ad
2098 1228 2289 1264 vesperum

1233 1279 1453 1321 immundus,
1480 1278 1563 1323 quia
1593 1278 1689 1313 idem
1709 1276 1880 1313 Judaicus
1910 1276 2062 1323 populus
2089 1287 2134 1313 ex
2162 1288 2287 1314 eorum

1231 1344 1349 1386 parte,
1371 1339 1432 1385 qui
1453 1339 1697 1382 crediderunt,
1714 1337 1790 1383 jam
1807 1343 1926 1374 vestes
1946 1338 2047 1381 lavit,
2070 1338 2133 1374 sed
2154 1349 2199 1375 ex
2229 1349 2289 1375 eo-

1232 1411 1312 1437 rum
1330 1406 1444 1446 parte,
1464 1400 1526 1445 qui
1556 1400 1711 1435 necdum
1732 1399 1976 1442 erediderunt,
1997 1399 2113 1435 adhue
2136 1400 2291 1435 immun-

1233 1461 1299 1497 dus
1318 1471 1431 1506 usque
1451 1461 1496 1496 ad
1518 1470 1706 1505 vesperum
1727 1465 1927 1505 permanet.
1948 1460 2061 1495 Lavat
2082 1470 2168 1507 ergo
2183 1460 2291 1496 vesti-

1233 1529 1354 1558 menta
1391 1527 1426 1558 et
1445 1531 1590 1567 corpus,
1626 1521 1687 1566 qui
1719 1520 1900 1556 credendo
1927 1520 2108 1556 exteriora
2128 1530 2238 1566 opera
2255 1525 2292 1556 et

1234 1582 1422 1624 interiora,
1457 1587 1614 1617 mentem
1636 1591 1656 1616 a
1684 1580 1806 1626 pravis
1830 1580 2033 1616 actionibus
2053 1581 2217 1616 mundat.
2247 1579 2292 1615 Et

1233 1644 1338 1690 plene
1362 1649 1447 1679 tunc
1473 1643 1519 1678 ad
1544 1648 1664 1678 castra
1684 1642 1893 1684 revertitur,
1915 1650 1997 1676 cum
2019 1640 2063 1676 ad
2083 1640 2191 1676 fidem
2210 1651 2292 1686 per-

1234 1706 1326 1743 fecte
1360 1711 1564 1742 revocatur.
1602 1704 1673 1740 Sed
1705 1704 1791 1750 quia
1813 1701 1936 1738 Judaea
1956 1702 1991 1737 in
2016 1702 2226 1738 infidelitate
2255 1707 2292 1737 et

1234 1769 1470 1814 reproborum
1490 1773 1594 1814 parte
1614 1766 1846 1812 perdurante,
1875 1764 1920 1799 ad
1940 1764 2049 1800 fidem
2077 1764 2220 1811 gentilis
2238 1764 2293 1799 in-

1236 1830 1412 1876 greditur,
1434 1835 1470 1864 et
1489 1828 1664 1874 mysteria
1684 1827 1814 1862 divinae
1831 1826 2093 1862 incarnationis
2110 1825 2289 1872 intelligit,

1235 1895 1334 1925 recte
1355 1889 1427 1923 illic
1448 1887 1676 1935 subjungitur
1695 1900 1703 1922 ε
1724 1886 1869 1933 Colliget
1890 1893 2006 1922 autem
2027 1886 2158 1921 cineres
2175 1897 2291 1921 vaccoe

1236 1949 1287 1984 vir
1306 1948 1472 1991 mundus,
1493 1948 1529 1983 id
1547 1953 1613 1989 est,
1634 1947 1777 1993 gentilis
1796 1947 1947 1992 populus
1964 1945 2040 1991 jam
2056 1946 2126 1982 fide
2142 1946 2294 1981 munda-

1238 2014 1309 2045 tus.
1332 2009 1434 2045 Unde
1454 2014 1490 2044 et
1508 2009 1684 2054 seriptum
1702 2013 1758 2043 est
1779 2020 1786 2043 ε
1811 2006 1900 2042 Fide
1918 2007 2092 2042 mundans
2111 2007 2219 2042 corda
2236 2018 2292 2041 eo-

109 2072 247 2107 sionem
285 2070 510 2106 Dominieam
549 2068 753 2114 compellat,
785 2074 825 2104 ut
864 2068 900 2103 in
934 2068 1012 2113 ipsa
1051 2067 1165 2103 diseat
1185 2064 1214 2106 C
1238 2082 1315 2106 rum
1333 2071 1423 2118 (Act.
1449 2070 1524 2117 xv).
1551 2070 1674 2106 Vaccae
1695 2070 1837 2104 cineres
1866 2068 2011 2113 colligit,
2038 2068 2098 2113 qui
2132 2067 2292 2103 subtilis-

108 2143 216 2178 opera
239 2138 338 2169 recta
362 2143 441 2178 quae
474 2132 595 2167 saciat.
622 2131 745 2167 Potest
766 2135 888 2165 tamen
916 2130 1027 2165 etiam
1059 2129 1164 2166 aliter

109 2196 274 2242 intelligi,
296 2200 335 2230 ut
353 2205 417 2240 per
435 2194 582 2230 cedrum
613 2193 835 2240 significetur
867 2202 964 2238 spes,
992 2201 1072 2238 quae
1092 2191 1165 2227 alta

107 2257 261 2303 appetit;
283 2267 347 2302 per
372 2257 568 2302 hyssopum
590 2265 697 2299 vere,
719 2265 800 2301 quae
818 2255 928 2290 etiam
950 2254 1070 2290 calore
1101 2264 1166 2290 suo

110 2318 286 2354 stomachi
318 2317 583 2353 immunditiam
619 2321 761 2362 purgat,
802 2315 1026 2361 significatur
1061 2314 1164 2356 fides,

109 2391 188 2426 quae
216 2380 252 2415 in
281 2380 363 2415 imis
384 2379 535 2415 adversa
569 2378 821 2423 aequanimiter
842 2377 983 2418 tolerat,
1010 2382 1050 2411 ut
1072 2376 1167 2420 quod

107 2451 153 2477 ex
177 2441 353 2477 anteactis
387 2439 547 2486 peccatis
579 2443 805 2474 contractum
835 2437 965 2480 suerat,
1003 2438 1165 2472 mundet.

107 2502 176 2538 Per
197 2512 344 2539 coecum
367 2510 522 2546 quoque,
542 2505 582 2535 ut
598 2500 732 2535 dictum
754 2504 828 2541 est,
850 2498 1064 2543 exprimitur
1079 2498 1165 2531 cha-

112 2564 215 2600 ritas.
238 2563 495 2608 Unusquisque
528 2568 693 2597 nostrum
724 2561 833 2606 igitur
854 2561 889 2595 in
910 2559 1067 2602 flamma,
1089 2569 1167 2604 quae

109 2635 257 2661 vaccam
272 2628 390 2665 vorat,
416 2622 578 2663 cedrum,
605 2621 815 2666 hyssopum,
846 2629 992 2655 coecum
1021 2619 1078 2655 bis
1097 2619 1167 2655 tin-

111 2691 208 2722 ctum
230 2685 364 2727 mittat,
394 2683 429 2719 id
450 2687 517 2724 est,
539 2681 575 2716 in
608 2680 824 2716 sacrificium
844 2680 1022 2726 passionis
1044 2680 1167 2715 Domi-

109 2746 199 2782 nicae
226 2755 341 2790 spem,
369 2744 489 2785 fidem,
514 2742 726 2778 charitatem
754 2741 934 2784 exhibeat,
966 2750 1011 2776 ne
1031 2741 1168 2787 passio-

110 2816 194 2841 nem
217 2804 470 2851 Redemptoris
491 2803 546 2838 sui
569 2802 646 2838 sine
674 2811 782 2838 eausa
807 2802 929 2836 audiat
960 2802 989 2836 si
1022 2811 1093 2836 non
1123 2801 1167 2836 ad

110 2867 188 2903 haec
218 2867 328 2903 etiam
360 2875 471 2912 opera
496 2863 703 2899 necessario
735 2861 939 2908 subjungat.
968 2861 1019 2896 De
1038 2861 1166 2907 quibus

112 2929 228 2965 tribus
258 2927 391 2963 Paulus
424 2925 608 2972 apostolus
630 2925 717 2960 dicit
744 2935 752 2958 z
777 2923 882 2959 Nunc
903 2933 1018 2959 autem
1049 2929 1164 2958 ntanct

111 2989 216 3034 sides,
248 2999 338 3034 spes,
372 2988 551 3029 charitas‚·
572 2985 688 3031 major
709 2990 825 3020 autem
860 2984 913 3019 his
945 2990 993 3019 ese
1012 2983 1165 3018 charitas

112 3050 147 3097 (1
179 3050 260 3085 Cor.
297 3047 392 3095 xttt).
420 3047 523 3084 Unde
540 3052 577 3083 et
595 3047 653 3082 hie
673 3056 802 3082 coecus
818 3051 980 3082 extrema
1006 3046 1164 3091 ponitur,

111 3110 195 3154 quia
214 3108 380 3144 videlicet
409 3108 493 3151 fide,
515 3118 578 3154 spe
605 3108 797 3152 completa,
818 3117 899 3143 cum
927 3107 972 3143 ad
995 3112 1167 3143 aeternam

111 3170 266 3216 patriam
285 3168 464 3212 venimus,
483 3169 559 3205 sola
575 3168 611 3204 in
633 3169 736 3204 nobis
756 3168 915 3204 charitas
939 3168 983 3204 ad
1002 3168 1168 3204 ultimum

111 3229 424 3276 multiplicabitur.
439 3229 564 3265 Potest
580 3229 651 3265 iste
670 3230 838 3265 sacerdos
856 3229 913 3264 vel
927 3229 958 3265 is
976 3229 1037 3275 qui
1050 3238 1170 3265 vaccae

111 3299 254 3332 carnes,
268 3288 410 3335 pellem,
421 3288 648 3335 sanguinem,
663 3287 786 3324 fimum
800 3287 992 3330 comburit,
1005 3287 1168 3324 ordinem

113 3348 251 3386 Judaici
261 3348 453 3386 sacerdotii
473 3359 556 3385 cum
575 3348 760 3395 supposita
774 3347 879 3394 plebe
890 3347 927 3383 in
948 3358 1036 3384 nece
1050 3348 1169 3384 Domi-

114 3411 430 3448 niconsentientis
450 3411 604 3459 signare.
624 3410 728 3448 Unde
740 3417 776 3447 et
789 3410 906 3445 adhuc
930 3414 1014 3454 apte
1027 3408 1171 3454 subjun-

115 3471 223 3519 gitur.
239 3471 284 3507 Et
299 3477 386 3508 tune
393 3472 536 3508 demum
545 3471 630 3508 lotis
642 3471 803 3507 vestibus
811 3475 847 3506 et
860 3478 1010 3514 corpore
1019 3478 1102 3512 suo,
1114 3478 1171 3503 re-

113 3537 276 3570 vertetur
290 3533 327 3569 in
341 3537 474 3576 castra,
500 3532 854 3578 commaculatusque
885 3529 955 3565 erit
978 3537 1092 3574 usque
1123 3528 1168 3564 ad

115 3599 316 3638 vesperam.
333 3592 532 3637 Quidenim
541 3590 899 3639 pervesperam‚nisi
911 3589 1018 3626 finem
1046 3588 1170 3624 mundi

119 3648 389 3709 Qusfflt
396 3652 566 3691 sacerdos
574 3652 656 3695 iste,
671 3651 727 3688 vel
736 3651 797 3697 qui
808 3659 955 3687 vaccam
963 3648 1035 3695 igni
1046 3647 1169 3691 tradit,

120 3706 159 3747 id
166 3708 403 3758 est-Iudaicus
410 3713 577 3762 populns,
592 3713 799 3751 immundus
808 3717 865 3750 est
874 3720 986 3758 usque
994 3710 1040 3747 ad
1047 3718 1172 3754 vespe-

120 3774 215 3815 ΝΜ,
223 3769 483 3818 quimfflmead
493 3771 603 3811 finem
611 3771 735 3810 mundi
744 3771 898 3823 infidelis
914 3774 1088 3809 remanet.
1102 3767 1172 3806 Sed

238 3931 271 3950 *S

1235 2144 1295 2169 ma
1329 2137 1555 2169 sacramenta
1589 2131 1718 2166 divinae
1749 2129 2010 2164 incarnationis
2042 2127 2215 2174 agnoscit.
2251 2127 2296 2162 Et

1234 2204 1354 2230 vaccae
1367 2221 1375 2237 ,
1399 2203 1507 2239 quam
1528 2191 1695 2228 sacerdos
1716 2189 1933 2231 combussit,
1954 2190 2094 2224 cineres
2119 2188 2176 2223 vir
2195 2198 2298 2223 mun-

1235 2255 1301 2290 dus
1338 2253 1498 2298 colligit,
1528 2249 1866 2297 quia‘infirmitatis
1905 2248 2069 2290 Domini,
2098 2257 2206 2292 quam
2237 2245 2298 2281 Ju-

1238 2315 1362 2350 (laicus
1385 2314 1537 2359 populus
1555 2313 1591 2347 in
1618 2317 1735 2347 morte
1754 2310 1947 2351 mactavit,
1969 2309 2205 2345 subtilissima
2223 2318 2297 2354 my-

1236 2375 1345 2411 steria
1363 2373 1516 2419 populus
1540 2372 1683 2419 gentilis
1704 2370 1881 2415 intelligit.

1286 2436 1383 2471 Bene
1411 2439 1532 2469 autem
1554 2432 1742 2477 sequitur:
1767 2430 1814 2465 Et
1831 2429 1985 2474 effundet
2017 2430 2054 2463 in
2081 2428 2156 2462 loco
2179 2429 2294 2474 puris-

1237 2497 1323 2532 simo
1347 2500 1446 2529 eaetra
1469 2499 1598 2534 castra,
1622 2491 1706 2536 quia
1740 2490 1835 2524 idem
1867 2488 2007 2535 gentilis
2027 2487 2194 2533 populus,
2230 2488 2292 2533 qui

1238 2561 1377 2593 secreta
1402 2564 1444 2590 ac
1474 2552 1644 2599 mysteria
1664 2550 1794 2586 divinae
1820 2548 2078 2584 incarnationis
2111 2548 2285 2595 agnoseit,

1235 2618 1330 2653 bona
1361 2625 1441 2661 quae
1469 2613 1607 2659 acecpit
1637 2611 1834 2657 praedicare
1864 2620 1937 2644 non
1970 2613 2100 2651 cessat,
2123 2614 2161 2643 ut
2197 2608 2292 2654 quod

1237 2680 1316 2725 ipse
1342 2677 1523 2719 didicerit,
1557 2675 1637 2710 aliis
1668 2673 1778 2709 etiam
1811 2670 2054 2707 nescientibus
2075 2670 2291 2705 innoteseat.

1238 2739 1308 2775 Sed
1324 2739 1405 2784 quia
1422 2742 1561 2773 secreta
1578 2744 1620 2770 ae
1634 2733 1806 2780 mysteria
1823 2731 2084 2768 incarnationis
2100 2730 2295 2766 Dominieae

1236 2804 1358 2851 pravis
1373 2813 1414 2839 ac
1431 2801 1578 2848 pollutis
1597 2799 1763 2835 manibus
1782 2807 1854 2833 non
1879 2801 1962 2832 sunt
1981 2794 2169 2836 tradenda,
2199 2793 2292 2829 bene

1238 2868 1385 2909 dicitur,
1402 2863 1557 2910 effundet
1571 2863 1609 2897 in
1625 2861 1699 2896 loco
1715 2860 1902 2907 purissimo
1919 2864 2018 2893 esctra
2036 2861 2165 2892 castra.
2179 2855 2291 2890 Extra

1238 2931 1358 2963 eastra
1376 2924 1508 2970 quippe
1531 2923 1648 2958 fuerat
1663 2921 1779 2958 omnis
1799 2919 1993 2966 gentilitas,
2014 2918 2098 2964 quia
2119 2921 2222 2952 extra
2242 2915 2293 2950 le-

1236 3000 1330 3036 gem,
1350 2992 1454 3024 extra
1470 2985 1705 3026 sacrificium,
1722 2988 1824 3019 extra
1839 2989 2070 3029 synagogam.
2084 2978 2155 3014 Sed
2171 2983 2291 3012 tamen

1238 3052 1284 3087 ad
1320 3049 1429 3086 fidem
1458 3048 1607 3083 veniens
1637 3056 1699 3082 eor
1724 3043 1922 3086 mundavit,
1954 3047 1990 3077 et
2023 3041 2059 3076 in
2088 3049 2131 3075 ea
2152 3038 2293 3074 eineres

1238 3121 1359 3147 vaecae
1375 3109 1586 3151 funduntur,
1605 3107 1689 3152 quia
1709 3105 1844 3141 mundo
1860 3102 1959 3138 cordi
1974 3098 2186 3147 gentilitatis
2215 3106 2295 3142 my-

1244 3171 1396 3208 sterium
1414 3169 1610 3206 Dominicae
1630 3163 1890 3202 incarnationis
1909 3160 2078 3196 creditur.
2105 3155 2205 3191 Multi
2220 3155 2290 3190 ita-

1241 3242 1311 3279 que
1332 3242 1377 3269 ex
1395 3229 1596 3278 gentilitate
1617 3223 1792 3263 conversi,
1819 3219 2072 3266 praedicatores
2090 3219 2174 3251 sunt
2186 3213 2289 3256 sacti,

1243 3298 1279 3329 et
1298 3292 1415 3328 eidem
1442 3286 1633 3336 gentilitati
1651 3281 1810 3319 venienti
1837 3279 1881 3314 ad
1913 3278 2020 3313 fidem
2040 3274 2292 3320 Redemptor-is

1241 3352 1416 3400 mysteria
1436 3349 1674 3386 tradiderunt.
1705 3342 1770 3378 Vir
1786 3350 1873 3386 ergo
1892 3337 2045 3374 mundus
2067 3336 2104 3372 in
2122 3335 2203 3371 loco
2224 3344 2291 3380 pu·

1241 3413 1385 3449 rissimo
1403 3418 1521 3444 vaccae
1537 3407 1678 3442 cineres
1694 3400 1822 3443 fundit,
1840 3399 1924 3434 dum
1938 3397 2089 3443 quilibet
2106 3396 2230 3432 doctor
2245 3403 2291 3430 ex

1241 3470 1443 3518 gentilitate
1462 3467 1682 3509 assumptus,
1699 3459 1831 3496 munda
1845 3467 1909 3505 per
1925 3456 2165 3494 humilitatem
2182 3454 2290 3490 eorda

1242 3528 1430 3576 gentilium
1449 3523 1614 3570 requirit,
1636 3525 1674 3558 et
1692 3519 1865 3567 mysteria
1885 3517 1939 3554 eis
1957 3514 2208 3562 Redemptoris
2227 3522 2290 3549 no-

1238 3587 1303 3624 stri
1340 3585 1483 3622 tradere
1512 3592 1584 3619 non
1619 3579 1774 3617 desistit.
1797 3577 1901 3623 Quod
1934 3586 2016 3614 eum
2041 3574 2170 3622 agitur,
2201 3571 2291 3608 fides

1238 3645 1424 3694 gentilium
1461 3641 1734 3688 multiplicatur,
1775 3637 1896 3676 divina
1924 3637 2041 3673 virtus
2066 3631 2287 3681 agnoscitur,

1240 3705 1428 3752 disciplina
1446 3708 1710 3750 praeceptorum
1727 3703 1884 3736 tenetur.
1905 3695 2008 3735 Unde
2025 3699 2064 3733 et
2079 3697 2178 3731 recte
2198 3689 2286 3728 sub-

1237 3764 1425 3812 iungitur:
1449 3761 1494 3799 Ut
1523 3763 1593 3799 eim
1611 3758 1827 3798 multitudini
1856 3756 2013 3804 liliorum
2037 3750 2151 3792 Israel
2170 3751 2209 3788 in
2224 3759 2287 3786 εα-
