2540 4016
70 191 116 230 97
752 179 1089 239 COMMENTARIA
1113 179 1161 218 IN
1187 178 1398 217 EXODUM.
1425 199 1472 206 —-
1495 179 1583 216 LIB.
1610 180 1652 216 11.
2205 185 2252 225 93

71 270 104 302 et
119 263 319 301 custodiunt
337 262 508 310 praecepta
521 266 612 301 mea,
627 259 701 294 etc.
714 253 818 293 Nunc
832 265 920 303 ergo
931 255 1119 292 videamus
1137 258 1173 299 Α
1187 264 1289 303 quem
1305 253 1516 300 proeparavit
1534 252 1630 288 Deus
1647 251 1788 288 diabolo
1805 256 1839 289 et
1857 255 1989 300 angelis
2009 257 2086 304 eJ‘us
2104 251 2252 308 (Manli.

71 328 268 364 secundum
285 325 378 361 hanc
397 330 507 369 quam
524 319 683 356 diximus
698 319 923 366 progeniem,
942 318 1123 364 quomodo

71 388 166 425 Deus
189 390 335 434 peecata
355 389 500 430 patrum
522 381 650 417 reddat
675 380 714 416 in
743 379 836 417 filios
861 380 899 416 in
925 380 1071 416 tertiam
1087 383 1124 416 et

71 454 236 495 quartam
262 443 479 493 progeniem,
501 447 538 478 et
560 442 598 478 in
615 442 713 489 ipsos
739 452 811 478 non
832 442 959 478 reddat
985 447 1121 489 patres.

69 509 166 545 Nihil
186 507 280 545 enim
313 505 356 541 de
386 503 551 551 patribus
583 503 687 540 dixit.
722 503 894 540 Diabolus
919 513 1007 549 ergo
1040 503 1125 548 quia

69 567 240 618 peccandi
249 565 326 612 jam
342 566 489 600 modum
515 565 684 607 excessit,
707 564 801 600 sicut
819 564 997 611 propheta
1022 564 1123 608 dicit,

70 627 369 678 quemadmodum
382 626 637 662 vestimentum
653 625 689 661 in
705 626 882 672 sanguine
898 631 1124 669 concretum,

69 701 140 727 non
160 688 230 724 erit
262 686 455 729 mundum,
479 685 530 720 ita
549 691 586 722 et
618 686 693 732 ipse
721 686 880 722 nouerit
906 686 1061 722 mundus
1087 685 1125 722 in

68 751 135 787 hoc
170 748 315 791 saeculo,
348 747 689 793 neque-corripitur
721 758 786 793 pro
816 754 980 794 peccato,
1007 757 1126 793 neque

66 810 275 858 flagellatur.
306 808 435 846 Omnia
466 819 621 854 namque
641 808 675 844 ei
698 814 841 845 servata
860 815 944 845 sunt
969 809 1006 844 in
1024 807 1124 843 sutu-

68 882 160 906 rum.
185 870 285 907 Unde
309 876 345 905 et
363 869 440 915 ipse
459 869 578 905 sciens
594 869 662 905 sihi
683 869 768 904 i-llud
788 875 963 905 statutum
985 876 1127 915 tempus

67 944 147 969 csse
166 941 370 979 poenarum,
391 931 531 966 dicebat
544 931 590 966 ad
611 929 836 965 Salvatorem
861 942 868 964 :
893 929 986 972 Quid
1003 931 1126 964 venisti

67 1000 146 1029 attw
175 1000 308 1039 tempus
333 999 491 1037 torquere
515 1002 576 1026 nos
601 990 750 1031 (ΜαιιΙι.
776 989 885 1036 v111)?
919 990 1011 1025 Dum
1036 1001 1124 1036 ergo

69 1060 139 1091 stat
160 1055 218 1090 hic
238 1053 405 1094 mundus,
430 1057 579 1097 peccata
603 1061 669 1086 sua
701 1061 772 1086 non
795 1051 923 1097 recipit
945 1051 1122 1093 diabolus,

68 1114 128 1160 qui
146 1121 203 1149 est
216 1112 443 1160 peccantium
455 1117 572 1156 pater.
597 1111 809 1147 Redduntur
830 1118 950 1148 autem
966 1112 1002 1147 in
1017 1112 1123 1155 lilios,

1191 315 1292 362 xxv).
1322 315 1519 352 Possumus
1545 319 1582 350 et
1605 313 1676 350 alio
1701 314 1810 350 modo
1829 315 1925 350 hane
1953 320 2171 357 sententiam
2197 322 2255 359 in·

1193 377 1373 423 telligere,
1401 377 1484 423 quia
1513 376 1602 413 dicit
1631 375 1743 420 Deus,
1770 376 1868 423 quod
1893 376 2006 413 visitet
2035 379 2254 426 iniquitatem

1191 444 1333 486 patrum
1349 439 1385 474 in
1399 438 1491 485 filios
1505 439 1542 474 in
1557 439 1698 475 tertiam
1708 445 1740 474 et
1750 445 1917 486 quartam
1931 441 2202 487 yenerationem,
2214 450 2255 480 ut

1192 499 1228 535 in
1239 500 1298 537 his
1314 501 1377 546 qui
1396 506 1547 546 peccata
1561 506 1707 547 patrum
1722 506 1937 546 sequuntur,
1950 500 2056 546 justae
2069 504 2256 540 sententiae

1193 562 1376 598 damnatio
1393 567 1620 608 permaneat.
1642 561 1735 598 Nam
1756 562 1860 608 quasi
1879 562 2055 609 injustitia
2075 563 2257 600 videretur

1193 622 1305 658 alium
1333 633 1500 670 peccare,
1532 628 1569 660 et
1598 623 1708 659 alium
1732 622 1834 660 luere
1851 628 2013 670 peecata.
2047 623 2119 661 Sed
2145 635 2191 661 ex
2215 636 2258 661 eo

1193 686 1290 732 quod
1318 686 1505 731 sequitur,
1527 686 1581 722 his
1610 686 1670 733 qui
1695 696 1750 721 me
1774 685 1936 730 oderunt,
1968 686 2258 723 comminationis

1194 747 1271 784 sive
1303 748 1475 794 praecepti
1511 748 1722 784 scandalum
1755 749 1920 785 solvitur.
1954 747 2033 785 Non
2060 747 2141 784 ideo
2162 749 2259 784 enim

1193 809 1393 854 puniuntur
1411 809 1448 845 in
1466 810 1574 845 tertia
1592 816 1629 845 et
1647 815 1776 856 quarta
1794 810 2048 857 generatione,
2067 811 2152 857 quia
2170 811 2260 848 deli-

1194 875 1352 915 querunt
1366 875 1490 915 patres
1499 880 1640 914 eorum,
1658 881 1739 907 cum
1756 877 1878 918 patres
1895 872 2014 918 potius
2030 872 2093 918 qui
2108 871 2258 910 suerunt

1194 935 1405 976 peccatores
1418 931 1539 976 puniri
1555 931 1775 975 debuerunt;
1799 932 1862 967 sed
1880 933 1964 979 quia
1989 939 2135 979 patrum
2152 934 2243 971 exsti

1195 997 1318 1027 terunt
1346 992 1600 1036 aemulatores,
1622 1001 1659 1029 et
1684 994 1841 1030 oderunt
1868 994 1996 1039 Deum,
2027 996 2261 1034 haereditario

1195 1053 1290 1089 malo
1306 1058 1342 1089 et
1357 1053 1545 1099 impietate
1559 1054 1760 1100 perierunt,
1781 1056 1818 1091 in
1836 1066 1958 1092 ramos
1975 1067 2119 1103 quoque
2135 1059 2179 1095 de
2201 1069 2260 1094 ra-

1196 1114 1275 1150 dice
1301 1120 1500 1150 crescente.
1525 1114 1618 1150 Sunt
1644 1115 1705 1160 qui
1731 1115 1799 1150 lioc
1821 1117 1918 1161 quod
1948 1128 2045 1154 nunc
2071 1119 2107 1153 in
2138 1119 2262 1156 Exodo

66 1177 103 1213 id
131 1181 188 1212 est
217 1176 254 1211 in
277 1185 340 1211 eos
369 1184 458 1220 quos
497 1173 620 1220 genuit
655 1182 720 1219 per
741 1179 944 1218 peccatum.
984 1172 1127 1207 Etenim
1146 1173 1178 1212 B
1197 1176 1373 1221 scriptum
1402 1182 1478 1221 cst,
1505 1175 1669 1212 Reddens
1694 1177 1898 1224 iniquitates
1922 1185 2061 1225 patrum
2089 1191 2195 1226 super
2221 1182 2263 1225 fi-

67 1237 232 1273 homines
266 1237 303 1271 in
337 1245 447 1271 carne
478 1234 587 1280 positi
618 1234 863 1279 corripiuntur
897 1244 917 1268 a
956 1233 1124 1277 Domino,

68 1298 328 1340 verberantur,
357 1295 595 1343 flagellantur.
622 1294 701 1330 Non
730 1295 826 1329 enim
850 1294 925 1329 vult
952 1294 1126 1330 Dominus

67 1364 221 1395 mortem
243 1357 458 1405 peccatoris,
489 1356 553 1392 sed
581 1361 620 1391 ut
651 1361 856 1391 revertatur
881 1361 918 1391 et
942 1356 1051 1391 vivat.
1083 1356 1127 1391 Et

68 1424 260 1464 propterea
292 1417 469 1464 benignus
500 1421 536 1452 et
568 1415 775 1451 misericors
801 1415 976 1451 Dominus
1009 1416 1127 1451 reddit

67 1484 214 1524 peccata
236 1484 381 1524 patrum
406 1478 442 1512 in
471 1476 585 1521 filios,
607 1482 646 1512 ut
663 1477 843 1522 quomodo
859 1483 994 1523 patres,
1017 1477 1054 1512 id
1072 1482 1129 1513 cst

70 1540 233 1576 diabolus
252 1546 288 1576 et
307 1539 423 1586 angeli
450 1538 543 1584 ejus,
572 1539 765 1585 caeterique
793 1540 975 1586 principes
1003 1540 1127 1575 mundi

69 1611 111 1637 ac
135 1607 292 1637 rectores
325 1602 555 1637 tenebrarum
584 1602 714 1636 harum
746 1602 796 1647 (et
827 1602 895 1646 ipsi
923 1602 1019 1636 enim
1046 1601 1125 1638 el'li-

69 1662 213 1697 ciuntur
239 1667 361 1707 patres
379 1660 519 1706 peccati
539 1661 632 1696 sicut
657 1666 694 1695 ct
715 1660 908 1705 diabolus),
930 1662 1126 1707 quomodo,

70 1729 232 1773 inquam,
254 1733 376 1773 patres
394 1726 452 1762 isti
474 1727 610 1774 indigni
629 1733 713 1763 sunt
734 1727 796 1773 qui
818 1728 853 1763 in
876 1729 1046 1773 praesenti
1062 1740 1130 1765 sae-

70 1789 151 1826 culo
173 1789 436 1833 corripiantur,
458 1787 521 1822 sed
541 1787 577 1822 in
598 1787 719 1824 futuro
746 1789 926 1833 recipiunt
954 1800 1032 1835 quae
1054 1800 1130 1826 me-

71 1856 208 1892 rentur,
224 1849 287 1884 filii
301 1857 441 1890 eorum,
459 1847 495 1882 id
508 1854 578 1889 est,
595 1858 685 1892 quos
699 1857 851 1894 peccare
863 1851 1128 1894 persuaserint,

69 1912 186 1958 etqui
211 1909 444 1946 nihilominus
471 1919 536 1954 per
564 1909 661 1955 ipsos
690 1910 794 1945 asciti
823 1910 957 1946 l'uerint
983 1913 1027 1948 ad
1046 1922 1131 1947 con-

71 1973 221 2010 sortium
253 1971 535 2016 societatemque
564 1971 730 2015 peccati,
768 1971 805 2006 lii
840 1972 1017 2017 reciplunt
1049 1983 1129 2017 quae

70 2039 281 2081 gesserunt:
299 2038 338 2068 ut
355 2033 583 2079 purgatiores
605 2033 649 2068 ad
667 2033 827 2069 futurum
853 2034 1020 2071 saeculum
1041 2045 1128 2080 per-

1197 1237 1262 1273 lios
1282 1238 1319 1273 in
1342 1239 1481 1274 tertiam
1502 1244 1533 1274 et
1554 1245 1718 1285 quartam
1746 1240 2024 1285 uenerationem,
2053 1242 2103 1278 ita
2128 1242 2263 1279 edisse-

1196 1304 1293 1342 rant,
1315 1305 1353 1334 ut
1368 1300 1414 1335 ad
1430 1299 1590 1335 animam
1607 1299 1803 1336 humanam
1826 1302 2042 1338 sententiam
2065 1302 2226 1340 referant
2252 1316 2260 1340 :

1196 1368 1339 1408 patrem
1362 1362 1398 1397 in
1430 1362 1548 1405 nohis,
1583 1362 1662 1398 leve
1682 1370 1855 1409 punctum
1890 1374 2060 1400 sensuum
2080 1371 2117 1400 et
2140 1365 2263 1404 incen-

1197 1424 1272 1459 tiva
1290 1423 1463 1459 vitiorum
1487 1433 1568 1459 esse
1592 1424 1768 1467 dicentes,
1798 1425 1912 1460 lilium
1932 1436 2018 1462 vero
2037 1426 2067 1461 si
2094 1426 2264 1472 cogitatio

1197 1492 1386 1532 peccalum
1415 1486 1636 1532 conceperit.
1667 1485 1856 1533 Nepotem,
1880 1488 1910 1523 si
1933 1489 2029 1533 quod
2049 1489 2264 1534 cogitaveris

1197 1552 1306 1592 atque
1338 1547 1576 1592 conceperis,
1611 1556 1720 1592 opere
1751 1551 1986 1594 perpetraris.
2021 1547 2265 1594 Pronepotem

1198 1613 1334 1650 autem,
1355 1607 1424 1642 lioc
1439 1612 1507 1650 est,
1519 1607 1791 1653 generationem
1807 1613 1990 1653 quartam,
2009 1609 2040 1644 si
2060 1619 2132 1644 non
2147 1609 2265 1644 solum

1196 1666 1328 1703 seceris
1351 1667 1448 1712 quod
1478 1666 1612 1702 malum
1641 1673 1698 1702 est
1724 1673 1761 1702 et
1797 1668 1991 1704 scelestum
2012 1695 2022 1712 ,
2045 1670 2108 1705 sed
2135 1669 2171 1704 in
2197 1670 2265 1705 tuis

1197 1727 1398 1764 sceleribus
1424 1727 1605 1774 glorieris,
1626 1728 1827 1765 secundum
1855 1728 1943 1766 illud
1967 1730 2064 1776 quod
2084 1730 2262 1778 scriptum

1198 1793 1255 1824 est
1289 1800 1296 1822 :
1326 1787 1463 1834 Impius
1491 1800 1569 1823 cum
1599 1789 1635 1823 in
1665 1790 1881 1835 profundum
1911 1790 2086 1827 malorum
2122 1795 2266 1838 venerit,

1198 1850 1384 1886 contemnit
1412 1848 1534 1896 (Prov.
1557 1850 1676 1897 xvui).
1701 1851 1802 1894 Quod
1821 1857 1943 1887 autem
1965 1852 2070 1898 juxta
2087 1853 2263 1891 Ezechie-

1198 1911 1269 1946 lem
1290 1911 1464 1947 Dominus
1483 1911 1568 1946 uicit
1587 1923 1594 1945 :
1619 1911 1714 1953 Quid
1735 1918 1783 1947 est
1805 1912 1898 1958 quod
1925 1913 2016 1948 inter
2032 1925 2090 1949 vos
2107 1915 2260 1961 parabo-

1199 1972 1270 2007 lam
1292 1973 1423 2007 vertitis
1438 1973 1474 2007 in
1492 1973 1713 2018 proverbium
1728 1974 1822 2008 istud
1843 1975 1879 2008 in
1899 1980 1994 2010 terra
2010 1975 2124 2012 Israel
2143 1977 2261 2014 dicen-

1202 2040 1264 2077 tes,
1300 2032 1427 2069 Patres
1450 2033 1674 2069 comederunt
1701 2046 1804 2070 uvam
1826 2036 2010 2081 acerbam,
2032 2044 2063 2073 et
2087 2039 2205 2075 dentes
2223 2042 2267 2085 li-

71 2101 167 2142 gant,
195 2100 231 2130 et
247 2094 341 2130 ultra
358 2094 501 2130 diabolo
519 2094 607 2130 socii
635 2105 707 2130 non
727 2095 929 2131 efficiantur
947 2097 984 2131 in
1007 2107 1128 2142 poena.
1151 2096 1181 2136 C
1203 2094 1331 2130 tiorum
1350 2095 1602 2140 obstupuerunt
1622 2104 1633 2129 :
1656 2094 1741 2130 Vivo
1764 2107 1840 2142 eyo,
1864 2096 1946 2132 dicit
1964 2098 2136 2134 Dominus
2155 2100 2266 2144 Deus,

73 2156 163 2200 Quia
180 2166 266 2203 ergo
286 2157 493 2192 misericors
515 2162 570 2192 est
594 2156 789 2200 Dominus,
817 2166 851 2194 et
869 2168 997 2195 omnes
1015 2160 1133 2196 hoini-

72 2226 136 2251 nes
166 2216 241 2251 vult
275 2216 392 2252 salvos
426 2217 519 2260 lieri,
544 2223 737 2263 propterea
767 2218 881 2254 dicit:
907 2218 1063 2255 Visitabo
1094 2221 1130 2256 in

73 2278 168 2323 virqa
191 2279 350 2325 facinora
369 2290 501 2323 eorum,
530 2286 562 2315 et
591 2281 627 2315 in
656 2281 805 2327 flagellis
827 2288 970 2327 peccata
994 2293 1128 2319 eorum.

75 2346 355 2382 Misericordiam
371 2352 487 2382 autem
503 2357 615 2382 meam
631 2358 700 2382 non
714 2348 874 2393 auferam
887 2348 929 2383 ab
948 2349 997 2384 eis
1014 2348 1128 2396 (Psal.

74 2407 263 2454 Lxxxvni).
286 2407 417 2443 Visitat
443 2408 552 2453 igitur
579 2409 751 2445 Dominus
780 2410 920 2446 animas
948 2416 985 2447 ct
1011 2412 1130 2457 requi-

73 2469 134 2511 rit,
153 2479 241 2513 quas
260 2468 335 2514 ipse
352 2469 530 2515 pessimus
546 2471 781 2515 persuasione
799 2473 938 2518 peceati
954 2478 1057 2519 pater
1071 2484 1131 2519 ger

72 2530 204 2572 nuerit,
230 2535 265 2565 et
285 2529 372 2565 dicit
393 2531 438 2565 ad
456 2541 750 2578 unamquamque
767 2543 894 2568 earum
916 2545 925 2568 ε
952 2534 1068 2576 Audi,
1091 2535 1132 2579 si-

73 2589 143 2633 tia,
163 2596 194 2625 et
211 2590 302 2634 vide,
323 2597 354 2626 et
379 2591 508 2627 inclina
527 2605 648 2628 aurem
670 2601 781 2638 tuam,
801 2602 831 2630 et
852 2595 1050 2631 obliviscere
1070 2608 1132 2642 po-

74 2649 194 2695 pulum
213 2656 324 2693 tuum,
337 2655 369 2685 et
386 2651 528 2686 domum
550 2654 661 2698 patris
678 2655 728 2688 tui
752 2653 867 2700 (Psat.
888 2655 976 2700 xvi).
1001 2654 1132 2690 visitat

75 2719 160 2756 ergo
178 2715 317 2754 tempus
331 2716 520 2756 peccatum
534 2717 570 2747 et
586 2718 791 2749 commonet
809 2719 843 2749 te
862 2726 869 2748 :
891 2720 926 2750 et
941 2714 977 2749 in
992 2715 1132 2760 flagello

75 2777 111 2806 et
131 2770 168 2805 in
183 2771 282 2817 virga
303 2776 336 2807 te
350 2771 474 2807 visitat
493 2783 560 2818 pro
578 2779 740 2818 peceato,
762 2776 860 2820 quod
879 2775 946 2811 tihi
967 2776 1132 2814 diabolus

75 2835 178 2878 pater
194 2831 367 2876 su'njecit,
388 2837 424 2867 ut
442 2833 570 2869 reddat
586 2833 674 2869 illud
696 2835 760 2870 tilii
774 2835 811 2870 in
830 2836 986 2882 signum,
1009 2838 1045 2874 id
1060 2844 1130 2882 est,

75 2891 160 2926 dum
186 2891 224 2926 in
244 2900 394 2937 corpore
418 2892 518 2938 degis
541 2904 550 2928 z
573 2893 677 2930 etsie
698 2895 908 2941 completur,
932 2898 1033 2933 reddi
1048 2908 1132 2944 pec-

75 2956 155 2987 cata
174 2958 318 2997 patrum
336 2952 374 2987 in
395 2952 495 2989 sinus
514 2953 672 2990 filiorum
692 2966 730 2990 in
746 2956 890 2992 tertiam
910 2966 946 2994 et
964 2965 1132 3004 quartam

75 3014 294 3059 progeniem.
331 3014 506 3051 Dominus
538 3017 636 3052 enim
666 3017 787 3054 zelans
819 3024 875 3055 est
903 3025 939 3055 et
972 3021 1130 3057 animam
1149 2998 1185 3037 D

77 3083 184 3120 quam
202 3075 270 3112 sibi
295 3076 484 3123 despondit
504 3077 541 3113 in
559 3078 642 3122 lide,
672 3090 743 3115 non
766 3080 842 3116 vult
870 3081 967 3118 illam
991 3094 1135 3129 perma-

78 3144 163 3180 nere
188 3136 224 3172 in
249 3137 556 3181 contaminatione
582 3140 735 3184 peccati,
758 3141 822 3176 sed
849 3142 925 3177 vult
954 3153 1035 3179 eam
1063 3145 1134 3180 cito

77 3195 236 3246 purgari,
269 3203 307 3233 et
327 3197 510 3234 weloeiter
541 3197 698 3243 abjicere
728 3210 855 3237 onmes
888 3202 1136 3240 immunditias

78 3265 188 3302 suas,
228 3258 332 3294 sicuti
373 3258 466 3295 forte
500 3266 707 3306 surreptum
744 3267 812 3298 est.
855 3262 894 3298 Si
933 3274 1019 3300 vero
1054 3275 1138 3311 per-

107 3321 198 3363 ·anet
226 3317 265 3353 in
290 3318 450 3364 peccatis
474 3324 511 3355 et
536 3319 639 3364 dicit,
671 3319 750 3357 Non
783 3322 973 3360 audiemus
1007 3333 1134 3361 vocem

76 3324 232 3502 ἓωύιιί,
261 3378 324 3415 sed
351 3377 526 3416 facientes
547 3379 721 3418 faciemus
746 3383 951 3421 voluntates
976 3390 1132 3429 nostras,

102 3432 364 3499 'incendemus
384 3442 493 3478 thura
508 3445 642 3490 reginae
659 3444 756 3489 coeli,
775 3445 869 3482 sicut
892 3448 1135 3494 exprobratur

144 3495 395 3551 prophetam,
416 3508 502 3541 tunc
521 3512 715 3542 servantur
731 3507 840 3544 etiam
870 3509 938 3555 ipsi
966 3510 1013 3545 ad
1034 3509 1135 3546 illam

80 3506 274 3628 &entiae
299 3567 516 3603 sententiam
533 3577 615 3614 quae
639 3568 728 3606 dicit
753 3581 762 3605 ;
787 3569 964 3613 Quoniam
991 3570 1132 3618 quidem

112 3634 139 3689 *ἐ-
162 3643 245 3679 «ρ,
266 3634 299 3675 εἰ
317 3639 388 3667 noa
411 3630 618 3676 audiebatis,
647 3633 708 3669 sed
731 3634 931 3671 irridebatis
956 3644 1132 3672 sermones

114 3776 122 3807 ι,
223 3736 225 3740 ·
263 3731 282 3738 “
356 3747 506 3802 Helm-5³
514 3753 783 3799 qum-positast
798 3754 1131 3804 tuisinuvangeuo,

430 3808 639 3862 ,μρςῳρὶιε
652 3824 676 3853 a
690 3825 746 3859 ma
762 3816 803 3852 ia
821 3816 937 3864 iguem
948 3823 1134 3864 ωωηιίιηι,

1200 2156 1230 2191 si
1266 2158 1331 2191 erit
1359 2158 1451 2193 vobis
1485 2157 1580 2192 ultra
1615 2157 1786 2203 parabola
1808 2159 1882 2194 ltoec
1914 2159 1950 2194 in
1980 2162 2198 2206 proverbium
2224 2165 2260 2199 in

1199 2218 1328 2254 Israel.
1353 2218 1445 2254 Ecce
1464 2230 1581 2254 omnes
1602 2220 1730 2255 animw
1750 2232 1835 2256 mete
1857 2228 1937 2257 sunt
1959 2233 1971 2258 :
1995 2229 2031 2258 ut
2059 2225 2178 2261 anima
2196 2237 2262 2273 pa-

1200 2282 1276 2326 tris⁷
1294 2281 1342 2316 ita
1364 2288 1395 2316 et
1412 2282 1530 2317 anima
1551 2283 1618 2328 filii
1635 2294 1711 2319 mea
1733 2290 1794 2319 est.
1816 2284 1944 2321 Anima
1962 2299 2039 2334 quae
2056 2291 2262 2335 peccaverit,

1199 2342 1275 2388 ipsa
1302 2343 1472 2377 morietur
1492 2343 1639 2390 (Execlt.
1664 2345 1783 2393 xviii).
1802 2345 2011 2384 Manifestat
2028 2351 2124 2395 quod
2140 2350 2263 2396 justus

1196 2405 1307 2451 judex
1337 2406 1533 2452 unicuique
1561 2408 1760 2443 secundum
1788 2409 1935 2453 propria
1966 2410 2092 2447 reddet
2117 2413 2261 2449 merita.

1202 2467 1305 2504 Sicut
1324 2469 1422 2504 enim
1439 2475 1591 2514 peccata
1612 2469 1770 2504 filiorum
1788 2480 1861 2505 non
1880 2477 2010 2506 nocent
2024 2472 2189 2516 patribus
2203 2474 2264 2519 qui

1199 2540 1271 2565 non
1301 2540 1454 2575 pravum
1490 2531 1696 2575 exemplum
1723 2532 1864 2576 peccati
1897 2532 1981 2568 filiis
2015 2534 2259 2579 praehuerunt‚

1200 2590 1250 2625 ita
1283 2594 1433 2634 peccata
1459 2594 1605 2634 patrum
1639 2590 1848 2636 iniquorum
1879 2602 1952 2628 non
1985 2593 2189 2632 redundant
2218 2598 2263 2634 ad

1201 2649 1314 2692 lilios,
1345 2650 1375 2685 si
1395 2659 1521 2685 eorum
1551 2650 1752 2687 imitatores
1780 2651 1816 2687 in
1845 2652 1940 2688 malo
1969 2664 2041 2690 non
2059 2655 2169 2700 fiunt;
2201 2660 2264 2695 sed

1201 2712 1320 2746 anima
1341 2722 1419 2758 quw
1441 2713 1647 2758 peccaverit,
1676 2714 1753 2759 ipsa
1770 2715 1952 2750 morietur.
1970 2715 2049 2752 Non
2068 2717 2263 2756 abolitione

1201 2773 1324 2818 utique
1349 2773 1584 2818 substantiae,
1606 2774 1670 2810 sed
1686 2783 1732 2810 ex
1753 2775 1831 2821 ejus
1860 2778 2034 2814 consortii
2060 2779 2263 2823 privatione

1202 2835 1263 2879 qui
1296 2834 1396 2877 dicit,
1430 2834 1505 2881 Eyo
1522 2845 1600 2869 sum
1621 2835 1691 2870 vita
1711 2834 1831 2882 (Joan.
1854 2837 1943 2884 xiv).
1970 2837 2015 2873 Et
2043 2838 2128 2875 alibi
2157 2840 2267 2886 loqui-

1202 2902 1260 2932 tur
1281 2908 1289 2932 :
1310 2896 1432 2932 Omnis
1450 2897 1510 2944 qui
1536 2898 1618 2933 vivit
1635 2903 1668 2932 ct
1686 2898 1794 2933 credit
1810 2899 1844 2933 in
1868 2910 1933 2942 me,
1960 2911 2030 2935 uon
2045 2902 2212 2937 morietur
2231 2904 2267 2938 in

1203 2966 1385 2995 ceter-num.
1419 2959 1544 3004 Amen,
1581 2971 1683 2996 maen
1717 2960 1794 2995 dico
1834 2961 1947 3006 vobis,
1980 2961 2040 3008 qui
2071 2973 2267 2999 sermonem

1204 3031 1319 3055 meum
1351 3021 1551 3063 servaverit,
1586 3026 1733 3055 mortem
1766 3031 1836 3056 non
1867 3021 1995 3056 videbit
2023 3022 2061 3057 in
2099 3029 2267 3060 (eternum

1206 3080 1328 3128 (Joan.
1348 3081 1399 3127 v).
1433 3079 1507 3116 Vita
1523 3081 1616 3116 enim
1637 3087 1759 3116 nostra
1780 3081 1986 3118 abscondita
2000 3090 2051 3118 est
2067 3070 2145 3119 cum
2163 3083 2266 3120 Clu-i-

1206 3147 1257 3176 sto
1275 3142 1312 3176 in
1326 3141 1400 3177 Deo
1419 3139 1569 3188 (Coloss.
1599 3140 1670 3188 111),
1693 3140 1779 3188 quia
1802 3141 1934 3178 victuri
1952 3152 2099 3188 sumus,
2121 3145 2266 3190 quando

1207 3203 1374 3239 Christus
1396 3204 1606 3249 apparuerit
1620 3204 1695 3239 vita
1720 3209 1846 3240 nostra
1867 3205 1905 3240 in
1923 3205 2051 3251 gloria.
2077 3207 2122 3242 Et
2142 3205 2267 3251 imple-

1206 3264 1304 3300 bitur
1322 3265 1410 3301 illud
1428 3265 1525 3311 quod
1543 3265 1719 3311 scriptum
1736 3272 1792 3301 est
1812 3277 1819 3301 :
1842 3265 1965 3309 Amen,
1987 3277 2089 3301 amen
2110 3266 2190 3300 dico
2209 3276 2267 3301 vo-

1204 3326 1268 3370 bis,
1289 3328 1349 3373 qui
1365 3338 1560 3363 sermonem
1586 3338 1703 3363 meum
1735 3327 1851 3371 audit,
1878 3333 1911 3362 et
1938 3327 2047 3362 credit
2076 3327 2110 3361 ei
2133 3326 2192 3373 qui
2211 3338 2266 3364 me

1203 3387 1310 3430 misit,
1332 3387 1435 3424 habet
1454 3388 1560 3424 vitam
1578 3394 1760 3431 oeternam,
1779 3393 1811 3423 et
1835 3388 1872 3422 in
1885 3387 2061 3432 judicium
2075 3397 2145 3422 non
2159 3387 2264 3433 venit,

1203 3448 1263 3484 sed
1277 3448 1471 3484 transibica
1485 3454 1596 3484 morte
1611 3449 1648 3483 in
1664 3448 1734 3483 vita
1746 3447 1868 3493 (Joan.
1889 3444 1982 3492 vlu).
2001 3444 2074 3493 [Ex
2090 3445 2263 3496 Isidoro]

1202 3509 1367 3546 Primum
1388 3510 1548 3556 decalogi
1565 3508 1776 3545 mandatum
1789 3505 1835 3542 ad
1854 3506 1970 3543 Deum
1986 3505 2132 3545 Patrem
2151 3510 2266 3556 perti-

1204 3578 1268 3609 net
1281 3573 1366 3609 dum
1384 3573 1472 3610 dicit
1488 3585 1497 3609 ι

1251 3633 1424 3670 Dominus
1444 3634 1541 3669 Deus
1570 3638 1672 3676 tuas,
1704 3632 1802 3670 Deus
1825 3643 1919 3670 unus
1942 3638 2007 3670 est.
2034 3633 2168 3688 Utique
2185 3633 2274 3688 haec·

1206 3695 1369 3738 audiens,
1398 3704 1512 3730 unum
1527 3693 1653 3730 'Deum
1682 3699 1826 3741 patrem
1857 3695 1970 3739 colas,
2001 3699 2039 3731 et
2069 3694 2108 3730 in
2128 3693 2262 3732 multos

1207 3756 1312 3793 fictos
1345 3756 1434 3793 deos
1459 3755 1736 3793 fornicationem
1762 3761 1862 3793 tuam
1895 3765 1969 3794 non
1997 3754 2174 3794 effundas.
2192 3755 2263 3794 Se-

1207 3817 1365 3854 cundum
1383 3822 1604 3864 pmeeptum
1622 3817 1669 3854 ad
1685 3815 1799 3854 lilium
1815 3816 1973 3864 pertinet
1995 3817 2081 3855 dum
2098 3817 2211 3855 dicit:

1958 3887 1962 3905 l
1999 3888 2010 3907 Ἰ
