2540 4016
37 310 57 324 “·
106 314 187 345 nm
208 305 287 354 tpso
303 308 522 346 sacrificium
539 308 645 345 vellet
663 310 804 356 offerre,
823 312 922 350 velut
938 315 1157 361 adjuvandus

103 364 186 414 ejus
209 367 403 413 praesentia
431 369 646 406 sanctitatis.
671 369 790 414 Quaeri
818 377 938 418 potest
956 385 1068 420 quare
1086 378 1156 416 Ge-

36 443 57 475 3
77 450 86 482 ἓ
106 427 199 464 deon
215 435 324 464 ausus
339 428 450 466 suerit
466 430 684 468 sacrificium
705 432 834 470 offerre
850 435 925 472 Deo
946 444 1078 483 praeter
1107 439 1158 476 lo—

43 482 57 538 ξ
78 487 85 515 ·'
104 496 187 526 cum
205 489 264 526 uhi
277 489 438 536 jusserat
454 491 560 528 Deus.
584 493 720 530 Praeter
739 497 1011 535 tabernaculum
1027 501 1157 548 quippe

47 600 50 602 v
103 557 208 587 nuum
222 550 317 588 Deus
332 553 569 598 prohibuerat
584 556 781 593 sacrificari
801 560 888 604 sibi;
913 562 972 597 cui
986 563 1154 600 taberna-

36 615 41 618 ·
103 610 184 646 culo
205 611 375 665 templum
394 618 517 659 postea
533 618 718 654 suecessit.
747 620 922 667 Tempore
940 629 1059 661 autem
1085 635 1155 672 quo

101 670 169 708 fuit
187 671 347 717 Gedeon,
369 675 637 715 tabernaculum
659 679 721 716 Dei
741 688 820 718 erat
850 683 887 719 in
921 686 1014 729 Silo;
1047 693 1154 734 atque

35 748 39 749 ⁷
100 733 181 770 ideo
207 732 280 771 illic
309 741 451 772 tantum
481 737 638 785 legitime
676 747 798 787 posset
835 746 1046 783 sacrificari.
1083 749 1153 786 Sed

78 793 366 842 ;intelligendum
391 802 459 842 est,
482 800 577 844 quod
602 800 702 837 illum
729 803 893 849 angelum
922 806 1040 852 primo
1069 818 1152 854 pro-

94 853 239 900 phetam
257 861 458 901 putaverat,
486 863 522 894 et
549 864 719 906 tanquam
737 860 850 899 Deum
876 865 913 901 iu
935 862 996 902 illo
1026 877 1153 904 consu-

94 913 211 951 luerat
239 917 282 953 de
311 917 494 956 offerendo
523 921 703 958 sacrificio
726 935 734 958 ε
756 925 852 970 quod
877 926 936 961 ille
969 927 1000 962 si
1027 929 1150 974 prohi—

91 973 244 1020 buisset,
265 988 336 1014 non
356 979 481 1025 utique
505 979 626 1025 fieret3
652 982 715 1018 sed
733 985 904 1028 quoniam
926 987 1148 1034 approbavit,

90 1042 126 1072 et
144 1043 184 1073 ut
209 1038 311 1075 [ieret
333 1041 472 1084 annuit,
499 1041 564 1078 Dei
591 1045 843 1082 auctoritatem
874 1047 1016 1086 Gedeon
1042 1051 1078 1086 in
1103 1053 1151 1088 sa-

90 1098 218 1135 ciendo
234 1105 381 1136 secutus
396 1106 461 1137 est.
485 1102 536 1138 Ita
554 1104 684 1151 quippe
700 1107 795 1143 Deus
810 1108 970 1155 legitima
987 1112 1046 1148 illa
1066 1124 1150 1149 con-

88 1228 328 1274 quodcunque
350 1234 481 1274 praeter
500 1229 556 1265 illa
577 1230 654 1275 ipse
678 1234 861 1278 praecepit,
888 1245 959 1271 non
986 1246 1007 1271 a
1034 1242 1149 1273 trans-

86 1289 330 1336 gressoribus,
348 1291 409 1326 sed
428 1291 548 1336 potius
568 1301 587 1326 a
605 1292 674 1338 piis
698 1299 732 1329 et
757 1294 1006 1332 obedientibus
1024 1297 1149 1343 imple-

87 1356 162 1388 tum
181 1353 451 1400 intelligendum
471 1360 541 1398 est,
562 1355 851 1392 sicutAbraham
867 1358 910 1393 de
927 1359 1146 1396 immolando

86 1413 159 1451 titio
182 1413 284 1462 (Gen.
307 1415 415 1462 xxii).
441 1415 531 1451 Nam
551 1421 588 1451 et
607 1416 658 1451 sic
686 1416 781 1453 Elias
806 1423 906 1454 extra
934 1419 1146 1456 tabernacu-

84 1478 158 1511 lum
189 1475 333 1511 Domini
357 1476 401 1511 ad
435 1476 701 1513 convincendos
735 1479 941 1515 sacerdotes
968 1480 1145 1516 idolorum

85 1535 300 1571 sacrificavit
319 1535 398 1583 (ΙΙΙ
416 1535 501 1582 Rey.
522 1537 647 1585 xvm);
670 1540 765 1584 quod
792 1550 837 1575 ex
867 1546 1046 1587 praecepto
1076 1542 1144 1578 Do-

85 1597 172 1633 mini
190 1597 319 1634 secisse
339 1598 608 1646 intelligendum
634 1607 700 1643 est,
722 1602 782 1647 qui
807 1603 838 1638 ei
861 1608 1031 1649 tanquam
1061 1615 1145 1650 pro-

84 1659 198 1706 phetae
232 1660 451 1696 revelatione
479 1667 587 1707 atque
615 1663 849 1708 inspiratione
865 1665 972 1711 jussit
990 1671 1029 1701 ut
1048 1665 1144 1703 sace-

83 1725 138 1756 ret
159 1732 168 1756 τ
186 1731 391 1767 quanquam
416 1727 516 1758 tanta
533 1725 753 1760 consuetudo
778 1732 907 1771 praeter
925 1727 1141 1763 tabernacu-

82 1780 155 1817 lum
169 1782 394 1819 sacrificandi
413 1785 635 1827 crebruerat,
652 1791 690 1820 ut
706 1786 814 1822 etiam
839 1787 1006 1824 Salomon
1023 1790 1060 1824 in
1081 1799 1143 1825 ex-

81 1844 189 1881 celsis
221 1845 446 1882 sacrificasse
474 1846 694 1891 inveniatur,
725 1859 792 1884 nee
816 1849 893 1894 ejus
924 1850 1141 1886 sacrificium

80 1903 192 1940 suisse
213 1906 442 1951 reprobatum
463 1905 541 1952 (111
560 1906 645 1953 Req.
672 1908 741 1955 tn).
766 1909 811 1944 Et
834 1914 952 1945 tamen
972 1916 1143 1946 notantur

80 1974 197 2010 regeS‚
219 1967 280 2012 qui
301 1967 395 2002 inter
415 1978 524 2012 opera
543 1968 735 2004 laudabilia
764 1981 827 2005 sua
852 1981 923 2006 nou
951 1973 1140 2007 destruxe-

79 2033 164 2063 runt
192 2028 349 2070 excelsa,
376 2029 437 2063 ubi
468 2035 595 2064 eontra
618 2030 731 2075 legem
753 2030 816 2066 Dei
836 2032 986 2078 populus
1007 2033 1143 2068 sacrifi-

78 2098 162 2125 care
186 2096 443 2132 consueverat;
467 2094 503 2126 et
518 2091 578 2135 qui
599 2091 791 2133 destruxit,
811 2093 946 2138 majore
970 2095 1142 2139 praedica-

79 2149 176 2185 tioue
203 2149 381 2185 laudatur.
414 2150 465 2186 lta
485 2150 579 2186 Deus
603 2152 901 2188 consuetudinem
927 2154 1046 2199 populi
1071 2155 1140 2197 sui,

78 2221 148 2257 qua
166 2217 296 2256 praeter
313 2211 390 2257 ejus
406 2212 689 2255 tabernaculum,
706 2218 825 2248 tamen
844 2224 913 2248 non
933 2214 1001 2249 diis
1018 2215 1142 2250 alienis

78 2272 266 2315 offerebat,
302 2273 365 2308 sed
391 2272 542 2308 Domino
571 2272 644 2308 Deo
676 2283 754 2316 suo,
791 2274 990 2309 sustinebat
1022 2274 1141 2319 potius

78 2342 186 2379 quam
208 2331 367 2376 vetabat,
389 2333 499 2368 etiam
527 2334 579 2369 sic
605 2333 801 2369 exaudiens
820 2333 1025 2370 offerentes.
1065 2333 1140 2369 Hoc

78 2399 200 2429 autem
219 2394 313 2440 quod
328 2393 473 2430 Gedeon
496 2394 595 2437 fecit,
617 2395 698 2440 quis
717 2404 789 2429 non
806 2394 980 2440 intelligat
998 2405 1062 2440 per
1076 2405 1140 2429 an-

78 2454 197 2502 gelum
216 2460 463 2501 procuratum,
486 2460 525 2491 ut
543 2456 751 2501 prophetice
773 2456 887 2498 fieret,
910 2457 944 2491 in
966 2467 1034 2501 qua
1055 2467 1138 2501 pro-

77 2516 201 2562 phetia
220 2522 321 2562 petra
346 2517 405 2551 illa
429 2517 768 2552 commendaretur?
791 2517 847 2552 cui
867 2517 1010 2561 quidem
1028 2523 1138 2562 petra:

78 2587 149 2613 non
171 2578 415 2613 sacrificatum
434 2582 502 2619 cst,
527 2577 588 2612 sed
607 2577 651 2612 de
670 2577 727 2612 illa
757 2577 851 2623 ignis
878 2587 1138 2613 commemora-

78 2642 138 2672 tur
153 2638 296 2680 exiisse,
313 2647 384 2682 quo
398 2637 614 2672 sacrificium
630 2642 915 2673 consumeretur.
941 2637 1024 2672 Sive
1041 2638 1135 2673 enim

77 2707 143 2744 per
168 2707 309 2743 aquam,
337 2707 444 2743 quam
477 2707 646 2743 percussa
673 2696 798 2733 effudit
828 2697 862 2732 iu
895 2707 1030 2739 eremo,
1063 2697 1137 2733 sive

78 2768 144 2804 per
164 2759 282 2804 ignem
302 2758 434 2793 donum
461 2757 616 2803 Spiritus
641 2758 756 2793 sancti
779 2757 1014 2803 significatur,
1042 2757 1137 2802 quod

79 2820 256 2857 ditissime
282 2821 454 2857 Dominus
476 2820 642 2857 Christus
660 2819 783 2855 effudit
802 2829 910 2864 super
932 2829 1011 2855 nos.
1046 2819 1135 2854 Nam

78 2888 116 2919 et
143 2883 180 2918 in
215 2883 409 2929 Evangelio
443 2882 683 2928 significatum
719 2886 774 2916 cst
807 2881 876 2916 hoc
909 2881 1040 2916 donum
1074 2891 1137 2926 per

78 2954 225 2990 aquam,
251 2945 311 2980 ubi
330 2945 405 2990 ipse
426 2944 477 2979 ait
498 2955 506 2979 :
530 2943 569 2979 Si
601 2943 677 2989 quis
706 2942 798 2984 sitit,
821 2942 934 2977 veniat
964 2948 993 2975 et
1030 2941 1134 2975 bibat.

81 3006 150 3049 Qui
176 3000 283 3041 credit
304 3007 341 3041 in
366 3017 433 3048 me,
454 3006 547 3041 sicut
575 3005 660 3040 dicit
677 3003 878 3048 Scriptura,
912 3003 1058 3047 fiumina
1096 3002 1136 3036 de

79 3074 193 3102 ventre
212 3067 289 3112 ejus
305 3066 412 3112 fluent
430 3077 530 3112 aquae
549 3066 631 3101 vitra·
649 3065 771 3112 (Joan.
790 3064 867 3111 vn).
892 3064 959 3100 Ubi
986 3074 1136 3109 evange-

78 3127 160 3164 lista
177 3128 361 3174 subjunxit
378 3139 386 3162 :
407 3126 484 3162 Hoc
500 3133 615 3162 autem
633 3127 768 3163 dicebat
795 3126 837 3161 de
862 3125 1010 3171 Spiritu,
1036 3137 1136 3171 quem

78 3189 254 3235 accepturi
271 3194 371 3224 erant
383 3188 559 3224 credentes
576 3188 612 3222 in
629 3198 719 3222 eum.
749 3186 998 3233 Significatum
1027 3190 1138 3221 estet

78 3258 144 3296 per
162 3250 281 3297 ignem
297 3275 307 3293 ,
330 3250 392 3286 ubi
414 3249 578 3285 veniente
603 3248 664 3283 illo
687 3258 795 3293 super
823 3252 1057 3293 congregatos
1087 3245 1137 3282 le—

79 3311 203 3356 gitur:
228 3310 419 3346 Vieoeaunt
442 3309 513 3346 iuis
536 3309 664 3356 linquoe
689 3309 808 3345 diuisa»
837 3308 927 3344 velut
953 3308 1052 3354 iynis.
1079 3309 1137 3354 qai

24 3410 33 3419 γε
80 3377 111 3408 et
130 3371 255 3407 insedit
268 3381 372 3418 super
386 3381 661 3418 unumquemque
674 3381 793 3406 eorum
809 3369 900 3417 (Αεε.
918 3368 972 3416 ιι).
998 3369 1042 3404 Et
1063 3369 1137 3414 ipse

81 3431 256 3468 Dominus
275 3431 326 3467 ait
345 3443 354 3466 ι
375 3429 396 3465 I
398 3440 500 3477 quem
519 3431 595 3466 veni
610 3432 743 3466 mittere
761 3440 864 3476 super
887 3436 1014 3464 terram
1032 3427 1132 3475 (Luc.

30 3536 34 3538 Y
80 3490 162 3539 ιιι).
187 3491 335 3529 coenon
350 3499 509 3536 namque
524 3500 607 3527 eun
625 3491 692 3527 snb
708 3491 837 3526 arbore
862 3497 996 3534 quei-en
1025 3486 1134 3522 tritici

31 3587 33 3589 .
80 3559 234 3590 messem
248 3552 350 3600 virga
368 3551 543 3595 caederet,
563 3554 600 3587 et
619 3562 639 3587 a
657 3550 770 3598 paleis
789 3549 966 3586 frumenta
984 3553 1129 3584 excute-

24 3598 52 3644 3'
81 3618 153 3657 ret,
182 3611 350 3660 angelum
376 3611 477 3654 vidit,
506 3609 687 3656 accipiens
706 3611 752 3648 ab
767 3621 810 3647 eo
827 3608 1024 3651 oraculum,
1048 3612 1086 3642 ut
1109 3617 1131 3642 a

22 3690 31 3695 ·
78 3678 263 3725 potestate
283 3673 443 3710 hostium
461 3673 496 3708 in
514 3670 738 3734 libertateme
746 3670 918 3718 populum
946 3669 1009 3705 Dei
1027 3668 1132 3704 redu-

20 3763 27 3769 .
82 3727 197 3775 (mret-
222 3734 295 3772 Iste
321 3732 469 3772 Gedeon
497 3733 651 3781 figuram
674 3727 843 3771 nimirum
861 3731 996 3769 Christi
1017 3734 1132 3778 gesta-

14 3822 30 3847 s,
81 3789 160 3840 fit,
178 3795 240 3840 eui
253 3795 322 3835 sub
335 3794 463 3835 umbra
478 3804 591 3834 sacrae
606 3792 738 3838 crucis,
749 3789 1002 3840 praedestinato
1014 3792 1133 3830 incar-

55 230 58 231 ?
201 226 207 231 ·
746 174 982 216 comm.
1007 177 1054 217 m
1076 178 1163 224 tm.
1186 154 1396 230 tubicen„
1417 204 1465 216 -
1487 189 1573 234 nni,
1593 186 1639 236 ιι.

99 258 122 280 ν.
144 246 300 291 omnir,
315 252 423 292 quem
436 248 560 285 tamen
577 247 760 288 hominem
778 252 844 288 Dei
861 253 1024 299 eredidit,
1046 262 1086 294 ut
1103 269 1163 296 eo-
1178 261 1214 307 Α
1228 261 1384 302 nationis
1415 261 1544 300 futurae
1576 262 1761 314 mysterio,
1797 266 2019 315 constitutus,
2053 272 2263 312 rectitudine

2169 200 2260 244 1158

1222 320 1359 366 judicii,
1388 323 1490 368 quasi
1517 333 1581 369 per
1611 324 1762 369 virgam,
1792 323 2002 365 electionem
2023 338 2225 373 sanctorum
2243 346 2261 372 a

1223 380 1392 417 vitiorum
1405 383 1517 428 paleis
1535 384 1796 429 sequestrabat.
1827 382 1894 425 Hie
1918 395 2002 433 ergo
2026 385 2164 430 Gedeon
2182 405 2260 431 eum

1225 439 1383 475 audisset
1416 442 1460 477 ab
1494 443 1621 490 angelo
1649 441 1758 490 quod,
1787 441 2032 483 deficientibus
2058 452 2262 495 populorum

1223 496 1396 542 millibus,
1417 498 1455 535 in
1477 510 1550 536 uno
1569 501 1646 539 viro
1663 501 1837 539 Dominus
1860 502 1999 551 plebem
2015 515 2116 543 suam
2135 506 2179 546 ab
2198 511 2261 548 ho—

1222 555 1339 596 stibus
1355 558 1539 606 liberaret,
1557 563 1722 611 protinus
1739 561 1882 601 haedum
1899 565 2008 611 coxit,
2025 566 2123 615 cujus
2141 581 2264 610 carnes

1224 622 1422 657 secundum
1439 629 1655 669 praeceptum
1686 625 1801 671 angeli
1829 626 1932 662 simul
1958 638 2039 663 cum
2062 637 2184 677 nyma
2207 642 2264 668 su-

1221 690 1285 726 per
1309 687 1448 728 petram
1472 683 1604 728 posuit,
1621 688 1657 719 et
1673 682 1732 729 jus
1759 686 1919 722 carnium
1946 687 2097 735 desuper
2114 689 2233 726 effudit
2252 703 2262 728 ε

1222 751 1302 787 quae
1319 742 1405 777 dum
1421 743 1568 790 angelus
1594 743 1703 791 virgae
1721 747 1905 783 cacumine
1934 748 2121 796 contingit,
2147 751 2265 788 statim

1222 801 1266 837 de
1293 807 1396 848 petra
1426 803 1518 849 ignis
1548 805 1683 851 erupit;
1717 811 1823 852 atque
1852 807 1900 843 ita
1930 807 2145 845 sacrificium
2173 812 2265 856 quod

1219 860 1438 899 offerebatur
1453 864 1677 910 absumptum
1696 871 1761 901 est.
1788 866 1864 911 Quo
1882 866 2018 912 judicio
2047 869 2262 906 declaratum

1218 923 1385 968 videtur,
1414 927 1508 972 quod
1531 932 1631 973 petra
1664 926 1723 962 illa
1756 933 1878 975 typum
1909 929 2075 967 habuerit
2105 932 2263 977 eorporis

1219 982 1376 1027 Christi,
1407 983 1517 1021 Paulo
1546 991 1739 1023 attestante
1768 998 1776 1023 ε
1810 986 1916 1023 Petra
1947 995 2087 1033 autem,
2123 989 2261 1035 inquit,

1218 1050 1293 1080 erat
1328 1044 1486 1081 Christus
1520 1046 1555 1093 (I
1587 1046 1668 1082 Cor.
1693 1048 1744 1094 x).
1784 1047 1862 1083 Jam
1887 1054 1972 1084 tunc
1995 1044 2102 1095 igitur
2126 1050 2161 1085 in
2187 1061 2262 1096 my-

1218 1103 1328 1138 sterio
1346 1103 1563 1139 declaratum
1582 1112 1650 1147 est,
1676 1106 1759 1151 quia
1780 1107 1950 1142 Dominus
1973 1107 2075 1144 Jesus
2099 1109 2135 1143 in
2155 1119 2262 1145 carne

88 1164 218 1209 stituit,
238 1170 278 1201 ut
296 1165 394 1212 leges
411 1178 483 1203 nou
504 1167 586 1213 sibi,
607 1171 669 1206 sed
684 1171 889 1209 hominibus
906 1175 1020 1211 daret·
1048 1177 1149 1213 Unde
1167 1167 1200 1208 Β
1219 1173 1283 1198 ⁵¹¹³
1308 1163 1417 1199 mlius
1443 1162 1567 1198 mundi
1591 1170 1735 1210 peccam
1765 1165 1955 1201 effleifixus
1987 1167 2143 1204 aholeret
2157 1193 2168 1209 ν
2198 1178 2264 1204 ¹¹00

1219 1223 1332 1259 solum
1353 1224 1481 1260 delicta
1500 1223 1692 1268 sactorum,
1715 1225 1777 1260 sed
1791 1226 1898 1261 etiam
1913 1227 2124 1272 cupiditates
2137 1238 2263 1275 purga-

1218 1291 1273 1321 ret
1299 1286 1498 1321 animorum
1527 1296 1535 1320 τ
1562 1296 1647 1322 caro
1675 1287 1769 1322 enim
1802 1287 1892 1323 haedi
1928 1289 1972 1323 ad
2005 1289 2144 1334 culpam
2178 1289 2262 1327 tacti

1216 1346 1391 1390 refertur,
1412 1347 1470 1393 jus
1494 1347 1537 1382 ad
1564 1347 1747 1383 illecebras
1773 1347 2028 1393 cupiditatum,
2059 1349 2150 1384 sicut
2174 1350 2261 1385 scri-

1214 1414 1311 1453 ptum
1337 1414 1391 1444 est
1413 1419 1421 1443 :
1446 1407 1536 1451 Quia
1561 1409 1751 1454 concupivit
1773 1409 1918 1455 populus
1944 1410 2163 1455 cupiditatem
2186 1422 2259 1456 pes-

1213 1469 1336 1503 simam
1362 1475 1393 1503 et
1418 1469 1580 1503 (fixerunt
1602 1479 1614 1503 .·
1640 1468 1724 1511 Quis
1751 1480 1811 1504 nos
1845 1469 1969 1504 cibabit
2001 1481 2102 1506 carue
2132 1469 2255 1516 (Num.

1212 1532 1277 1575 xi).
1303 1530 1403 1575 Quod
1430 1531 1538 1578 igitur
1561 1531 1721 1567 extendit
1745 1531 1892 1577 angelus
1911 1532 2060 1578 virgam,
2083 1538 2118 1568 et
2145 1533 2259 1579 tetigit

1210 1596 1348 1636 petram
1368 1592 1410 1627 de
1427 1602 1495 1637 qua
1515 1591 1606 1637 ignis
1623 1592 1744 1635 exivit,
1773 1593 1928 1628 ostendit
1953 1594 2047 1640 quod
2078 1604 2162 1629 caro
2187 1594 2256 1629 Do-

1211 1653 1296 1688 mini
1319 1652 1455 1698 Spiritu
1483 1653 1619 1698 repleta
1639 1653 1775 1696 divino,
1795 1660 1942 1699 peccata
1962 1655 2079 1690 onmia
2094 1655 2257 1691 liumanae

1211 1713 1425 1748 conditionis
1444 1718 1622 1748 exureret.
1652 1713 1753 1749 Unde
1783 1718 1820 1749 et
1849 1713 2020 1749 Dominus
2045 1714 2257 1760 aitssqnem

1210 1775 1284 1809 veni
1322 1775 1454 1810 mittere
1484 1775 1520 1810 in
1552 1781 1678 1810 terram
1709 1774 1807 1815 (Luc.
1847 1775 1926 1820 xit).
1961 1774 2124 1810 Advertit
2149 1774 2257 1819 igitur

1208 1834 1265 1869 vir
1283 1840 1318 1870 et
1337 1835 1461 1871 doctus
1475 1841 1511 1871 et
1529 1846 1708 1881 praesagus
1721 1835 1923 1870 futurorum
1946 1846 2099 1880 superna
2124 1841 2256 1880 myste-

1210 1897 1274 1938 ria,
1294 1902 1330 1932 et
1350 1898 1427 1933 ideo
1446 1899 1639 1933 secundum
1657 1897 1801 1934 oracula
1818 1898 1949 1934 occidit
1975 1897 2122 1933 vitulum
2148 1907 2166 1932 a
2192 1905 2255 1940 pa-

1210 1966 1262 1995 tre
1296 1971 1359 1996 suo
1390 1961 1493 1996 idolis
1520 1963 1738 2007 deputatum,
1766 1968 1801 1998 et
1828 1963 1902 2007 ipse
1922 1967 2128 2006 septennem
2149 1961 2255 1996 alium

1210 2020 1405 2056 immolavit
1426 2022 1499 2058 Deo
1516 2049 1525 2066 ,
1552 2033 1622 2068 quo
1647 2023 1741 2059 sacto
1765 2023 2052 2058 manifestissime
2086 2021 2257 2057 revetavit

1160 2071 1189 2112 C
1211 2092 1276 2127 per
1301 2077 1490 2118 adventum
1523 2084 1665 2120 Domini
1693 2085 1810 2120 omnia
1844 2084 2053 2130 gentilitatis
2086 2082 2256 2118 abolenda

1211 2153 1291 2178 esse
1308 2144 1498 2186 sacrificia,
1518 2145 1703 2189 solumque
1721 2144 1936 2179 sacrificium
1956 2143 2149 2178 Dominicte
2175 2151 2255 2186 pas-

1212 2204 1323 2240 sionis
1348 2205 1421 2240 Deo
1444 2215 1509 2251 pro
1530 2206 1773 2251 redemptione
1792 2210 1912 2240 nostra
1942 2203 2111 2250 religione
2140 2202 2257 2248 populi

1210 2266 1453 2301 deserendum.
1494 2267 1635 2301 Etenim
1655 2267 1786 2301 vitulus
1811 2266 1868 2301 ille
1888 2271 1965 2300 erat
1991 2265 2025 2299 iu
2053 2270 2134 2309 typo
2155 2263 2258 2300 Chri-

1208 2327 1266 2367 sti,
1289 2327 1324 2361 in
1342 2337 1412 2372 quo
1433 2325 1650 2371 septiformis
1675 2325 1908 2371 spiritualium
1942 2324 2124 2369 plenitudo
2149 2324 2255 2358 virtu-

1207 2393 1294 2429 tum,
1324 2386 1415 2421 sicut
1437 2386 1547 2421 lsaias
1567 2386 1666 2425 dixit,
1696 2385 1915 2420 inhabitabat
1945 2383 2032 2428 (1⁸11.
2064 2383 2127 2427 xi).
2162 2383 2253 2425 Quid

1207 2455 1259 2485 est
1279 2448 1497 2484 frumentum
1516 2449 1615 2494 virga
1638 2447 1787 2489 (tedere,
1808 2446 1875 2480 nisi
1899 2445 2109 2480 rectitudine
2127 2444 2251 2488 iudicii

1207 2520 1225 2545 a
1254 2510 1421 2545 vitiorum
1451 2509 1562 2554 paleis
1593 2508 1762 2542 virtutum
1789 2507 1920 2552 gratias
1954 2505 2148 2550 separare?
2180 2503 2250 2538 Sed

1206 2570 1281 2605 htec
1308 2568 1495 2614 agentibus
1530 2567 1686 2614 angelus.
1706 2571 1865 2611 apparet,
1897 2565 1979 2609 quia
2012 2567 2111 2598 tanto
2138 2561 2249 2606 magis

1204 2632 1376 2670 Dominus
1394 2631 1563 2667 interiora
1584 2629 1781 2671 denuntiat,
1821 2632 1954 2673 quanto
1982 2635 2019 2661 se
2055 2623 2247 2660 studiosius

1206 2696 1367 2731 homines
1387 2695 1431 2731 ab
1447 2694 1682 2731 exterioribus
1700 2695 1864 2738 purgant,
1888 2689 1946 2735 qui
1972 2687 2110 2723 haedum
2125 2685 2249 2731 prirci-

1203 2757 1265 2804 pit.
1288 2755 1322 2791 id
1343 2761 1409 2799 est,
1432 2765 1573 2791 omnem
1589 2753 1783 2800 appetitum
1815 2756 1946 2787 nostrae
1975 2747 2095 2784 carnis
2126 2747 2249 2781 immo-

1203 2819 1291 2861 lare,
1312 2827 1510 2862 carnesque
1530 2825 1636 2861 super
1654 2819 1789 2860 petram
1816 2810 1912 2857 poni,
1942 2814 1977 2843 et
2001 2808 2059 2853 jus
2088 2805 2245 2841 carnium

1205 2880 1356 2924 desuper
1372 2877 1484 2912 fundi.
1521 2875 1631 2920 Quem
1659 2873 1766 2909 alium
1791 2873 1905 2918 signat
1930 2875 2043 2915 petra,
2072 2866 2138 2901 nisi
2165 2874 2246 2900 eum

1205 2940 1249 2975 dc
1270 2949 1340 2985 quo
1365 2949 1430 2984 per
1448 2937 1597 2972 Paulum
1617 2935 1746 2970 dicitur
1766 2945 1776 2969 z
1798 2932 1901 2967 Petra
1926 2935 2039 2964 autem
2055 2932 2127 2962 erat
2148 2923 2248 2992 Chri-

1206 3007 1277 3036 stus
1299 2999 1332 3046 (1
1358 2998 1439 3034 Gor.
1466 2997 1530 3044 x)?
1560 2997 1695 3032 Carnes
1725 3004 1810 3039 ergo
1842 3001 1949 3037 supet·
1978 2995 2116 3035 petram
2148 2995 2248 3031 pont-

1206 3073 1298 3103 mus,
1324 3070 1405 3096 cum
1423 3068 1552 3104 corpus
1575 3061 1733 3092 nostrum
1750 3055 1786 3089 in
1804 3051 1935 3089 Christi
1958 3047 2151 3086 imitatione
2168 3054 2247 3080 eru-

1206 3122 1356 3158 ciamus.
1391 3118 1453 3155 Jus
1487 3118 1596 3153 etiam
1624 3115 1783 3151 earnium
1814 3114 1965 3155 desuper
1986 3107 2111 3147 fundit,
2131 3103 2188 3147 qui
2208 3103 2243 3136 ln

1206 3181 1477 3219 conversatione
1508 3178 1640 3215 Christi
1666 3177 1759 3221 ipsas
1789 3172 1893 3207 etiam
1915 3165 2072 3203 carnales
2089 3174 2109 3198 a
2127 3173 2165 3198 se
2182 3170 2241 3196 co-

1206 3245 1398 3292 gitationes
1423 3239 1618 3278 exinanivit
1641 3233 1768 3280 :quasi
1797 3231 1889 3266 enim
1915 3237 1971 3263 res
1994 3235 2037 3262 ex
2065 3234 2171 3292 carne
2199 3221 2241 3258 li-

1204 3304 1311 3350 quida
1330 3303 1366 3338 in
1384 3307 1483 3347 petra
1505 3296 1674 3336 funditur,
1703 3291 1842 3336 quando
1872 3297 1971 3323 mens
1999 3296 2018 3321 a
2051 3281 2237 3329 cogitatio—

1203 3376 1288 3403 num
1321 3361 1514 3400 carnalium
1544 3356 1637 3391 fluxu
1669 3356 1872 3391 evacuatur,
1902 3357 1980 3394 quae
2006 3353 2123 3381 tamen
2154 3352 2237 3379 mox

1204 3424 1347 3471 angelus
1364 3421 1460 3464 virga
1477 3416 1601 3462 tangit,
1630 3413 1711 3460 quia
1741 3410 1970 3448 intentionem
1990 3411 2148 3443 nostram
2176 3411 2238 3439 ne-

1202 3491 1378 3532 quaquam
1398 3483 1556 3526 potestas
1574 3474 1682 3512 divini
1700 3470 1867 3519 adjutorii
1883 3469 2027 3506 deserit.
2062 3465 2114 3502 De
2137 3468 2236 3510 petra

1201 3551 1318 3583 autem
1338 3543 1431 3588 ignis
1448 3541 1534 3583 exit,
1554 3544 1590 3575 et
1604 3537 1662 3584 jus
1683 3541 1879 3580 carnesque
1896 3527 2082 3568 consumit.
2109 3523 2191 3571 quia
2214 3531 2235 3557 a

1201 3606 1425 3651 redemptore
1440 3601 1584 3647 spiritus
1599 3602 1697 3635 tanta
1715 3605 1779 3633 eor
1796 3598 1958 3631 nostrum
1975 3587 2116 3625 namma
2135 3589 2235 3620 eon·

1199 3663 1403 3716 punctionis
1420 3663 1638 3702 concremat,
1658 3663 1697 3694 nt
1715 3664 1820 3694 omne
1843 3651 1939 3699 quod
1960 3649 1997 3686 ln
2021 3654 2067 3683 eo
2086 3649 2143 3681 est
2166 3640 2236 3679 ffl-

1201 3728 1310 3765 citum
1326 3730 1363 3762 et
1381 3722 1499 3771 operis
1511 3725 1550 3759 et
1560 3716 1785 3768 cogitationis
1799 3716 1927 3752 exunt
1940 3720 1951 3748 t
1966 3707 2124 3756 perfecoe
2138 3701 2235 3741 enlin

1201 3793 1239 3827 et
1266 3786 1416 3826 solerter
1445 3781 1619 3830 invigilat,
1647 3784 1687 3818 ut
1711 3787 1783 3816 non
1804 3772 1918 3814 sotum
1943 3773 2111 3818 pem
2128 3770 2234 3811 ⁸80⁰
