2540 4016
4 183 5 193 ¹
42 176 46 178 ’
1726 191 1780 234 0

0 239 2 242 ·
43 220 141 284 “tsi
512 214 543 243 ⁸
680 247 1018 304 expositiones
1039 256 1087 295 m
1109 259 1374 302 murreum.
1399 283 1449 293 -
1470 260 1558 304 ua.
1585 267 1644 306 vi.
1754 282 1762 295 ·-
2177 287 2252 328 m

43 303 146 360 ’ἦνὼς
164 325 330 370 portare?
355 324 429 364 Sed
441 332 504 375 pet·
524 327 676 375 qratiam
694 329 781 366 lesa
802 329 935 368 Christi
949 332 1123 371 credimus
1139 337 1177 379 A
1191 336 1281 374 Hoec
1299 338 1443 387 loquere
1457 341 1543 388 filiis
1565 342 1684 380 straet
1696 353 1710 378 .·
1722 343 1840 383 nom
1858 349 1903 386 dc
1921 351 2006 397 filiis
2026 351 2141 396 Ima
2158 367 2252 407 neda

41 373 198 441 ’ζξᾶἰυανί
214 384 304 422 sicut
317 390 348 422 et
361 385 415 422 itti
432 387 524 430 (Act.
539 387 616 438 xv).
634 380 764 429 Iff‘hoc
777 401 864 440 ergo
881 402 1121 442 unumquem-

53 439 135 486 “que
142 442 332 488 advenam,
344 445 422 482 sive
432 451 474 482 ut
489 445 724 497 Septuaginta
733 451 870 495 dieunt,
883 453 1124 502 proselytam,-

63 499 158 537 sieut
175 504 411 552 nosmetipsos
428 507 632 556 diligamus,
650 516 691 547 ut
714 511 774 548 illa
790 513 1041 560 praecipiamus
1064 516 1117 555 eis

60 563 219 608 tantum,
236 574 302 610 per
322 575 402 612 quae
426 570 678 616 nosmetipsos,
705 573 737 609 si
762 583 806 610 ea
827 575 1022 622 egerimus,
1051 578 1117 615 sal-

55 623 136 656 vari
161 622 356 660 credimus.

105 677 226 716 Nolite
242 682 358 727 facere
371 686 530 732 iniquum
546 689 680 738 aliquid
697 694 733 729 in
750 694 901 741 Judicio,
918 698 956 733 in
975 699 1111 746 remila,

55 747 94 774 m
103 740 269 785 pondere,
284 743 321 779 in
333 755 513 798 mensura,
530 757 662 788 statera
671 754 771 800 justa
785 762 818 793 et
831 769 930 804 aequa
944 761 1014 795 sint
1025 770 1114 806 pon-

55 797 140 836 dera
156 810 168 835 .·
182 802 302 849 justus
328 803 481 852 modias,
505 822 691 860 aequasqae
715 818 890 854 sextarius
905 828 917 852 :
933 819 1008 865 qu
1035 820 1107 856 Do-

53 861 168 898 minus
198 864 292 901 Deus
315 875 424 904 vester
439 897 449 912 ‚
473 873 532 917 qui
553 874 659 910 eduxi
679 886 738 916 vos
760 876 803 912 de
828 882 922 913 terra
943 879 1104 926 AE'yypti.

39 919 232 960 =castodite
252 929 369 964 omnia
387 939 558 979 proecepta
580 945 657 970 mea
680 941 712 971 et
734 937 897 972 universa
918 938 1058 983 judicia
1073 948 1106 976 et

39 982 155 1030 ,facite
179 998 232 1022 ea.
260 987 336 1035 qu
357 991 541 1028 Dominus.
569 993 642 1041 (Etr
663 995 866 1046 Hesychia.)
892 999 1029 1037 Similis
1049 1010 1104 1039 cst

37 1043 159 1080 =etiam
175 1045 250 1083 haee
267 1049 407 1085 sanctio
431 1054 736 1099 praecedentibus,
766 1059 910 1102 quando
938 1068 1018 1106 post
1048 1063 1102 1099 lu-

1191 399 1332 436 advem's
1351 403 1412 448 qai
1428 402 1638 441 habitantia
1653 405 1783 443 Israel.
1811 408 1854 446 Si
1872 413 1952 458 quio
1971 414 2172 470 dederit-de
2190 431 2247 462 σο-

1187 462 1281 498 mine
1319 475 1384 500 sito
1412 465 1508 503 idolo
1536 467 1689 513 Motocta,
1718 477 1832 508 mone
1865 475 2055 514 moriam.
2090 478 2251 530 Populus

1188 527 1290 559 terroe
1310 523 1483 571 lapidabit
1502 539 1594 572 eum,
1612 535 1645 566 et
1664 541 1726 578 eqo
1740 542 1869 579 ponant
1888 534 2017 581 faciem
2033 549 2148 578 meam
2167 553 2251 581 con-

1186 587 1242 617 tra
1262 582 1378 627 illum,
1402 587 1648 637 succidamque
1670 600 1750 626 eum
1769 592 1813 628 de
1833 594 1949 630 medio
1968 599 2089 644 populi
2109 602 2166 637 sui
2180 612 2194 638 .·
2206 615 2247 641 eo

1183 640 1277 687 qaod
1289 642 1423 679 dederit
1444 645 1487 681 de
1506 647 1638 684 semine
1657 661 1721 686 sao
1737 650 1889 697 Moloch,
1907 661 1943 691 ct
1959 659 2248 699 contaminaverit

1182 703 1423 739 sanctuarium
1435 715 1563 750 meum,
1578 713 1611 742 et
1623 708 1787 755 polluerit
1800 721 1927 750 nomen
1939 722 2100 753 sanctam
2114 730 2243 758 meum.

1182 758 1286 802 Quod
1300 763 1332 797 si
1348 764 1523 812 neqliqens
1538 768 1686 814 populas
1702 776 1818 817 terroe,
1833 780 1865 810 et
1880 778 1982 822 quasi
1993 781 2243 827 parvipendens

1178 821 1494 869 imperiummeum
1506 828 1677 867 dimiserit
1690 832 1864 871 hominem
1882 837 1942 884 qai
1958 839 2054 875 dedit
2061 840 2105 877 de
2112 844 2242 880 semine

1177 893 1241 918 suo
1259 883 1413 931 Moloch,
1430 899 1492 924 nec
1507 890 1654 927 voluerit
1664 893 1766 931 illum
1782 898 1950 942 occidere,
1973 911 2099 947 ponam
2113 903 2239 950 [aciem

1175 951 1289 978 meam
1299 956 1402 991 saper
1415 947 1590 986 hominem
1602 951 1703 989 iilum
1717 961 1750 990 et
1764 958 2005 1003 cognationem
2019 962 2112 1007 eJ‘us,
2125 964 2239 1000 succi-

1174 1001 1323 1048 damque
1331 1005 1457 1051 ipsum,
1468 1015 1502 1043 et
1510 1020 1628 1047 omncs
1638 1014 1698 1059 qai
1706 1025 1953 1054 consenserunt
1962 1021 1994 1055 ei
2001 1027 2039 1056 ut
2049 1022 2238 1067 fornicare-

33 1282 94 1318 »ris
112 1282 242 1328 injuste
269 1296 388 1333 agere,
415 1299 482 1326 nec
509 1292 545 1327 111
578 1295 748 1340 pondere,
778 1308 844 1334 nee
875 1299 911 1335 in
949 1304 1096 1340 stateris

30 1344 220 1389 tpraecepit,
244 1356 289 1382 ne
309 1347 402 1385 l'orte
423 1349 478 1386 bis
497 1351 583 1397 ipsis
606 1364 685 1399 quae
712 1358 815 1401 quasi
845 1361 986 1397 termini
1012 1370 1096 1400 sunt

30 1398 187 1446 §iustitiae
211 1405 256 1440 ad
282 1406 498 1451 injustitiam
524 1415 681 1450 utamur.
709 1416 779 1452 Pro
808 1421 971 1457 terminis
997 1424 1093 1458 enim

28 1458 185 1505 liustitiae
208 1467 446 1506 vendentibus
468 1477 504 1506 et
528 1476 747 1519 ementibus,
769 1485 831 1514 aut
847 1481 917 1516 alio
934 1483 1093 1526 quolibet

28 1523 144 1559 imodo
164 1528 458 1567 contrahentibus
485 1542 662 1571 mensurae
684 1537 826 1582 dantur,
855 1547 892 1577 et
916 1544 1088 1589 pondera,

25 1586 335 1630 quemadmodum
355 1589 452 1636 leges
465 1592 711 1637 judicantibus
733 1610 742 1634 :
763 1601 859 1637 unde
885 1603 928 1639 de
947 1614 1019 1640 non
1042 1605 1092 1642 l'a—

24 1643 161 1680 ·ciendo
173 1644 346 1691 injustum
360 1649 548 1697 judicium,
566 1660 602 1691 et
617 1656 661 1692 de
679 1668 750 1693 non
767 1659 1000 1699 immutandis
1016 1670 1090 1700 sta-

23 1702 120 1739 ¹teris
138 1710 174 1740 et
191 1707 423 1753 ponderibus,
449 1712 511 1748 sed
536 1718 572 1748 et
592 1716 637 1751 de
654 1719 811 1755 sextario
836 1721 1000 1759 modiove
1025 1725 1088 1760 ha-

22 1765 147 1801 ¹oend0
161 1767 272 1813 justo,
299 1770 334 1806 id
354 1777 421 1815 est,
443 1772 488 1809 de
506 1775 603 1810 omni
629 1787 798 1815 mensura
823 1782 896 1817 vini
918 1790 980 1819 aut
1000 1785 1084 1830 olei,

26 1825 172 1864 additur
194 1830 239 1866 ab
257 1832 354 1867 omni
373 1834 498 1879 utique
525 1835 714 1884 injustitia,
743 1851 823 1886 quae
853 1853 937 1890 erga
963 1847 1086 1891 proxi-

18 1897 125 1924 nnum
147 1891 305 1936 geritur,
330 1898 400 1929 tam
421 1895 458 1930 in
479 1896 676 1943 majoribus
695 1911 803 1948 quam
825 1904 861 1939 in
883 1906 1083 1946 minoribus

27 1951 194 1997 oraecepit
212 1953 477 1993 abstinendum.
506 1957 597 2003 Quia
616 1964 711 2007 quod
731 1963 905 2010 injustum
919 1975 987 2013 est,
1005 1970 1083 2007 ubi-

36 2016 93 2051 {ue
127 2008 368 2050 abominabile
405 2020 474 2051 est.
518 2016 641 2055 Placet
674 2027 796 2059 autem
830 2024 904 2062 Deo
940 2037 1081 2075 semper

35 2070 116 2113 [uod
143 2069 280 2116 justum
312 2080 379 2111 est.
413 2075 592 2116 Praeterea
630 2084 725 2129 quod
762 2085 862 2122 diviti
898 2092 1079 2135 possessio

19 2130 98 2176 agri
114 2136 151 2167 et
170 2133 297 2171 domus
321 2143 392 2181 est,
418 2138 487 2175 1100
515 2146 551 2176 et
570 2144 721 2189 pauperi
749 2155 920 2185 mensura
944 2150 1018 2186 vini
1040 2157 1076 2187 et

26 2188 143 2232 1111101,
164 2197 200 2227 et
217 2194 317 2238 panis
338 2197 478 2241 pondus
499 2205 567 2244 est,
588 2207 624 2237 et
642 2202 710 2238 alia
739 2215 782 2241 ex
808 2207 940 2254 quibus
962 2211 1075 2248 vitam

20 2250 265 2294 quotidianam
280 2254 389 2291 ducit.
418 2256 489 2294 Sed
503 2269 569 2296 nec
586 2261 758 2308 injustum
773 2265 956 2311 injudicio
975 2280 1074 2308 men-

35 2310 65 2346 is
97 2311 282 2357 faciamus,
316 2327 382 2353 nec
409 2329 595 2358 mensuras
624 2329 659 2359 et
688 2330 841 2364 stateras
871 2330 962 2375 ejus,
993 2344 1072 2379 quae

19 2373 231 2409 naturaliter
262 2377 365 2413 nobis
393 2378 499 2416 insita
528 2387 584 2418 est
603 2382 754 2428 Justitiae
781 2398 1069 2436 corrumpamus,

24 2431 121 2470 iliter
145 2442 282 2480 nostra,
307 2444 343 2474 et
373 2440 481 2478 aliter
504 2445 660 2489 proximi
684 2455 832 2492 peccata
850 2451 1066 2497 judicantes.

34 2494 75 2529 iit
94 2496 188 2532 enim
210 2499 382 2538 Dominus
404 2515 412 2538 :
431 2503 477 2539 In
495 2516 563 2552 quo
578 2506 714 2552 judicio
730 2510 986 2557 judicaveritis,
1003 2515 1067 2560 ja-

40 2553 228 2601 icabimim',
257 2567 287 2594 et
311 2561 347 2597 tn
370 2573 439 2609 qua
467 2575 630 2601 mensura
653 2570 763 2604 triensi
781 2570 931 2616 fiteritis,
958 2585 1066 2609 reme-

27 2614 118 2650 ietur
130 2617 219 2652 vobis
233 2618 462 2669 (Mattitsn).
474 2623 575 2668 Quod
585 2626 659 2670 ipse
673 2628 930 2675 interpretans,
944 2643 1067 2678 quem-

31 2676 201 2714 ·dmodum
233 2680 382 2719 deberet
413 2684 561 2732 intelligi
594 2688 750 2724 subdidit
782 2701 790 2724 :
825 2690 917 2734 Quid
950 2701 1066 2730 autem

20 2735 104 2771 aedes
130 2738 298 2783 festucam
324 2742 359 2777 in
385 2744 485 2780 oculo
519 2746 641 2791 fratris
673 2750 748 2793 tui,
784 2751 916 2787 trabem
948 2762 1064 2791 autem

21 2797 135 2831 nam-in
152 2799 251 2834 oculo
267 2806 326 2835 tao
346 2809 394 2837 est
410 2814 478 2839 non
494 2805 613 2841 vides?

57 2854 126 2891 Sed
147 2868 213 2893 nee
236 2859 273 2894 in
293 2863 511 2906 ponderibus
532 2871 567 2901 et
586 2868 731 2904 stateris
753 2874 789 2905 et
810 2873 990 2909 mensuris
1009 2875 1062 2910 di-

19 2914 101 2951 uinis
120 2927 327 2964 noceamus,
351 2923 413 2958 sed
431 2923 548 2968 justas
573 2932 728 2964 stateras
753 2935 789 2965 et
818 2942 1006 2970 mensuras
1026 2941 1062 2972 et

55 2974 179 3020 ndei-a,
201 2979 236 3014 id
264 2986 333 3025 est,
363 2982 460 3029 leges
489 2984 684 3031 Scripturae
716 2989 846 3027 divinae
877 2995 1059 3031 custodia-

23 3272 26 3274 ’
44 3267 47 3269 ’
76 3282 134 3312 ras
148 3276 288 3326 (Manli.
308 3281 383 3328 xv).
409 3282 471 3318 Illa
487 3284 582 3321 enim
599 3286 644 3323 ad
665 3291 876 3327 memoriam
894 3299 1053 3332 nostram

92 3332 194 3374 ‘h‘aee
216 3338 358 3378 loeutus
383 3349 466 3388 est,
491 3344 548 3381 lex
574 3356 750 3387 revocans
777 3353 958 3391 subdidit:
977 3355 1053 3404 qu

39 3381 171 3451 mai
188 3398 282 3438 Deus
298 3408 418 3447 vester,

394 3656 549 3700 mm·
584 3663 646 3701 XI.

26 3702 151 3747 attola
177 3694 412 3762 mmmm
428 3719 707 3773 «immolandam.
744 3727 860 3778 lllaqis
886 3742 956 3769 non
982 3734 1047 3772 ad-

19 3756 320 4016 ,rltoerendm
335 3755 545 3807 ffirmtu
561 3781 632 3808 non
643 3773 934 3815 maledicendum.

138 3844 148 3854 .
166 3818 244 3868 xx.)
262 3819 719 3869 mummius-uad
734 3829 880 3882 noym
897 3838 1015 3877 dicem
1030 3850 1044 3875 .-

35 1111 150 1138 ·crum
174 1103 303 1140 litterae
326 1106 414 1151 eins,
439 1110 547 1146 etiam
570 1113 735 1157 spiritum
752 1121 969 1162 perscrutati
993 1120 1101 1159 sueri—

35 1168 137 1197 ·mus.
173 1162 249 1199 Non
273 1175 359 1213 ergo
376 1168 452 1204 lieri
478 1177 645 1216 oportere
661 1173 831 1218 injustum
852 1178 888 1214 in
905 1179 1042 1224 judicio
1060 1183 1098 1219 in

32 1220 328 1266 'praecedentibus
342 1230 525 1275 praecepit.
558 1231 662 1269 Nunc
679 1240 798 1271 autem
819 1248 886 1274 nee
904 1240 939 1275 in
954 1251 1097 1279 mensu-
1115 1232 1149 1272 B

1173 1066 1231 1096 tur
1250 1074 1329 1099 cum
1345 1064 1501 1112 ΜοΙοεΙι,
1518 1070 1562 1105 dc
1583 1073 1697 1109 medio
1714 1076 1833 1122 populi
1848 1079 1916 1113 sai.
1942 1079 2016 1126 (Ex
2028 1081 2235 1133 Hesychia.)

1170 1119 1281 1166 Cujus
1309 1123 1361 1159 rei
1389 1126 1506 1171 gratia
1532 1129 1576 1164 de
1599 1130 1729 1168 iisdem
1749 1133 1805 1170 bis
1824 1140 1862 1171 et
1885 1141 1942 1173 ter
1959 1138 2156 1184 aliquando
2175 1141 2235 1178 lex

1170 1184 1356 1229 praecepit,
1378 1185 1588 1232 frequenter
1603 1189 1640 1225 in
1659 1194 1949 1237 praecedentibus
1962 1197 2132 1242 diximus,
2149 1202 2234 1247 quia

1166 1247 1316 1288 propter
1339 1247 1552 1283 memoriam
1581 1249 1779 1296 legentium
1803 1254 1874 1291 hoc
1893 1255 2014 1295 saciat.
2052 1258 2154 1296 Unde
2172 1271 2233 1298 ea-

1166 1302 1248 1338 dem
1268 1306 1510 1352 recapitulans
1531 1311 1716 1356 mandata,
1737 1323 1831 1350 nova
1848 1318 2013 1362 quaedam
2035 1319 2089 1356 eis
2115 1322 2230 1360 inter—

1165 1365 1268 1408 serit,
1286 1371 1326 1401 ut
1351 1377 1422 1402 non
1452 1370 1633 1415 superflua
1653 1373 1819 1410 videatur
1846 1376 1966 1423 legum
1987 1382 2168 1427 repetitio,
2194 1389 2229 1421 et

1163 1423 1398 1470 inquisitione
1425 1439 1601 1467 novorum
1627 1433 1736 1470 etiam
1762 1437 2007 1477 anterioribus
2028 1443 2227 1483 studiosius

1161 1482 1403 1522 intendamus.
1437 1488 1551 1534 liujus
1575 1492 1628 1528 rei
1650 1495 1765 1540 gratia
1790 1497 1955 1535 actiones
1985 1504 2157 1547 quasdam
2186 1506 2227 1543 in

1159 1547 1354 1589 praeteritis
1372 1550 1582 1597 prohibens,
1604 1563 1751 1600 poenam
1772 1566 1899 1595 earum
1929 1562 2061 1608 tacuit,
2085 1570 2123 1601 ut
2143 1576 2226 1612 quae

1160 1604 1207 1640 sit
1220 1606 1297 1642 baec
1309 1608 1366 1644 vel
1385 1611 1501 1656 qualis
1519 1621 1738 1660 quaerenteS,
1756 1627 1800 1655 ea
1816 1629 1898 1666 quae
1915 1621 2068 1661 inferius
2088 1628 2220 1673 sancit,

1158 1672 1374 1705 scrutemur.
1401 1671 1441 1707 In
1466 1673 1524 1709 his
1551 1675 1647 1712 enim
1673 1687 1803 1724 poenas
1827 1680 1995 1728 inseruit,
2023 1693 2114 1731 quas
2133 1692 2220 1725 tunc

1154 1730 1400 1772 praetermisit.
1440 1732 1533 1769 Olim
1563 1744 1648 1782 ergo
1674 1739 1874 1783 prohibens
1906 1743 1949 1779 de
1987 1746 2125 1783 semine
2152 1758 2218 1786 suo

1155 1785 1307 1833 Moloch,
1337 1791 1413 1828 sive
1437 1796 1635 1832 secundum
1668 1796 1907 1847 Septuaginta
1932 1804 2102 1851 principi,
2124 1807 2217 1845 dari.

1153 1846 1240 1884 Erat
1258 1855 1380 1887 autem
1398 1852 1466 1889 1100
1485 1855 1570 1891 idoli
1591 1857 1779 1902 cujusdam
1795 1862 1852 1898 vel
1871 1863 2046 1902 daemonis
2068 1877 2213 1906 nomen.

1154 1906 1362 1947 Secundum
1381 1914 1475 1958 quod
1497 1913 1703 1960 Stephanus
1725 1919 1837 1958 Amos
1863 1922 2064 1962 introduxit
2089 1927 2214 1966 dieen-

1150 1971 1223 2003 tem
1251 1981 1259 2004 :
1286 1970 1334 2005 Et
1364 1973 1541 2019 recepistis
1570 1976 1836 2015 tabernaculum
1866 1982 2020 2029 Molock‚
2054 1995 2085 2022 et
2116 1989 2214 2026 sidus

1149 2027 1214 2063 Dei
1234 2032 1337 2066 vestri
1360 2031 1567 2080 Remmiam,
1588 2036 1721 2083 fiquras
1747 2051 1834 2086 quas
1853 2043 1985 2088 fecistis
2008 2053 2045 2082 ut
2060 2049 2214 2086 adoretis

1150 2098 1209 2122 eas
1237 2087 1357 2135 (Amos
1387 2092 1438 2139 v).
1465 2093 1530 2130 Est
1556 2101 1677 2133 autem
1701 2098 1840 2136 Moloch
1867 2103 1922 2138 vel
1950 2104 2147 2150 Melchom,
2174 2116 2214 2145 ut

1147 2158 1242 2196 saepe
1265 2152 1374 2187 etiam
1392 2153 1525 2202 legitur
1547 2157 1680 2194 idolum
1705 2160 1996 2201 Ammonitarum
2009 2194 2018 2210 ‚
2039 2170 2137 2214 quod
2157 2170 2212 2206 in-

1145 2214 1364 2256 terpretatur
1381 2224 1442 2249 1·οω
1463 2222 1585 2260 vester,
1604 2223 1641 2254 et
1659 2220 1759 2257 sidus
1776 2222 1841 2259 Dei
1859 2226 1970 2261 vestri
1994 2226 2209 2274 Rempham,

1144 2269 1180 2305 id
1194 2276 1262 2313 est,
1283 2272 1431 2317 sactarae
1453 2282 1588 2321 vestroe,
1611 2280 1713 2316 vobis
1726 2292 1793 2328 pre
1813 2283 1887 2320 Deo
1901 2288 2126 2333 suscepistis.
2151 2290 2211 2327 Si-

1142 2332 1289 2378 gnificat
1305 2340 1425 2371 autem
1444 2336 1648 2384 luciferum,
1666 2342 1768 2387 eujus
1788 2345 1898 2381 cultui
1918 2346 2204 2387 Sarracenorum

1141 2404 1249 2439 gens,
1280 2396 1325 2430 ob
1354 2397 1528 2434 honorem
1555 2399 1707 2438 Veneris
1739 2412 1818 2440 erat
1850 2408 2066 2454 mancipata.
2100 2410 2206 2449 Nunc

1140 2464 1228 2500 ergo
1254 2455 1410 2502 idipsum
1434 2469 1559 2495 rursus
1586 2468 1795 2501 contestans
1820 2474 1946 2503 eontra
1970 2479 2199 2518 peccantem,

1134 2514 1275 2559 judices
1292 2543 1301 2559 ,
1322 2517 1530 2564 ultoresque
1548 2531 1619 2557 non
1641 2524 1754 2559 solum
1778 2526 1961 2572 principes
1978 2531 2114 2575 populi,
2137 2534 2201 2569 sed

1137 2582 1173 2611 et
1207 2583 1316 2613 totam
1357 2579 1583 2628 synagogam
1623 2590 1658 2619 et
1690 2587 1862 2631 populum
1899 2588 1999 2625 facit.
2039 2590 2200 2639 Populus

1136 2638 1241 2681 enim,
1264 2638 1394 2684 inquit,
1416 2647 1517 2677 terroe
1538 2642 1710 2689 lapidabit
1724 2658 1816 2683 eam.
1840 2648 1913 2685 Nee
1933 2651 1990 2687 his
2006 2658 2199 2692 contentus

1135 2697 1360 2734 addidit:Et
1385 2711 1447 2746 eqo
1478 2713 1606 2748 ponam
1638 2705 1765 2750 faciem
1792 2719 1904 2744 meam
1929 2718 2050 2748 contra
2081 2713 2196 2759 illam,

1132 2758 1377 2805 succidamque
1397 2771 1476 2796 eum
1500 2762 1543 2798 de
1561 2764 1674 2800 medio
1696 2766 1817 2813 populi
1839 2770 1916 2813 sui,
1939 2782 2004 2817 per
2028 2771 2099 2810 11οο
2119 2785 2197 2812 om-

1132 2826 1197 2852 nes
1215 2819 1359 2865 erigens
1377 2827 1413 2856 et
1426 2831 1627 2867 provocans
1644 2832 1771 2862 eontra
1789 2838 1869 2864 eum
1894 2832 1954 2876 qui
1988 2833 2071 2870 talia
2094 2845 2195 2872 com-

1131 2878 1243 2914 misit.
1273 2879 1344 2916 Sed
1372 2887 1408 2917 et
1437 2890 1613 2921 terrorem
1637 2887 1813 2933 indicens,
1840 2892 1871 2926 si
1893 2894 2134 2940 neglexerint,
2156 2905 2194 2935 et

1129 2947 1201 2972 non
1236 2950 1317 2975 cum
1349 2944 1469 2979 studio
1498 2953 1718 2993 praeceptam
1744 2960 1890 2996 poenam
1926 2955 2002 2991 suis
2034 2956 2074 2992 in
2109 2967 2193 2994 eum

1131 3002 1360 3038 exercuerint
1378 3005 1557 3050 manibus,
1578 3014 1702 3054 utpote
1720 3010 1756 3046 in
1778 3016 1917 3049 tantum
1933 3015 2026 3053 irato
2044 3017 2133 3064 Deo,
2151 3025 2192 3056 ut

1130 3057 1207 3103 ipse
1222 3067 1345 3105 aperte
1359 3065 1568 3109 praedictam
1586 3071 1805 3107 sententiam
1822 3080 1949 3111 eontra
1965 3086 2047 3112 eum
2061 3076 2188 3116 ferret.

1130 3117 1201 3152 Cur
1230 3123 1374 3156 autem?
1407 3123 1497 3168 Quia
1530 3126 1573 3162 de
1598 3130 1734 3166 semine
1763 3142 1828 3168 suo
1848 3134 1945 3170 dedit
1970 3137 2126 3180 Moloch,
2148 3144 2187 3173 ut

1128 3181 1391 3218 contaminaret
1413 3188 1659 3223 sanctuarium
1691 3201 1823 3233 meum,
1854 3203 1897 3228 ac
1915 3194 2093 3239 pollueret
2117 3206 2185 3232 no-

1127 3248 1211 3275 men
1245 3247 1412 3279 sanetum
1446 3255 1580 3282 meum.
1616 3248 1827 3295 Quicunque
1847 3251 1943 3286 enim
1963 3251 2092 3296 tilium,
2120 3260 2182 3290 aut

1126 3312 1332 3354 cognatum,
1362 3317 1423 3347 aut
1449 3313 1676 3359 discipulum,
1698 3322 1760 3351 aut
1781 3317 1948 3362 amicum,
1975 3324 2039 3354 aut
2057 3329 2183 3366 quem-

1127 3381 1268 3418 cunque
1287 3374 1332 3410 de
1353 3385 1418 3411 suo
1435 3378 1580 3412 nomine
1599 3378 1655 3413 vel
1674 3381 1899 3425 cognatione,
1918 3388 1981 3418 aut
2000 3383 2177 3432 doctrina,

1123 3439 1278 3486 principi
1307 3442 1429 3478 saeculi
1468 3443 1574 3488 hujus
1606 3445 1668 3490 qui
1700 3456 1796 3482 nune
1825 3454 1996 3494 operatur
2026 3451 2065 3488 in
2092 3452 2178 3491 filiis

1124 3504 1330 3542 diffidentiae
1356 3507 1508 3551 dederit,
1534 3519 1668 3545 vovens
1691 3519 1774 3546 eum
1802 3516 1839 3547 et
1865 3523 2084 3555 consecrans
2101 3519 2177 3557 dae-

1122 3571 1301 3615 monibus,
1325 3573 1388 3609 1110
1408 3574 1555 3621 quidem
1575 3575 1620 3611 ad
1646 3586 1749 3613 sacra
1773 3578 1988 3626 daemonum,
2004 3582 2095 3620 alter
2114 3595 2177 3621 au-

1120 3642 1193 3675 tem
1218 3638 1326 3675 mista
1346 3639 1442 3675 virili
1466 3641 1707 3688 muliebrique
1733 3644 1819 3681 vita.
1853 3645 2052 3696 Utrumque
2074 3652 2173 3689 enim

1116 3709 1198 3741 erat
1215 3704 1365 3751 paganis
1379 3707 1617 3751 comeatum,
1645 3714 1682 3744 et
1707 3709 1764 3747 bis
1786 3711 1850 3757 qni
1880 3712 1918 3748 in
1941 3722 2068 3752 errore
2091 3716 2172 3754 ilb-

1115 3783 1198 3809 rum
1222 3772 1447 3810 labebantur.
1483 3775 1534 3812 De
1565 3777 1695 3824 qulbus
1724 3779 1820 3817 neus
1840 3788 1908 3828 per
1928 3782 2039 3823 Amos
2056 3786 2166 3825 dicit:

1117 3839 1207 3886 Quia
1233 3841 1294 3879 isti
1323 3845 1405 3878 euin
1428 3826 1637 3882 fornicariis
1659 3844 1996 3898 corrumpebantur,
2023 3859 2060 3892 et
2083 3864 2167 3895 cum
