<?xml version="1.0" encoding="UTF-8"?>
<!DOCTYPE html PUBLIC "-//W3C//DTD XHTML 1.0 Transitional//EN"
    "http://www.w3.org/TR/xhtml1/DTD/xhtml1-transitional.dtd">
<html xmlns="http://www.w3.org/1999/xhtml" xml:lang="en" lang="en">
 <head>
  <title>
</title>
<meta http-equiv="Content-Type" content="text/html;charset=utf-8" />
  <meta name='ocr-system' content='tesseract 3.04.00' />
  <meta name='ocr-capabilities' content='ocr_page ocr_carea ocr_par ocr_line ocrx_word'/>
</head>
<body>
  <div class='ocr_page' id='page_1' title='image "./patrologiae00unknuoft_0051.png"; bbox 0 0 2540 4016; ppageno 0'>
   <div class='ocr_carea' id='block_1_1' title="bbox 77 203 2273 346">
    <p class='ocr_par' dir='ltr' id='par_1_1' title="bbox 77 203 2273 346">
     <span class='ocr_line' id='line_1_1' title="bbox 77 203 2272 258; baseline -0.006 -7"><span class='ocrx_word' id='word_1_1' title='bbox 77 217 118 258; x_wconf 67' lang='lat'>89</span> <span class='ocrx_word' id='word_1_2' title='bbox 744 204 1082 248; x_wconf 75' lang='lat' dir='ltr'>COMMENTARIA</span> <span class='ocrx_word' id='word_1_3' title='bbox 1107 204 1154 242; x_wconf 77' lang='lat' dir='ltr'>m</span> <span class='ocrx_word' id='word_1_4' title='bbox 1178 203 1389 242; x_wconf 75' lang='lat' dir='ltr'>Exonnm.</span> <span class='ocrx_word' id='word_1_5' title='bbox 1414 225 1462 232; x_wconf 97' lang='lat'><strong>—</strong></span> <span class='ocrx_word' id='word_1_6' title='bbox 1486 205 1640 242; x_wconf 87' lang='lat' dir='ltr'>LlB.11.</span> <span class='ocrx_word' id='word_1_7' title='bbox 2223 211 2272 250; x_wconf 74' lang='grc'>90</span> 
     </span>
     <span class='ocr_line' id='line_1_2' title="bbox 77 280 2273 346; baseline -0.006 -11"><span class='ocrx_word' id='word_1_8' title='bbox 77 298 226 346; x_wconf 86' lang='lat' dir='ltr'>populus</span> <span class='ocrx_word' id='word_1_9' title='bbox 245 293 520 344; x_wconf 81' lang='lat' dir='ltr'>quadragesima</span> <span class='ocrx_word' id='word_1_10' title='bbox 540 287 694 336; x_wconf 83' lang='lat' dir='ltr'>septima</span> <span class='ocrx_word' id='word_1_11' title='bbox 707 285 765 323; x_wconf 89' lang='lat' dir='ltr'>die</span> <span class='ocrx_word' id='word_1_12' title='bbox 782 283 1004 333; x_wconf 82' lang='lat' dir='ltr'>egressionis</span> <span class='ocrx_word' id='word_1_13' title='bbox 1021 282 1133 319; x_wconf 86' lang='lat' dir='ltr'>lsrael</span> <span class='ocrx_word' id='word_1_14' title='bbox 1151 286 1188 328; x_wconf 76' lang='grc' dir='ltr'>Α</span> <span class='ocrx_word' id='word_1_15' title='bbox 1204 291 1335 320; x_wconf 91' lang='lat' dir='ltr'>sensus</span> <span class='ocrx_word' id='word_1_16' title='bbox 1355 280 1556 328; x_wconf 85' lang='lat' dir='ltr'>spiritualis</span> <span class='ocrx_word' id='word_1_17' title='bbox 1575 281 1861 317; x_wconf 85' lang='lat' dir='ltr'>demonstratur.</span> <span class='ocrx_word' id='word_1_18' title='bbox 1888 281 2002 319; x_wconf 86' lang='lat' dir='ltr'>Omne</span> <span class='ocrx_word' id='word_1_19' title='bbox 2019 283 2099 321; x_wconf 82' lang='lat' dir='ltr'>leve</span> <span class='ocrx_word' id='word_1_20' title='bbox 2116 289 2154 322; x_wconf 87' lang='lat' dir='ltr'>et</span> <span class='ocrx_word' id='word_1_21' title='bbox 2179 283 2273 322; x_wconf 82' lang='lat' dir='ltr'>luei-</span> 
     </span>
    </p>
   </div>
   <div class='ocr_carea' id='block_1_2' title="bbox 59 345 1137 1199">
    <p class='ocr_par' dir='ltr' id='par_1_2' title="bbox 64 345 1137 894">
     <span class='ocr_line' id='line_1_3' title="bbox 77 345 1137 407; baseline -0.018 -9"><span class='ocrx_word' id='word_1_22' title='bbox 77 370 121 396; x_wconf 82' lang='lat' dir='ltr'>ex</span> <span class='ocrx_word' id='word_1_23' title='bbox 142 359 298 407; x_wconf 87' lang='lat' dir='ltr'>AEgypto</span> <span class='ocrx_word' id='word_1_24' title='bbox 317 357 361 394; x_wconf 86' lang='lat' dir='ltr'>ad</span> <span class='ocrx_word' id='word_1_25' title='bbox 379 357 539 392; x_wconf 85' lang='lat' dir='ltr'>montem</span> <span class='ocrx_word' id='word_1_26' title='bbox 561 349 675 392; x_wconf 90' lang='lat' dir='ltr'>Sina;</span> <span class='ocrx_word' id='word_1_27' title='bbox 702 347 825 393; x_wconf 86' lang='lat' dir='ltr'><strong>ibique</strong></span> <span class='ocrx_word' id='word_1_28' title='bbox 846 345 988 394; x_wconf 86' lang='lat' dir='ltr'>Moyses</span> <span class='ocrx_word' id='word_1_29' title='bbox 1008 354 1137 381; x_wconf 87' lang='lat' dir='ltr'>ascen-</span> 
     </span>
     <span class='ocr_line' id='line_1_4' title="bbox 76 406 1137 461; baseline -0.013 -3"><span class='ocrx_word' id='word_1_30' title='bbox 76 421 128 458; x_wconf 90' lang='lat' dir='ltr'>dit</span> <span class='ocrx_word' id='word_1_31' title='bbox 146 422 186 457; x_wconf 86' lang='lat' dir='ltr'>ad</span> <span class='ocrx_word' id='word_1_32' title='bbox 206 422 332 461; x_wconf 89' lang='lat' dir='ltr'>Deum,</span> <span class='ocrx_word' id='word_1_33' title='bbox 351 421 386 452; x_wconf 90' lang='lat' dir='ltr'>et</span> <span class='ocrx_word' id='word_1_34' title='bbox 412 413 587 451; x_wconf 80' lang='lat' dir='ltr'>Dominus</span> <span class='ocrx_word' id='word_1_35' title='bbox 603 411 649 447; x_wconf 89' lang='lat' dir='ltr'>ad</span> <span class='ocrx_word' id='word_1_36' title='bbox 666 420 749 447; x_wconf 87' lang='lat' dir='ltr'>eum</span> <span class='ocrx_word' id='word_1_37' title='bbox 765 408 966 446; x_wconf 89' lang='lat' dir='ltr'>descendit.</span> <span class='ocrx_word' id='word_1_38' title='bbox 993 406 1031 443; x_wconf 91' lang='lat' dir='ltr'>Si</span> <span class='ocrx_word' id='word_1_39' title='bbox 1049 406 1137 453; x_wconf 86' lang='lat' dir='ltr'>quid</span> 
     </span>
     <span class='ocr_line' id='line_1_5' title="bbox 75 469 1136 522; baseline -0.014 -2"><span class='ocrx_word' id='word_1_40' title='bbox 75 488 131 520; x_wconf 90' lang='lat' dir='ltr'>est</span> <span class='ocrx_word' id='word_1_41' title='bbox 165 479 346 519; x_wconf 84' lang='lat' dir='ltr'>moraliter</span> <span class='ocrx_word' id='word_1_42' title='bbox 374 475 470 522; x_wconf 83' lang='lat' dir='ltr'>quod</span> <span class='ocrx_word' id='word_1_43' title='bbox 498 473 640 521; x_wconf 87' lang='lat' dir='ltr'>Moyses</span> <span class='ocrx_word' id='word_1_44' title='bbox 664 472 702 508; x_wconf 91' lang='lat' dir='ltr'>in</span> <span class='ocrx_word' id='word_1_45' title='bbox 723 475 886 508; x_wconf 87' lang='lat' dir='ltr'>montem</span> <span class='ocrx_word' id='word_1_46' title='bbox 907 469 1074 506; x_wconf 87' lang='lat' dir='ltr'>ascendit</span> <span class='ocrx_word' id='word_1_47' title='bbox 1098 474 1136 505; x_wconf 89' lang='lat' dir='ltr'>et</span> 
     </span>
     <span class='ocr_line' id='line_1_6' title="bbox 73 530 1136 579; baseline -0.013 1"><span class='ocrx_word' id='word_1_48' title='bbox 73 543 243 579; x_wconf 87' lang='lat' dir='ltr'>Dominus</span> <span class='ocrx_word' id='word_1_49' title='bbox 273 539 308 576; x_wconf 92' lang='lat' dir='ltr'>in</span> <span class='ocrx_word' id='word_1_50' title='bbox 336 541 497 573; x_wconf 90' lang='lat' dir='ltr'>montem</span> <span class='ocrx_word' id='word_1_51' title='bbox 525 533 737 571; x_wconf 89' lang='lat' dir='ltr'>descendit?</span> <span class='ocrx_word' id='word_1_52' title='bbox 757 531 859 568; x_wconf 90' lang='lat' dir='ltr'>Mons</span> <span class='ocrx_word' id='word_1_53' title='bbox 878 531 1024 577; x_wconf 86' lang='lat' dir='ltr'>quippe,</span> <span class='ocrx_word' id='word_1_54' title='bbox 1054 530 1136 567; x_wconf 79' lang='lat' dir='ltr'>alti-</span> 
     </span>
     <span class='ocr_line' id='line_1_7' title="bbox 72 592 1133 646; baseline -0.011 -6"><span class='ocrx_word' id='word_1_55' title='bbox 72 605 158 642; x_wconf 91' lang='lat' dir='ltr'>tudo</span> <span class='ocrx_word' id='word_1_56' title='bbox 176 598 486 646; x_wconf 78' lang='lat' dir='ltr'>contemplationis</span> <span class='ocrx_word' id='word_1_57' title='bbox 500 602 634 633; x_wconf 74' lang='lat' dir='ltr'>nostrae</span> <span class='ocrx_word' id='word_1_58' title='bbox 649 599 725 638; x_wconf 93' lang='lat' dir='ltr'>est,</span> <span class='ocrx_word' id='word_1_59' title='bbox 743 594 779 630; x_wconf 93' lang='lat' dir='ltr'>in</span> <span class='ocrx_word' id='word_1_60' title='bbox 795 603 866 640; x_wconf 88' lang='lat' dir='ltr'>qua</span> <span class='ocrx_word' id='word_1_61' title='bbox 883 592 1133 635; x_wconf 87' lang='lat' dir='ltr'>ascendimns;</span> 
     </span>
     <span class='ocr_line' id='line_1_8' title="bbox 71 653 1135 707; baseline -0.012 -7"><span class='ocrx_word' id='word_1_62' title='bbox 71 670 111 700; x_wconf 90' lang='lat' dir='ltr'>ut</span> <span class='ocrx_word' id='word_1_63' title='bbox 134 663 177 699; x_wconf 90' lang='lat' dir='ltr'>ad</span> <span class='ocrx_word' id='word_1_64' title='bbox 194 672 235 698; x_wconf 81' lang='lat' dir='ltr'>ea</span> <span class='ocrx_word' id='word_1_65' title='bbox 262 671 342 707; x_wconf 79' lang='lat' dir='ltr'>quae</span> <span class='ocrx_word' id='word_1_66' title='bbox 358 660 455 695; x_wconf 86' lang='lat' dir='ltr'>ultra</span> <span class='ocrx_word' id='word_1_67' title='bbox 484 657 734 694; x_wconf 83' lang='lat' dir='ltr'>infirmitatem</span> <span class='ocrx_word' id='word_1_68' title='bbox 753 661 917 691; x_wconf 85' lang='lat' dir='ltr'>nostram</span> <span class='ocrx_word' id='word_1_69' title='bbox 943 659 1029 690; x_wconf 90' lang='lat' dir='ltr'>sunt</span> <span class='ocrx_word' id='word_1_70' title='bbox 1045 681 1054 696; x_wconf 94' lang='lat'>‚</span> <span class='ocrx_word' id='word_1_71' title='bbox 1077 653 1135 688; x_wconf 92' lang='lat' dir='ltr'>in-</span> 
     </span>
     <span class='ocr_line' id='line_1_9' title="bbox 71 714 1131 762; baseline -0.012 0"><span class='ocrx_word' id='word_1_72' title='bbox 71 725 197 762; x_wconf 90' lang='lat' dir='ltr'>tuenda</span> <span class='ocrx_word' id='word_1_73' title='bbox 217 723 456 759; x_wconf 85' lang='lat' dir='ltr'>sublevemur.</span> <span class='ocrx_word' id='word_1_74' title='bbox 479 719 549 756; x_wconf 87' lang='lat' dir='ltr'>Sed</span> <span class='ocrx_word' id='word_1_75' title='bbox 568 719 604 755; x_wconf 93' lang='lat' dir='ltr'>in</span> <span class='ocrx_word' id='word_1_76' title='bbox 624 719 718 755; x_wconf 86' lang='lat' dir='ltr'>hanc</span> <span class='ocrx_word' id='word_1_77' title='bbox 740 717 914 753; x_wconf 88' lang='lat' dir='ltr'>Dominus</span> <span class='ocrx_word' id='word_1_78' title='bbox 929 714 1131 757; x_wconf 89' lang='lat' dir='ltr'>descendit,</span> 
     </span>
     <span class='ocr_line' id='line_1_10' title="bbox 66 777 1133 834; baseline -0.01 -11"><span class='ocrx_word' id='word_1_79' title='bbox 66 787 149 834; x_wconf 84' lang='lat' dir='ltr'>quia</span> <span class='ocrx_word' id='word_1_80' title='bbox 170 786 303 822; x_wconf 87' lang='lat' dir='ltr'>sanctis</span> <span class='ocrx_word' id='word_1_81' title='bbox 329 784 451 820; x_wconf 88' lang='lat' dir='ltr'>multis</span> <span class='ocrx_word' id='word_1_82' title='bbox 469 781 743 828; x_wconf 84' lang='lat' dir='ltr'>proficientibus</span> <span class='ocrx_word' id='word_1_83' title='bbox 774 789 903 826; x_wconf 88' lang='lat' dir='ltr'>parum</span> <span class='ocrx_word' id='word_1_84' title='bbox 928 779 973 815; x_wconf 90' lang='lat' dir='ltr'>de</span> <span class='ocrx_word' id='word_1_85' title='bbox 998 787 1037 814; x_wconf 88' lang='lat' dir='ltr'>se</span> <span class='ocrx_word' id='word_1_86' title='bbox 1067 777 1133 813; x_wconf 90' lang='lat' dir='ltr'>ali-</span> 
     </span>
     <span class='ocr_line' id='line_1_11' title="bbox 64 844 632 894; baseline -0.009 -11"><span class='ocrx_word' id='word_1_87' title='bbox 64 847 150 894; x_wconf 83' lang='lat' dir='ltr'>quid</span> <span class='ocrx_word' id='word_1_88' title='bbox 171 857 295 883; x_wconf 89' lang='lat' dir='ltr'>eorum</span> <span class='ocrx_word' id='word_1_89' title='bbox 316 845 483 881; x_wconf 81' lang='lat' dir='ltr'>sensibus</span> <span class='ocrx_word' id='word_1_90' title='bbox 504 844 632 890; x_wconf 83' lang='lat' dir='ltr'>aperit.</span> 
     </span>
    </p>

    <p class='ocr_par' dir='ltr' id='par_1_3' title="bbox 59 900 1132 1199">
     <span class='ocr_line' id='line_1_12' title="bbox 120 900 1131 955; baseline -0.011 -11"><span class='ocrx_word' id='word_1_91' title='bbox 120 908 184 944; x_wconf 87' lang='lat' dir='ltr'>Vos</span> <span class='ocrx_word' id='word_1_92' title='bbox 205 910 270 955; x_wconf 86' lang='lat' dir='ltr'>ipsi</span> <span class='ocrx_word' id='word_1_93' title='bbox 288 907 421 943; x_wconf 73' lang='lat' dir='ltr'>vidistis</span> <span class='ocrx_word' id='word_1_94' title='bbox 450 917 527 953; x_wconf 67' lang='lat' dir='ltr'>quse</span> <span class='ocrx_word' id='word_1_95' title='bbox 556 905 698 951; x_wconf 74' lang='lat' dir='ltr'>fecerim</span> <span class='ocrx_word' id='word_1_96' title='bbox 719 902 898 948; x_wconf 74' lang='lat' dir='ltr'>AEqyptiis</span> <span class='ocrx_word' id='word_1_97' title='bbox 924 911 935 935; x_wconf 90' lang='lat'><em>:</em></span> <span class='ocrx_word' id='word_1_98' title='bbox 958 900 1131 946; x_wconf 86' lang='lat' dir='ltr'>quomodo</span> 
     </span>
     <span class='ocr_line' id='line_1_13' title="bbox 62 960 1131 1016; baseline -0.011 -11"><span class='ocrx_word' id='word_1_99' title='bbox 62 970 271 1016; x_wconf 79' lang='lat' dir='ltr'>portaverim</span> <span class='ocrx_word' id='word_1_100' title='bbox 291 980 350 1004; x_wconf 88' lang='lat' dir='ltr'>vos</span> <span class='ocrx_word' id='word_1_101' title='bbox 371 977 475 1013; x_wconf 86' lang='lat' dir='ltr'>super</span> <span class='ocrx_word' id='word_1_102' title='bbox 492 965 568 1001; x_wconf 88' lang='lat' dir='ltr'>alas</span> <span class='ocrx_word' id='word_1_103' title='bbox 589 962 803 1010; x_wconf 86' lang='lat' dir='ltr'>aquilarum,</span> <span class='ocrx_word' id='word_1_104' title='bbox 826 967 857 996; x_wconf 90' lang='lat' dir='ltr'>et</span> <span class='ocrx_word' id='word_1_105' title='bbox 878 960 1131 1006; x_wconf 80' lang='lat' dir='ltr'>assumpserim</span> 
     </span>
     <span class='ocr_line' id='line_1_14' title="bbox 62 1020 1132 1073; baseline -0.01 -8"><span class='ocrx_word' id='word_1_106' title='bbox 62 1030 160 1065; x_wconf 71' lang='lat' dir='ltr'>niilti.</span> <span class='ocrx_word' id='word_1_107' title='bbox 193 1029 278 1065; x_wconf 85' lang='lat' dir='ltr'>Alas</span> <span class='ocrx_word' id='word_1_108' title='bbox 307 1027 522 1073; x_wconf 88' lang='lat' dir='ltr'>aquilarum,</span> <span class='ocrx_word' id='word_1_109' title='bbox 562 1024 748 1061; x_wconf 79' lang='lat' dir='ltr'>doctrinas</span> <span class='ocrx_word' id='word_1_110' title='bbox 781 1022 933 1069; x_wconf 88' lang='lat' dir='ltr'>mystice</span> <span class='ocrx_word' id='word_1_111' title='bbox 975 1020 1132 1066; x_wconf 86' lang='lat' dir='ltr'>appellat</span> 
     </span>
     <span class='ocr_line' id='line_1_15' title="bbox 62 1083 1126 1132; baseline -0.01 -4"><span class='ocrx_word' id='word_1_112' title='bbox 62 1094 211 1128; x_wconf 89' lang='lat' dir='ltr'>duorum</span> <span class='ocrx_word' id='word_1_113' title='bbox 233 1091 557 1126; x_wconf 85' lang='lat' dir='ltr'>Testamentorum.</span> <span class='ocrx_word' id='word_1_114' title='bbox 580 1087 677 1123; x_wconf 83' lang='lat' dir='ltr'>Bene</span> <span class='ocrx_word' id='word_1_115' title='bbox 698 1095 784 1132; x_wconf 86' lang='lat' dir='ltr'>ergo</span> <span class='ocrx_word' id='word_1_116' title='bbox 806 1083 994 1130; x_wconf 84' lang='lat' dir='ltr'>Scriptura</span> <span class='ocrx_word' id='word_1_117' title='bbox 1020 1092 1126 1118; x_wconf 85' lang='lat' dir='ltr'>saera</span> 
     </span>
     <span class='ocr_line' id='line_1_16' title="bbox 59 1145 1128 1199; baseline -0.008 -11"><span class='ocrx_word' id='word_1_118' title='bbox 59 1154 187 1199; x_wconf 87' lang='lat' dir='ltr'>pennis</span> <span class='ocrx_word' id='word_1_119' title='bbox 222 1151 421 1197; x_wconf 88' lang='lat' dir='ltr'>aquilarum</span> <span class='ocrx_word' id='word_1_120' title='bbox 453 1149 691 1191; x_wconf 80' lang='lat' dir='ltr'>assimilatur,</span> <span class='ocrx_word' id='word_1_121' title='bbox 718 1157 797 1193; x_wconf 73' lang='lat' dir='ltr'>quae</span> <span class='ocrx_word' id='word_1_122' title='bbox 830 1156 896 1181; x_wconf 88' lang='lat' dir='ltr'>nos</span> <span class='ocrx_word' id='word_1_123' title='bbox 922 1147 967 1181; x_wconf 85' lang='lat' dir='ltr'>ab</span> <span class='ocrx_word' id='word_1_124' title='bbox 994 1145 1128 1180; x_wconf 79' lang='lat' dir='ltr'>infimis</span> 
     </span>
    </p>
   </div>
   <div class='ocr_carea' id='block_1_3' title="bbox 1197 342 2274 1190">
    <p class='ocr_par' dir='ltr' id='par_1_4' title="bbox 1203 342 2271 576">
     <span class='ocr_line' id='line_1_17' title="bbox 1207 342 2270 389; baseline 0.005 -9"><span class='ocrx_word' id='word_1_125' title='bbox 1207 344 1291 381; x_wconf 89' lang='lat' dir='ltr'>dum</span> <span class='ocrx_word' id='word_1_126' title='bbox 1310 344 1355 380; x_wconf 88' lang='lat' dir='ltr'>ad</span> <span class='ocrx_word' id='word_1_127' title='bbox 1374 342 1499 379; x_wconf 82' lang='lat' dir='ltr'>fideles</span> <span class='ocrx_word' id='word_1_128' title='bbox 1519 342 1704 389; x_wconf 89' lang='lat' dir='ltr'>pertinet·</span> <span class='ocrx_word' id='word_1_129' title='bbox 1725 343 1843 379; x_wconf 92' lang='lat' dir='ltr'>omnis</span> <span class='ocrx_word' id='word_1_130' title='bbox 1861 347 1983 379; x_wconf 87' lang='lat' dir='ltr'>autem</span> <span class='ocrx_word' id='word_1_131' title='bbox 2000 349 2099 381; x_wconf 78' lang='lat' dir='ltr'>terra</span> <span class='ocrx_word' id='word_1_132' title='bbox 2113 351 2150 382; x_wconf 86' lang='lat' dir='ltr'>et</span> <span class='ocrx_word' id='word_1_133' title='bbox 2168 352 2270 385; x_wconf 83' lang='lat' dir='ltr'>tene-</span> 
     </span>
     <span class='ocr_line' id='line_1_18' title="bbox 1204 405 2271 451; baseline 0 -8"><span class='ocrx_word' id='word_1_134' title='bbox 1204 406 1375 451; x_wconf 88' lang='lat' dir='ltr'>brositas,</span> <span class='ocrx_word' id='word_1_135' title='bbox 1396 406 1441 442; x_wconf 83' lang='lat' dir='ltr'>ad</span> <span class='ocrx_word' id='word_1_136' title='bbox 1459 405 1624 442; x_wconf 82' lang='lat' dir='ltr'>infideles</span> <span class='ocrx_word' id='word_1_137' title='bbox 1644 406 1847 442; x_wconf 90' lang='lat' dir='ltr'>terrendos.</span> <span class='ocrx_word' id='word_1_138' title='bbox 1870 405 1956 442; x_wconf 89' lang='lat' dir='ltr'>Ideo</span> <span class='ocrx_word' id='word_1_139' title='bbox 1976 411 2098 442; x_wconf 87' lang='lat' dir='ltr'>autem</span> <span class='ocrx_word' id='word_1_140' title='bbox 2111 406 2168 444; x_wconf 87' lang='lat' dir='ltr'>lex</span> <span class='ocrx_word' id='word_1_141' title='bbox 2185 419 2271 447; x_wconf 86' lang='lat' dir='ltr'>cum</span> 
     </span>
     <span class='ocr_line' id='line_1_19' title="bbox 1203 467 2271 514; baseline 0.005 -11"><span class='ocrx_word' id='word_1_142' title='bbox 1203 472 1344 505; x_wconf 85' lang='lat' dir='ltr'>terrore</span> <span class='ocrx_word' id='word_1_143' title='bbox 1362 468 1484 512; x_wconf 89' lang='lat' dir='ltr'>datur,</span> <span class='ocrx_word' id='word_1_144' title='bbox 1507 472 1546 504; x_wconf 88' lang='lat' dir='ltr'>ut</span> <span class='ocrx_word' id='word_1_145' title='bbox 1563 467 1719 514; x_wconf 89' lang='lat' dir='ltr'>populus</span> <span class='ocrx_word' id='word_1_146' title='bbox 1739 467 1894 503; x_wconf 88' lang='lat' dir='ltr'>carnalis</span> <span class='ocrx_word' id='word_1_147' title='bbox 1909 467 2025 504; x_wconf 89' lang='lat' dir='ltr'>Deum</span> <span class='ocrx_word' id='word_1_148' title='bbox 2049 467 2214 513; x_wconf 86' lang='lat' dir='ltr'>timeret,</span> <span class='ocrx_word' id='word_1_149' title='bbox 2231 474 2271 508; x_wconf 83' lang='lat' dir='ltr'>et</span> 
     </span>
     <span class='ocr_line' id='line_1_20' title="bbox 1203 528 2008 576; baseline 0 -11"><span class='ocrx_word' id='word_1_150' title='bbox 1203 528 1319 576; x_wconf 83' lang='lat' dir='ltr'>legem</span> <span class='ocrx_word' id='word_1_151' title='bbox 1339 529 1418 576; x_wconf 89' lang='lat' dir='ltr'>ejus</span> <span class='ocrx_word' id='word_1_152' title='bbox 1437 539 1521 567; x_wconf 89' lang='lat' dir='ltr'>cum</span> <span class='ocrx_word' id='word_1_153' title='bbox 1537 529 1741 566; x_wconf 88' lang='lat' dir='ltr'>reverentia</span> <span class='ocrx_word' id='word_1_154' title='bbox 1760 533 2008 565; x_wconf 73' lang='lat' dir='ltr'>conservaret.</span> 
     </span>
    </p>

    <p class='ocr_par' dir='ltr' id='par_1_5' title="bbox 1197 588 2274 1190">
     <span class='ocr_line' id='line_1_21' title="bbox 1252 588 2271 636; baseline 0 -10"><span class='ocrx_word' id='word_1_155' title='bbox 1252 589 1442 626; x_wconf 86' lang='lat' dir='ltr'>Nuntiavit</span> <span class='ocrx_word' id='word_1_156' title='bbox 1467 601 1548 636; x_wconf 75' lang='lat' dir='ltr'>erqo</span> <span class='ocrx_word' id='word_1_157' title='bbox 1572 589 1715 636; x_wconf 79' lang='lat' dir='ltr'>Moyses</span> <span class='ocrx_word' id='word_1_158' title='bbox 1733 589 1839 625; x_wconf 84' lang='lat' dir='ltr'>verba</span> <span class='ocrx_word' id='word_1_159' title='bbox 1854 588 1975 636; x_wconf 83' lang='lat' dir='ltr'>populi</span> <span class='ocrx_word' id='word_1_160' title='bbox 1996 589 2042 625; x_wconf 90' lang='lat' dir='ltr'>ad</span> <span class='ocrx_word' id='word_1_161' title='bbox 2063 589 2271 635; x_wconf 89' lang='lat' dir='ltr'>Dominum,</span> 
     </span>
     <span class='ocr_line' id='line_1_22' title="bbox 1201 650 2273 701; baseline -0.002 -12"><span class='ocrx_word' id='word_1_162' title='bbox 1201 654 1261 701; x_wconf 85' lang='lat' dir='ltr'>qui</span> <span class='ocrx_word' id='word_1_163' title='bbox 1275 654 1365 689; x_wconf 69' lang='lat' dir='ltr'>dixu</span> <span class='ocrx_word' id='word_1_164' title='bbox 1382 654 1414 689; x_wconf 89' lang='lat' dir='ltr'>ei</span> <span class='ocrx_word' id='word_1_165' title='bbox 1434 663 1446 686; x_wconf 93' lang='lat'>.·</span> <span class='ocrx_word' id='word_1_166' title='bbox 1472 652 1571 688; x_wconf 85' lang='lat' dir='ltr'>Vade</span> <span class='ocrx_word' id='word_1_167' title='bbox 1589 652 1635 688; x_wconf 88' lang='lat' dir='ltr'>ad</span> <span class='ocrx_word' id='word_1_168' title='bbox 1652 651 1820 699; x_wconf 88' lang='lat' dir='ltr'>populum</span> <span class='ocrx_word' id='word_1_169' title='bbox 1841 658 1871 687; x_wconf 88' lang='lat' dir='ltr'>et</span> <span class='ocrx_word' id='word_1_170' title='bbox 1891 650 2075 696; x_wconf 83' lang='lat' dir='ltr'>sanctifica</span> <span class='ocrx_word' id='word_1_171' title='bbox 2093 662 2150 687; x_wconf 89' lang='lat' dir='ltr'>eos</span> <span class='ocrx_word' id='word_1_172' title='bbox 2170 650 2273 687; x_wconf 83' lang='lat' dir='ltr'>hodie</span> 
     </span>
     <span class='ocr_line' id='line_1_23' title="bbox 1202 714 2274 761; baseline -0.001 -11"><span class='ocrx_word' id='word_1_173' title='bbox 1202 721 1235 751; x_wconf 88' lang='lat' dir='ltr'>et</span> <span class='ocrx_word' id='word_1_174' title='bbox 1261 726 1361 758; x_wconf 89' lang='lat' dir='ltr'>cras;</span> <span class='ocrx_word' id='word_1_175' title='bbox 1398 714 1579 761; x_wconf 85' lang='lat' dir='ltr'>laventque</span> <span class='ocrx_word' id='word_1_176' title='bbox 1611 714 1816 749; x_wconf 82' lang='lat' dir='ltr'>vestimenta</span> <span class='ocrx_word' id='word_1_177' title='bbox 1839 724 1920 756; x_wconf 87' lang='lat' dir='ltr'>sua,</span> <span class='ocrx_word' id='word_1_178' title='bbox 1950 720 1981 748; x_wconf 88' lang='lat' dir='ltr'>et</span> <span class='ocrx_word' id='word_1_179' title='bbox 2007 714 2076 748; x_wconf 88' lang='lat' dir='ltr'>sint</span> <span class='ocrx_word' id='word_1_180' title='bbox 2102 714 2218 759; x_wconf 85' lang='lat' dir='ltr'>parati</span> <span class='ocrx_word' id='word_1_181' title='bbox 2236 714 2274 749; x_wconf 86' lang='lat' dir='ltr'>in</span> 
     </span>
     <span class='ocr_line' id='line_1_24' title="bbox 1202 772 2272 817; baseline -0.003 -5"><span class='ocrx_word' id='word_1_182' title='bbox 1202 776 1294 812; x_wconf 86' lang='lat' dir='ltr'>diem</span> <span class='ocrx_word' id='word_1_183' title='bbox 1323 776 1477 812; x_wconf 87' lang='lat' dir='ltr'>tertium.</span> <span class='ocrx_word' id='word_1_184' title='bbox 1512 775 1578 811; x_wconf 91' lang='lat' dir='ltr'>Die</span> <span class='ocrx_word' id='word_1_185' title='bbox 1612 775 1705 810; x_wconf 90' lang='lat' dir='ltr'>enim</span> <span class='ocrx_word' id='word_1_186' title='bbox 1738 774 1856 817; x_wconf 85' lang='lat' dir='ltr'>tertio,</span> <span class='ocrx_word' id='word_1_187' title='bbox 1886 773 2069 810; x_wconf 82' lang='lat' dir='ltr'>descendet</span> <span class='ocrx_word' id='word_1_188' title='bbox 2100 772 2272 809; x_wconf 77' lang='lat' dir='ltr'>Dominus</span> 
     </span>
     <span class='ocr_line' id='line_1_25' title="bbox 1201 835 2271 884; baseline -0.003 -10"><span class='ocrx_word' id='word_1_189' title='bbox 1201 849 1321 874; x_wconf 86' lang='lat' dir='ltr'>coram</span> <span class='ocrx_word' id='word_1_190' title='bbox 1342 838 1436 873; x_wconf 84' lang='lat' dir='ltr'>omni</span> <span class='ocrx_word' id='word_1_191' title='bbox 1456 836 1554 884; x_wconf 87' lang='lat' dir='ltr'>plebe</span> <span class='ocrx_word' id='word_1_192' title='bbox 1577 847 1681 884; x_wconf 85' lang='lat' dir='ltr'>super</span> <span class='ocrx_word' id='word_1_193' title='bbox 1705 842 1858 871; x_wconf 87' lang='lat' dir='ltr'>montem</span> <span class='ocrx_word' id='word_1_194' title='bbox 1883 835 2000 872; x_wconf 83' lang='lat' dir='ltr'>Sinai.</span> <span class='ocrx_word' id='word_1_195' title='bbox 2026 835 2103 871; x_wconf 84' lang='lat' dir='ltr'>llac</span> <span class='ocrx_word' id='word_1_196' title='bbox 2126 835 2271 880; x_wconf 83' lang='lat' dir='ltr'>quidem</span> 
     </span>
     <span class='ocr_line' id='line_1_26' title="bbox 1201 896 2272 946; baseline -0.003 -11"><span class='ocrx_word' id='word_1_197' title='bbox 1201 901 1258 936; x_wconf 90' lang='lat' dir='ltr'>die</span> <span class='ocrx_word' id='word_1_198' title='bbox 1291 899 1471 946; x_wconf 89' lang='lat' dir='ltr'>reperitur</span> <span class='ocrx_word' id='word_1_199' title='bbox 1516 898 1594 934; x_wconf 86' lang='lat' dir='ltr'>dari</span> <span class='ocrx_word' id='word_1_200' title='bbox 1640 898 1695 934; x_wconf 85' lang='lat' dir='ltr'>lex</span> <span class='ocrx_word' id='word_1_201' title='bbox 1711 924 1720 941; x_wconf 92' lang='lat'>‚</span> <span class='ocrx_word' id='word_1_202' title='bbox 1755 907 1835 943; x_wconf 84' lang='lat' dir='ltr'>quae</span> <span class='ocrx_word' id='word_1_203' title='bbox 1880 897 1916 932; x_wconf 94' lang='lat' dir='ltr'>in</span> <span class='ocrx_word' id='word_1_204' title='bbox 1953 897 2086 933; x_wconf 88' lang='lat' dir='ltr'>tabulis</span> <span class='ocrx_word' id='word_1_205' title='bbox 2119 896 2272 942; x_wconf 77' lang='lat' dir='ltr'>lapideis</span> 
     </span>
     <span class='ocr_line' id='line_1_27' title="bbox 1200 951 2268 1007; baseline -0.004 -10"><span class='ocrx_word' id='word_1_206' title='bbox 1200 962 1334 1007; x_wconf 88' lang='lat' dir='ltr'>scripta</span> <span class='ocrx_word' id='word_1_207' title='bbox 1366 966 1422 997; x_wconf 90' lang='lat' dir='ltr'>est</span> <span class='ocrx_word' id='word_1_208' title='bbox 1453 960 1566 1007; x_wconf 84' lang='lat' dir='ltr'>digito</span> <span class='ocrx_word' id='word_1_209' title='bbox 1590 960 1683 996; x_wconf 86' lang='lat' dir='ltr'>Dei:</span> <span class='ocrx_word' id='word_1_210' title='bbox 1711 951 1805 995; x_wconf 76' lang='lat' dir='ltr'>sicut</span> <span class='ocrx_word' id='word_1_211' title='bbox 1832 958 2093 1004; x_wconf 78' lang='lat' dir='ltr'>consequentia</span> <span class='ocrx_word' id='word_1_212' title='bbox 2126 958 2268 994; x_wconf 84' lang='lat' dir='ltr'>docent.</span> 
     </span>
     <span class='ocr_line' id='line_1_28' title="bbox 1199 1020 2271 1068; baseline -0.004 -8"><span class='ocrx_word' id='word_1_213' title='bbox 1199 1024 1284 1060; x_wconf 89' lang='lat' dir='ltr'>Dies</span> <span class='ocrx_word' id='word_1_214' title='bbox 1305 1028 1426 1058; x_wconf 87' lang='lat' dir='ltr'>autem</span> <span class='ocrx_word' id='word_1_215' title='bbox 1458 1023 1526 1058; x_wconf 89' lang='lat' dir='ltr'>iste</span> <span class='ocrx_word' id='word_1_216' title='bbox 1565 1023 1693 1058; x_wconf 88' lang='lat' dir='ltr'>tertius</span> <span class='ocrx_word' id='word_1_217' title='bbox 1714 1027 1865 1068; x_wconf 90' lang='lat' dir='ltr'>apparet</span> <span class='ocrx_word' id='word_1_218' title='bbox 1903 1021 2005 1058; x_wconf 84' lang='lat' dir='ltr'>tertii</span> <span class='ocrx_word' id='word_1_219' title='bbox 2034 1031 2114 1057; x_wconf 88' lang='lat' dir='ltr'>csse</span> <span class='ocrx_word' id='word_1_220' title='bbox 2134 1020 2271 1056; x_wconf 89' lang='lat' dir='ltr'>mensis</span> 
     </span>
     <span class='ocr_line' id='line_1_29' title="bbox 1197 1082 2271 1129; baseline -0.003 -9"><span class='ocrx_word' id='word_1_221' title='bbox 1197 1086 1242 1122; x_wconf 89' lang='lat' dir='ltr'>ab</span> <span class='ocrx_word' id='word_1_222' title='bbox 1263 1085 1361 1121; x_wconf 86' lang='lat' dir='ltr'>exitu</span> <span class='ocrx_word' id='word_1_223' title='bbox 1382 1094 1427 1120; x_wconf 84' lang='lat' dir='ltr'>ex</span> <span class='ocrx_word' id='word_1_224' title='bbox 1448 1083 1623 1129; x_wconf 85' lang='lat' dir='ltr'>AEgypto.</span> <span class='ocrx_word' id='word_1_225' title='bbox 1655 1083 1708 1118; x_wconf 86' lang='lat' dir='ltr'>Ex</span> <span class='ocrx_word' id='word_1_226' title='bbox 1733 1083 1790 1118; x_wconf 86' lang='lat' dir='ltr'>die</span> <span class='ocrx_word' id='word_1_227' title='bbox 1814 1092 1900 1128; x_wconf 88' lang='lat' dir='ltr'>ergo</span> <span class='ocrx_word' id='word_1_228' title='bbox 1919 1093 1992 1128; x_wconf 84' lang='lat' dir='ltr'>quo</span> <span class='ocrx_word' id='word_1_229' title='bbox 2010 1082 2146 1127; x_wconf 86' lang='lat' dir='ltr'>pascha</span> <span class='ocrx_word' id='word_1_230' title='bbox 2175 1082 2271 1118; x_wconf 84' lang='lat' dir='ltr'>sece-</span> 
     </span>
     <span class='ocr_line' id='line_1_30' title="bbox 1200 1142 2270 1190; baseline -0.003 -9"><span class='ocrx_word' id='word_1_231' title='bbox 1200 1151 1296 1188; x_wconf 86' lang='lat' dir='ltr'>runt,</span> <span class='ocrx_word' id='word_1_232' title='bbox 1321 1145 1355 1180; x_wconf 87' lang='lat' dir='ltr'>id</span> <span class='ocrx_word' id='word_1_233' title='bbox 1376 1149 1443 1187; x_wconf 84' lang='lat' dir='ltr'>cst,</span> <span class='ocrx_word' id='word_1_234' title='bbox 1468 1154 1601 1190; x_wconf 85' lang='lat' dir='ltr'>agnum</span> <span class='ocrx_word' id='word_1_235' title='bbox 1631 1143 1913 1179; x_wconf 88' lang='lat' dir='ltr'>immolaverunt</span> <span class='ocrx_word' id='word_1_236' title='bbox 1941 1149 1979 1179; x_wconf 88' lang='lat' dir='ltr'>et</span> <span class='ocrx_word' id='word_1_237' title='bbox 2013 1143 2178 1185; x_wconf 89' lang='lat' dir='ltr'>ederunt,</span> <span class='ocrx_word' id='word_1_238' title='bbox 2208 1142 2270 1187; x_wconf 89' lang='lat' dir='ltr'>qui</span> 
     </span>
    </p>
   </div>
   <div class='ocr_carea' id='block_1_4' title="bbox 59 1203 2270 1254">
    <p class='ocr_par' dir='ltr' id='par_1_6' title="bbox 59 1203 2270 1254">
     <span class='ocr_line' id='line_1_31' title="bbox 59 1203 2270 1254; baseline -0.006 -2"><span class='ocrx_word' id='word_1_239' title='bbox 59 1217 132 1253; x_wconf 89' lang='lat' dir='ltr'>suis</span> <span class='ocrx_word' id='word_1_240' title='bbox 149 1214 463 1251; x_wconf 84' lang='lat' dir='ltr'>exhortationibus</span> <span class='ocrx_word' id='word_1_241' title='bbox 482 1212 638 1252; x_wconf 83' lang='lat' dir='ltr'>elevant,</span> <span class='ocrx_word' id='word_1_242' title='bbox 662 1215 697 1246; x_wconf 93' lang='lat' dir='ltr'>et</span> <span class='ocrx_word' id='word_1_243' title='bbox 722 1209 797 1245; x_wconf 91' lang='lat' dir='ltr'>suis</span> <span class='ocrx_word' id='word_1_244' title='bbox 812 1207 1124 1244; x_wconf 84' lang='lat' dir='ltr'>consolationibus</span> <span class='ocrx_word' id='word_1_245' title='bbox 1145 1206 1175 1244; x_wconf 92' lang='lat' dir='ltr'>B</span> <span class='ocrx_word' id='word_1_246' title='bbox 1195 1209 1263 1244; x_wconf 86' lang='lat' dir='ltr'>suit</span> <span class='ocrx_word' id='word_1_247' title='bbox 1287 1212 1442 1254; x_wconf 87' lang='lat' dir='ltr'>quartus</span> <span class='ocrx_word' id='word_1_248' title='bbox 1464 1206 1628 1243; x_wconf 85' lang='lat' dir='ltr'>decimus</span> <span class='ocrx_word' id='word_1_249' title='bbox 1651 1205 1762 1251; x_wconf 86' lang='lat' dir='ltr'>primi</span> <span class='ocrx_word' id='word_1_250' title='bbox 1781 1205 1936 1248; x_wconf 88' lang='lat' dir='ltr'>mensis,</span> <span class='ocrx_word' id='word_1_251' title='bbox 1956 1213 2071 1250; x_wconf 87' lang='lat' dir='ltr'>usque</span> <span class='ocrx_word' id='word_1_252' title='bbox 2090 1204 2135 1239; x_wconf 88' lang='lat' dir='ltr'>ad</span> <span class='ocrx_word' id='word_1_253' title='bbox 2159 1203 2270 1239; x_wconf 83' lang='lat' dir='ltr'>istum</span> 
     </span>
    </p>
   </div>
   <div class='ocr_carea' id='block_1_5' title="bbox 56 1270 1126 2116">
    <p class='ocr_par' dir='ltr' id='par_1_7' title="bbox 56 1270 1126 2116">
     <span class='ocr_line' id='line_1_32' title="bbox 57 1270 1126 1325; baseline -0.012 -10"><span class='ocrx_word' id='word_1_254' title='bbox 57 1283 215 1325; x_wconf 84' lang='lat' dir='ltr'>portant,</span> <span class='ocrx_word' id='word_1_255' title='bbox 239 1277 386 1322; x_wconf 82' lang='lat' dir='ltr'>suisque</span> <span class='ocrx_word' id='word_1_256' title='bbox 405 1273 632 1311; x_wconf 86' lang='lat' dir='ltr'>documentis</span> <span class='ocrx_word' id='word_1_257' title='bbox 653 1282 796 1318; x_wconf 85' lang='lat' dir='ltr'>semper</span> <span class='ocrx_word' id='word_1_258' title='bbox 814 1271 857 1306; x_wconf 90' lang='lat' dir='ltr'>ad</span> <span class='ocrx_word' id='word_1_259' title='bbox 877 1270 989 1305; x_wconf 89' lang='lat' dir='ltr'>ardua</span> <span class='ocrx_word' id='word_1_260' title='bbox 1016 1278 1126 1313; x_wconf 88' lang='lat' dir='ltr'>opera</span> 
     </span>
     <span class='ocr_line' id='line_1_33' title="bbox 56 1329 1126 1380; baseline -0.011 -5"><span class='ocrx_word' id='word_1_261' title='bbox 56 1339 230 1374; x_wconf 86' lang='lat' dir='ltr'>virtutum</span> <span class='ocrx_word' id='word_1_262' title='bbox 243 1365 252 1380; x_wconf 92' lang='lat'>‚</span> <span class='ocrx_word' id='word_1_263' title='bbox 270 1343 306 1373; x_wconf 87' lang='lat' dir='ltr'>et</span> <span class='ocrx_word' id='word_1_264' title='bbox 332 1338 376 1372; x_wconf 90' lang='lat' dir='ltr'>ad</span> <span class='ocrx_word' id='word_1_265' title='bbox 394 1335 558 1372; x_wconf 87' lang='lat' dir='ltr'>coelestia</span> <span class='ocrx_word' id='word_1_266' title='bbox 577 1333 726 1380; x_wconf 66' lang='lat' dir='ltr'>praemia</span> <span class='ocrx_word' id='word_1_267' title='bbox 747 1336 957 1378; x_wconf 86' lang='lat' dir='ltr'>provocant.</span> <span class='ocrx_word' id='word_1_268' title='bbox 988 1329 1025 1365; x_wconf 87' lang='lat' dir='ltr'>Si</span> <span class='ocrx_word' id='word_1_269' title='bbox 1045 1340 1126 1375; x_wconf 69' lang='lat' dir='ltr'>erqo</span> 
     </span>
     <span class='ocr_line' id='line_1_34' title="bbox 58 1394 1124 1439; baseline -0.009 -5"><span class='ocrx_word' id='word_1_270' title='bbox 58 1399 240 1434; x_wconf 82' lang='lat' dir='ltr'>audieritis</span> <span class='ocrx_word' id='word_1_271' title='bbox 258 1409 373 1434; x_wconf 81' lang='lat' dir='ltr'>vocem</span> <span class='ocrx_word' id='word_1_272' title='bbox 392 1408 518 1439; x_wconf 79' lang='lat' dir='ltr'>meam,</span> <span class='ocrx_word' id='word_1_273' title='bbox 531 1402 562 1431; x_wconf 91' lang='lat' dir='ltr'>et</span> <span class='ocrx_word' id='word_1_274' title='bbox 583 1394 819 1430; x_wconf 83' lang='lat' dir='ltr'>custodieritis</span> <span class='ocrx_word' id='word_1_275' title='bbox 836 1398 977 1439; x_wconf 84' lang='lat' dir='ltr'>pactum</span> <span class='ocrx_word' id='word_1_276' title='bbox 994 1401 1124 1431; x_wconf 86' lang='lat' dir='ltr'>meum,</span> 
     </span>
     <span class='ocr_line' id='line_1_35' title="bbox 57 1454 1126 1506; baseline -0.006 -12"><span class='ocrx_word' id='word_1_277' title='bbox 57 1461 153 1496; x_wconf 83' lang='lat' dir='ltr'>eritis</span> <span class='ocrx_word' id='word_1_278' title='bbox 186 1461 270 1496; x_wconf 82' lang='lat' dir='ltr'>milti</span> <span class='ocrx_word' id='word_1_279' title='bbox 299 1460 336 1495; x_wconf 82' lang='lat' dir='ltr'>in</span> <span class='ocrx_word' id='word_1_280' title='bbox 370 1458 544 1506; x_wconf 81' lang='lat' dir='ltr'>peculium</span> <span class='ocrx_word' id='word_1_281' title='bbox 565 1458 607 1493; x_wconf 89' lang='lat' dir='ltr'>de</span> <span class='ocrx_word' id='word_1_282' title='bbox 630 1457 763 1492; x_wconf 82' lang='lat' dir='ltr'>cunctis</span> <span class='ocrx_word' id='word_1_283' title='bbox 781 1455 932 1503; x_wconf 85' lang='lat' dir='ltr'>populis.</span> <span class='ocrx_word' id='word_1_284' title='bbox 965 1454 1046 1489; x_wconf 86' lang='lat' dir='ltr'>Mea</span> <span class='ocrx_word' id='word_1_285' title='bbox 1074 1459 1126 1488; x_wconf 88' lang='lat' dir='ltr'>est</span> 
     </span>
     <span class='ocr_line' id='line_1_36' title="bbox 57 1518 1126 1563; baseline -0.005 -8"><span class='ocrx_word' id='word_1_286' title='bbox 57 1521 148 1555; x_wconf 88' lang='lat' dir='ltr'>enim</span> <span class='ocrx_word' id='word_1_287' title='bbox 167 1527 259 1556; x_wconf 83' lang='lat' dir='ltr'>terra</span> <span class='ocrx_word' id='word_1_288' title='bbox 280 1521 413 1563; x_wconf 84' lang='lat' dir='ltr'>ontnis‚·</span> <span class='ocrx_word' id='word_1_289' title='bbox 444 1527 475 1556; x_wconf 87' lang='lat' dir='ltr'>ct</span> <span class='ocrx_word' id='word_1_290' title='bbox 503 1531 560 1554; x_wconf 73' lang='lat' dir='ltr'>vos</span> <span class='ocrx_word' id='word_1_291' title='bbox 591 1519 687 1554; x_wconf 83' lang='lat' dir='ltr'>eritis</span> <span class='ocrx_word' id='word_1_292' title='bbox 708 1518 794 1553; x_wconf 83' lang='lat' dir='ltr'>mihi</span> <span class='ocrx_word' id='word_1_293' title='bbox 821 1528 965 1563; x_wconf 74' lang='lat' dir='ltr'>reynum</span> <span class='ocrx_word' id='word_1_294' title='bbox 990 1522 1021 1551; x_wconf 87' lang='lat' dir='ltr'>et</span> <span class='ocrx_word' id='word_1_295' title='bbox 1044 1527 1126 1562; x_wconf 75' lang='lat' dir='ltr'>qens</span> 
     </span>
     <span class='ocr_line' id='line_1_37' title="bbox 58 1578 1123 1625; baseline -0.005 -8"><span class='ocrx_word' id='word_1_296' title='bbox 58 1589 193 1617; x_wconf 82' lang='lat' dir='ltr'>sancta.</span> <span class='ocrx_word' id='word_1_297' title='bbox 225 1582 299 1618; x_wconf 88' lang='lat' dir='ltr'>Hoc</span> <span class='ocrx_word' id='word_1_298' title='bbox 320 1582 436 1617; x_wconf 86' lang='lat' dir='ltr'>laudis</span> <span class='ocrx_word' id='word_1_299' title='bbox 473 1581 719 1617; x_wconf 83' lang='lat' dir='ltr'>testimonium</span> <span class='ocrx_word' id='word_1_300' title='bbox 756 1581 939 1625; x_wconf 88' lang='lat' dir='ltr'>quondam</span> <span class='ocrx_word' id='word_1_301' title='bbox 971 1578 1123 1623; x_wconf 86' lang='lat' dir='ltr'>antiquo</span> 
     </span>
     <span class='ocr_line' id='line_1_38' title="bbox 59 1639 1126 1687; baseline -0.002 -11"><span class='ocrx_word' id='word_1_302' title='bbox 59 1642 122 1676; x_wconf 83' lang='lat' dir='ltr'>Dei</span> <span class='ocrx_word' id='word_1_303' title='bbox 162 1642 294 1687; x_wconf 91' lang='lat' dir='ltr'>populo</span> <span class='ocrx_word' id='word_1_304' title='bbox 327 1652 391 1687; x_wconf 86' lang='lat' dir='ltr'>per</span> <span class='ocrx_word' id='word_1_305' title='bbox 424 1641 573 1687; x_wconf 85' lang='lat' dir='ltr'>Moysen</span> <span class='ocrx_word' id='word_1_306' title='bbox 610 1642 733 1676; x_wconf 83' lang='lat' dir='ltr'>datum</span> <span class='ocrx_word' id='word_1_307' title='bbox 772 1645 839 1683; x_wconf 89' lang='lat' dir='ltr'>est,</span> <span class='ocrx_word' id='word_1_308' title='bbox 870 1639 966 1685; x_wconf 89' lang='lat' dir='ltr'>quod</span> <span class='ocrx_word' id='word_1_309' title='bbox 997 1644 1126 1685; x_wconf 86' lang='lat' dir='ltr'>postea</span> 
     </span>
     <span class='ocr_line' id='line_1_39' title="bbox 58 1699 1124 1750; baseline -0.006 -10"><span class='ocrx_word' id='word_1_310' title='bbox 58 1710 156 1740; x_wconf 90' lang='lat' dir='ltr'>recte</span> <span class='ocrx_word' id='word_1_311' title='bbox 189 1703 354 1750; x_wconf 87' lang='lat' dir='ltr'>gentibus</span> <span class='ocrx_word' id='word_1_312' title='bbox 386 1703 446 1738; x_wconf 88' lang='lat' dir='ltr'>dat</span> <span class='ocrx_word' id='word_1_313' title='bbox 479 1702 662 1748; x_wconf 89' lang='lat' dir='ltr'>apostolus</span> <span class='ocrx_word' id='word_1_314' title='bbox 696 1702 827 1737; x_wconf 84' lang='lat' dir='ltr'>Petrus</span> <span class='ocrx_word' id='word_1_315' title='bbox 865 1700 1019 1736; x_wconf 89' lang='lat' dir='ltr'>dicens:</span> <span class='ocrx_word' id='word_1_316' title='bbox 1055 1699 1124 1735; x_wconf 91' lang='lat' dir='ltr'>Vos</span> 
     </span>
     <span class='ocr_line' id='line_1_40' title="bbox 58 1763 1125 1811; baseline -0.004 -10"><span class='ocrx_word' id='word_1_317' title='bbox 58 1772 173 1801; x_wconf 73' lang='lat' dir='ltr'>aittem</span> <span class='ocrx_word' id='word_1_318' title='bbox 192 1776 298 1811; x_wconf 72' lang='lat' dir='ltr'>qenus</span> <span class='ocrx_word' id='word_1_319' title='bbox 325 1764 483 1808; x_wconf 84' lang='lat' dir='ltr'>electum,</span> <span class='ocrx_word' id='word_1_320' title='bbox 505 1764 618 1811; x_wconf 62' lang='lat' dir='ltr'>regale</span> <span class='ocrx_word' id='word_1_321' title='bbox 644 1763 881 1799; x_wconf 79' lang='lat' dir='ltr'>sacerdotium</span> <span class='ocrx_word' id='word_1_322' title='bbox 899 1774 909 1798; x_wconf 89' lang='lat'><em>:</em></span> <span class='ocrx_word' id='word_1_323' title='bbox 930 1774 1012 1808; x_wconf 74' lang='lat' dir='ltr'>qens</span> <span class='ocrx_word' id='word_1_324' title='bbox 1041 1773 1125 1798; x_wconf 85' lang='lat' dir='ltr'>san-</span> 
     </span>
     <span class='ocr_line' id='line_1_41' title="bbox 58 1821 1125 1871; baseline -0.002 -12"><span class='ocrx_word' id='word_1_325' title='bbox 58 1832 128 1867; x_wconf 83' lang='lat' dir='ltr'>cta,</span> <span class='ocrx_word' id='word_1_326' title='bbox 148 1824 296 1871; x_wconf 85' lang='lat' dir='ltr'>populus</span> <span class='ocrx_word' id='word_1_327' title='bbox 317 1823 558 1870; x_wconf 79' lang='lat' dir='ltr'>acquisitionis</span> <span class='ocrx_word' id='word_1_328' title='bbox 576 1823 611 1870; x_wconf 93' lang='lat' dir='ltr'>(I</span> <span class='ocrx_word' id='word_1_329' title='bbox 646 1823 738 1858; x_wconf 87' lang='lat' dir='ltr'>Petr.</span> <span class='ocrx_word' id='word_1_330' title='bbox 766 1822 823 1868; x_wconf 88' lang='grc' dir='ltr'>ιι),</span> <span class='ocrx_word' id='word_1_331' title='bbox 857 1823 940 1867; x_wconf 80' lang='lat' dir='ltr'>quia</span> <span class='ocrx_word' id='word_1_332' title='bbox 959 1822 995 1857; x_wconf 88' lang='lat' dir='ltr'>in</span> <span class='ocrx_word' id='word_1_333' title='bbox 1020 1821 1125 1858; x_wconf 85' lang='lat' dir='ltr'>Chri-</span> 
     </span>
     <span class='ocr_line' id='line_1_42' title="bbox 57 1882 1122 1929; baseline -0.004 -8"><span class='ocrx_word' id='word_1_334' title='bbox 57 1891 151 1924; x_wconf 89' lang='lat' dir='ltr'>stum</span> <span class='ocrx_word' id='word_1_335' title='bbox 169 1884 336 1921; x_wconf 58' lang='lat' dir='ltr'>x&#39;idelicet</span> <span class='ocrx_word' id='word_1_336' title='bbox 356 1884 587 1920; x_wconf 88' lang='lat' dir='ltr'>crediderunt</span> <span class='ocrx_word' id='word_1_337' title='bbox 603 1884 665 1929; x_wconf 88' lang='lat' dir='ltr'>qui</span> <span class='ocrx_word' id='word_1_338' title='bbox 688 1883 787 1918; x_wconf 71' lang='lat' dir='ltr'>velut</span> <span class='ocrx_word' id='word_1_339' title='bbox 809 1882 900 1928; x_wconf 88' lang='lat' dir='ltr'>lapis</span> <span class='ocrx_word' id='word_1_340' title='bbox 923 1882 1122 1929; x_wconf 87' lang='lat' dir='ltr'>angularis,</span> 
     </span>
     <span class='ocr_line' id='line_1_43' title="bbox 56 1945 1123 1992; baseline -0.002 -9"><span class='ocrx_word' id='word_1_341' title='bbox 56 1947 93 1983; x_wconf 92' lang='lat' dir='ltr'>in</span> <span class='ocrx_word' id='word_1_342' title='bbox 112 1956 190 1982; x_wconf 89' lang='lat' dir='ltr'>eam</span> <span class='ocrx_word' id='word_1_343' title='bbox 214 1957 323 1992; x_wconf 87' lang='lat' dir='ltr'>quam</span> <span class='ocrx_word' id='word_1_344' title='bbox 342 1947 378 1982; x_wconf 91' lang='lat' dir='ltr'>in</span> <span class='ocrx_word' id='word_1_345' title='bbox 397 1957 435 1982; x_wconf 89' lang='lat' dir='ltr'>se</span> <span class='ocrx_word' id='word_1_346' title='bbox 463 1946 571 1982; x_wconf 88' lang='lat' dir='ltr'>lsrael</span> <span class='ocrx_word' id='word_1_347' title='bbox 597 1947 774 1982; x_wconf 84' lang='lat' dir='ltr'>habuerat</span> <span class='ocrx_word' id='word_1_348' title='bbox 798 1945 951 1981; x_wconf 85' lang='lat' dir='ltr'>salutem</span> <span class='ocrx_word' id='word_1_349' title='bbox 967 1973 976 1988; x_wconf 95' lang='lat'>,</span> <span class='ocrx_word' id='word_1_350' title='bbox 999 1950 1123 1992; x_wconf 84' lang='lat' dir='ltr'>gentes</span> 
     </span>
     <span class='ocr_line' id='line_1_44' title="bbox 58 2006 1119 2056; baseline -0.005 -10"><span class='ocrx_word' id='word_1_351' title='bbox 58 2009 240 2046; x_wconf 84' lang='lat' dir='ltr'>adunavit.</span> <span class='ocrx_word' id='word_1_352' title='bbox 270 2009 367 2054; x_wconf 82' lang='lat' dir='ltr'>Quas</span> <span class='ocrx_word' id='word_1_353' title='bbox 385 2019 498 2056; x_wconf 88' lang='lat' dir='ltr'>genus</span> <span class='ocrx_word' id='word_1_354' title='bbox 515 2008 669 2044; x_wconf 86' lang='lat' dir='ltr'>electum</span> <span class='ocrx_word' id='word_1_355' title='bbox 687 2012 793 2044; x_wconf 82' lang='lat' dir='ltr'>vocat</span> <span class='ocrx_word' id='word_1_356' title='bbox 811 2011 962 2053; x_wconf 89' lang='lat' dir='ltr'>propter</span> <span class='ocrx_word' id='word_1_357' title='bbox 982 2006 1088 2042; x_wconf 87' lang='lat' dir='ltr'>fidem</span> <span class='ocrx_word' id='word_1_358' title='bbox 1112 2018 1119 2041; x_wconf 92' lang='lat'>:</span> 
     </span>
     <span class='ocr_line' id='line_1_45' title="bbox 56 2068 1122 2116; baseline -0.004 -10"><span class='ocrx_word' id='word_1_359' title='bbox 56 2075 94 2106; x_wconf 88' lang='lat' dir='ltr'>ut</span> <span class='ocrx_word' id='word_1_360' title='bbox 115 2070 308 2116; x_wconf 86' lang='lat' dir='ltr'>distinguat</span> <span class='ocrx_word' id='word_1_361' title='bbox 329 2070 374 2105; x_wconf 88' lang='lat' dir='ltr'>ab</span> <span class='ocrx_word' id='word_1_362' title='bbox 394 2071 446 2105; x_wconf 89' lang='lat' dir='ltr'>cis</span> <span class='ocrx_word' id='word_1_363' title='bbox 463 2070 523 2115; x_wconf 86' lang='lat' dir='ltr'>qni</span> <span class='ocrx_word' id='word_1_364' title='bbox 551 2069 704 2116; x_wconf 85' lang='lat' dir='ltr'>lapidem</span> <span class='ocrx_word' id='word_1_365' title='bbox 729 2069 852 2103; x_wconf 84' lang='lat' dir='ltr'>vivum</span> <span class='ocrx_word' id='word_1_366' title='bbox 878 2068 1122 2114; x_wconf 85' lang='lat' dir='ltr'>reprobando,</span> 
     </span>
    </p>
   </div>
   <div class='ocr_carea' id='block_1_6' title="bbox 57 2120 1172 2177">
    <p class='ocr_par' dir='ltr' id='par_1_8' title="bbox 57 2120 1172 2177">
     <span class='ocr_line' id='line_1_46' title="bbox 57 2120 1172 2177; baseline -0.004 -10"><span class='ocrx_word' id='word_1_367' title='bbox 57 2132 141 2168; x_wconf 86' lang='lat' dir='ltr'>l&#39;acti</span> <span class='ocrx_word' id='word_1_368' title='bbox 152 2139 234 2168; x_wconf 89' lang='lat' dir='ltr'>sunt</span> <span class='ocrx_word' id='word_1_369' title='bbox 245 2132 309 2177; x_wconf 88' lang='lat' dir='ltr'>ipsi</span> <span class='ocrx_word' id='word_1_370' title='bbox 321 2131 478 2177; x_wconf 84' lang='lat' dir='ltr'>reprobi.</span> <span class='ocrx_word' id='word_1_371' title='bbox 491 2131 624 2177; x_wconf 82' lang='lat' dir='ltr'>Regale</span> <span class='ocrx_word' id='word_1_372' title='bbox 637 2136 756 2166; x_wconf 90' lang='lat' dir='ltr'>antem</span> <span class='ocrx_word' id='word_1_373' title='bbox 767 2129 1025 2171; x_wconf 86' lang='lat' dir='ltr'>sacerdotium,</span> <span class='ocrx_word' id='word_1_374' title='bbox 1038 2128 1123 2174; x_wconf 79' lang='lat' dir='ltr'>quia</span> <span class='ocrx_word' id='word_1_375' title='bbox 1143 2120 1172 2162; x_wconf 92' lang='lat' dir='ltr'>C</span> 
     </span>
    </p>
   </div>
   <div class='ocr_carea' id='block_1_7' title="bbox 55 2190 1130 3035">
    <p class='ocr_par' dir='ltr' id='par_1_9' title="bbox 55 2190 1130 3035">
     <span class='ocr_line' id='line_1_47' title="bbox 56 2190 1124 2240; baseline -0.003 -11"><span class='ocrx_word' id='word_1_376' title='bbox 56 2194 152 2230; x_wconf 89' lang='lat' dir='ltr'>illius</span> <span class='ocrx_word' id='word_1_377' title='bbox 178 2194 321 2240; x_wconf 83' lang='lat' dir='ltr'>corpori</span> <span class='ocrx_word' id='word_1_378' title='bbox 339 2198 424 2229; x_wconf 91' lang='lat' dir='ltr'>sunt</span> <span class='ocrx_word' id='word_1_379' title='bbox 440 2193 547 2236; x_wconf 89' lang='lat' dir='ltr'>uniti,</span> <span class='ocrx_word' id='word_1_380' title='bbox 568 2192 630 2238; x_wconf 86' lang='lat' dir='ltr'>qui</span> <span class='ocrx_word' id='word_1_381' title='bbox 645 2202 709 2228; x_wconf 87' lang='lat' dir='ltr'>rex</span> <span class='ocrx_word' id='word_1_382' title='bbox 727 2202 890 2228; x_wconf 91' lang='lat' dir='ltr'>summus</span> <span class='ocrx_word' id='word_1_383' title='bbox 906 2196 941 2226; x_wconf 89' lang='lat' dir='ltr'>et</span> <span class='ocrx_word' id='word_1_384' title='bbox 955 2190 1124 2226; x_wconf 81' lang='lat' dir='ltr'>sacerdos</span> 
     </span>
     <span class='ocr_line' id='line_1_48' title="bbox 55 2251 1126 2302; baseline -0.005 -10"><span class='ocrx_word' id='word_1_385' title='bbox 55 2261 111 2293; x_wconf 86' lang='lat' dir='ltr'>est</span> <span class='ocrx_word' id='word_1_386' title='bbox 120 2266 241 2298; x_wconf 77' lang='lat' dir='ltr'>verus,</span> <span class='ocrx_word' id='word_1_387' title='bbox 253 2266 399 2302; x_wconf 83' lang='lat' dir='ltr'>regnum</span> <span class='ocrx_word' id='word_1_388' title='bbox 411 2255 485 2291; x_wconf 91' lang='lat' dir='ltr'>suis</span> <span class='ocrx_word' id='word_1_389' title='bbox 497 2255 659 2290; x_wconf 89' lang='lat' dir='ltr'>tribuens</span> <span class='ocrx_word' id='word_1_390' title='bbox 670 2259 709 2289; x_wconf 85' lang='lat' dir='ltr'>ut</span> <span class='ocrx_word' id='word_1_391' title='bbox 720 2265 783 2289; x_wconf 86' lang='lat' dir='ltr'>rex</span> <span class='ocrx_word' id='word_1_392' title='bbox 795 2258 831 2288; x_wconf 87' lang='lat' dir='ltr'>et</span> <span class='ocrx_word' id='word_1_393' title='bbox 840 2258 879 2288; x_wconf 93' lang='lat' dir='ltr'>ut</span> <span class='ocrx_word' id='word_1_394' title='bbox 888 2251 1126 2299; x_wconf 83' lang='lat' dir='ltr'>pontifex,c0-</span> 
     </span>
     <span class='ocr_line' id='line_1_49' title="bbox 58 2313 1124 2363; baseline -0.004 -11"><span class='ocrx_word' id='word_1_395' title='bbox 58 2328 136 2354; x_wconf 89' lang='lat' dir='ltr'>rum</span> <span class='ocrx_word' id='word_1_396' title='bbox 158 2322 348 2363; x_wconf 89' lang='lat' dir='ltr'>peccatum</span> <span class='ocrx_word' id='word_1_397' title='bbox 374 2317 429 2352; x_wconf 90' lang='lat' dir='ltr'>sui</span> <span class='ocrx_word' id='word_1_398' title='bbox 445 2316 628 2362; x_wconf 83' lang='lat' dir='ltr'>sanguinis</span> <span class='ocrx_word' id='word_1_399' title='bbox 639 2316 756 2351; x_wconf 85' lang='lat' dir='ltr'>hostia</span> <span class='ocrx_word' id='word_1_400' title='bbox 774 2315 965 2350; x_wconf 87' lang='lat' dir='ltr'>mundans.</span> <span class='ocrx_word' id='word_1_401' title='bbox 988 2313 1124 2360; x_wconf 85' lang='lat' dir='ltr'>Regale</span> 
     </span>
     <span class='ocr_line' id='line_1_50' title="bbox 57 2378 1126 2424; baseline -0.004 -9"><span class='ocrx_word' id='word_1_402' title='bbox 57 2379 295 2416; x_wconf 86' lang='lat' dir='ltr'>sacerdotium</span> <span class='ocrx_word' id='word_1_403' title='bbox 305 2389 367 2415; x_wconf 90' lang='lat' dir='ltr'>eos</span> <span class='ocrx_word' id='word_1_404' title='bbox 382 2378 557 2421; x_wconf 89' lang='lat' dir='ltr'>nominat,</span> <span class='ocrx_word' id='word_1_405' title='bbox 575 2383 664 2413; x_wconf 88' lang='lat' dir='ltr'>utet</span> <span class='ocrx_word' id='word_1_406' title='bbox 682 2388 834 2424; x_wconf 86' lang='lat' dir='ltr'>regnum</span> <span class='ocrx_word' id='word_1_407' title='bbox 851 2387 888 2412; x_wconf 89' lang='lat' dir='ltr'>se</span> <span class='ocrx_word' id='word_1_408' title='bbox 905 2385 1126 2423; x_wconf 87' lang='lat' dir='ltr'>parareper-</span> 
     </span>
     <span class='ocr_line' id='line_1_51' title="bbox 55 2439 1130 2488; baseline -0.003 -11"><span class='ocrx_word' id='word_1_409' title='bbox 55 2447 202 2488; x_wconf 90' lang='lat' dir='ltr'>petuum</span> <span class='ocrx_word' id='word_1_410' title='bbox 212 2446 249 2477; x_wconf 89' lang='lat' dir='ltr'>et</span> <span class='ocrx_word' id='word_1_411' title='bbox 256 2441 393 2477; x_wconf 83' lang='lat' dir='ltr'>hostias</span> <span class='ocrx_word' id='word_1_412' title='bbox 404 2441 644 2476; x_wconf 82' lang='lat' dir='ltr'>immaculatae</span> <span class='ocrx_word' id='word_1_413' title='bbox 652 2439 938 2476; x_wconf 87' lang='lat' dir='ltr'>conversationis</span> <span class='ocrx_word' id='word_1_414' title='bbox 950 2439 1023 2475; x_wconf 93' lang='lat' dir='ltr'>Deo</span> <span class='ocrx_word' id='word_1_415' title='bbox 1034 2448 1130 2474; x_wconf 89' lang='lat' dir='ltr'>sem-</span> 
     </span>
     <span class='ocr_line' id='line_1_52' title="bbox 57 2499 1124 2547; baseline -0.002 -11"><span class='ocrx_word' id='word_1_416' title='bbox 57 2511 122 2547; x_wconf 90' lang='lat' dir='ltr'>per</span> <span class='ocrx_word' id='word_1_417' title='bbox 136 2501 266 2537; x_wconf 82' lang='lat' dir='ltr'>ofserre</span> <span class='ocrx_word' id='word_1_418' title='bbox 288 2501 534 2537; x_wconf 85' lang='lat' dir='ltr'>meminerint.</span> <span class='ocrx_word' id='word_1_419' title='bbox 547 2499 643 2537; x_wconf 91' lang='lat' dir='ltr'>Gens</span> <span class='ocrx_word' id='word_1_420' title='bbox 659 2511 803 2547; x_wconf 87' lang='lat' dir='ltr'>quoque</span> <span class='ocrx_word' id='word_1_421' title='bbox 818 2506 943 2536; x_wconf 87' lang='lat' dir='ltr'>sancta</span> <span class='ocrx_word' id='word_1_422' title='bbox 958 2504 994 2535; x_wconf 88' lang='lat' dir='ltr'>et</span> <span class='ocrx_word' id='word_1_423' title='bbox 1011 2509 1124 2546; x_wconf 89' lang='lat' dir='ltr'>popu-</span> 
     </span>
     <span class='ocr_line' id='line_1_53' title="bbox 55 2560 1124 2608; baseline 0.001 -13"><span class='ocrx_word' id='word_1_424' title='bbox 55 2561 110 2598; x_wconf 93' lang='lat' dir='ltr'>lus</span> <span class='ocrx_word' id='word_1_425' title='bbox 136 2562 386 2607; x_wconf 85' lang='lat' dir='ltr'>acquisitionis</span> <span class='ocrx_word' id='word_1_426' title='bbox 406 2567 595 2605; x_wconf 72' lang='lat' dir='ltr'>vocantur,</span> <span class='ocrx_word' id='word_1_427' title='bbox 618 2562 721 2608; x_wconf 86' lang='lat' dir='ltr'>juxta</span> <span class='ocrx_word' id='word_1_428' title='bbox 751 2562 785 2597; x_wconf 93' lang='lat' dir='ltr'>id</span> <span class='ocrx_word' id='word_1_429' title='bbox 814 2561 913 2607; x_wconf 86' lang='lat' dir='ltr'>quod</span> <span class='ocrx_word' id='word_1_430' title='bbox 939 2560 1124 2606; x_wconf 87' lang='lat' dir='ltr'>apostolus</span> 
     </span>
     <span class='ocr_line' id='line_1_54' title="bbox 56 2620 1126 2669; baseline -0.004 -11"><span class='ocrx_word' id='word_1_431' title='bbox 56 2622 190 2659; x_wconf 87' lang='lat' dir='ltr'>Paulus</span> <span class='ocrx_word' id='word_1_432' title='bbox 204 2624 388 2669; x_wconf 75' lang='lat' dir='ltr'>prophetae</span> <span class='ocrx_word' id='word_1_433' title='bbox 405 2633 590 2668; x_wconf 88' lang='lat' dir='ltr'>exponens</span> <span class='ocrx_word' id='word_1_434' title='bbox 610 2622 827 2658; x_wconf 84' lang='lat' dir='ltr'>sententiam</span> <span class='ocrx_word' id='word_1_435' title='bbox 853 2621 1006 2656; x_wconf 89' lang='lat' dir='ltr'>dicentis</span> <span class='ocrx_word' id='word_1_436' title='bbox 1029 2632 1037 2654; x_wconf 81' lang='lat' dir='ltr'><strong><em>z</em></strong></span> <span class='ocrx_word' id='word_1_437' title='bbox 1057 2620 1077 2654; x_wconf 82' lang='lat' dir='ltr'><em>J</em></span> <span class='ocrx_word' id='word_1_438' title='bbox 1085 2632 1126 2654; x_wconf 84' lang='lat' dir='ltr'>u-</span> 
     </span>
     <span class='ocr_line' id='line_1_55' title="bbox 61 2680 1126 2728; baseline -0.003 -10"><span class='ocrx_word' id='word_1_439' title='bbox 61 2690 135 2719; x_wconf 87' lang='lat' dir='ltr'>stus</span> <span class='ocrx_word' id='word_1_440' title='bbox 152 2689 267 2719; x_wconf 81' lang='lat' dir='ltr'>autem</span> <span class='ocrx_word' id='word_1_441' title='bbox 287 2694 383 2718; x_wconf 85' lang='lat' dir='ltr'>meus</span> <span class='ocrx_word' id='word_1_442' title='bbox 407 2694 450 2718; x_wconf 75' lang='lat' dir='ltr'>ex</span> <span class='ocrx_word' id='word_1_443' title='bbox 475 2683 544 2727; x_wconf 84' lang='lat' dir='ltr'>fide</span> <span class='ocrx_word' id='word_1_444' title='bbox 561 2684 639 2718; x_wconf 78' lang='lat' dir='ltr'>vivit</span> <span class='ocrx_word' id='word_1_445' title='bbox 656 2682 778 2728; x_wconf 83' lang='lat' dir='ltr'>(Abac.</span> <span class='ocrx_word' id='word_1_446' title='bbox 801 2680 856 2727; x_wconf 92' lang='grc' dir='ltr'>ιι).</span> <span class='ocrx_word' id='word_1_447' title='bbox 874 2681 976 2724; x_wconf 86' lang='lat' dir='ltr'>Quod</span> <span class='ocrx_word' id='word_1_448' title='bbox 995 2682 1024 2716; x_wconf 89' lang='lat' dir='ltr'>si</span> <span class='ocrx_word' id='word_1_449' title='bbox 1041 2681 1126 2716; x_wconf 82' lang='lat' dir='ltr'>sub-</span> 
     </span>
     <span class='ocr_line' id='line_1_56' title="bbox 60 2741 1125 2789; baseline -0.003 -9"><span class='ocrx_word' id='word_1_450' title='bbox 60 2744 212 2780; x_wconf 86' lang='lat' dir='ltr'>traxerit</span> <span class='ocrx_word' id='word_1_451' title='bbox 244 2753 297 2787; x_wconf 89' lang='lat' dir='ltr'>se,</span> <span class='ocrx_word' id='word_1_452' title='bbox 318 2754 389 2779; x_wconf 90' lang='lat' dir='ltr'>non</span> <span class='ocrx_word' id='word_1_453' title='bbox 419 2743 576 2789; x_wconf 83' lang='lat' dir='ltr'>placebit</span> <span class='ocrx_word' id='word_1_454' title='bbox 604 2743 734 2778; x_wconf 83' lang='lat' dir='ltr'>animae</span> <span class='ocrx_word' id='word_1_455' title='bbox 760 2751 862 2778; x_wconf 74' lang='lat' dir='ltr'>meae.</span> <span class='ocrx_word' id='word_1_456' title='bbox 898 2741 971 2777; x_wconf 90' lang='lat' dir='ltr'>Nos</span> <span class='ocrx_word' id='word_1_457' title='bbox 1003 2747 1125 2778; x_wconf 86' lang='lat' dir='ltr'>autem</span> 
     </span>
     <span class='ocr_line' id='line_1_57' title="bbox 58 2803 1120 2849; baseline -0.004 -7"><span class='ocrx_word' id='word_1_458' title='bbox 58 2815 130 2842; x_wconf 89' lang='lat' dir='ltr'>non</span> <span class='ocrx_word' id='word_1_459' title='bbox 150 2815 287 2847; x_wconf 86' lang='lat' dir='ltr'>sumus,</span> <span class='ocrx_word' id='word_1_460' title='bbox 305 2804 435 2848; x_wconf 83' lang='lat' dir='ltr'>inquit,</span> <span class='ocrx_word' id='word_1_461' title='bbox 454 2803 711 2839; x_wconf 88' lang='lat' dir='ltr'>subtractionis</span> <span class='ocrx_word' id='word_1_462' title='bbox 726 2803 788 2838; x_wconf 84' lang='lat' dir='ltr'>filii</span> <span class='ocrx_word' id='word_1_463' title='bbox 807 2804 843 2838; x_wconf 93' lang='lat' dir='ltr'>in</span> <span class='ocrx_word' id='word_1_464' title='bbox 858 2803 1120 2849; x_wconf 89' lang='lat' dir='ltr'>perditionem:</span> 
     </span>
     <span class='ocr_line' id='line_1_58' title="bbox 59 2862 1126 2911; baseline -0.003 -8"><span class='ocrx_word' id='word_1_465' title='bbox 59 2866 121 2903; x_wconf 91' lang='lat' dir='ltr'>sed</span> <span class='ocrx_word' id='word_1_466' title='bbox 151 2866 244 2909; x_wconf 85' lang='lat' dir='ltr'>fidei,</span> <span class='ocrx_word' id='word_1_467' title='bbox 271 2866 307 2901; x_wconf 93' lang='lat' dir='ltr'>in</span> <span class='ocrx_word' id='word_1_468' title='bbox 341 2865 620 2911; x_wconf 86' lang='lat' dir='ltr'>acquisitionem</span> <span class='ocrx_word' id='word_1_469' title='bbox 653 2865 796 2900; x_wconf 79' lang='lat' dir='ltr'>animae.</span> <span class='ocrx_word' id='word_1_470' title='bbox 834 2863 879 2898; x_wconf 90' lang='lat' dir='ltr'>Et</span> <span class='ocrx_word' id='word_1_471' title='bbox 913 2863 947 2898; x_wconf 92' lang='lat' dir='ltr'>in</span> <span class='ocrx_word' id='word_1_472' title='bbox 974 2862 1126 2900; x_wconf 89' lang='lat' dir='ltr'>Actibus</span> 
     </span>
     <span class='ocr_line' id='line_1_59' title="bbox 59 2924 1126 2973; baseline -0.004 -10"><span class='ocrx_word' id='word_1_473' title='bbox 59 2926 324 2973; x_wconf 88' lang='lat' dir='ltr'>Apostolorum.</span> <span class='ocrx_word' id='word_1_474' title='bbox 354 2924 438 2967; x_wconf 89' lang='lat' dir='ltr'>Vos,</span> <span class='ocrx_word' id='word_1_475' title='bbox 463 2925 537 2968; x_wconf 88' lang='lat' dir='ltr'>ait,</span> <span class='ocrx_word' id='word_1_476' title='bbox 558 2924 710 2972; x_wconf 77' lang='lat' dir='ltr'>Spiritus</span> <span class='ocrx_word' id='word_1_477' title='bbox 745 2930 887 2960; x_wconf 85' lang='lat' dir='ltr'>sanctus</span> <span class='ocrx_word' id='word_1_478' title='bbox 908 2925 1024 2972; x_wconf 82' lang='lat' dir='ltr'>posuit</span> <span class='ocrx_word' id='word_1_479' title='bbox 1053 2925 1126 2971; x_wconf 84' lang='lat' dir='ltr'>epi-</span> 
     </span>
     <span class='ocr_line' id='line_1_60' title="bbox 59 2985 1123 3035; baseline -0.002 -12"><span class='ocrx_word' id='word_1_480' title='bbox 59 2999 177 3035; x_wconf 84' lang='lat' dir='ltr'>scopos</span> <span class='ocrx_word' id='word_1_481' title='bbox 213 2998 329 3034; x_wconf 75' lang='lat' dir='ltr'>reyere</span> <span class='ocrx_word' id='word_1_482' title='bbox 362 2985 559 3023; x_wconf 82' lang='lat' dir='ltr'>Ecclesiam</span> <span class='ocrx_word' id='word_1_483' title='bbox 595 2987 759 3030; x_wconf 80' lang='lat' dir='ltr'>Domini,</span> <span class='ocrx_word' id='word_1_484' title='bbox 797 2998 905 3033; x_wconf 87' lang='lat' dir='ltr'>quam</span> <span class='ocrx_word' id='word_1_485' title='bbox 940 2986 1123 3032; x_wconf 74' lang='lat' dir='ltr'>acquisivit</span> 
     </span>
    </p>
   </div>
   <div class='ocr_carea' id='block_1_8' title="bbox 59 3035 1174 3095">
    <p class='ocr_par' dir='ltr' id='par_1_10' title="bbox 59 3035 1174 3095">
     <span class='ocr_line' id='line_1_61' title="bbox 59 3035 1174 3095; baseline -0.002 -11"><span class='ocrx_word' id='word_1_486' title='bbox 59 3048 226 3095; x_wconf 72' lang='lat' dir='ltr'>sanquine</span> <span class='ocrx_word' id='word_1_487' title='bbox 255 3059 317 3084; x_wconf 89' lang='lat' dir='ltr'>suo</span> <span class='ocrx_word' id='word_1_488' title='bbox 340 3047 430 3095; x_wconf 81' lang='lat' dir='ltr'>(Act.</span> <span class='ocrx_word' id='word_1_489' title='bbox 460 3048 537 3095; x_wconf 86' lang='lat' dir='ltr'>xx).</span> <span class='ocrx_word' id='word_1_490' title='bbox 569 3047 726 3092; x_wconf 89' lang='lat' dir='ltr'>Populus</span> <span class='ocrx_word' id='word_1_491' title='bbox 754 3057 840 3093; x_wconf 87' lang='lat' dir='ltr'>ergo</span> <span class='ocrx_word' id='word_1_492' title='bbox 869 3046 1121 3092; x_wconf 84' lang='lat' dir='ltr'>acquisitionis</span> <span class='ocrx_word' id='word_1_493' title='bbox 1139 3035 1174 3074; x_wconf 85' lang='lat' dir='ltr'>D</span> 
     </span>
    </p>
   </div>
   <div class='ocr_carea' id='block_1_9' title="bbox 62 3106 1122 3156">
    <p class='ocr_par' dir='ltr' id='par_1_11' title="bbox 62 3106 1122 3156">
     <span class='ocr_line' id='line_1_62' title="bbox 62 3106 1122 3156; baseline -0.001 -13"><span class='ocrx_word' id='word_1_494' title='bbox 62 3106 144 3144; x_wconf 79' lang='lat' dir='ltr'>faeti</span> <span class='ocrx_word' id='word_1_495' title='bbox 167 3119 290 3146; x_wconf 92' lang='lat' dir='ltr'>sumus</span> <span class='ocrx_word' id='word_1_496' title='bbox 322 3109 360 3145; x_wconf 90' lang='lat' dir='ltr'>in</span> <span class='ocrx_word' id='word_1_497' title='bbox 386 3109 562 3156; x_wconf 83' lang='lat' dir='ltr'>sanguine</span> <span class='ocrx_word' id='word_1_498' title='bbox 587 3107 702 3144; x_wconf 88' lang='lat' dir='ltr'>nostri</span> <span class='ocrx_word' id='word_1_499' title='bbox 719 3106 973 3153; x_wconf 87' lang='lat' dir='ltr'>Redemptoris</span> <span class='ocrx_word' id='word_1_500' title='bbox 995 3120 1004 3142; x_wconf 72' lang='grc' dir='ltr'>ι</span> <span class='ocrx_word' id='word_1_501' title='bbox 1025 3106 1122 3153; x_wconf 91' lang='lat' dir='ltr'>quod</span> 
     </span>
    </p>
   </div>
   <div class='ocr_carea' id='block_1_10' title="bbox 0 3168 1122 3219">
    <p class='ocr_par' dir='ltr' id='par_1_12' title="bbox 0 3168 1122 3219">
     <span class='ocr_line' id='line_1_63' title="bbox 0 3168 1122 3219; baseline 0.001 -13"><span class='ocrx_word' id='word_1_502' title='bbox 0 3211 1 3215; x_wconf 11' lang='grc' dir='ltr'><strong>Ἰ</strong></span> <span class='ocrx_word' id='word_1_503' title='bbox 60 3177 136 3207; x_wconf 85' lang='lat' dir='ltr'>erat</span> <span class='ocrx_word' id='word_1_504' title='bbox 168 3172 348 3219; x_wconf 88' lang='lat' dir='ltr'>quondam</span> <span class='ocrx_word' id='word_1_505' title='bbox 381 3171 535 3219; x_wconf 89' lang='lat' dir='ltr'>populus</span> <span class='ocrx_word' id='word_1_506' title='bbox 568 3169 680 3207; x_wconf 87' lang='lat' dir='ltr'>Israel</span> <span class='ocrx_word' id='word_1_507' title='bbox 705 3168 914 3216; x_wconf 86' lang='lat' dir='ltr'>redemptus</span> <span class='ocrx_word' id='word_1_508' title='bbox 948 3169 1122 3217; x_wconf 81' lang='lat' dir='ltr'>sanguine</span> 
     </span>
    </p>
   </div>
   <div class='ocr_carea' id='block_1_11' title="bbox 0 3220 1124 3960">
    <p class='ocr_par' dir='ltr' id='par_1_13' title="bbox 0 3220 392 3280">
     <span class='ocr_line' id='line_1_64' title="bbox 0 3220 392 3280; baseline 0.005 -14"><span class='ocrx_word' id='word_1_509' title='bbox 0 3220 1 3244; x_wconf 65' lang='lat'><em>³</em></span> <span class='ocrx_word' id='word_1_510' title='bbox 62 3231 145 3279; x_wconf 76' lang='lat' dir='ltr'>agni</span> <span class='ocrx_word' id='word_1_511' title='bbox 161 3232 204 3269; x_wconf 91' lang='lat' dir='ltr'>de</span> <span class='ocrx_word' id='word_1_512' title='bbox 221 3231 392 3280; x_wconf 81' lang='lat' dir='ltr'>AEgypto.</span> 
     </span>
    </p>

    <p class='ocr_par' dir='ltr' id='par_1_14' title="bbox 63 3302 1124 3603">
     <span class='ocr_line' id='line_1_65' title="bbox 117 3302 1120 3353; baseline -0.002 -13"><span class='ocrx_word' id='word_1_513' title='bbox 117 3303 214 3341; x_wconf 82' lang='lat' dir='ltr'>Venit</span> <span class='ocrx_word' id='word_1_514' title='bbox 232 3305 386 3353; x_wconf 79' lang='lat' dir='ltr'>Moyses,</span> <span class='ocrx_word' id='word_1_515' title='bbox 405 3311 438 3342; x_wconf 87' lang='lat' dir='ltr'>et</span> <span class='ocrx_word' id='word_1_516' title='bbox 454 3305 651 3341; x_wconf 85' lang='lat' dir='ltr'>convocatis</span> <span class='ocrx_word' id='word_1_517' title='bbox 665 3303 861 3351; x_wconf 86' lang='lat' dir='ltr'>majoribus</span> <span class='ocrx_word' id='word_1_518' title='bbox 880 3309 966 3340; x_wconf 85' lang='lat' dir='ltr'>natu</span> <span class='ocrx_word' id='word_1_519' title='bbox 986 3302 1120 3350; x_wconf 86' lang='lat' dir='ltr'>populi,</span> 
     </span>
     <span class='ocr_line' id='line_1_66' title="bbox 63 3364 1121 3417; baseline -0.003 -15"><span class='ocrx_word' id='word_1_520' title='bbox 63 3367 219 3417; x_wconf 41' lang='lat' dir='ltr'>&amp;posuit</span> <span class='ocrx_word' id='word_1_521' title='bbox 243 3378 361 3404; x_wconf 89' lang='lat' dir='ltr'>omnes</span> <span class='ocrx_word' id='word_1_522' title='bbox 378 3377 554 3403; x_wconf 80' lang='lat' dir='ltr'>sermones</span> <span class='ocrx_word' id='word_1_523' title='bbox 568 3377 654 3414; x_wconf 88' lang='lat' dir='ltr'>quos</span> <span class='ocrx_word' id='word_1_524' title='bbox 680 3364 908 3401; x_wconf 83' lang='lat' dir='ltr'>mandaverat</span> <span class='ocrx_word' id='word_1_525' title='bbox 934 3364 1121 3400; x_wconf 86' lang='lat' dir='ltr'>Dominus.</span> 
     </span>
     <span class='ocr_line' id='line_1_67' title="bbox 65 3424 1123 3481; baseline -0.004 -17"><span class='ocrx_word' id='word_1_526' title='bbox 65 3424 319 3481; x_wconf 42' lang='lat' dir='ltr'>&amp;panditque</span> <span class='ocrx_word' id='word_1_527' title='bbox 351 3428 533 3464; x_wconf 78' lang='lat' dir='ltr'>universus</span> <span class='ocrx_word' id='word_1_528' title='bbox 552 3426 702 3475; x_wconf 86' lang='lat' dir='ltr'>populus</span> <span class='ocrx_word' id='word_1_529' title='bbox 720 3425 854 3462; x_wconf 88' lang='lat' dir='ltr'>simul:</span> <span class='ocrx_word' id='word_1_530' title='bbox 882 3424 1018 3461; x_wconf 84' lang='lat' dir='ltr'>Cuncta</span> <span class='ocrx_word' id='word_1_531' title='bbox 1044 3435 1123 3472; x_wconf 85' lang='lat' dir='ltr'>quoe</span> 
     </span>
     <span class='ocr_line' id='line_1_68' title="bbox 66 3485 1124 3540; baseline -0.006 -12"><span class='ocrx_word' id='word_1_532' title='bbox 66 3485 199 3540; x_wconf 53' lang='lat' dir='ltr'>ime</span> <span class='ocrx_word' id='word_1_533' title='bbox 226 3497 276 3527; x_wconf 76' lang='lat' dir='ltr'>est</span> <span class='ocrx_word' id='word_1_534' title='bbox 305 3491 478 3527; x_wconf 86' lang='lat' dir='ltr'>Dominus</span> <span class='ocrx_word' id='word_1_535' title='bbox 495 3517 506 3535; x_wconf 91' lang='lat'>‚</span> <span class='ocrx_word' id='word_1_536' title='bbox 547 3490 731 3536; x_wconf 73' lang='lat' dir='ltr'>faciemus.</span> <span class='ocrx_word' id='word_1_537' title='bbox 766 3486 922 3535; x_wconf 86' lang='lat' dir='ltr'>Cumque</span> <span class='ocrx_word' id='word_1_538' title='bbox 951 3485 1124 3522; x_wconf 80' lang='lat' dir='ltr'>retulisset</span> 
     </span>
     <span class='ocr_line' id='line_1_69' title="bbox 68 3542 1121 3654; baseline -0.008 -64"><span class='ocrx_word' id='word_1_539' title='bbox 68 3542 204 3654; x_wconf 58' lang='lat' dir='ltr'><em>w</em></span> <span class='ocrx_word' id='word_1_540' title='bbox 227 3551 331 3589; x_wconf 77' lang='lat' dir='ltr'>uerba</span> <span class='ocrx_word' id='word_1_541' title='bbox 347 3550 467 3599; x_wconf 81' lang='lat' dir='ltr'>populi</span> <span class='ocrx_word' id='word_1_542' title='bbox 493 3550 539 3587; x_wconf 83' lang='lat' dir='ltr'>ad</span> <span class='ocrx_word' id='word_1_543' title='bbox 564 3550 770 3593; x_wconf 86' lang='lat' dir='ltr'>Dominum,</span> <span class='ocrx_word' id='word_1_544' title='bbox 793 3548 842 3583; x_wconf 88' lang='lat' dir='ltr'>ait</span> <span class='ocrx_word' id='word_1_545' title='bbox 865 3548 897 3583; x_wconf 89' lang='lat' dir='ltr'>ei</span> <span class='ocrx_word' id='word_1_546' title='bbox 921 3547 1121 3582; x_wconf 81' lang='lat' dir='ltr'>Dominus:</span> 
     </span>
    </p>

    <p class='ocr_par' dir='ltr' id='par_1_15' title="bbox 71 3604 1124 3960">
     <span class='ocr_line' id='line_1_70' title="bbox 170 3604 1122 3662; baseline -0.008 -11.992"><span class='ocrx_word' id='word_1_547' title='bbox 170 3620 263 3662; x_wconf 66' lang='lat' dir='ltr'><em>W</em></span> <span class='ocrx_word' id='word_1_548' title='bbox 285 3612 421 3649; x_wconf 75' lang='lat' dir='ltr'>veniam</span> <span class='ocrx_word' id='word_1_549' title='bbox 439 3611 486 3648; x_wconf 86' lang='lat' dir='ltr'>ad</span> <span class='ocrx_word' id='word_1_550' title='bbox 511 3617 544 3647; x_wconf 88' lang='lat' dir='ltr'>te</span> <span class='ocrx_word' id='word_1_551' title='bbox 563 3611 603 3648; x_wconf 90' lang='lat' dir='ltr'>in</span> <span class='ocrx_word' id='word_1_552' title='bbox 627 3609 775 3658; x_wconf 66' lang='lat' dir='ltr'>caligine</span> <span class='ocrx_word' id='word_1_553' title='bbox 799 3609 915 3648; x_wconf 76' lang='lat' dir='ltr'>nubis.</span> <span class='ocrx_word' id='word_1_554' title='bbox 935 3611 974 3642; x_wconf 86' lang='lat' dir='ltr'>ut</span> <span class='ocrx_word' id='word_1_555' title='bbox 997 3604 1122 3642; x_wconf 79' lang='lat' dir='ltr'>audiat</span> 
     </span>
     <span class='ocr_line' id='line_1_71' title="bbox 204 3667 1120 3722; baseline -0.01 -11.738"><span class='ocrx_word' id='word_1_556' title='bbox 204 3691 209 3706; x_wconf 86' lang='lat'>-:</span> <span class='ocrx_word' id='word_1_557' title='bbox 236 3682 287 3722; x_wconf 39' lang='grc' dir='ltr'>,ιιι</span> <span class='ocrx_word' id='word_1_558' title='bbox 303 3671 499 3720; x_wconf 78' lang='lat' dir='ltr'>toquentem</span> <span class='ocrx_word' id='word_1_559' title='bbox 515 3671 560 3708; x_wconf 83' lang='lat' dir='ltr'>ad</span> <span class='ocrx_word' id='word_1_560' title='bbox 582 3677 666 3717; x_wconf 83' lang='lat' dir='ltr'>te,e</span> <span class='ocrx_word' id='word_1_561' title='bbox 648 3677 681 3708; x_wconf 85' lang='lat' dir='ltr'>et</span> <span class='ocrx_word' id='word_1_562' title='bbox 705 3670 824 3706; x_wconf 85' lang='lat' dir='ltr'>credat</span> <span class='ocrx_word' id='word_1_563' title='bbox 852 3668 915 3705; x_wconf 80' lang='lat' dir='ltr'>tibi</span> <span class='ocrx_word' id='word_1_564' title='bbox 941 3667 980 3703; x_wconf 89' lang='lat' dir='ltr'>in</span> <span class='ocrx_word' id='word_1_565' title='bbox 997 3676 1120 3714; x_wconf 87' lang='lat' dir='ltr'>perpe-</span> 
     </span>
     <span class='ocr_line' id='line_1_72' title="bbox 216 3728 1123 3780; baseline -0.01 -8"><span class='ocrx_word' id='word_1_566' title='bbox 216 3736 231 3762; x_wconf 58' lang='lat'>‘2</span> <span class='ocrx_word' id='word_1_567' title='bbox 482 3738 536 3772; x_wconf 87' lang='lat' dir='ltr'>et</span> <span class='ocrx_word' id='word_1_568' title='bbox 560 3743 668 3774; x_wconf 87' lang='lat' dir='ltr'>omne</span> <span class='ocrx_word' id='word_1_569' title='bbox 693 3730 867 3780; x_wconf 87' lang='lat' dir='ltr'>quidquid</span> <span class='ocrx_word' id='word_1_570' title='bbox 888 3728 1123 3766; x_wconf 83' lang='lat' dir='ltr'>tenebrosum</span> 
     </span>
     <span class='ocr_line' id='line_1_73' title="bbox 163 3792 1124 3845; baseline -0.012 -9"><span class='ocrx_word' id='word_1_571' title='bbox 163 3803 188 3807; x_wconf 76' lang='grc'>”</span> <span class='ocrx_word' id='word_1_572' title='bbox 266 3820 331 3843; x_wconf 77' lang='lat'><strong><em>·-·-.</em></strong></span> <span class='ocrx_word' id='word_1_573' title='bbox 345 3809 377 3838; x_wconf 64' lang='lat'>2·</span> <span class='ocrx_word' id='word_1_574' title='bbox 387 3800 497 3839; x_wconf 74' lang='lat' dir='ltr'>erat,</span> <span class='ocrx_word' id='word_1_575' title='bbox 531 3795 654 3845; x_wconf 71' lang='lat' dir='ltr'>littera</span> <span class='ocrx_word' id='word_1_576' title='bbox 680 3795 772 3842; x_wconf 75' lang='lat' dir='ltr'>legis</span> <span class='ocrx_word' id='word_1_577' title='bbox 797 3792 1028 3840; x_wconf 58' lang='lat' dir='ltr'>designatum</span> <span class='ocrx_word' id='word_1_578' title='bbox 1056 3798 1124 3836; x_wconf 84' lang='lat' dir='ltr'>per</span> 
     </span>
     <span class='ocr_line' id='line_1_74' title="bbox 71 3812 1124 3906; baseline -0.003 -16"><span class='ocrx_word' id='word_1_579' title='bbox 71 3812 234 3900; x_wconf 58' lang='lat' dir='ltr'>utentem</span> <span class='ocrx_word' id='word_1_580' title='bbox 252 3854 341 3892; x_wconf 74' lang='lat' dir='ltr'>vero</span> <span class='ocrx_word' id='word_1_581' title='bbox 355 3857 515 3896; x_wconf 55' lang='lat' dir='ltr'>aenne</span> <span class='ocrx_word' id='word_1_582' title='bbox 529 3855 705 3906; x_wconf 81' lang='lat' dir='ltr'>quidquid</span> <span class='ocrx_word' id='word_1_583' title='bbox 722 3854 775 3894; x_wconf 79' lang='lat' dir='ltr'>ibi</span> <span class='ocrx_word' id='word_1_584' title='bbox 794 3851 1022 3902; x_wconf 80' lang='lat' dir='ltr'>splendidum</span> <span class='ocrx_word' id='word_1_585' title='bbox 1035 3849 1124 3898; x_wconf 74' lang='lat' dir='ltr'>ruit,</span> 
     </span>
     <span class='ocr_line' id='line_1_75' title="bbox 77 3932 84 3960; baseline 0 0"><span class='ocrx_word' id='word_1_586' title='bbox 77 3932 84 3960; x_wconf 79' lang='grc' dir='ltr'>ι</span> 
     </span>
    </p>
   </div>
   <div class='ocr_carea' id='block_1_12' title="bbox 22 3966 93 4016">
    <p class='ocr_par' dir='ltr' id='par_1_16' title="bbox 22 3966 93 4016">
     <span class='ocr_line' id='line_1_76' title="bbox 22 3966 93 4016; baseline 0.056 -4"><span class='ocrx_word' id='word_1_587' title='bbox 22 3983 27 4012; x_wconf 79' lang='lat' dir='ltr'>t</span> <span class='ocrx_word' id='word_1_588' title='bbox 62 3966 93 4016; x_wconf 67' lang='grc' dir='ltr'>Ι</span> 
     </span>
    </p>
   </div>
   <div class='ocr_carea' id='block_1_13' title="bbox 87 3670 375 3821">
    <p class='ocr_par' dir='ltr' id='par_1_17' title="bbox 87 3670 375 3821">
     <span class='ocr_line' id='line_1_77' title="bbox 87 3670 375 3821; baseline 0.017 -5"><span class='ocrx_word' id='word_1_589' title='bbox 87 3670 375 3821; x_wconf 95' lang='lat' dir='ltr'>   </span> 
     </span>
    </p>
   </div>
   <div class='ocr_carea' id='block_1_14' title="bbox 1190 1265 2270 3835">
    <p class='ocr_par' dir='ltr' id='par_1_18' title="bbox 1194 1265 2270 2119">
     <span class='ocr_line' id='line_1_78' title="bbox 1198 1265 2270 1317; baseline -0.004 -11"><span class='ocrx_word' id='word_1_590' title='bbox 1198 1281 1268 1317; x_wconf 90' lang='lat' dir='ltr'>quo</span> <span class='ocrx_word' id='word_1_591' title='bbox 1284 1271 1340 1306; x_wconf 83' lang='lat' dir='ltr'>lex</span> <span class='ocrx_word' id='word_1_592' title='bbox 1358 1270 1477 1311; x_wconf 86' lang='lat' dir='ltr'>datur,</span> <span class='ocrx_word' id='word_1_593' title='bbox 1492 1269 1568 1304; x_wconf 91' lang='lat' dir='ltr'>dies</span> <span class='ocrx_word' id='word_1_594' title='bbox 1586 1267 1849 1314; x_wconf 84' lang='lat' dir='ltr'>quinquaginta</span> <span class='ocrx_word' id='word_1_595' title='bbox 1861 1272 2123 1303; x_wconf 88' lang='lat' dir='ltr'>numerantur:</span> <span class='ocrx_word' id='word_1_596' title='bbox 2142 1265 2270 1302; x_wconf 82' lang='lat' dir='ltr'>decem</span> 
     </span>
     <span class='ocr_line' id='line_1_79' title="bbox 1196 1329 2268 1378; baseline -0.005 -10"><span class='ocrx_word' id='word_1_597' title='bbox 1196 1338 1232 1368; x_wconf 84' lang='lat' dir='ltr'>et</span> <span class='ocrx_word' id='word_1_598' title='bbox 1250 1338 1388 1378; x_wconf 86' lang='lat' dir='ltr'>septem</span> <span class='ocrx_word' id='word_1_599' title='bbox 1407 1331 1546 1367; x_wconf 87' lang='lat' dir='ltr'>scilicet</span> <span class='ocrx_word' id='word_1_600' title='bbox 1567 1330 1674 1376; x_wconf 90' lang='lat' dir='ltr'>primi</span> <span class='ocrx_word' id='word_1_601' title='bbox 1696 1330 1832 1366; x_wconf 86' lang='lat' dir='ltr'>mensis</span> <span class='ocrx_word' id='word_1_602' title='bbox 1853 1342 1860 1365; x_wconf 91' lang='lat'>:</span> <span class='ocrx_word' id='word_1_603' title='bbox 1881 1329 2009 1376; x_wconf 86' lang='lat' dir='ltr'>reliqui</span> <span class='ocrx_word' id='word_1_604' title='bbox 2031 1329 2077 1364; x_wconf 87' lang='lat' dir='ltr'>ab</span> <span class='ocrx_word' id='word_1_605' title='bbox 2098 1329 2176 1374; x_wconf 88' lang='lat' dir='ltr'>ipso</span> <span class='ocrx_word' id='word_1_606' title='bbox 2191 1338 2268 1372; x_wconf 83' lang='lat' dir='ltr'>xiv,</span> 
     </span>
     <span class='ocr_line' id='line_1_80' title="bbox 1197 1394 2266 1440; baseline -0.002 -8"><span class='ocrx_word' id='word_1_607' title='bbox 1197 1396 1327 1432; x_wconf 85' lang='lat' dir='ltr'>deinde</span> <span class='ocrx_word' id='word_1_608' title='bbox 1345 1405 1471 1431; x_wconf 90' lang='lat' dir='ltr'>omnes</span> <span class='ocrx_word' id='word_1_609' title='bbox 1490 1406 1560 1430; x_wconf 81' lang='lat' dir='ltr'>xxx</span> <span class='ocrx_word' id='word_1_610' title='bbox 1583 1394 1732 1430; x_wconf 87' lang='lat' dir='ltr'>secundi</span> <span class='ocrx_word' id='word_1_611' title='bbox 1762 1394 1897 1431; x_wconf 85' lang='lat' dir='ltr'>mensis</span> <span class='ocrx_word' id='word_1_612' title='bbox 1911 1422 1920 1438; x_wconf 90' lang='lat'>,</span> <span class='ocrx_word' id='word_1_613' title='bbox 1955 1394 2014 1440; x_wconf 92' lang='lat' dir='ltr'>qui</span> <span class='ocrx_word' id='word_1_614' title='bbox 2045 1394 2135 1430; x_wconf 87' lang='lat' dir='ltr'>liunt</span> <span class='ocrx_word' id='word_1_615' title='bbox 2153 1403 2266 1430; x_wconf 75' lang='lat' dir='ltr'>xtvn.</span> 
     </span>
     <span class='ocr_line' id='line_1_81' title="bbox 1197 1455 2269 1503; baseline 0 -11"><span class='ocrx_word' id='word_1_616' title='bbox 1197 1456 1241 1492; x_wconf 88' lang='lat' dir='ltr'>Et</span> <span class='ocrx_word' id='word_1_617' title='bbox 1262 1456 1391 1491; x_wconf 88' lang='lat' dir='ltr'>tertius</span> <span class='ocrx_word' id='word_1_618' title='bbox 1411 1456 1509 1492; x_wconf 87' lang='lat' dir='ltr'>tertii</span> <span class='ocrx_word' id='word_1_619' title='bbox 1531 1457 1683 1499; x_wconf 86' lang='lat' dir='ltr'>mensis,</span> <span class='ocrx_word' id='word_1_620' title='bbox 1706 1456 1766 1503; x_wconf 89' lang='lat' dir='ltr'>qni</span> <span class='ocrx_word' id='word_1_621' title='bbox 1791 1461 1846 1492; x_wconf 88' lang='lat' dir='ltr'>est</span> <span class='ocrx_word' id='word_1_622' title='bbox 1869 1467 1887 1491; x_wconf 87' lang='lat' dir='ltr'>a</span> <span class='ocrx_word' id='word_1_623' title='bbox 1909 1456 2139 1492; x_wconf 86' lang='lat' dir='ltr'>solemnitate</span> <span class='ocrx_word' id='word_1_624' title='bbox 2157 1455 2269 1493; x_wconf 91' lang='lat' dir='ltr'>occisi</span> 
     </span>
     <span class='ocr_line' id='line_1_82' title="bbox 1198 1517 2266 1565; baseline 0.001 -13"><span class='ocrx_word' id='word_1_625' title='bbox 1198 1518 1279 1565; x_wconf 86' lang='lat' dir='ltr'>agni</span> <span class='ocrx_word' id='word_1_626' title='bbox 1302 1517 1639 1564; x_wconf 85' lang='lat' dir='ltr'>quinquagesimus.</span> <span class='ocrx_word' id='word_1_627' title='bbox 1668 1518 1720 1553; x_wconf 85' lang='lat' dir='ltr'>Ac</span> <span class='ocrx_word' id='word_1_628' title='bbox 1738 1527 1803 1563; x_wconf 89' lang='lat' dir='ltr'>per</span> <span class='ocrx_word' id='word_1_629' title='bbox 1820 1518 1889 1553; x_wconf 86' lang='lat' dir='ltr'>hoc</span> <span class='ocrx_word' id='word_1_630' title='bbox 1910 1517 1943 1552; x_wconf 91' lang='lat' dir='ltr'>in</span> <span class='ocrx_word' id='word_1_631' title='bbox 1966 1517 2033 1553; x_wconf 87' lang='lat' dir='ltr'>ista</span> <span class='ocrx_word' id='word_1_632' title='bbox 2057 1518 2184 1553; x_wconf 89' lang='lat' dir='ltr'>umbra</span> <span class='ocrx_word' id='word_1_633' title='bbox 2209 1517 2266 1553; x_wconf 70' lang='lat' dir='ltr'>l&#39;u-</span> 
     </span>
     <span class='ocr_line' id='line_1_83' title="bbox 1197 1579 2269 1626; baseline 0.001 -12"><span class='ocrx_word' id='word_1_634' title='bbox 1197 1580 1269 1615; x_wconf 90' lang='lat' dir='ltr'>turi</span> <span class='ocrx_word' id='word_1_635' title='bbox 1291 1580 1489 1615; x_wconf 88' lang='lat' dir='ltr'>secundum</span> <span class='ocrx_word' id='word_1_636' title='bbox 1516 1580 1599 1626; x_wconf 86' lang='lat' dir='ltr'>agni</span> <span class='ocrx_word' id='word_1_637' title='bbox 1621 1579 1844 1616; x_wconf 81' lang='lat' dir='ltr'>immaculati</span> <span class='ocrx_word' id='word_1_638' title='bbox 1874 1580 1970 1615; x_wconf 87' lang='lat' dir='ltr'>diem</span> <span class='ocrx_word' id='word_1_639' title='bbox 1989 1579 2122 1616; x_wconf 79' lang='lat' dir='ltr'>festum</span> <span class='ocrx_word' id='word_1_640' title='bbox 2138 1607 2147 1623; x_wconf 90' lang='lat'>,</span> <span class='ocrx_word' id='word_1_641' title='bbox 2174 1580 2269 1616; x_wconf 86' lang='lat' dir='ltr'>sicut</span> 
     </span>
     <span class='ocr_line' id='line_1_84' title="bbox 1196 1642 2269 1689; baseline 0.002 -12"><span class='ocrx_word' id='word_1_642' title='bbox 1196 1642 1498 1687; x_wconf 83' lang='lat' dir='ltr'>quinquagesimo</span> <span class='ocrx_word' id='word_1_643' title='bbox 1519 1643 1577 1678; x_wconf 88' lang='lat' dir='ltr'>die</span> <span class='ocrx_word' id='word_1_644' title='bbox 1604 1643 1659 1678; x_wconf 86' lang='lat' dir='ltr'>lex</span> <span class='ocrx_word' id='word_1_645' title='bbox 1690 1643 1773 1678; x_wconf 84' lang='lat' dir='ltr'>data</span> <span class='ocrx_word' id='word_1_646' title='bbox 1794 1649 1862 1686; x_wconf 88' lang='lat' dir='ltr'>est,</span> <span class='ocrx_word' id='word_1_647' title='bbox 1887 1653 1967 1688; x_wconf 68' lang='lat' dir='ltr'>quae</span> <span class='ocrx_word' id='word_1_648' title='bbox 1985 1643 2191 1689; x_wconf 87' lang='lat' dir='ltr'>conscripta</span> <span class='ocrx_word' id='word_1_649' title='bbox 2211 1648 2269 1680; x_wconf 87' lang='lat' dir='ltr'>est</span> 
     </span>
     <span class='ocr_line' id='line_1_85' title="bbox 1195 1702 2267 1749; baseline 0.003 -12"><span class='ocrx_word' id='word_1_650' title='bbox 1195 1702 1308 1748; x_wconf 85' lang='lat' dir='ltr'>digito</span> <span class='ocrx_word' id='word_1_651' title='bbox 1328 1702 1406 1745; x_wconf 88' lang='lat' dir='ltr'>Dei,</span> <span class='ocrx_word' id='word_1_652' title='bbox 1427 1703 1476 1738; x_wconf 86' lang='lat' dir='ltr'>ita</span> <span class='ocrx_word' id='word_1_653' title='bbox 1495 1703 1573 1749; x_wconf 89' lang='lat' dir='ltr'>ipsa</span> <span class='ocrx_word' id='word_1_654' title='bbox 1588 1703 1743 1740; x_wconf 87' lang='lat' dir='ltr'>veritate</span> <span class='ocrx_word' id='word_1_655' title='bbox 1760 1703 1850 1739; x_wconf 79' lang='lat' dir='ltr'>Novi</span> <span class='ocrx_word' id='word_1_656' title='bbox 1869 1703 2110 1746; x_wconf 86' lang='lat' dir='ltr'>Testamenti,</span> <span class='ocrx_word' id='word_1_657' title='bbox 2126 1716 2145 1738; x_wconf 81' lang='lat' dir='ltr'>a</span> <span class='ocrx_word' id='word_1_658' title='bbox 2167 1703 2267 1740; x_wconf 87' lang='lat' dir='ltr'>sesti-</span> 
     </span>
     <span class='ocr_line' id='line_1_86' title="bbox 1194 1764 2267 1812; baseline 0.003 -14"><span class='ocrx_word' id='word_1_659' title='bbox 1194 1764 1307 1799; x_wconf 85' lang='lat' dir='ltr'>vitate</span> <span class='ocrx_word' id='word_1_660' title='bbox 1337 1765 1419 1811; x_wconf 85' lang='lat' dir='ltr'>agni</span> <span class='ocrx_word' id='word_1_661' title='bbox 1450 1764 1675 1800; x_wconf 87' lang='lat' dir='ltr'>immaculati</span> <span class='ocrx_word' id='word_1_662' title='bbox 1708 1764 1842 1801; x_wconf 87' lang='lat' dir='ltr'>Christi</span> <span class='ocrx_word' id='word_1_663' title='bbox 1880 1764 1980 1809; x_wconf 80' lang='lat' dir='ltr'>Jesu,</span> <span class='ocrx_word' id='word_1_664' title='bbox 2004 1765 2267 1812; x_wconf 78' lang='lat' dir='ltr'>quinquaginta</span> 
     </span>
     <span class='ocr_line' id='line_1_87' title="bbox 1195 1826 2268 1873; baseline 0.004 -11"><span class='ocrx_word' id='word_1_665' title='bbox 1195 1826 1271 1862; x_wconf 89' lang='lat' dir='ltr'>dies</span> <span class='ocrx_word' id='word_1_666' title='bbox 1296 1832 1562 1862; x_wconf 86' lang='lat' dir='ltr'>numerantur:</span> <span class='ocrx_word' id='word_1_667' title='bbox 1594 1832 1634 1862; x_wconf 90' lang='lat' dir='ltr'>ut</span> <span class='ocrx_word' id='word_1_668' title='bbox 1661 1826 1818 1873; x_wconf 88' lang='lat' dir='ltr'>Spiritus</span> <span class='ocrx_word' id='word_1_669' title='bbox 1839 1833 1986 1864; x_wconf 86' lang='lat' dir='ltr'>sanctus</span> <span class='ocrx_word' id='word_1_670' title='bbox 2011 1827 2055 1863; x_wconf 90' lang='lat' dir='ltr'>dc</span> <span class='ocrx_word' id='word_1_671' title='bbox 2078 1827 2268 1866; x_wconf 87' lang='lat' dir='ltr'>altissimis</span> 
     </span>
     <span class='ocr_line' id='line_1_88' title="bbox 1196 1887 2267 1934; baseline 0.002 -12"><span class='ocrx_word' id='word_1_672' title='bbox 1196 1888 1303 1923; x_wconf 89' lang='lat' dir='ltr'>datus</span> <span class='ocrx_word' id='word_1_673' title='bbox 1322 1893 1390 1923; x_wconf 90' lang='lat' dir='ltr'>est.</span> <span class='ocrx_word' id='word_1_674' title='bbox 1407 1887 1566 1934; x_wconf 80' lang='lat' dir='ltr'>Digitum</span> <span class='ocrx_word' id='word_1_675' title='bbox 1585 1893 1704 1923; x_wconf 86' lang='lat' dir='ltr'>autem</span> <span class='ocrx_word' id='word_1_676' title='bbox 1723 1888 1786 1924; x_wconf 90' lang='lat' dir='ltr'>Dei</span> <span class='ocrx_word' id='word_1_677' title='bbox 1803 1898 1883 1924; x_wconf 87' lang='lat' dir='ltr'>csse</span> <span class='ocrx_word' id='word_1_678' title='bbox 1903 1887 2080 1933; x_wconf 86' lang='lat' dir='ltr'>Spiritum</span> <span class='ocrx_word' id='word_1_679' title='bbox 2100 1894 2267 1924; x_wconf 78' lang='lat' dir='ltr'>sanctuni</span> 
     </span>
     <span class='ocr_line' id='line_1_89' title="bbox 1194 1947 2267 1995; baseline 0.002 -12"><span class='ocrx_word' id='word_1_680' title='bbox 1194 1947 1391 1995; x_wconf 86' lang='lat' dir='ltr'>suprajam</span> <span class='ocrx_word' id='word_1_681' title='bbox 1412 1948 1570 1984; x_wconf 81' lang='lat' dir='ltr'>diximus</span> <span class='ocrx_word' id='word_1_682' title='bbox 1590 1954 1684 1985; x_wconf 87' lang='lat' dir='ltr'>teste</span> <span class='ocrx_word' id='word_1_683' title='bbox 1699 1949 1909 1994; x_wconf 86' lang='lat' dir='ltr'>Evangelio.</span> <span class='ocrx_word' id='word_1_684' title='bbox 1934 1949 2036 1994; x_wconf 85' lang='lat' dir='ltr'>Quod</span> <span class='ocrx_word' id='word_1_685' title='bbox 2058 1954 2179 1985; x_wconf 87' lang='lat' dir='ltr'>autem</span> <span class='ocrx_word' id='word_1_686' title='bbox 2197 1949 2267 1986; x_wconf 88' lang='lat' dir='ltr'>Do-</span> 
     </span>
     <span class='ocr_line' id='line_1_90' title="bbox 1194 2010 2266 2058; baseline 0 -12"><span class='ocrx_word' id='word_1_687' title='bbox 1194 2011 1315 2046; x_wconf 90' lang='lat' dir='ltr'>minus</span> <span class='ocrx_word' id='word_1_688' title='bbox 1338 2011 1510 2057; x_wconf 77' lang='lat' dir='ltr'>proecepit</span> <span class='ocrx_word' id='word_1_689' title='bbox 1529 2010 1662 2058; x_wconf 84' lang='lat' dir='ltr'>Moysi,</span> <span class='ocrx_word' id='word_1_690' title='bbox 1689 2016 1728 2046; x_wconf 91' lang='lat' dir='ltr'>ut</span> <span class='ocrx_word' id='word_1_691' title='bbox 1748 2011 1919 2056; x_wconf 85' lang='lat' dir='ltr'>populum</span> <span class='ocrx_word' id='word_1_692' title='bbox 1936 2010 2139 2047; x_wconf 81' lang='lat' dir='ltr'>sanctificet</span> <span class='ocrx_word' id='word_1_693' title='bbox 2158 2010 2266 2051; x_wconf 82' lang='lat' dir='ltr'>hodie</span> 
     </span>
     <span class='ocr_line' id='line_1_91' title="bbox 1194 2072 2246 2119; baseline 0 -11"><span class='ocrx_word' id='word_1_694' title='bbox 1194 2078 1231 2109; x_wconf 90' lang='lat' dir='ltr'>et</span> <span class='ocrx_word' id='word_1_695' title='bbox 1244 2083 1338 2116; x_wconf 88' lang='lat' dir='ltr'>cras,</span> <span class='ocrx_word' id='word_1_696' title='bbox 1358 2078 1470 2118; x_wconf 87' lang='lat' dir='ltr'>utque</span> <span class='ocrx_word' id='word_1_697' title='bbox 1496 2073 1563 2119; x_wconf 90' lang='lat' dir='ltr'>ipsi</span> <span class='ocrx_word' id='word_1_698' title='bbox 1583 2072 1706 2109; x_wconf 87' lang='lat' dir='ltr'>lavent</span> <span class='ocrx_word' id='word_1_699' title='bbox 1727 2073 1941 2108; x_wconf 80' lang='lat' dir='ltr'>vestimenta</span> <span class='ocrx_word' id='word_1_700' title='bbox 1960 2083 2036 2111; x_wconf 80' lang='lat' dir='ltr'>sua,</span> <span class='ocrx_word' id='word_1_701' title='bbox 2058 2078 2094 2108; x_wconf 90' lang='lat' dir='ltr'>ct</span> <span class='ocrx_word' id='word_1_702' title='bbox 2114 2073 2186 2108; x_wconf 85' lang='lat' dir='ltr'>sint</span> <span class='ocrx_word' id='word_1_703' title='bbox 2202 2084 2246 2118; x_wconf 89' lang='lat' dir='ltr'>pa</span> 
     </span>
    </p>

    <p class='ocr_par' dir='ltr' id='par_1_19' title="bbox 1195 2134 2266 2489">
     <span class='ocr_line' id='line_1_92' title="bbox 1195 2134 2265 2183; baseline 0 -12"><span class='ocrx_word' id='word_1_704' title='bbox 1195 2136 1263 2171; x_wconf 92' lang='lat' dir='ltr'>rati</span> <span class='ocrx_word' id='word_1_705' title='bbox 1283 2136 1318 2171; x_wconf 92' lang='lat' dir='ltr'>in</span> <span class='ocrx_word' id='word_1_706' title='bbox 1341 2137 1436 2172; x_wconf 89' lang='lat' dir='ltr'>diem</span> <span class='ocrx_word' id='word_1_707' title='bbox 1467 2136 1626 2179; x_wconf 86' lang='lat' dir='ltr'>tertium,</span> <span class='ocrx_word' id='word_1_708' title='bbox 1647 2136 1800 2183; x_wconf 78' lang='lat' dir='ltr'>mystice</span> <span class='ocrx_word' id='word_1_709' title='bbox 1822 2135 2004 2182; x_wconf 72' lang='lat' dir='ltr'>significat</span> <span class='ocrx_word' id='word_1_710' title='bbox 2031 2134 2127 2181; x_wconf 87' lang='lat' dir='ltr'>quod</span> <span class='ocrx_word' id='word_1_711' title='bbox 2146 2136 2265 2171; x_wconf 88' lang='lat' dir='ltr'>omnis</span> 
     </span>
     <span class='ocr_line' id='line_1_93' title="bbox 1196 2195 2266 2243; baseline -0.002 -11"><span class='ocrx_word' id='word_1_712' title='bbox 1196 2197 1259 2243; x_wconf 89' lang='lat' dir='ltr'>qui</span> <span class='ocrx_word' id='word_1_713' title='bbox 1280 2197 1325 2232; x_wconf 84' lang='lat' dir='ltr'>ad</span> <span class='ocrx_word' id='word_1_714' title='bbox 1345 2202 1579 2242; x_wconf 87' lang='lat' dir='ltr'>conspectum</span> <span class='ocrx_word' id='word_1_715' title='bbox 1610 2196 1673 2231; x_wconf 90' lang='lat' dir='ltr'>Dei</span> <span class='ocrx_word' id='word_1_716' title='bbox 1702 2196 1893 2241; x_wconf 81' lang='lat' dir='ltr'>pervenire</span> <span class='ocrx_word' id='word_1_717' title='bbox 1915 2195 2110 2238; x_wconf 82' lang='lat' dir='ltr'>desiderat,</span> <span class='ocrx_word' id='word_1_718' title='bbox 2131 2195 2266 2231; x_wconf 86' lang='lat' dir='ltr'>sancti-</span> 
     </span>
     <span class='ocr_line' id='line_1_94' title="bbox 1196 2256 2266 2303; baseline -0.003 -8"><span class='ocrx_word' id='word_1_719' title='bbox 1196 2258 1308 2295; x_wconf 80' lang='lat' dir='ltr'>ficare</span> <span class='ocrx_word' id='word_1_720' title='bbox 1330 2268 1367 2295; x_wconf 92' lang='lat' dir='ltr'>se</span> <span class='ocrx_word' id='word_1_721' title='bbox 1387 2258 1508 2301; x_wconf 86' lang='lat' dir='ltr'>debet,</span> <span class='ocrx_word' id='word_1_722' title='bbox 1534 2258 1570 2294; x_wconf 90' lang='lat' dir='ltr'>id</span> <span class='ocrx_word' id='word_1_723' title='bbox 1589 2262 1658 2301; x_wconf 86' lang='lat' dir='ltr'>est,</span> <span class='ocrx_word' id='word_1_724' title='bbox 1686 2267 1774 2293; x_wconf 85' lang='lat' dir='ltr'>sana</span> <span class='ocrx_word' id='word_1_725' title='bbox 1796 2257 1865 2293; x_wconf 80' lang='lat' dir='ltr'>lide</span> <span class='ocrx_word' id='word_1_726' title='bbox 1887 2264 1924 2293; x_wconf 89' lang='lat' dir='ltr'>et</span> <span class='ocrx_word' id='word_1_727' title='bbox 1946 2256 2053 2303; x_wconf 86' lang='lat' dir='ltr'>digna</span> <span class='ocrx_word' id='word_1_728' title='bbox 2073 2266 2266 2293; x_wconf 86' lang='lat' dir='ltr'>conversa—</span> 
     </span>
     <span class='ocr_line' id='line_1_95' title="bbox 1197 2319 2263 2367; baseline -0.002 -11"><span class='ocrx_word' id='word_1_729' title='bbox 1197 2321 1293 2357; x_wconf 89' lang='lat' dir='ltr'>tione</span> <span class='ocrx_word' id='word_1_730' title='bbox 1317 2330 1550 2367; x_wconf 86' lang='lat' dir='ltr'>praeparare;</span> <span class='ocrx_word' id='word_1_731' title='bbox 1578 2326 1615 2356; x_wconf 89' lang='lat' dir='ltr'>et</span> <span class='ocrx_word' id='word_1_732' title='bbox 1646 2320 1861 2356; x_wconf 86' lang='lat' dir='ltr'>vestimenta</span> <span class='ocrx_word' id='word_1_733' title='bbox 1882 2330 1945 2356; x_wconf 87' lang='lat' dir='ltr'>sua</span> <span class='ocrx_word' id='word_1_734' title='bbox 1964 2320 2087 2355; x_wconf 84' lang='lat' dir='ltr'>lavare</span> <span class='ocrx_word' id='word_1_735' title='bbox 2103 2347 2112 2362; x_wconf 94' lang='lat'>,</span> <span class='ocrx_word' id='word_1_736' title='bbox 2142 2319 2176 2354; x_wconf 88' lang='lat' dir='ltr'>id</span> <span class='ocrx_word' id='word_1_737' title='bbox 2195 2323 2263 2361; x_wconf 87' lang='lat' dir='ltr'>est,</span> 
     </span>
     <span class='ocr_line' id='line_1_96' title="bbox 1195 2379 2266 2428; baseline -0.003 -11"><span class='ocrx_word' id='word_1_738' title='bbox 1195 2392 1304 2428; x_wconf 84' lang='lat' dir='ltr'>opera</span> <span class='ocrx_word' id='word_1_739' title='bbox 1325 2392 1389 2417; x_wconf 86' lang='lat' dir='ltr'>sua</span> <span class='ocrx_word' id='word_1_740' title='bbox 1412 2382 1610 2425; x_wconf 84' lang='lat' dir='ltr'>mundare;</span> <span class='ocrx_word' id='word_1_741' title='bbox 1640 2382 1676 2417; x_wconf 91' lang='lat' dir='ltr'>in</span> <span class='ocrx_word' id='word_1_742' title='bbox 1701 2382 1870 2428; x_wconf 81' lang='lat' dir='ltr'>praesenti</span> <span class='ocrx_word' id='word_1_743' title='bbox 1898 2381 2066 2418; x_wconf 86' lang='lat' dir='ltr'>videlicet</span> <span class='ocrx_word' id='word_1_744' title='bbox 2090 2386 2125 2417; x_wconf 90' lang='lat' dir='ltr'>et</span> <span class='ocrx_word' id='word_1_745' title='bbox 2147 2380 2182 2416; x_wconf 89' lang='lat' dir='ltr'>in</span> <span class='ocrx_word' id='word_1_746' title='bbox 2210 2379 2266 2414; x_wconf 88' lang='lat' dir='ltr'>su-</span> 
     </span>
     <span class='ocr_line' id='line_1_97' title="bbox 1195 2442 2247 2489; baseline -0.003 -11"><span class='ocrx_word' id='word_1_747' title='bbox 1195 2448 1278 2478; x_wconf 85' lang='lat' dir='ltr'>turo</span> <span class='ocrx_word' id='word_1_748' title='bbox 1299 2448 1476 2489; x_wconf 90' lang='lat' dir='ltr'>tempore,</span> <span class='ocrx_word' id='word_1_749' title='bbox 1498 2443 1594 2488; x_wconf 88' lang='lat' dir='ltr'>quod</span> <span class='ocrx_word' id='word_1_750' title='bbox 1616 2443 1795 2488; x_wconf 81' lang='lat' dir='ltr'>significat</span> <span class='ocrx_word' id='word_1_751' title='bbox 1813 2443 2012 2479; x_wconf 84' lang='lat' dir='ltr'>hodiernus</span> <span class='ocrx_word' id='word_1_752' title='bbox 2032 2448 2067 2477; x_wconf 91' lang='lat' dir='ltr'>et</span> <span class='ocrx_word' id='word_1_753' title='bbox 2086 2442 2163 2476; x_wconf 92' lang='lat' dir='ltr'>dies</span> <span class='ocrx_word' id='word_1_754' title='bbox 2183 2450 2247 2476; x_wconf 89' lang='lat' dir='ltr'>cra</span> 
     </span>
    </p>

    <p class='ocr_par' dir='ltr' id='par_1_20' title="bbox 1190 2501 2265 3835">
     <span class='ocr_line' id='line_1_98' title="bbox 1196 2501 2264 2550; baseline -0.004 -10"><span class='ocrx_word' id='word_1_755' title='bbox 1196 2505 1313 2540; x_wconf 88' lang='lat' dir='ltr'>stinus</span> <span class='ocrx_word' id='word_1_756' title='bbox 1342 2517 1350 2539; x_wconf 79' lang='lat' dir='ltr'>z</span> <span class='ocrx_word' id='word_1_757' title='bbox 1384 2511 1562 2550; x_wconf 76' lang='lat' dir='ltr'>quatenus</span> <span class='ocrx_word' id='word_1_758' title='bbox 1581 2506 1626 2540; x_wconf 86' lang='lat' dir='ltr'>ad</span> <span class='ocrx_word' id='word_1_759' title='bbox 1655 2505 1807 2550; x_wconf 83' lang='lat' dir='ltr'>gloriam</span> <span class='ocrx_word' id='word_1_760' title='bbox 1835 2504 2113 2539; x_wconf 87' lang='lat' dir='ltr'>resurrectionis</span> <span class='ocrx_word' id='word_1_761' title='bbox 2133 2506 2169 2537; x_wconf 82' lang='lat' dir='ltr'>ct</span> <span class='ocrx_word' id='word_1_762' title='bbox 2197 2501 2264 2536; x_wconf 89' lang='lat' dir='ltr'>im-</span> 
     </span>
     <span class='ocr_line' id='line_1_99' title="bbox 1195 2562 2258 2610; baseline -0.005 -9"><span class='ocrx_word' id='word_1_763' title='bbox 1195 2564 1430 2601; x_wconf 83' lang='lat' dir='ltr'>mortalitatis</span> <span class='ocrx_word' id='word_1_764' title='bbox 1450 2565 1648 2600; x_wconf 79' lang='lat' dir='ltr'>Dominicae</span> <span class='ocrx_word' id='word_1_765' title='bbox 1673 2564 1882 2610; x_wconf 83' lang='lat' dir='ltr'>pertingere</span> <span class='ocrx_word' id='word_1_766' title='bbox 1920 2564 2046 2609; x_wconf 90' lang='lat' dir='ltr'>possit.</span> <span class='ocrx_word' id='word_1_767' title='bbox 2073 2562 2149 2598; x_wconf 85' lang='lat' dir='ltr'>Hoc</span> <span class='ocrx_word' id='word_1_768' title='bbox 2179 2570 2258 2607; x_wconf 67' lang='lat' dir='ltr'>quo</span> 
     </span>
     <span class='ocr_line' id='line_1_100' title="bbox 1196 2624 2263 2675; baseline -0.006 -11"><span class='ocrx_word' id='word_1_769' title='bbox 1196 2639 1265 2675; x_wconf 89' lang='lat' dir='ltr'>que</span> <span class='ocrx_word' id='word_1_770' title='bbox 1285 2628 1446 2664; x_wconf 88' lang='lat' dir='ltr'>insinuat</span> <span class='ocrx_word' id='word_1_771' title='bbox 1465 2627 1540 2663; x_wconf 86' lang='lat' dir='ltr'>dies</span> <span class='ocrx_word' id='word_1_772' title='bbox 1560 2627 1711 2670; x_wconf 90' lang='lat' dir='ltr'>tertius,</span> <span class='ocrx_word' id='word_1_773' title='bbox 1734 2627 1818 2672; x_wconf 86' lang='lat' dir='ltr'>quia</span> <span class='ocrx_word' id='word_1_774' title='bbox 1845 2625 2012 2662; x_wconf 83' lang='lat' dir='ltr'>Christus</span> <span class='ocrx_word' id='word_1_775' title='bbox 2037 2626 2094 2662; x_wconf 89' lang='lat' dir='ltr'>die</span> <span class='ocrx_word' id='word_1_776' title='bbox 2111 2624 2217 2660; x_wconf 84' lang='lat' dir='ltr'>tertia</span> <span class='ocrx_word' id='word_1_777' title='bbox 2244 2633 2263 2659; x_wconf 91' lang='lat' dir='ltr'>a</span> 
     </span>
     <span class='ocr_line' id='line_1_101' title="bbox 1195 2686 2264 2735; baseline -0.005 -10"><span class='ocrx_word' id='word_1_778' title='bbox 1195 2690 1350 2726; x_wconf 86' lang='lat' dir='ltr'>mortuis</span> <span class='ocrx_word' id='word_1_779' title='bbox 1368 2689 1581 2725; x_wconf 86' lang='lat' dir='ltr'>resurrexit.</span> <span class='ocrx_word' id='word_1_780' title='bbox 1595 2687 1862 2735; x_wconf 86' lang='lat' dir='ltr'>Constituesque</span> <span class='ocrx_word' id='word_1_781' title='bbox 1875 2688 2041 2723; x_wconf 86' lang='lat' dir='ltr'>terminos</span> <span class='ocrx_word' id='word_1_782' title='bbox 2059 2686 2187 2734; x_wconf 87' lang='lat' dir='ltr'>populo</span> <span class='ocrx_word' id='word_1_783' title='bbox 2202 2696 2264 2733; x_wconf 79' lang='lat' dir='ltr'>per</span> 
     </span>
     <span class='ocr_line' id='line_1_102' title="bbox 1196 2749 2262 2790; baseline -0.004 -4"><span class='ocrx_word' id='word_1_784' title='bbox 1196 2751 1382 2787; x_wconf 87' lang='lat' dir='ltr'>circuitum</span> <span class='ocrx_word' id='word_1_785' title='bbox 1402 2756 1433 2786; x_wconf 87' lang='lat' dir='ltr'>et</span> <span class='ocrx_word' id='word_1_786' title='bbox 1452 2750 1546 2785; x_wconf 85' lang='lat' dir='ltr'>dices</span> <span class='ocrx_word' id='word_1_787' title='bbox 1566 2759 1576 2783; x_wconf 91' lang='grc'>.·</span> <span class='ocrx_word' id='word_1_788' title='bbox 1597 2749 1723 2785; x_wconf 83' lang='lat' dir='ltr'>Cavete</span> <span class='ocrx_word' id='word_1_789' title='bbox 1747 2761 1789 2786; x_wconf 89' lang='lat' dir='ltr'>ne</span> <span class='ocrx_word' id='word_1_790' title='bbox 1814 2749 2013 2785; x_wconf 86' lang='lat' dir='ltr'>ascendatis</span> <span class='ocrx_word' id='word_1_791' title='bbox 2038 2750 2075 2785; x_wconf 88' lang='lat' dir='ltr'>in</span> <span class='ocrx_word' id='word_1_792' title='bbox 2096 2754 2262 2790; x_wconf 86' lang='lat' dir='ltr'>montem,</span> 
     </span>
     <span class='ocr_line' id='line_1_103' title="bbox 1196 2810 2261 2859; baseline -0.002 -11"><span class='ocrx_word' id='word_1_793' title='bbox 1196 2824 1257 2848; x_wconf 87' lang='lat' dir='ltr'>nec</span> <span class='ocrx_word' id='word_1_794' title='bbox 1278 2812 1430 2858; x_wconf 70' lang='lat' dir='ltr'>tanqatis</span> <span class='ocrx_word' id='word_1_795' title='bbox 1450 2811 1537 2856; x_wconf 83' lang='lat' dir='ltr'>fines</span> <span class='ocrx_word' id='word_1_796' title='bbox 1559 2810 1670 2847; x_wconf 87' lang='lat' dir='ltr'>illius.</span> <span class='ocrx_word' id='word_1_797' title='bbox 1694 2810 1816 2847; x_wconf 87' lang='lat' dir='ltr'>Omnis</span> <span class='ocrx_word' id='word_1_798' title='bbox 1840 2812 1899 2859; x_wconf 81' lang='lat' dir='ltr'>qui</span> <span class='ocrx_word' id='word_1_799' title='bbox 1919 2811 2070 2858; x_wconf 65' lang='lat' dir='ltr'>tetigerit</span> <span class='ocrx_word' id='word_1_800' title='bbox 2094 2817 2261 2853; x_wconf 86' lang='lat' dir='ltr'>montem,</span> 
     </span>
     <span class='ocr_line' id='line_1_104' title="bbox 1195 2869 2262 2919; baseline -0.002 -11"><span class='ocrx_word' id='word_1_801' title='bbox 1195 2879 1306 2908; x_wconf 89' lang='lat' dir='ltr'>morte</span> <span class='ocrx_word' id='word_1_802' title='bbox 1322 2873 1505 2908; x_wconf 86' lang='lat' dir='ltr'>morietur.</span> <span class='ocrx_word' id='word_1_803' title='bbox 1525 2871 1732 2907; x_wconf 85' lang='lat' dir='ltr'>Manusnon</span> <span class='ocrx_word' id='word_1_804' title='bbox 1748 2877 1864 2919; x_wconf 75' lang='lat' dir='ltr'>tanqet</span> <span class='ocrx_word' id='word_1_805' title='bbox 1886 2880 1988 2907; x_wconf 87' lang='lat' dir='ltr'>eum:</span> <span class='ocrx_word' id='word_1_806' title='bbox 2004 2871 2064 2906; x_wconf 90' lang='lat' dir='ltr'>sed</span> <span class='ocrx_word' id='word_1_807' title='bbox 2085 2869 2262 2918; x_wconf 82' lang='lat' dir='ltr'>lapidibus</span> 
     </span>
     <span class='ocr_line' id='line_1_105' title="bbox 1195 2931 2261 2981; baseline -0.002 -12"><span class='ocrx_word' id='word_1_808' title='bbox 1195 2934 1430 2981; x_wconf 83' lang='lat' dir='ltr'>opprimetur,</span> <span class='ocrx_word' id='word_1_809' title='bbox 1462 2938 1524 2968; x_wconf 87' lang='lat' dir='ltr'>aut</span> <span class='ocrx_word' id='word_1_810' title='bbox 1552 2933 1775 2979; x_wconf 72' lang='lat' dir='ltr'>confodietur</span> <span class='ocrx_word' id='word_1_811' title='bbox 1788 2932 1923 2979; x_wconf 85' lang='lat' dir='ltr'>jaculis</span> <span class='ocrx_word' id='word_1_812' title='bbox 1943 2941 1954 2966; x_wconf 92' lang='grc'>.·</span> <span class='ocrx_word' id='word_1_813' title='bbox 1976 2932 2045 2968; x_wconf 86' lang='lat' dir='ltr'>sive</span> <span class='ocrx_word' id='word_1_814' title='bbox 2059 2931 2261 2978; x_wconf 86' lang='lat' dir='ltr'>jumentum</span> 
     </span>
     <span class='ocr_line' id='line_1_106' title="bbox 1196 2993 2265 3042; baseline -0.001 -11"><span class='ocrx_word' id='word_1_815' title='bbox 1196 2995 1395 3042; x_wconf 74' lang='lat' dir='ltr'>suerit‚sive</span> <span class='ocrx_word' id='word_1_816' title='bbox 1406 2995 1522 3038; x_wconf 80' lang='lat' dir='ltr'>homo,</span> <span class='ocrx_word' id='word_1_817' title='bbox 1538 3006 1609 3030; x_wconf 90' lang='lat' dir='ltr'>non</span> <span class='ocrx_word' id='word_1_818' title='bbox 1624 2995 1724 3030; x_wconf 86' lang='lat' dir='ltr'>vivet.</span> <span class='ocrx_word' id='word_1_819' title='bbox 1743 2994 1835 3040; x_wconf 89' lang='lat' dir='ltr'>Quid</span> <span class='ocrx_word' id='word_1_820' title='bbox 1845 3000 1901 3032; x_wconf 90' lang='lat' dir='ltr'>est</span> <span class='ocrx_word' id='word_1_821' title='bbox 1918 2995 2014 3041; x_wconf 91' lang='lat' dir='ltr'>quod</span> <span class='ocrx_word' id='word_1_822' title='bbox 2028 2993 2145 3041; x_wconf 87' lang='lat' dir='ltr'>legem</span> <span class='ocrx_word' id='word_1_823' title='bbox 2161 2993 2265 3030; x_wconf 87' lang='lat' dir='ltr'>datu-</span> 
     </span>
     <span class='ocr_line' id='line_1_107' title="bbox 1192 3055 2265 3102; baseline -0.002 -9"><span class='ocrx_word' id='word_1_824' title='bbox 1192 3068 1254 3093; x_wconf 87' lang='lat' dir='ltr'>rus</span> <span class='ocrx_word' id='word_1_825' title='bbox 1270 3057 1458 3099; x_wconf 89' lang='lat' dir='ltr'>Dominus,</span> <span class='ocrx_word' id='word_1_826' title='bbox 1471 3056 1506 3091; x_wconf 92' lang='lat' dir='ltr'>in</span> <span class='ocrx_word' id='word_1_827' title='bbox 1519 3056 1602 3102; x_wconf 86' lang='lat' dir='ltr'>igne</span> <span class='ocrx_word' id='word_1_828' title='bbox 1612 3055 1783 3102; x_wconf 82' lang='lat' dir='ltr'>fumoque</span> <span class='ocrx_word' id='word_1_829' title='bbox 1798 3055 1998 3098; x_wconf 89' lang='lat' dir='ltr'>descendit,</span> <span class='ocrx_word' id='word_1_830' title='bbox 2011 3055 2080 3091; x_wconf 90' lang='lat' dir='ltr'>nisi</span> <span class='ocrx_word' id='word_1_831' title='bbox 2097 3055 2182 3101; x_wconf 88' lang='lat' dir='ltr'>quia</span> <span class='ocrx_word' id='word_1_832' title='bbox 2197 3056 2265 3091; x_wconf 90' lang='lat' dir='ltr'>hu-</span> 
     </span>
     <span class='ocr_line' id='line_1_108' title="bbox 1191 3119 2263 3166; baseline 0 -11"><span class='ocrx_word' id='word_1_833' title='bbox 1191 3120 1295 3155; x_wconf 90' lang='lat' dir='ltr'>miles</span> <span class='ocrx_word' id='word_1_834' title='bbox 1312 3129 1378 3166; x_wconf 89' lang='lat' dir='ltr'>per</span> <span class='ocrx_word' id='word_1_835' title='bbox 1392 3119 1595 3155; x_wconf 84' lang='lat' dir='ltr'>claritatem</span> <span class='ocrx_word' id='word_1_836' title='bbox 1609 3130 1683 3156; x_wconf 83' lang='lat' dir='ltr'>suae</span> <span class='ocrx_word' id='word_1_837' title='bbox 1699 3119 1920 3156; x_wconf 89' lang='lat' dir='ltr'>ostensionis</span> <span class='ocrx_word' id='word_1_838' title='bbox 1939 3119 2133 3162; x_wconf 89' lang='lat' dir='ltr'>illuminat,</span> <span class='ocrx_word' id='word_1_839' title='bbox 2152 3125 2189 3155; x_wconf 89' lang='lat' dir='ltr'>et</span> <span class='ocrx_word' id='word_1_840' title='bbox 2204 3130 2263 3155; x_wconf 92' lang='lat' dir='ltr'>su-</span> 
     </span>
     <span class='ocr_line' id='line_1_109' title="bbox 1191 3178 2262 3227; baseline -0.002 -11"><span class='ocrx_word' id='word_1_841' title='bbox 1191 3180 1385 3226; x_wconf 88' lang='lat' dir='ltr'>perborum</span> <span class='ocrx_word' id='word_1_842' title='bbox 1395 3179 1518 3216; x_wconf 91' lang='lat' dir='ltr'>oculos</span> <span class='ocrx_word' id='word_1_843' title='bbox 1527 3189 1593 3225; x_wconf 88' lang='lat' dir='ltr'>per</span> <span class='ocrx_word' id='word_1_844' title='bbox 1601 3179 1792 3227; x_wconf 82' lang='lat' dir='ltr'>caliginem</span> <span class='ocrx_word' id='word_1_845' title='bbox 1805 3179 1942 3216; x_wconf 88' lang='lat' dir='ltr'>erroris</span> <span class='ocrx_word' id='word_1_846' title='bbox 1953 3179 2124 3215; x_wconf 87' lang='lat' dir='ltr'>obscurat</span> <span class='ocrx_word' id='word_1_847' title='bbox 2134 3179 2148 3213; x_wconf 91' lang='lat'><strong>?</strong></span> <span class='ocrx_word' id='word_1_848' title='bbox 2157 3178 2262 3214; x_wconf 90' lang='lat' dir='ltr'>Prius</span> 
     </span>
     <span class='ocr_line' id='line_1_110' title="bbox 1190 3237 2262 3289; baseline -0.005 -12"><span class='ocrx_word' id='word_1_849' title='bbox 1190 3251 1278 3289; x_wconf 87' lang='lat' dir='ltr'>ergo</span> <span class='ocrx_word' id='word_1_850' title='bbox 1298 3251 1401 3277; x_wconf 92' lang='lat' dir='ltr'>mens</span> <span class='ocrx_word' id='word_1_851' title='bbox 1426 3241 1472 3277; x_wconf 93' lang='lat' dir='ltr'>ab</span> <span class='ocrx_word' id='word_1_852' title='bbox 1492 3241 1655 3288; x_wconf 84' lang='lat' dir='ltr'>appetitu</span> <span class='ocrx_word' id='word_1_853' title='bbox 1679 3241 1802 3289; x_wconf 73' lang='lat' dir='ltr'>gloriae</span> <span class='ocrx_word' id='word_1_854' title='bbox 1824 3241 2058 3287; x_wconf 88' lang='lat' dir='ltr'>temporalis,</span> <span class='ocrx_word' id='word_1_855' title='bbox 2085 3244 2195 3283; x_wconf 85' lang='lat' dir='ltr'>atque</span> <span class='ocrx_word' id='word_1_856' title='bbox 2215 3237 2262 3272; x_wconf 86' lang='lat' dir='ltr'>ab</span> 
     </span>
     <span class='ocr_line' id='line_1_111' title="bbox 1191 3298 2261 3350; baseline -0.005 -11"><span class='ocrx_word' id='word_1_857' title='bbox 1191 3303 1290 3339; x_wconf 90' lang='lat' dir='ltr'>omni</span> <span class='ocrx_word' id='word_1_858' title='bbox 1318 3303 1474 3340; x_wconf 88' lang='lat' dir='ltr'>carnalis</span> <span class='ocrx_word' id='word_1_859' title='bbox 1504 3303 1810 3350; x_wconf 83' lang='lat' dir='ltr'>concupiscentiae</span> <span class='ocrx_word' id='word_1_860' title='bbox 1828 3303 2066 3339; x_wconf 87' lang='lat' dir='ltr'>delectatione</span> <span class='ocrx_word' id='word_1_861' title='bbox 2089 3298 2261 3344; x_wconf 85' lang='lat' dir='ltr'>tergenda</span> 
     </span>
     <span class='ocr_line' id='line_1_112' title="bbox 1191 3357 2260 3410; baseline -0.003 -11"><span class='ocrx_word' id='word_1_862' title='bbox 1191 3369 1267 3408; x_wconf 90' lang='lat' dir='ltr'>est;</span> <span class='ocrx_word' id='word_1_863' title='bbox 1283 3369 1320 3399; x_wconf 88' lang='lat' dir='ltr'>et</span> <span class='ocrx_word' id='word_1_864' title='bbox 1333 3357 1420 3400; x_wconf 80' lang='lat' dir='ltr'>tunc</span> <span class='ocrx_word' id='word_1_865' title='bbox 1436 3363 1481 3400; x_wconf 91' lang='lat' dir='ltr'>ad</span> <span class='ocrx_word' id='word_1_866' title='bbox 1495 3364 1610 3400; x_wconf 86' lang='lat' dir='ltr'>aciem</span> <span class='ocrx_word' id='word_1_867' title='bbox 1626 3363 1944 3410; x_wconf 85' lang='lat' dir='ltr'>contemplationis</span> <span class='ocrx_word' id='word_1_868' title='bbox 1959 3359 2143 3406; x_wconf 85' lang='lat' dir='ltr'>erigenda.</span> <span class='ocrx_word' id='word_1_869' title='bbox 2155 3358 2260 3396; x_wconf 81' lang='lat' dir='ltr'>Unde</span> 
     </span>
     <span class='ocr_line' id='line_1_113' title="bbox 1192 3419 2259 3471; baseline -0.003 -11"><span class='ocrx_word' id='word_1_870' title='bbox 1192 3429 1322 3461; x_wconf 88' lang='lat' dir='ltr'>etcum</span> <span class='ocrx_word' id='word_1_871' title='bbox 1336 3424 1393 3461; x_wconf 90' lang='lat' dir='ltr'>lex</span> <span class='ocrx_word' id='word_1_872' title='bbox 1409 3425 1598 3471; x_wconf 83' lang='lat' dir='ltr'>accipitur,</span> <span class='ocrx_word' id='word_1_873' title='bbox 1611 3425 1766 3470; x_wconf 90' lang='lat' dir='ltr'>populus</span> <span class='ocrx_word' id='word_1_874' title='bbox 1785 3434 1805 3458; x_wconf 89' lang='lat' dir='ltr'>a</span> <span class='ocrx_word' id='word_1_875' title='bbox 1823 3426 1946 3458; x_wconf 91' lang='lat' dir='ltr'>monte</span> <span class='ocrx_word' id='word_1_876' title='bbox 1963 3419 2199 3466; x_wconf 88' lang='lat' dir='ltr'>prohibetur;</span> <span class='ocrx_word' id='word_1_877' title='bbox 2218 3427 2259 3457; x_wconf 94' lang='lat' dir='ltr'>ut</span> 
     </span>
     <span class='ocr_line' id='line_1_114' title="bbox 1190 3478 2259 3532; baseline -0.006 -11"><span class='ocrx_word' id='word_1_878' title='bbox 1190 3484 1359 3521; x_wconf 87' lang='lat' dir='ltr'>videlicet</span> <span class='ocrx_word' id='word_1_879' title='bbox 1376 3485 1438 3532; x_wconf 90' lang='lat' dir='ltr'>qui</span> <span class='ocrx_word' id='word_1_880' title='bbox 1452 3484 1606 3520; x_wconf 83' lang='lat' dir='ltr'>infirmis</span> <span class='ocrx_word' id='word_1_881' title='bbox 1623 3484 1741 3519; x_wconf 87' lang='lat' dir='ltr'>adhuc</span> <span class='ocrx_word' id='word_1_882' title='bbox 1756 3478 1940 3517; x_wconf 87' lang='lat' dir='ltr'>mentibus</span> <span class='ocrx_word' id='word_1_883' title='bbox 1956 3484 2101 3516; x_wconf 83' lang='lat' dir='ltr'>terrena</span> <span class='ocrx_word' id='word_1_884' title='bbox 2115 3479 2259 3516; x_wconf 88' lang='lat' dir='ltr'>deside-</span> 
     </span>
     <span class='ocr_line' id='line_1_115' title="bbox 1192 3541 2258 3588; baseline -0.003 -9"><span class='ocrx_word' id='word_1_885' title='bbox 1192 3551 1288 3588; x_wconf 88' lang='lat' dir='ltr'>rant,</span> <span class='ocrx_word' id='word_1_886' title='bbox 1309 3545 1539 3582; x_wconf 89' lang='lat' dir='ltr'>considerare</span> <span class='ocrx_word' id='word_1_887' title='bbox 1566 3542 1732 3580; x_wconf 86' lang='lat' dir='ltr'>sublimia</span> <span class='ocrx_word' id='word_1_888' title='bbox 1760 3551 1833 3578; x_wconf 90' lang='lat' dir='ltr'>non</span> <span class='ocrx_word' id='word_1_889' title='bbox 1863 3545 2099 3587; x_wconf 70' lang='lat' dir='ltr'>praesumant.</span> <span class='ocrx_word' id='word_1_890' title='bbox 2131 3541 2200 3578; x_wconf 90' lang='lat' dir='ltr'>Ubi</span> <span class='ocrx_word' id='word_1_891' title='bbox 2221 3546 2258 3577; x_wconf 86' lang='lat' dir='ltr'>et</span> 
     </span>
     <span class='ocr_line' id='line_1_116' title="bbox 1194 3602 2254 3652; baseline -0.001 -12"><span class='ocrx_word' id='word_1_892' title='bbox 1194 3610 1292 3641; x_wconf 88' lang='lat' dir='ltr'>recte</span> <span class='ocrx_word' id='word_1_893' title='bbox 1305 3605 1439 3641; x_wconf 87' lang='lat' dir='ltr'>dieitur</span> <span class='ocrx_word' id='word_1_894' title='bbox 1457 3615 1466 3640; x_wconf 73' lang='grc' dir='ltr'>ε</span> <span class='ocrx_word' id='word_1_895' title='bbox 1483 3604 1522 3640; x_wconf 75' lang='lat' dir='ltr'>si</span> <span class='ocrx_word' id='word_1_896' title='bbox 1543 3603 1653 3639; x_wconf 81' lang='lat' dir='ltr'>bestia</span> <span class='ocrx_word' id='word_1_897' title='bbox 1668 3603 1818 3650; x_wconf 76' lang='lat' dir='ltr'>tetiqerit</span> <span class='ocrx_word' id='word_1_898' title='bbox 1830 3610 1983 3641; x_wconf 86' lang='lat' dir='ltr'>montem</span> <span class='ocrx_word' id='word_1_899' title='bbox 1996 3631 2006 3648; x_wconf 96' lang='lat'>,</span> <span class='ocrx_word' id='word_1_900' title='bbox 2022 3602 2254 3652; x_wconf 68' lang='lat' dir='ltr'>lapidabitur.</span> 
     </span>
     <span class='ocr_line' id='line_1_117' title="bbox 1192 3662 2257 3711; baseline 0 -11"><span class='ocrx_word' id='word_1_901' title='bbox 1192 3665 1315 3701; x_wconf 83' lang='lat' dir='ltr'>Bestia</span> <span class='ocrx_word' id='word_1_902' title='bbox 1334 3664 1471 3700; x_wconf 90' lang='lat' dir='ltr'>etenim</span> <span class='ocrx_word' id='word_1_903' title='bbox 1492 3669 1653 3700; x_wconf 81' lang='lat' dir='ltr'>montem</span> <span class='ocrx_word' id='word_1_904' title='bbox 1673 3663 1808 3711; x_wconf 85' lang='lat' dir='ltr'>tangit·‚</span> <span class='ocrx_word' id='word_1_905' title='bbox 1835 3674 1918 3701; x_wconf 90' lang='lat' dir='ltr'>cum</span> <span class='ocrx_word' id='word_1_906' title='bbox 1937 3674 2042 3701; x_wconf 91' lang='lat' dir='ltr'>mens</span> <span class='ocrx_word' id='word_1_907' title='bbox 2061 3662 2257 3704; x_wconf 84' lang='lat' dir='ltr'>irrationa-</span> 
     </span>
     <span class='ocr_line' id='line_1_118' title="bbox 1192 3723 2258 3772; baseline 0.001 -10"><span class='ocrx_word' id='word_1_908' title='bbox 1192 3725 1327 3763; x_wconf 88' lang='lat' dir='ltr'>bilibus</span> <span class='ocrx_word' id='word_1_909' title='bbox 1343 3723 1538 3762; x_wconf 85' lang='lat' dir='ltr'>desideriis</span> <span class='ocrx_word' id='word_1_910' title='bbox 1548 3725 1708 3770; x_wconf 82' lang='lat' dir='ltr'>subdita,</span> <span class='ocrx_word' id='word_1_911' title='bbox 1730 3725 1777 3762; x_wconf 84' lang='lat' dir='ltr'>ad</span> <span class='ocrx_word' id='word_1_912' title='bbox 1793 3723 2112 3772; x_wconf 84' lang='lat' dir='ltr'>contemplationis</span> <span class='ocrx_word' id='word_1_913' title='bbox 2129 3723 2202 3763; x_wconf 78' lang='lat' dir='ltr'>alta</span> <span class='ocrx_word' id='word_1_914' title='bbox 2218 3734 2258 3763; x_wconf 81' lang='lat' dir='ltr'>se</span> 
     </span>
     <span class='ocr_line' id='line_1_119' title="bbox 1194 3775 2258 3835; baseline 0 -12"><span class='ocrx_word' id='word_1_915' title='bbox 1194 3785 1312 3833; x_wconf 78' lang='lat' dir='ltr'>erigit.</span> <span class='ocrx_word' id='word_1_916' title='bbox 1326 3784 1398 3822; x_wconf 90' lang='lat' dir='ltr'>Sed</span> <span class='ocrx_word' id='word_1_917' title='bbox 1407 3785 1586 3833; x_wconf 87' lang='lat' dir='ltr'>lapidibus</span> <span class='ocrx_word' id='word_1_918' title='bbox 1596 3786 1812 3835; x_wconf 85' lang='lat' dir='ltr'>percutitur,</span> <span class='ocrx_word' id='word_1_919' title='bbox 1825 3785 1911 3833; x_wconf 87' lang='lat' dir='ltr'>quia</span> <span class='ocrx_word' id='word_1_920' title='bbox 1929 3795 2071 3822; x_wconf 83' lang='lat' dir='ltr'>summa</span> <span class='ocrx_word' id='word_1_921' title='bbox 2089 3775 2164 3835; x_wconf 83' lang='lat' dir='ltr'>non</span> <span class='ocrx_word' id='word_1_922' title='bbox 2178 3795 2258 3823; x_wconf 85' lang='lat' dir='ltr'>sus-</span> 
     </span>
    </p>
   </div>
   <div class='ocr_carea' id='block_1_15' title="bbox 1193 3846 2257 3906">
    <p class='ocr_par' dir='ltr' id='par_1_21' title="bbox 1193 3846 2257 3906">
     <span class='ocr_line' id='line_1_120' title="bbox 1193 3846 2257 3906; baseline -0.001 -18"><span class='ocrx_word' id='word_1_923' title='bbox 1193 3850 1325 3896; x_wconf 81' lang='lat' dir='ltr'>tinens,</span> <span class='ocrx_word' id='word_1_924' title='bbox 1347 3849 1438 3899; x_wconf 83' lang='lat' dir='ltr'>ipsis</span> <span class='ocrx_word' id='word_1_925' title='bbox 1458 3850 1608 3900; x_wconf 85' lang='lat' dir='ltr'>superni</span> <span class='ocrx_word' id='word_1_926' title='bbox 1638 3850 1812 3900; x_wconf 82' lang='lat' dir='ltr'>ponderis</span> <span class='ocrx_word' id='word_1_927' title='bbox 1839 3849 1973 3891; x_wconf 80' lang='lat' dir='ltr'>ictibus</span> <span class='ocrx_word' id='word_1_928' title='bbox 1996 3854 2163 3906; x_wconf 75' lang='lat' dir='ltr'>necatur.</span> <span class='ocrx_word' id='word_1_929' title='bbox 2188 3846 2257 3894; x_wconf 71' lang='lat' dir='ltr'>Qui</span> 
     </span>
    </p>
   </div>
  </div>
 </body>
</html>
