2540 4016
288 198 360 238 ης
705 186 745 223 Β.
773 185 942 223 RABANI
967 181 1114 222 mum
1138 178 1352 218 ARCRIEP.
1380 177 1591 217 MOGUNT.
1615 178 1810 219 omnum
1835 178 1956 218 PARS
1976 179 2006 217 1.
2392 175 2464 216 {m

287 280 366 310 „am
397 264 519 301 liabent
554 260 686 310 (Eccle-
707 261 820 308 xxiv).
848 261 894 297 Et
925 260 961 296 in
993 257 1186 303 Evangelio
1203 254 1328 291 Domi·
1346 255 1379 296 Α
1398 254 1527 291 ritant
1544 255 1788 297 subverterit:
1809 266 1830 292 a
1849 257 1980 304 quibus
1993 260 2135 294 reatum
2150 253 2220 293 sihi
2233 254 2462 294 consciverit.

1400 315 1534 363 sieque
1547 316 1686 364 judicio
1703 322 1913 355 sanctorum
1941 318 2172 355 sacerdotum
2205 317 2372 365 proximo
2399 328 2466 356 suo
2529 328 2540 365 ὲ

283 340 351 370 aas
367 328 442 374 ipse
459 324 546 361 dicit
562 334 570 357 :
593 322 664 366 Qun·
679 323 766 365 sitit,
784 322 897 358 ueniat
913 321 958 356 ad
976 331 1030 356 me
1048 325 1080 355 ee
1098 317 1191 353 bibat
1209 325 1222 350 .·
1240 322 1271 351 et
1287 315 1330 351 de

280 394 395 427 uentre
425 385 499 432 ejus
523 383 631 429 fluent
663 392 764 427 aquce
791 381 889 416 vivae.
919 379 960 415 Si
997 378 1126 414 loeserit
1156 377 1332 424 quispiam

280 458 403 495 aarum
422 444 472 481 vel
491 443 622 479 vineam
644 440 796 486 proximi
825 439 901 482 sui,
938 444 971 474 ct
996 438 1166 474 dimiserit
1185 437 1330 484 jumen-

279 514 353 545 tam
375 516 486 547 suum,
506 509 543 538 ut
561 502 768 548 depascatur
786 499 902 535 aliena
918 525 927 542 ,
961 498 1131 545 quidquid
1164 498 1332 544 optimum

279 569 437 605 habuerit
456 567 490 602 in
505 575 590 611 aqro
617 573 680 599 suo
709 561 762 597 vel
787 563 910 605 vinea,
944 572 1007 608 pro
1030 561 1152 597 damni
1179 561 1333 597 oestima-

278 630 368 664 tione
403 627 559 662 restituat
593 623 714 670 (Joan.
736 623 818 670 vn).
846 622 922 659 Hac
939 623 1119 659 sententia
1155 622 1333 669 cupiditas

277 689 430 724 humana
458 685 730 732 constringitur,
751 688 788 719 et
813 683 970 720 maxime
989 689 1115 720 contra
1145 683 1333 729 episcopos

278 759 319 785 ac
338 747 540 784 sacerdotes
571 745 690 788 valet,
706 745 768 792 qni
786 745 922 781 alienas
953 744 1147 791 parochias
1163 743 1332 779 invadere

277 813 452 854 quaerunt.
487 806 597 852 lgitur
617 805 678 850 qui
713 804 888 841 dimiserit
907 804 1106 850 appetitum
1127 803 1331 845 carnalem,

278 881 382 916 quem
406 867 582 915 significat
600 867 845 903 irrationabile
878 866 1095 912 jumentum,
1114 870 1154 901 ut
1190 864 1332 911 plebem

278 931 320 966 ad
340 941 377 966 sc
391 940 458 965 non
490 928 727 974 pertinentem
749 926 910 962 avaritiae
947 936 1057 962 causa
1088 925 1272 968 sollicitet,
1294 929 1335 960 ut

275 990 351 1035 ejus
373 989 541 1035 obsequia
566 988 621 1024 vel
652 986 912 1023 redhibitiones
932 1013 942 1029 ,
981 986 1016 1022 in
1039 991 1217 1032 quaestum
1251 995 1334 1031 pro-

276 1051 393 1099 prium
426 1055 633 1092 convertat,
670 1059 734 1094 pro
760 1048 879 1085 tlaiuni
911 1048 1173 1091 aestimatione,
1206 1057 1333 1094 agrum

277 1114 439 1160 corporis
461 1113 529 1155 sui,
551 1112 605 1148 vel
629 1112 771 1147 vineam
802 1110 919 1147 cordis
951 1111 1130 1156 castigarc
1154 1115 1331 1156 cogatur:
1362 1151 1364 1153 Ι

279 1236 378 1271 nium
398 1242 433 1270 et
463 1234 707 1279 eleemosynas
728 1233 842 1267 discat
875 1233 1076 1277 expendere
1103 1230 1260 1277 propria.
1292 1228 1331 1266 Si

279 1305 435 1341 eqressus
453 1293 538 1340 iquis
554 1295 702 1328 invemat
719 1294 849 1339 spinas,
868 1299 896 1327 et
919 1291 1213 1338 comprehenderit
1234 1302 1332 1326 acer-

278 1365 336 1391 vos
363 1354 515 1400 fraqam,
535 1354 603 1388 sire
623 1360 752 1388 stantes
770 1359 898 1399 seyetes
919 1354 954 1388 in
974 1352 1210 1398 ayris,retldet
1229 1352 1330 1387 dam-

278 1425 362 1450 num
388 1415 445 1460 qui
472 1414 582 1460 iynem
611 1413 798 1448 succendit.
831 1412 948 1447 Nimia
970 1411 1110 1448 cautela
1144 1410 1331 1466 Scriptura

278 1485 380 1512 sacra
399 1475 569 1520 quidquid
588 1475 765 1522 agendum
788 1480 843 1510 est
864 1474 983 1510 facere
1008 1483 1074 1510 nos
1090 1474 1208 1510 docet.
1240 1471 1332 1508 Nam

278 1535 394 1580 ignem
412 1536 673 1578 succendimus,
696 1546 777 1571 cum
795 1536 1060 1582 correptionem
1083 1535 1237 1571 subditis
1268 1545 1333 1572 no-

277 1598 361 1634 uris
384 1607 639 1644 praeparamus,
656 1603 695 1634 ut
719 1598 841 1644 spinas
870 1598 1043 1633 vitiorum
1076 1598 1113 1632 in
1131 1598 1184 1633 cis
1202 1607 1335 1633 consu-

279 1668 433 1694 mamus.
461 1660 530 1695 Sed
560 1660 818 1706 providcndum
838 1664 893 1695 est
913 1670 959 1694 ne
980 1660 1063 1695 dum
1101 1659 1189 1694 vitia
1206 1668 1332 1704 perse-

281 1720 436 1766 quimur,
454 1722 603 1758 virtutes
626 1722 815 1765 laedamus;
836 1726 872 1756 ct
901 1730 963 1757 eos
979 1721 1040 1766 qui
1064 1720 1202 1756 tructus
1232 1720 1268 1756 in
1294 1730 1334 1756 se

282 1782 456 1818 honorum
477 1793 622 1829 operum
646 1784 810 1830 prolerre
824 1790 1022 1830 coeperant,
1042 1790 1235 1830 antequam
1253 1783 1333 1820 illos

283 1844 328 1880 ad
349 1845 588 1881 maturitatem
604 1846 824 1892 perducant,
844 1856 908 1892 per
936 1846 1102 1892 injuriam
1124 1855 1331 1882 noceamus.

284 1905 376 1952 Ergo
394 1907 452 1952 qui
472 1906 542 1943 tale
559 1909 729 1943 damnum
746 1907 782 1942 in
802 1907 906 1952 plebe
919 1906 984 1941 Dei
1003 1907 1245 1950 commiserit,
1270 1917 1333 1943 ne-

283 1975 384 2002 cesse
403 1973 459 2003 est
476 1973 516 2002 ut
545 1967 688 2012 dignam
706 1966 955 2012 poenitentiam
975 1975 1041 2011 pro
1055 1966 1124 2002 hoc
1141 1973 1262 2012 gerat:
1299 1972 1336 2004 et

284 2027 378 2070 quod
399 2026 499 2071 prius
520 2035 586 2071 per
604 2025 771 2060 inertiam
790 2025 905 2068 laesit,
938 2034 1004 2070 per
1021 2025 1176 2063 studium
1199 2028 1333 2063 bonum

288 2090 494 2120 restaurare
507 2091 670 2120 conetur.

339 2143 378 2179 Si
397 2144 474 2189 quis
489 2144 774 2181 commendaverit
802 2146 912 2181 amico
944 2148 1126 2192 pecuniam
1145 2154 1203 2184 aut
1225 2160 1283 2184 vas
1302 2150 1340 2185 in

291 2203 498 2247 custodiam,
516 2210 547 2239 et
571 2204 613 2238 ab
631 2215 669 2240 eo
689 2205 747 2250 qui
769 2212 967 2251 susceperat
996 2207 1089 2252 furto
1115 2208 1231 2243 ablata
1261 2209 1338 2253 sue-

290 2264 374 2307 rint,
389 2265 419 2299 si
435 2265 606 2300 invenitur
626 2265 695 2311 sur,
716 2265 859 2312 duplum
886 2267 1074 2310 reddatur;
1101 2269 1132 2302 si
1153 2268 1248 2310 latet,
1278 2269 1341 2304 do-

291 2323 410 2360 ntinus
425 2324 547 2360 domus
565 2325 795 2371 applicabitur
816 2327 861 2362 ad
887 2327 969 2362 deos
985 2355 994 2370 ‚
1026 2334 1057 2363 et
1088 2328 1223 2373 jurabit
1250 2329 1342 2373 quod

289 2392 360 2418 non
376 2384 564 2419 extenderit
579 2396 721 2421 manum
736 2386 773 2421 in
793 2398 863 2422 rem
881 2388 1031 2433 proximi
1049 2389 1118 2432 sui,
1143 2389 1188 2423 ad
1221 2399 1342 2435 perpe-

292 2443 456 2478 trandam
472 2444 633 2489 fraudem
649 2454 660 2479 .·
678 2452 749 2482 tam
763 2447 801 2482 in
829 2447 910 2483 bove
926 2459 1031 2494 quant
1047 2449 1083 2484 in
1102 2449 1200 2485 asino
1220 2455 1252 2484 et
1267 2459 1342 2493 ove,

290 2509 323 2540 et
341 2505 564 2548 vestimenm
583 2512 615 2541 et
629 2507 798 2553 quidquid
819 2508 985 2543 damnum
1010 2509 1138 2554 inferre
1151 2515 1276 2556 potest,
1295 2510 1342 2545 ad

293 2565 375 2601 deos
394 2567 571 2613 utriusque
590 2579 697 2604 causa
710 2570 902 2614 perveniet,
931 2576 963 2605 et
977 2571 1006 2606 si
1022 2570 1073 2606 illi
1088 2571 1341 2617 judicaverint,

291 2625 437 2671 duplum
449 2628 600 2662 restituet
616 2630 773 2672 proximo
794 2641 870 2666 suo.
892 2630 1018 2668 Amico
1033 2633 1184 2678 pecunia
1202 2639 1262 2669 aut
1277 2644 1341 2671 vas

292 2686 330 2721 iu
346 2687 543 2722 custodiam
560 2690 842 2733 commendatur,
861 2701 942 2727 cum
956 2702 1022 2738 per
1041 2693 1236 2739 quemlibet
1249 2705 1341 2741 prae-

294 2745 501 2788 dicatorem,
520 2746 709 2783 thesaurus
730 2748 828 2784 verbi
861 2750 939 2792 Dei,
957 2757 994 2787 et
1025 2762 1110 2788 vasa
1144 2752 1340 2800 Scripturas

294 2815 406 2843 sacrae
421 2807 572 2854 simplici
601 2809 756 2844 auditori
780 2810 825 2845 ad
856 2812 1127 2848 custodiendum
1144 2840 1153 2856 ,
1185 2815 1220 2850 in
1242 2821 1340 2852 recta

294 2865 366 2901 tide
382 2872 420 2902 et
434 2868 602 2912 operibus
619 2868 722 2904 bonis
753 2871 1061 2908 commendantur.
1090 2873 1162 2909 Sed
1180 2874 1208 2910 si
1234 2886 1341 2920 pecu-

219 2953 230 2960 .
297 2925 358 2961 uia
378 2927 640 2970 commendata,
670 2920 705 2964 id
723 2935 796 2974 est,
825 2931 914 2967 tides
934 2938 1030 2968 recta
1062 2943 1127 2980 per
1146 2936 1341 2980 quemlibet

1399 378 1548 425 duplum
1563 378 1747 425 restituat,
1771 389 1855 416 cum
1877 379 2108 427 praedicatori
2123 389 2189 416 suo
2204 378 2313 416 fidem
2326 383 2364 416 et
2381 388 2467 419 con-

2478 0 2540 108 fill

2497 109 2540 187 :i

1399 438 1593 477 fessionem
1612 440 1830 478 catholicam
1842 440 1998 488 pleniter
2013 440 2198 485 exsolvat3
2230 445 2271 476 ut
2287 439 2350 487 qui
2367 439 2469 487 prius
2530 443 2540 495 ’-

1399 502 1519 540 minus
1542 503 1748 551 intelligens
1763 504 2024 546 aberraverat,
2055 502 2211 549 pleniter
2244 503 2470 548 instructus,
2530 525 2535 528 ·

1399 564 1578 600 veraciter
1598 563 1742 601 fidelem
1765 574 1804 601 se
1819 574 1887 611 per
1905 564 2028 600 omnia
2048 565 2229 601 ostendat.
2291 592 2293 595 s

1448 623 1487 659 Si
1513 624 1591 670 quis
1608 625 1901 661 commendaverit
1917 626 2077 672 proximo
2098 635 2163 661 suo
2179 625 2333 671 asinum,
2347 634 2444 662 ovem
2457 650 2487 670 ‚·
2530 628 2540 665 ὲ

1401 683 1532 727 bovem,
1552 694 1654 719 omne
1674 685 1878 730 jumentum
1902 686 1949 721 ad
1967 687 2165 722 custodiam
2180 713 2192 731 ‚
2227 693 2261 722 et
2292 692 2471 723 mortuum

1401 745 1520 791 fuerit,
1534 752 1594 781 aut
1615 745 1835 781 debilitatum
1854 746 1906 782 vel
1924 753 2063 793 captum
2083 747 2125 783 ab
2146 747 2318 790 hostibus,
2338 746 2472 782 nullus-

1401 816 1467 853 que
1490 806 1555 841 hoc
1575 806 1711 849 viderit,
1729 807 1988 853 jusjurandum
2013 809 2078 843 erit
2096 808 2135 843 in
2146 807 2276 852 medio,
2290 808 2384 855 quod
2400 819 2471 845 non
2529 851 2540 853 ,

1402 867 1594 903 extenderit
1612 878 1756 903 manum
1787 868 1833 903 ad
1864 879 1936 903 rem
1962 868 2116 914 proximi
2132 867 2188 904 sui
2205 877 2217 902 ;
2237 867 2472 915 suscipietque

1401 926 1573 963 Dominus
1580 927 1839 972 juramentum,
1852 933 1882 963 et
1894 927 1951 963 ille
1961 927 2104 964 reddere
2113 938 2183 963 non
2195 933 2351 974 cogetur.
2363 927 2466 970 Quod

1402 988 1432 1023 si
1457 988 1552 1033 furto
1569 987 1726 1023 ablatum
1747 988 1851 1034 suerit
1871 1016 1880 1032 ,
1919 990 2076 1024 restituet
2114 989 2282 1024 damnum
2310 989 2470 1024 domino.

1404 1046 1442 1083 Si
1458 1053 1646 1083 comestum
1669 1060 1690 1083 a
1713 1048 1821 1083 bestia
1842 1048 1948 1093 suerit
1962 1076 1971 1093 ‚
1990 1049 2120 1094 deseret
2149 1049 2290 1084 adeum
2309 1048 2403 1096 quod
2419 1060 2474 1084 oc-

1405 1107 1515 1142 cisum
1542 1113 1606 1150 est,
1631 1113 1663 1142 et
1684 1119 1753 1143 non
1774 1109 1943 1144 restituet.
1976 1108 2044 1145 Hic
2074 1109 2294 1156 proximum,
2315 1109 2475 1146 Redcm—
2527 1134 2533 1135 ff

277 1179 317 1210 ut
336 1173 396 1219 qui
410 1183 476 1220 per
492 1172 708 1218 voluptatem
742 1172 873 1207 abusus
904 1175 959 1206 est
988 1170 1133 1211 alienis,
1151 1179 1216 1215 per
1239 1168 1332 1216 J'cju-
1350 1166 1542 1222 B—ptorem
1577 1175 1742 1206 nostrum
1777 1171 1968 1217 possumus
2006 1171 2196 1218 accipere:
2221 1171 2292 1215 Qui
2322 1183 2402 1207 cum
2435 1172 2475 1208 in
2536 1210 2540 1211 ⁷

1402 1228 1519 1275 sorma
1539 1228 1604 1264 Dei
1634 1235 1734 1271 esset,
1752 1240 1822 1264 non
1839 1231 2001 1276 rapinam
2034 1231 2229 1266 arbitratus
2249 1236 2300 1267 est
2332 1242 2405 1268 esse
2437 1243 2475 1268 se

1401 1290 1570 1337 [equalem
1584 1290 1674 1334 Deo,
1688 1291 1748 1327 sed
1764 1292 1987 1338 semetipsum
2005 1293 2197 1328 exinanivit
2215 1293 2367 1339 sormam
2383 1293 2474 1330 servi
2534 1316 2536 1318 -

1402 1351 1589 1397 accipiens,
1609 1352 1646 1387 in
1666 1351 1934 1387 similitudinem
1949 1352 2130 1387 hominum
2148 1352 2280 1398 sactus,
2295 1358 2328 1388 et
2351 1352 2475 1389 habitu

1401 1412 1560 1449 inventus
1586 1419 1623 1449 ut
1646 1414 1763 1449 homo.
1787 1413 1858 1450 lste
1895 1414 2083 1460 proximus
2114 1420 2238 1451 noster
2256 1441 2265 1458 ,
2310 1415 2474 1459 asinum,

1403 1484 1521 1518 ovem,
1537 1476 1680 1518 bovem,
1698 1480 1760 1510 aut
1777 1485 1884 1510 omne
1899 1474 2104 1520 jumentum
2131 1475 2168 1511 in
2188 1475 2353 1512 custodia
2370 1485 2473 1512 com-

1365 1576 1375 1591 ,
1402 1539 1526 1582 mittit,
1544 1549 1627 1575 cum
1652 1539 1800 1576 cuilibet
1827 1540 2058 1586 praedicatori
2087 1540 2258 1576 animalia
2279 1551 2344 1577 sua
2361 1568 2370 1585 ,
2406 1541 2477 1577 hoc

1403 1605 1459 1636 est
1478 1600 1659 1644 homines,
1679 1600 1770 1637 alios
1804 1601 1949 1648 ingenio
1978 1602 2153 1647 valentes,
2173 1603 2264 1640 alios
2294 1602 2477 1650 simplices

1404 1665 1441 1696 et
1459 1660 1687 1704 innocentes,
1707 1661 1798 1697 alios
1819 1662 1946 1698 brutos
1963 1667 1999 1698 et
2025 1663 2191 1707 hebetes,
2211 1663 2258 1706 ad
2277 1663 2478 1710 regendum

1404 1721 1610 1757 committit.
1629 1721 1667 1757 Si
1689 1733 1774 1768 ergo
1804 1722 1860 1758 his
1879 1723 2098 1760 animalibus
2119 1729 2243 1760 custos
2264 1723 2383 1771 gregis
2404 1723 2475 1760 Do-
2499 1714 2502 1716 ’

1403 1782 1494 1817 mini
1512 1791 1658 1818 omnem
1694 1781 1976 1818 sollicitudinem
2013 1783 2215 1829 impendit,
2247 1789 2284 1819 et
2311 1781 2477 1830 pervigili

1404 1842 1567 1878 custodia
1587 1852 1711 1878 curam
1732 1842 1876 1878 illorum
1908 1842 2047 1886 habuit,
2069 1852 2143 1879 non
2166 1843 2200 1879 ei
2232 1844 2402 1888 nocebit,
2437 1842 2473 1882 si

1403 1902 1532 1939 horum
1549 1903 1719 1948 quiddam
1737 1912 1758 1938 a
1775 1902 1944 1950 malignis
1977 1903 2167 1950 spiritibus
2185 1904 2393 1948 seductum,
2413 1909 2478 1942 aut

1404 1965 1551 2012 proprio
1569 1965 1659 2002 vitio
1679 1970 1863 2001 mortuum
1897 1964 2020 2002 suerit.
2053 1964 2215 2002 Sufficiet
2230 1965 2371 2012 pastori
2391 1975 2478 2003 con-

1405 2026 1557 2062 scientia
1577 2036 1666 2073 pura
1683 2031 1720 2062 et
1739 2025 1829 2062 fides
1847 2035 1920 2062 non
1944 2026 2043 2070 ficta,
2057 2037 2137 2073 quae
2162 2036 2227 2073 per
2246 2026 2477 2063 dilectionem

1357 2085 1387 2127 C
1408 2096 1578 2132 operans,
1596 2095 1663 2132 pro
1677 2085 1791 2123 salute
1808 2086 1904 2123 illius
1918 2086 2047 2123 devote
2064 2087 2268 2124 laborabat.
2292 2087 2474 2134 Suscipiet

1407 2156 1493 2192 ergo
1512 2146 1686 2182 Dominus
1714 2146 1849 2182 bonam
1872 2146 2101 2184 devotionem
2129 2147 2239 2191 illius,
2261 2152 2298 2183 et
2317 2147 2479 2183 studium
2532 2136 2535 2139 Δ

1407 2205 1542 2241 bonum
1563 2207 1764 2243 redundare
1788 2207 1898 2244 saciet
1913 2207 1963 2244 illi
1985 2209 2019 2244 in
2039 2208 2154 2244 vitam
2168 2213 2355 2245 aeternam.
2374 2207 2479 2245 Unde
2537 2232 2540 2233 ν

1409 2264 1498 2300 dicit
1534 2266 1727 2311 Apostolus
1755 2280 1763 2303 ε
1805 2268 1879 2304 1)εο
1916 2275 2033 2304 autem
2063 2270 2215 2316 qratias,
2253 2269 2314 2316 qui
2342 2279 2479 2315 semper

1409 2324 1598 2370 triumphat
1617 2338 1678 2362 nos
1699 2327 1736 2362 in
1753 2327 1890 2363 Christo
1906 2327 2005 2371 Jesu,
2017 2334 2049 2364 et
2073 2329 2215 2365 odorem
2233 2328 2368 2364 notitioe
2384 2338 2476 2373 suoe,

1411 2385 1613 2430 manifestat
1634 2399 1695 2433 per
1717 2399 1778 2424 nos
1805 2390 1841 2425 in
1860 2391 1954 2425 ouini
1988 2390 2091 2425 loco:
2111 2391 2194 2437 quia
2218 2390 2350 2427 Christi
2368 2390 2479 2426 bonus

1411 2447 1498 2482 odor
1514 2458 1635 2483 sumus
1656 2448 1743 2491 Deo,
1774 2449 1883 2485 initis
1909 2450 1970 2495 qui
1995 2449 2083 2486 salvi
2106 2450 2210 2495 fiunt,
2230 2458 2262 2486 et
2288 2451 2324 2486 in
2340 2451 2394 2487 liis
2417 2451 2479 2495 qui
2507 2451 2510 2454 ’

1409 2514 1566 2553 pereunt.
1586 2507 1675 2543 Aliis
1692 2509 1834 2555 quidem
1863 2510 1949 2545 odor
1981 2511 2104 2546 mortis
2122 2511 2159 2546 in
2190 2517 2337 2547 mortem
2348 2523 2361 2554 ;
2396 2510 2478 2547 aliis

1409 2567 1549 2614 quidem
1566 2569 1654 2604 odor
1668 2569 1747 2605 vitoe
1773 2570 1810 2605 in
1825 2571 1931 2606 vitam
1951 2569 2009 2618 (ΙΙ
2031 2570 2114 2606 Cor.
2139 2571 2198 2618 11),
2213 2577 2249 2607 et
2266 2575 2411 2607 caetera.
2435 2569 2476 2608 Si
2512 2591 2514 2601 ι

1409 2634 1530 2665 autem
1560 2630 1733 2690 dormitat
1763 2631 2047 2678 paterfamilias,
2067 2638 2104 2669 et
2134 2632 2250 2670 turem
2280 2637 2477 2670 venturum

1408 2701 1479 2726 nou
1501 2691 1750 2728 observaverit
1768 2698 1805 2728 et
1826 2702 1892 2739 per
1910 2692 2088 2730 desidiam
2108 2693 2205 2730 illius
2219 2694 2350 2730 horum
2369 2693 2475 2740 quid-

1408 2752 1491 2788 dam
1516 2752 1679 2798 perierit‚
1698 2753 1870 2789 damnum
1906 2753 2052 2790 domino
2083 2763 2150 2790 suo
2173 2754 2365 2790 restituet:
2392 2753 2478 2800 quia
2515 2767 2518 2774 *

1406 2823 1471 2859 per
1485 2813 1742 2860 negligentiam
1775 2825 1877 2851 suam
1902 2813 2132 2851 Dominicum
2159 2825 2270 2862 pecus
2291 2816 2478 2852 custodire

1407 2884 1480 2910 non
1498 2875 1653 2910 curavit.
1686 2875 1777 2912 Hinc
1800 2876 1974 2913 Dominus
2006 2876 2052 2912 ad
2082 2876 2299 2923 prophetam
2329 2876 2382 2912 ait
2404 2888 2413 2912 :
2435 2875 2476 2913 Si
2500 2894 2502 2899 ·

1407 2938 1461 2969 me
1480 2934 1613 2970 dicente
1631 2936 1676 2971 ad
1702 2937 1862 2983 impium,
1879 2935 1994 2973 Morte
2014 2937 2190 2981 morieris,
2210 2948 2280 2974 non
2295 2937 2406 2984 fueris
2423 2936 2477 2973 lo-

295 2995 506 3032 perversum
536 2988 719 3025 doctorem
737 2996 773 3026 et
790 2991 1011 3037 haereticum,
1039 2995 1187 3032 confuso
1206 2996 1343 3034 intelle·
1359 2986 1395 3025 D
1412 3001 1525 3038 cutus,
1548 3002 1584 3031 ut
1606 3007 1642 3032 se
1668 2999 1841 3035 custodiat
1867 2999 1996 3046 impius
2020 3010 2042 3035 a
2064 3000 2120 3035 via
2144 3011 2225 3044 sua,
2246 3000 2318 3047 ipse
2345 2999 2476 3047 impius

297 3052 358 3083 ctu
378 3047 495 3084 ablata
513 3047 633 3091 suerit,
650 3050 709 3086 ille
732 3052 794 3097 qui
811 3062 876 3099 per
893 3055 1066 3091 malitiam
1082 3056 1154 3093 doli
1175 3058 1344 3095 damnum

295 3105 395 3149 tecit,
418 3107 456 3144 in
470 3109 618 3145 custode
636 3111 796 3156 pecuniae
828 3112 1042 3158 Dominicae,
1074 3116 1105 3151 si
1137 3119 1342 3164 apparebit,

296 3166 480 3213 redigatur
513 3168 580 3206 sub
612 3170 860 3215 poenitentiam
883 3184 893 3208 :
919 3179 959 3210 ut.
990 3180 1063 3211 tam
1086 3177 1196 3213 corde
1236 3189 1345 3224 quam

296 3226 406 3262 etiam
425 3236 578 3274 corpore
600 3230 874 3275 contribulatus,
890 3232 1017 3280 dignas
1030 3236 1212 3272 commissi
1233 3238 1346 3275 scele-

297 3286 349 3322 ris
364 3295 489 3333 poenas
508 3288 599 3326 luat.
620 3287 684 3326 Sin
703 3295 824 3328 autem
855 3291 943 3330 latet
968 3298 1094 3330 auctor
1114 3295 1262 3339 erroris,
1276 3295 1347 3333 Do-

298 3345 413 3382 minus
428 3346 553 3384 domus
579 3349 813 3397 applicabitur
833 3350 880 3388 ad
904 3351 1000 3388 deos.
1019 3352 1099 3399 lpse
1114 3353 1238 3401 utique
1255 3381 1266 3398 ,
1285 3355 1346 3401 qui

300 3403 347 3439 ad
361 3407 629 3446 custodiendam
654 3409 810 3448 fideliter
837 3413 1030 3460 pamniam
1050 3413 1194 3452 Domini
1221 3425 1346 3453 susce-

300 3462 370 3510 pit,
383 3463 422 3500 in
434 3473 647 3506 conventum
665 3470 854 3509 doctorum
873 3472 1132 3511 catholicorum
1148 3481 1347 3523 praesente-

302 3525 376 3567 tur,
390 3531 413 3558 Ι
433 3524 562 3571 quitus
591 3527 778 3576 diligenter
793 3531 977 3571 discums
997 3538 1055 3572 est
1070 3561 1082 3579 ,
1113 3544 1272 3584 congrue
1289 3545 1347 3574 sa·

302 3582 570 3633 &manoe
592 3599 663 3627 non
695 3601 760 3638 per
776 3593 940 3633 fraudem
956 3600 1021 3634 aut
1048 3595 1246 3644 nequitiam
1263 3605 1350 3646 pro-

301 3643 421 3692 lui!-
436 3645 476 3682 h
502 3646 623 3696 aliquo
650 3649 808 3692 leserit:
830 3655 896 3694 ted
923 3655 1136 3704 simpliciter
1156 3662 1266 3706 prout
1291 3657 1348 3696 in-

299 3702 497 3752 flexerit,
513 3714 660 3750 atauus
671 3715 884 3763 servaverit,
902 3726 971 3755 nec
989 3718 1189 3766 quamlibet
1208 3718 1272 3767 qut
1299 3718 1349 3758 ad

300 3772 451 3815 m
461 3765 606 3823 hut-i
626 3772 844 3823 mi.
859 3776 940 3825 ipa
956 3777 1122 3818 Μήτι·
1138 3775 1348 3819 mambre«

1411 3057 1448 3092 in
1467 3058 1648 3105 iniquitate
1665 3071 1732 3096 sua
1752 3061 1922 3097 morietur
1938 3070 1950 3095 :
1971 3061 2178 3109 sanquinem
2204 3067 2323 3098 autem
2339 3061 2415 3107 ejus
2431 3060 2476 3097 de

1412 3128 1518 3153 manu
1538 3125 1598 3155 tua
1621 3121 1813 3167 requiram.
1837 3120 1876 3158 Si
1904 3128 2022 3158 autem
2044 3122 2276 3159 annuntiante
2294 3126 2328 3158 te
2345 3120 2393 3157 ad
2407 3121 2476 3157 im-

1410 3178 1522 3224 pium,
1537 3186 1574 3216 ut
1593 3192 1615 3216 a
1634 3181 1695 3217 viis
1710 3183 1783 3218 suis
1801 3189 2048 3229 convertatur,
2066 3194 2137 3220 non
2161 3183 2269 3231 suerit
2287 3179 2474 3220 conuersus

1412 3249 1434 3274 a
1450 3239 1507 3274 via
1525 3251 1590 3275 sua
1602 3266 1612 3284 ,
1643 3241 1716 3287 ipse
1735 3243 1773 3277 in
1794 3242 1980 3290 iniquitate
2004 3255 2070 3280 sua
2091 3244 2263 3280 morietur
2275 3252 2289 3280 .·
2315 3253 2421 3291 porro
2434 3246 2475 3279 ta

1413 3295 1568 3332 liberasti
1586 3299 1742 3334 animam
1777 3306 1875 3336 tuam
1905 3300 2048 3347 (Ezech.
2083 3301 2202 3351 xvm).
2223 3301 2376 3348 Semper
2393 3299 2475 3348 quir

1413 3355 1496 3392 dem
1512 3361 1639 3394 cautus
1654 3366 1735 3394 esse
1749 3359 1855 3396 debet
1869 3366 2006 3407 pastor,
2021 3368 2057 3400 et
2080 3361 2234 3411 pervigil
2249 3361 2288 3399 in
2306 3360 2473 3399 custodia

1413 3428 1500 3463 sua;
1527 3425 1564 3456 et
1579 3419 1617 3457 s'r
1627 3419 1784 3467 aliquem
1803 3432 1951 3461 suorum
1983 3435 2051 3473 per
2077 3423 2235 3464 bestiam
2254 3422 2472 3463 diabolicam

1414 3478 1584 3518 laniatam
1603 3482 1846 3529 conspexerit,
1869 3485 1992 3523 statim
2018 3495 2086 3534 pro
2102 3482 2158 3525 ’ω’
2171 3484 2328 3524 Domino
2342 3481 2388 3533 ν’
2445 3482 2462 3529 Ἀ

1415 3538 1563 3587 tundat,
1593 3550 1749 3590 eumque
1781 3543 1974 3582 admoneat
1990 3551 2039 3584 'et
2066 3556 2198 3587 curare
2227 3535 2421 3590 sauma*
2459 3586 2463 3590 ,

1413 3598 1492 3647 ejus
1514 3595 1685 3639 iuterim
1697 3601 1737 3639 in
1749 3595 1828 3639 'suae
1839 3603 1970 3642 animae
1983 3606 2185 3653 perniciem
2196 3602 2456 3656 mut·

1461 3658 1570 3703 Quia
1600 3655 1761 3708 ρνοᾶηιο
1778 3671 1843 3699 suo
1874 3663 2065 3713 quidquam
2077 3667 2125 3705 lic
2160 3663 2166 3667 ’
2207 3662 2220 3694 ’»
2270 3708 2274 3709 ⁷

1413 3718 1571 3764 antarii,
1584 3725 1618 3758 et
1630 3726 1694 3758 aut
1712 3721 1930 3760 debilitatum
1938 3731 2183 3767 mmmm
2196 3751 2197 3754 =
2210 3722 2214 3724 ’

1413 3788 1486 3818 ⁰⁰³·
1497 3785 1682 3829 nme,
1690 3780 1834 3820 raam
1844 3783 2082 3832 mattam
2091 3756 2314 3835 ntum&
2338 3767 2353 3777 ²
2415 3764 2418 3767 ’

2188 3979 2197 3982 .
2226 3963 2255 3982 a·
2279 3951 2299 3957 ⁷*
2324 3963 2334 3977 2

2142 3991 2195 4016 :af
2254 4003 2266 4016 -.

2527 2462 2540 2610 uhu-nn.
2532 2411 2540 2439 ,ιι
2536 2384 2540 2389 .
2536 2316 2540 2317 ,
