2540 4016
307 140 323 177 1
330 137 400 175 055

301 274 418 312 elesiae
438 281 522 309 esse
533 276 678 320 oportet
703 271 840 315 altare;
868 270 964 308 unde
987 278 1054 317 ego
1077 268 1240 306 arbitror
1266 266 1365 313 quod

300 336 508 384 quicunque
524 343 570 371 ex
586 334 691 371 vobis
708 332 889 380 lapidibus
911 332 1005 368 vivis
1023 331 1098 379 apti
1114 334 1199 367 sunt
1210 357 1220 374 ,
1241 328 1279 366 in
1294 328 1367 365 hoc

298 401 334 433 et
353 387 537 443 prompti,
563 398 604 430 ut
623 393 850 430 orationibus
868 397 1019 436 vacent,
1036 392 1080 428 'ut
1097 390 1161 428 diu*
1181 395 1366 436 noctuque

299 455 574 494 obsecrationes
594 454 750 492 offerant
767 455 864 499 Deo,
881 459 919 491 et
938 452 1240 501 supplicationum
1259 451 1366 489 victi-

298 529 378 555 mas
403 516 614 561 immolent,
648 515 717 562 ipsi
743 505 841 552 sunt*
852 525 899 551 ex
922 515 1054 563 quibus
1082 513 1238 551 aedificat
1261 511 1367 549 Jesus

299 581 427 616 altare.
451 578 524 616 Sed
541 579 682 615 intuere
700 577 789 625 quid
805 576 923 615 laudis
941 576 1031 624 ipsis
1047 573 1226 622 lapidibus
1241 572 1370 609 altaris

299 639 519 678 ascribitur?
548 638 650 675 Sicut
673 638 785 682 deit,
816 637 956 684 inquit,
983 635 1172 683 legislator
1193 634 1334 681 Moyses
1355 645 1365 669 t

300 701 494 738 AEdiiicate
511 699 626 736 altare
640 710 686 736 ex
705 698 885 746 lapidibus
901 697 1064 744 integriS,
1084 695 1214 742 quibus
1230 693 1369 730 terrum

301 773 372 799 non
393 766 448 799 est
473 760 661 807 injectum.
685 758 781 804 Quid
799 763 906 806 putas
930 764 1014 795 sunt
1039 756 1099 794 isti
1122 755 1253 801 integri
1281 753 1371 800 lapi-

301 825 392 861 des?
417 823 525 859 Novit
551 820 837 868 uniuscujusque
862 819 1082 857 conscientia
1109 818 1190 865 quis
1210 817 1258 855 sit
1276 817 1370 852 inte-

302 895 378 932 ger,
397 890 433 920 ct
449 884 528 930 quis
547 884 593 919 sit
611 883 858 928 incorruptus,
881 879 1136 916 immaculatus
1153 879 1191 915 in
1205 888 1316 915 carne
1334 882 1372 913 et

303 945 445 992 spiritu.
480 943 606 980 Jacula
639 942 787 990 maligni
820 942 934 988 ignita
964 939 1267 986 concupiscentiae
1297 948 1372 974 non

303 1007 455 1053 recipit,
480 1007 543 1043 sed
564 1010 669 1042 scuto
695 1014 736 1041 ea
764 1003 846 1040 fidei
867 1003 1058 1039 restrinxit
1085 1007 1122 1039 et
1139 1001 1284 1048 repulit.
1306 999 1373 1037 Vel

303 1068 384 1113 quis
402 1073 457 1103 cst
476 1067 538 1104 ille
555 1067 617 1113 qui
642 1066 777 1102 serrum
797 1075 941 1112 pugnae,
959 1065 1098 1100 ferrum
1112 1063 1213 1106 belli,
1232 1061 1371 1099 ferrum

303 1129 423 1165 litium
442 1139 627 1175 nunquam
650 1128 807 1175 recepit3
829 1128 891 1164 sed
920 1137 1066 1173 semper
1089 1125 1264 1172 pacificus
1289 1124 1371 1168 fuit,
1392 1135 1424 1176 B
1444 1133 1553 1160 sensu
1586 1127 1695 1169 atque
1725 1121 1763 1157 in
1793 1121 1919 1158 eadem
1952 1120 2133 1157 sententia
2166 1123 2440 1166 permanentes3
2489 1130 2509 1139 ·“

304 1199 446 1236 semper
463 1189 606 1236 quietus
625 1194 661 1224 et
677 1188 789 1233 mitis,
813 1193 848 1225 ct
867 1187 1001 1225 Christi
1019 1187 1224 1224 humilitate
1244 1186 1372 1223 funda-

303 1252 384 1288 tus?
398 1250 460 1288 Isti
478 1252 563 1298 ergo
587 1256 670 1289 sunt
693 1247 832 1297 lapides
850 1250 950 1294 vivi,
975 1261 1020 1287 ex
1046 1250 1176 1296 quibus
1196 1249 1372 1286 Dominus

1099 1443 1304 1497 LIBER
1342 1438 1718 1495 SECUNDUS.

649 1607 802 1646 CAPUT
825 1605 1021 1651 PRIMUM.

302 1703 354 1739 De
374 1713 414 1738 eo
438 1701 528 1748 quod
552 1698 661 1735 Josue
689 1698 1001 1734 Deuteronomium
1030 1696 1115 1743 tofis
1144 1698 1259 1743 Moysi
1286 1699 1374 1734 scri-

349 1750 416 1797 psit
444 1759 547 1795 super
573 1747 706 1794 lapides
727 1757 846 1781 coram
866 1744 951 1790 filiis
972 1744 1108 1788 Israel,
1130 1752 1160 1781 et
1181 1744 1289 1791 quem
1313 1745 1371 1780 be-

350 1794 556 1832 nedictionis
578 1801 681 1840 alque
698 1792 956 1829 maledictionis
976 1803 1094 1828 coram
1124 1793 1219 1827 omni
1243 1791 1371 1839 populo

351 1843 523 1879 recitavit.
974 1858 991 1863 -

353 1918 471 1967 (imo).
503 1930 514 1952 α
539 1918 583 1954 Et
605 1917 751 1964 scripsit
774 1915 883 1953 Josuc
906 1925 1015 1963 super
1042 1915 1179 1961 lapides
1198 1915 1373 1951 Deutero-

308 1995 321 2016 «
347 1981 509 2018 nomium
539 1980 628 2027 legis
654 1979 789 2027 Moysi,
811 1979 906 2026 quod
931 1978 993 2014 ille
1023 1978 1223 2025 digesserat
1247 1987 1372 2014 coram

310 2056 323 2078 ι
348 2043 432 2080 filiis
456 2043 578 2079 lsrael.
606 2056 618 2077 i
642 2041 809 2087 ScrIpsit,
838 2040 968 2087 inquit,
984 2039 1090 2076 Jesus
1110 2050 1217 2086 super
1234 2039 1373 2086 lapides

305 2104 432 2141 altaris
464 2103 787 2139 Deuteronomium
822 2102 912 2147 legis
943 2101 1077 2148 Moysi,
1104 2106 1140 2137 et
1164 2101 1309 2147 scripsit
1337 2100 1375 2137 in

305 2168 504 2210 conspeetu
531 2162 689 2198 filiorum
710 2160 834 2197 lsrael.
854 2161 1041 2205 Quomodo
1072 2161 1217 2206 scripsit
1233 2165 1268 2196 et
1286 2170 1374 2205 quo-

307 2223 416 2262 modo
443 2223 561 2271 potuit
592 2228 679 2259 tunc
708 2221 802 2258 silius
832 2220 931 2257 Nave
961 2230 1070 2266 super
1088 2220 1226 2266 lapides
1250 2220 1376 2256 altaris

307 2285 427 2332 legem
452 2288 566 2319 totam
591 2282 822 2318 describere?
849 2281 943 2326 Ergo
969 2286 1078 2327 prout
1108 2280 1223 2317 voluit
1250 2285 1378 2326 typum

310 2345 552 2383 adumbravit.
584 2343 657 2380 Nos
678 2343 822 2379 interim
842 2343 1031 2379 videamus
1053 2341 1233 2388 quomodo
1253 2346 1378 2377 noster

309 2408 413 2445 Jcsus
431 2408 469 2444 in
489 2406 667 2454 lapidibus
682 2406 776 2442 vivis
800 2411 835 2442 et
858 2405 1008 2452 integris
1036 2403 1223 2450 scripserit
1248 2403 1379 2439 Deute-

310 2470 531 2514 ronomium,
551 2468 647 2515 quod
668 2467 836 2505 secundae
851 2466 941 2514 legis
958 2466 1047 2502 latio
1066 2464 1212 2502 dicitur.
1234 2463 1272 2500 Si
1293 2475 1379 2511 ergo

309 2535 366 2570 vis
379 2534 504 2570 videre
520 2531 713 2578 quomodo,
733 2530 851 2576 prima
871 2529 949 2575 lege
963 2526 1162 2570 infirmata,
1182 2525 1380 2563 secundam

310 2595 429 2643 legem
450 2594 587 2631 scribat
601 2592 720 2636 Jcsus,
739 2591 822 2627 audi
840 2600 923 2626 eum
939 2590 976 2625 in
994 2587 1159 2626 ecclesiis
1172 2587 1351 2625 dicentem
1367 2593 1378 2622 t

317 2671 329 2694 ι
350 2659 491 2694 Dictum
510 2660 565 2692 est
585 2654 765 2701 antiquis:
786 2652 866 2689 Non
885 2651 1048 2694 occides;
1072 2659 1138 2697 ego
1157 2653 1278 2685 autem
1298 2646 1380 2684 dico

315 2718 418 2754 vobis
440 2716 525 2763 quia
545 2716 663 2752 omnis
684 2715 745 2760 qui
769 2713 939 2750 irascitur
967 2711 1073 2747 fratri
1097 2720 1176 2754 su0‚
1197 2708 1381 2747 homicida

315 2782 371 2814 est
393 2775 535 2823 (ΜαιιΙι.
556 2774 609 2823 v).
634 2788 646 2809 ›
677 2774 723 2811 Et
740 2774 872 2810 iterum
894 2783 904 2808 t
930 2785 942 2806 «ι
962 2772 1107 2808 Dictum
1127 2775 1182 2807 est
1207 2769 1379 2815 antiquis,

315 2839 395 2876 Non
416 2835 678 2879 moechaberis3
699 2845 765 2882 ego
785 2839 904 2870 autem
922 2821 1003 2869 dico
1024 2832 1124 2868 vobis
1143 2830 1229 2878 quia
1246 2830 1307 2877 qui
1327 2827 1382 2864 vi-

317 2899 412 2936 derit
434 2896 624 2934 mulierem
649 2895 694 2932 ad
719 2893 1049 2941 concupiscendum
1075 2902 1177 2936 eam,
1194 2890 1270 2938 jam
1290 2900 1382 2926 moe-

317 2961 446 2996 chatus
459 2963 516 2994 est
528 2968 610 2994 cam
624 2957 662 2992 in
680 2956 790 2992 corde
807 2965 871 2992 suo
891 2954 1017 3002 (Isim,
1036 2965 1070 2990 υ.
1086 2955 1217 3000 nvn).
1238 2951 1382 2988 Dictum

318 3025 377 3058 est
393 3019 565 3065 antiquis,
587 3015 667 3054 Non
687 3015 912 3063 perjurabis3
934 3024 1000 3060 ego
1021 3019 1143 3050 autem
1163 3011 1245 3049 dico
1262 3012 1379 3057 vobIs,

319 3080 441 3118 Nolite
460 3079 584 3126 iurare
601 3076 749 3114 omniuo
768 3074 892 3123 (thim,
911 3086 943 3110 v.
964 3073 1110 3122 xxxin).
1136 3086 1150 3108 ι
1167 3072 1277 3110 Vides
1290 3073 1383 3109 Deu—

320 3142 564 3182 teronomium
584 3140 680 3187 quod
695 3138 842 3186 scripsit
859 3135 965 3174 Jesus
983 3136 1021 3172 in
1038 3135 1218 3182 lapidibus
1236 3135 1329 3172 vivis
1347 3140 1384 3171 et

322 3203 495 3252 integris,
525 3201 564 3238 in
597 3200 733 3237 tabulis
759 3198 883 3236 cordis
913 3196 1144 3240 carnalibus,
1178 3205 1250 3232 non
1287 3201 1385 3231 atra-

322 3271 467 3311 mento,
488 3264 552 3302 sed
572 3262 703 3309 spiritu
718 3251 784 3298 Dei
800 3259 887 3296 vivi.
906 3257 946 3296 Si
970 3262 1091 3294 autem
1109 3256 1165 3293 vis
1182 3255 1384 3292 evidentius

325 3337 477 3366 noscere
495 3326 535 3363 in
561 3324 692 3372 quibus
710 3321 880 3360 cordibus
906 3317 1011 3357 Jcsus
1035 3316 1222 3365 scripserit
1248 3315 1383 3363 legem,

327 3396 365 3428 et
383 3391 421 3427 in
441 3389 572 3436 quibus
588 3397 663 3424 non
679 3383 890 3432 scripserit,
910 3382 1022 3420 etiam
1041 3381 1111 3418 hoe
1134 3379 1200 3418 tibi
1218 3389 1264 3417 ex
1285 3377 1385 3415 Scri-

326 3456 518 3499 pturarum
543 3447 762 3486 auctoritate
784 3443 1000 3495 patefaciam
1013 3469 1025 3489 ,
1044 3447 1087 3480 ut
1104 3440 1388 3480 consolationem

329 3512 454 3560 capias
469 3515 510 3548 tu
527 3511 590 3558 qui
610 3519 656 3547 ex
675 3507 843 3557 gentibus
869 3511 1021 3544 vocatus
1044 3515 1105 3550 es,
1133 3513 1203 3542 neo
1226 3500 1390 3543 verearis

330 3583 459 3612 eorum
481 3571 720 3619 jactantiam,
748 3569 811 3618 qui
841 3569 959 3617 legem
987 3567 1103 3615 Moysi
1133 3570 1172 3604 et
1196 3562 1331 3602 tabulis
1353 3567 1391 3601 et

333 3632 508 3672 chartulis
522 3632 736 3680 inscriptam
751 3640 791 3668 se
809 3630 994 3677 accepisse
1013 3627 1226 3677 gloriantur.
1242 3622 1284 3662 In
1301 3633 1392 3673 ‹pto-

333 3707 416 3734 rum
449 3696 621 3734 cordibus
650 3693 825 3732 Dominus
855 3691 960 3729 Jcsus
991 3689 1218 3737 inscripserit
1246 3687 1388 3737 legent,

333 3757 469 3814 Paulus
491 3758 580 3802 <licit
605 3771 616 3797 ι
642 3769 656 3794 ε
680 3756 773 3797 oum
795 3755 894 3794 enim
917 3758 1047 3802 gentes
1069 3761 1153 3799 quae¹
1174 3749 1391 3804 legemusn

742 133 800 169 'B.
827 132 1000 170 RABANI
1024 130 1173 170 MAURI
1197 125 1412 167 ARGHIEP.
1438 124 1647 165 MOGUNT.
1674 124 1866 164 OPERUM
1890 125 2012 163 PARS
2032 123 2065 162 Ι.
2397 123 2465 163 «lir-

301 215 427 251 sancta
449 201 718 251 construxerint
733 219 858 259 opera.
881 208 953 246 Sed
974 209 1014 244 in
1035 208 1106 246 hoc
1129 204 1282 245 aedificio
1300 215 1361 242 ec·
1378 203 1417 245 A
1431 206 1556 241 noster
1581 201 1696 240 altare
1723 202 1927 240 construxit
1953 201 2134 248 lapidibus
2157 198 2334 248 integris,
2372 216 2377 232 ι
2460 224 2464 233 Α»

1433 264 1571 302 ferrum
1588 274 1660 302 non
1681 269 1738 301 est
1756 263 1950 310 iniectum,
1968 268 2010 299 ut
2030 261 2162 301 offerat
2182 271 2295 308 super
2309 270 2374 298 eos
2403 281 2405 289 π
2462 300 2468 303 ,

1435 331 1560 365 causta
1577 331 1615 364 et
1633 325 1855 364 sacrificium
1869 324 2011 362 salutis.
2026 323 2105 371 Ego
2116 323 2315 371 put-quod
2330 323 2392 360 isti
2421 338 2433 354 -π
2461 330 2470 368 ζ

1435 388 1574 436 lapides
1594 388 1728 434 integri
1747 393 1784 425 et
1807 385 2086 424 incontaminati
2105 383 2226 422 saneti
2242 385 2399 432 {postoli
2427 403 2448 417 -...

1436 451 1600 499 possint,
1619 458 1747 487 omnes
1763 449 2000 486 simutunum
2019 447 2136 484 altare
2155 444 2331 484 iacientes
2351 456 2435 494 ‚pra
2457 468 2459 473 ·

1436 511 1715 549 unanimitatem
1731 515 1841 557 atque
1864 501 2110 546 concordiam.
2133 508 2197 545 Sic
2218 508 2318 545 enim
2360 523 2365 529 ·
2399 524 2401 527 ·
2440 528 2443 538 ι

1438 577 1501 609 tur
1515 581 1654 614 omnes,
1667 570 1776 607 sinnii
1794 569 2015 606 unammiter
2031 574 2179 606 orantes
2186 572 2225 605 et
2239 568 2444 615 aperientes
2468 599 2470 601 .

1440 643 1567 677 suum,
1590 631 1758 669 dixisset
1780 644 1796 666 e
1818 631 1895 675 Tu,
1914 630 2089 676 Domine,
2114 631 2178 677 qui
2202 629 2314 667 eorda
2339 630 2465 666 omn‘·

1439 693 1537 730 nosti
1557 692 1648 740 (Aet.
1667 692 1709 740 1).
1736 705 1750 727 i
1770 691 1833 728 isti
1852 701 1941 739 ergo
1958 691 2021 738 qui
2037 695 2210 739 poterunt
2227 691 2468 728 unanimesu·

1440 763 1531 791 voce
1548 759 1658 801 atque
1672 753 1803 800 spiritu
1820 743 2030 800 orare‚'ipsi
2049 752 2206 790 sortasse
2222 739 2322 799 digni
2337 746 2453 799 suntf·
2473 767 2476 779 ·

1442 815 1598 852 debeant
1617 814 1725 851 simul
1745 823 1870 852 omnes
1888 824 2001 851 unum
2021 813 2137 850 altare
2152 817 2379 857 construere,
2395 822 2453 849 su·
2470 836 2477 842 ·

1442 876 1539 923 quod
1562 875 1667 913 Jesus
1693 875 1913 912 sacrificium
1931 874 2060 912 offerat
2083 874 2198 911 Patri.
2221 872 2357 910 Tamen
2381 878 2420 910 et
2437 883 2475 909 n

1443 942 1624 974 tentemus
1650 937 1740 973 dare
1765 946 1935 983 operam,
1958 939 1999 972 ut
2022 936 2149 972 eadem
2172 935 2336 972 dicamus
2361 944 2447 970 omn
2457 948 2481 967 a

1441 998 1646 1043 unanimes,
1668 1007 1782 1034 unum
1799 998 2009 1042 sentientes,
2025 988 2116 1034 nii-'ii
2134 1007 2201 1043 per
2217 997 2451 1034 contentione
2486 1007 2500 1044 ’-

1441 1070 1562 1108 neque
1587 1069 1653 1107 per
1688 1060 1834 1096 inanem
1865 1059 2017 1107 gloriam
2052 1064 2238 1106 gerentes;
2273 1058 2336 1094 sed
2365 1058 2402 1092 in
2431 1067 2455 1092 u
2500 1082 2506 1094 ,.

1445 1185 1538 1222 sorte
1567 1183 1747 1231 possimus
1774 1183 1884 1218 etiam
1910 1185 1976 1218 nos'
2001 1181 2075 1227 apti
2102 1179 2195 1218 ellici
2219 1179 2358 1226 lapides
2383 1179 2429 1215 ad
2454 1178 2488 1214 al
2499 1192 2503 1193 ⁷

1444 1252 1523 1283 tare
1542 1259 1550 1282 :
1567 1257 1641 1283 non
1660 1245 1758 1282 enim
1774 1244 1908 1281 deserit
1924 1253 1992 1280 nos
2011 1242 2187 1278 Dominus
2202 1242 2300 1277 Deus
2318 1245 2456 1276 noster.

1445 1604 1582 1642 habent
1597 1630 1606 1646 ‚
1646 1598 1862 1638 naturaliter
1892 1607 1936 1636 ea
1972 1608 2052 1645 quae
2088 1598 2177 1646 legis
2204 1605 2309 1645 sunt,
2345 1597 2484 1640 facium

1444 1663 1653 1712 hujusmodi
1671 1663 1790 1708 legem
1816 1670 1888 1697 non
1908 1660 2103 1703 babentes,
2134 1660 2202 1706 ipsi
2221 1661 2289 1698 sibi
2318 1667 2402 1699 sunt
2427 1663 2490 1700 lex>

1445 1727 1507 1775 qui
1527 1725 1725 1765 ostendunt
1750 1733 1840 1770 opus
1859 1722 1949 1769 legis
1972 1722 2144 1768 scriptum
2168 1723 2205 1758 in
2227 1724 2396 1762 cordibus
2419 1726 2500 1763 sui

1444 1787 1695 1826 testimonium
1723 1785 1898 1822 reddente
1930 1783 1983 1820 eis
2015 1783 2237 1820 conscientia
2267 1783 2387 1831 (Rom.
2413 1786 2469 1834 u).

1446 1851 1484 1886 Si
1513 1860 1599 1898 ergo
1625 1849 1750 1886 videas
1778 1852 1903 1895 gentes
1925 1845 1969 1882 ad
1991 1843 2116 1881 «Iesum
2140 1846 2285 1888 venire,
2306 1850 2342 1881 et
2361 1847 2469 1883 crede

1444 1913 1490 1957 ei,
1513 1918 1550 1949 et
1571 1921 1661 1959 opus
1685 1910 1774 1958 legis
1795 1909 1947 1956 implere
1967 1907 2065 1953 quod
2080 1906 2131 1943 illi
2149 1906 2211 1954 qui
2230 1907 2346 1955 legem
2363 1918 2492 1957 accep

1446 1978 1527 2009 rant
1543 1973 1695 2019 implere
1718 1982 1790 2007 non
1811 1973 1977 2016 possunt,
1996 1979 2068 2004 non
2085 1967 2228 2004 dubites
2247 1966 2292 2004 de
2311 1967 2365 2006 eis
2389 1969 2469 2007 dice
2499 1997 2502 2001 »

1444 2033 1528 2079 quia
1544 2032 1648 2069 Jcsus
1667 2033 1703 2066 in
1724 2030 1804 2066 istis
1824 2028 2002 2074 lapidibus
2023 2027 2174 2074 integris
2191 2027 2471 2064 Deuteronomiu

1445 2093 1607 2140 scripsit.
1635 2091 1752 2129 Movet
1773 2100 1830 2126 me
1856 2099 1943 2126 sane
1963 2089 2058 2134 quod
2078 2087 2216 2124 addidit
2235 2087 2271 2124 in
2290 2097 2470 2134 conseque
2494 2084 2514 2093 ’

1445 2156 1541 2192 tibus
1572 2154 1764 2200 Scriptura
1791 2163 1799 2188 :
1826 2163 1839 2185 ‹
1863 2150 1909 2186 Et
1932 2148 2101 2195 scripsit,
2121 2147 2259 2194 inquit,
2280 2147 2385 2185 Jcsus
2404 2154 2504 2194 ευρ,

1445 2217 1585 2264 lapides
1615 2212 1937 2252 Deuteronomium
1967 2221 2090 2248 coram
2119 2208 2203 2246 filiis
2229 2208 2352 2246 lsrael.
2380 2222 2394 2245 ι
2417 2209 2487 2255 Qu·

1448 2278 1557 2315 modo
1579 2277 1738 2324 potuerit
1763 2281 1837 2311 tam
1861 2282 2033 2320 magnum
2058 2272 2212 2316 librum,
2233 2272 2290 2309 vel
2312 2272 2497 2310 assistent

1446 2339 1516 2376 bus
1534 2343 1569 2376 et
1587 2335 1884 2386 permanentibus
1902 2327 1986 2370 fluis
2005 2332 2131 2376 Israel,
2155 2331 2374 2378 describere,
2398 2332 2450 2370 ita
2483 2349 2498 2370 .v

1449 2413 1522 2440 non
1552 2401 1780 2438 discederent
1817 2406 2006 2445 usquequo
2042 2396 2223 2442 scriptura
2263 2400 2314 2432 tot
2342 2404 2475 2433 versun

1448 2462 1639 2502 finiretur?
1657 2460 1723 2498 Vel
1746 2459 1869 2502 etiam,
1896 2458 2077 2505 quomodo
2095 2461 2292 2503 potuerunt
2308 2455 2446 2504 lapides
2463 2467 2498 2493 a

1450 2524 1540 2562 iaris
1566 2522 1662 2560 serre
1690 2526 1767 2558 tam
1795 2518 1918 2566 magni
1949 2517 2033 2554 librl
2065 2515 2353 2553 continentiam?
2386 2517 2472 2553 Dica

1450 2587 1540 2626 mihi
1571 2591 1773 2624 assertores
1803 2583 1934 2620 litter-‘e
1968 2580 2102 2624 Judaei,
2137 2580 2199 2627 qui
2228 2580 2392 2627 spiritum
2426 2581 2482 2628 leg
2497 2584 2506 2630 ’-

1451 2650 1637 2699 ignoran't,
1656 2647 1835 2696 quomodo
1855 2645 1925 2682 hoc
1941 2643 1979 2680 in
1998 2642 2186 2690 Scriptura
2204 2641 2367 2679 historiae
2381 2647 2462 2679 vete

1452 2715 1722 2752 demonstratur
1748 2722 1757 2746 ι
1786 2707 1851 2746 sed
1879 2706 1973 2754 apud
1998 2705 2079 2743 illos
2100 2715 2215 2752 usque
2237 2704 2276 2740 in
2300 2703 2452 2742 hodiern
2488 2726 2497 2752 χ

1451 2776 1548 2814 diem
1567 2785 1650 2813 cum
1667 2772 1798 2821 legitur
1821 2768 1984 2819 Moyses,
2004 2767 2170 2806 velamen
2193 2771 2249 2804 est
2271 2766 2428 2815 positum
2455 2777 2487 2804 s

1452 2848 1518 2886 per
1536 2847 1600 2874 cor
1619 2845 1745 2872 eorum
1766 2845 1775 2870 ε
1797 2829 1905 2869 nobis
1927 2840 2015 2868 vero
2044 2826 2229 2866 conversis
2254 2825 2299 2863 ad
2322 2825 2490 2877 Dominu

1452 2900 1599 2944 lesum,
1622 2896 1807 2934 auferetur
1831 2895 1996 2932 velamen
2010 2920 2020 2938 ,
2039 2892 2124 2939 quia
2149 2903 2160 2925 ι
2183 2890 2246 2927 ubi
2273 2887 2429 2936 Spiritus
2444 2888 2488 2926 D

1450 2963 1562 3007 mini,
1589 2962 1639 2998 ibi
1664 2961 1813 2998 libertas
1841 2972 1854 2994 ›
1887 2956 2131 3004 intelligentiae
2155 2946 2423 3002 nostrae.'Ergo
2457 2958 2487 2985 ιι

1450 3024 1572 3064 minus
1589 3021 1694 3059 Jesus
1714 3031 1787 3058 non
1803 3018 1941 3066 indiget
1959 3016 2072 3054 multo
2098 3014 2261 3063 tempore
2279 3017 2319 3051 ut
2335 3008 2481 3050 Denter

1451 3082 1615 3120 nomium
1636 3081 1786 3125 scribat,
1810 3086 1850 3116 ut
1876 3077 2036 3116 secundo
2056 3075 2172 3124 legem
2195 3075 2232 3111 in
2251 3068 2418 3111 cordibus
2434 3082 2456 3111 c
2484 3078 2487 3080 ’

1453 3146 1615 3185 dentium
1640 3143 1752 3192 figat,
1783 3147 1893 3189 atque
1926 3140 1965 3177 in
1994 3147 2122 3176 eorum
2149 3134 2352 3180 mentibus,
2382 3132 2446 3181 qui
2476 3130 2489 3165 ι’

1454 3208 1581 3245 altaris
1601 3204 1910 3243 constructionem
1925 3201 2024 3248 digni
2046 3203 2152 3244 sunt,
2171 3196 2420 3246 intelligentiae
2444 3210 2452 3226 ε
2470 3210 2485 3227 ιι

1453 3268 1528 3304 ritu
1549 3267 1682 3313 signet.
1700 3264 1840 3300 Statim
1868 3271 2026 3308 namque
2049 3264 2091 3296 ut
2115 3258 2196 3305 quis
2211 3256 2407 3294 crediderit
2427 3254 2497 3292 Je

1454 3325 1612 3370 Christo,
1630 3325 1694 3362 lex
1706 3322 1895 3370 Evangelii
1909 3321 1948 3357 in
1963 3319 2040 3365 ejus
2057 3317 2166 3355 eorde
2185 3316 2320 3364 scripta
2336 3321 2405 3361 est,
2423 3320 2460 3353 et
2476 3316 2485 3324 '

1444 3390 1651 3435 eonspecttt
1674 3384 1832 3422 tiliorum
1859 3379 1973 3419 lsrael
2001 3378 2196 3425 descripta.
2222 3377 2384 3415 Aderant
2423 3376 2476 3409 ··'.

1455 3454 1557 3492 tunc,
1574 3455 1660 3485 oum
1680 3443 1746 3482 tibi
1762 3440 1847 3486 fidei
1866 3443 2135 3479 sacramentum
2161 3436 2388 3482 tradebatur,
2405 3447 2453 3474 e·-
2473 3447 2475 3462 1

1456 3517 1533 3551 stes
1549 3509 1720 3553 virtutes,
1735 3502 1938 3544 misteria
1955 3501 2190 3549 angelorum,
2207 3497 2375 3537 Ecclesia
2386 3507 2411 3548 p
2441 3508 2459 3527 11
2469 3509 2478 3522 ν

1456 3575 1629 3614 tivomm.
1655 3569 1695 3610 si
1716 3567 1819 3614 enim
1843 3570 1944 3603 recte
1973 3563 2214 3612 intelligamus
2242 3559 2416 3617 lsraelem
2450 3560 2472 3591 sl

1456 3638 1629 3674 mamm,
1647 3631 1765 3673 neum
1793 3627 1976 3676 videntem
1995 3650 2006 3671 ,
2036 3623 2240 3665 rectissime
2267 3622 2339 3660 boc
2370 3620 2419 3659 do
2458 3636 2461 3658 z

1457 3692 1584 3734 sistri·
1597 3687 1738 3741 augelis
1750 3689 1898 3734 dicitur,
1915 3685 2114 3730 secundum
2122 3682 2267 3723 nomini
2281 3685 2427 3721 senten
2462 3687 2468 3729 g

1457 3755 1613 3806 dicentis
1630 3753 1679 3795 de
1691 3753 1891 3804 mantibus
1908 3748 2075 3801 (queen
2085 3740 2239 3792 ais-aisti
2258 3743 2392 3790 infans
2421 3743 2446 3784 ι’
