2540 4016
30 199 37 203 ἢ
73 184 78 186 Π
524 134 792 176 ENARRATIO
818 136 970 177 SUPER
995 139 1413 184 DEUTERONOMIUM.
1437 168 1486 178 —-
1506 147 1592 190 LlB.
1617 149 1679 190 W·

29 207 108 270 ffel
132 214 196 251 ait.
219 224 233 247 ι
268 210 367 248 Bene
395 214 432 248 et
446 209 709 248 rationabiliter
728 211 818 248 01¹d⁰
837 211 905 250 iste
923 214 1075 261 diSPOSi-
1092 219 1128 260 A
1143 224 1282 262 orietur
1299 224 1524 270 soljustitiae,
1540 233 1577 263 et
1593 230 1729 266 sanitas
1753 229 1790 266 in
1804 235 1931 277 pennis
1946 237 2021 283 eius
2039 240 2183 288 (natac.

19 286 22 287 ⁷
43 279 52 288 '
101 277 132 314 is
162 273 426 317 sibioonvenit,
451 282 522 319 qua
539 271 680 319 Moyses
701 272 830 310 finiens
856 274 1078 314 Deuterono-

30 355 50 389 ἰ
78 344 81 345 ⁷
109 353 125 370 ι.
154 345 273 379 suum,
291 334 525 371 novissimam
540 340 683 382 partem
701 336 797 373 illius
827 336 1077 377 benedictione

54 397 199 437 inclusit
219 408 228 433 :
261 396 498 443 praefigurans
521 398 616 443 quod
631 398 798 435 Christus
815 405 897 445 post
922 401 1077 446 comple-

39 463 157 501 ionem
172 459 350 507 evangelii
367 459 438 503 sui,
454 461 666 506 etpassione
686 467 793 508 atque
807 463 1077 499 resurrectione

37 528 40 554 ι
62 522 117 559 'us
133 524 356 568 perpetrata,
378 520 575 557 novissime
596 522 741 567 quando
760 532 980 559 ascensurus
997 528 1076 559 erat

36 597 49 616 :t
71 581 214 625 coelum,
235 580 384 617 elevatis
415 581 583 617 manibus
616 582 692 619 suis
711 583 745 619 in
769 583 962 630 discipulos
991 594 1076 621 suos

27 654 33 656 “
54 642 202 680 nedixit
219 642 271 678 eis
288 653 297 679 :
319 653 331 675 ι
351 642 395 677 Et
412 641 547 678 sactum
570 647 626 678 est
641 643 725 679 dum
741 644 971 681 benediceret
989 645 1074 690 illis,

48 722 56 738 ι
81 705 170 742 essit
182 705 228 741 ab
247 704 313 748 eis,
330 709 366 741 et
384 704 566 742 serebatur
581 706 618 741 in
638 706 772 742 coelum
796 705 897 754 (Luc.
915 706 1030 754 xnv).
1058 720 1070 741 ι

16 792 18 794 -
57 767 322 804 mbenedietio
338 767 422 811 ista,
439 778 508 813 qua
527 767 589 803 filii
605 767 715 804 Israel
735 768 770 804 in
781 768 1072 812 Deuteronomio,

43 827 111 866 uod
119 833 175 864 est
189 827 345 864 secunda
355 827 426 871 lex,
436 828 713 871 benedicuntur,
724 828 917 864 manifeste
931 828 976 863 ad
993 839 1075 874 gra-

15 889 101 926 'am
117 889 274 936 pertinet
291 889 381 926 Novi
402 888 623 926 Testamenti
644 890 680 925 in
697 900 770 935 quo
789 895 826 925 et
839 889 968 935 priscae
986 889 1074 935 legis

48 950 183 998 ysteria
212 954 451 993 reserantur,·
468 955 504 986 et
537 949 614 985 veri
643 948 831 991 Israelitae,
852 947 1074 984 benedictio-

36 1020 107 1055 em,
130 1022 209 1057 quae
234 1021 298 1058 per
317 1011 462 1059 Moysen
485 1010 667 1047 hominem
683 1010 748 1046 Dei
766 1009 982 1055 prophetata
1002 1015 1069 1054 est,

11 1093 18 1102 ·
40 1075 281 1117 ιιιεθᾳιιιιηῑιιι·
311 1081 378 1117 per
404 1071 589 1106 hominem
606 1070 798 1107 Dominum
820 1069 944 1106 Jesum
964 1070 1070 1106 Chri-

14 1153 19 1156 ·
45 1143 120 1170 um.
157 1132 261 1170 Unde
289 1132 339 1168 ait
369 1131 591 1178 Apostolus:
633 1144 644 1166 ‹
666 1132 882 1168 Benedictus
912 1133 1006 1168 Deus
1036 1136 1071 1167 et
1090 1126 1120 1164 B

34 1198 111 1229 ter
124 1192 268 1229 Domini
297 1192 412 1228 nostri
436 1191 521 1228 Jesu
535 1191 684 1235 Christi,
715 1192 776 1238 qui
796 1192 983 1228 benedixit
1005 1201 1070 1227 nos

12 1270 23 1287 m
59 1253 158 1289 omni
169 1252 421 1289 benedictione
433 1253 624 1299 spirituali,
636 1253 673 1288 in
692 1254 902 1290 coelestibus
922 1255 956 1290 in
967 1253 1070 1289 Chri-

14 1331 18 1335 -
43 1323 65 1349 ο
86 1312 145 1360 (ΙΙ
162 1312 243 1348 Cor.
259 1312 299 1360 ι).
325 1327 336 1347 1>
368 1314 411 1349 Et
430 1315 522 1350 bene
561 1314 771 1350 imminente
793 1314 903 1362 Moysi
937 1322 1066 1361 morte,

19 1373 72 1411 lii
88 1373 197 1411 lsrael
213 1375 390 1422 spirituali
418 1375 669 1411 benedictione
687 1376 860 1420 ditantur,
883 1377 965 1422 quia
983 1378 1068 1414 dum

23 1466 27 1470 ι
43 1436 96 1484 gis
114 1437 255 1479 umbra,
273 1447 353 1482 quce
381 1437 567 1472 terrestria
583 1437 835 1482 pollicebatur,
854 1437 1066 1482 destruitur,

27 1507 183 1533 anorum
202 1495 403 1534 coelestium
423 1499 557 1535 veritas
583 1499 756 1544 aperitur.
803 1499 981 1535 Pracvidet
997 1500 1064 1535 ita-

55 1566 75 1593 e
90 1557 231 1604 Moyses
250 1558 379 1604 spiritu
403 1559 616 1605 prophetico
647 1559 761 1596 nostri
783 1559 981 1596 Salvatoris
1001 1561 1065 1596 ad-

18 1624 166 1662 centum,
201 1625 237 1655 et
272 1619 432 1655 suturam
452 1621 607 1666 gratiam
624 1620 715 1657 Novi
739 1621 960 1657 Testamenti
1003 1621 1065 1666 qui

21 1681 227 1719 rraeteritam
243 1691 411 1726 narrans,
434 1692 477 1717 ex
503 1691 589 1718 voce
616 1682 809 1727 primitivae
826 1682 1067 1718 Ecclesiaelte-

44 1745 186 1783 bundus
219 1745 449 1791 prosequitur
479 1745 603 1781 dicens
620 1756 628 1780 :
669 1757 681 1778 ‹
706 1744 880 1781 Dominus
915 1744 949 1779 in
980 1743 1066 1779 Sina

18 1807 126 1844 veniet
141 1812 180 1843 et
204 1807 248 1843 de
266 1806 346 1842 Seir
362 1806 536 1853 ortuslest
554 1805 672 1842 nobis.
698 1819 709 1840 ι
755 1805 824 1841 Per
842 1805 988 1840 nomina
1015 1804 1067 1839 10-

11 1879 131 1906 orum
160 1869 387 1905 demonstrat
419 1867 568 1904 effectus
588 1877 723 1903 rerum.
768 1865 856 1901 Sina
890 1866 1067 1910 interpre-

12 1951 14 1953 -
44 1934 102 1966 tur
120 1930 294 1976 amphora
319 1938 413 1972 mea,
439 1928 496 1964 vel
516 1939 686 1965 mensura
704 1938 799 1971 mea,
818 1927 894 1963 sive
918 1926 1068 1962 manda-

19 1999 95 2026 m.
119 1989 200 2025 Seir
214 1989 363 2035 pilosus,
376 1989 452 2024 sive
465 1987 642 2034 hispidus.
660 1986 805 2022 Pharan
822 1985 991 2022 ferocitas
1009 1994 1068 2020 eo-

49 2050 106 2096 m',
139 2051 215 2087 sive
234 2049 398 2096 frugifer.
432 2047 518 2085 Sina
552 2048 662 2095 igitur
683 2047 837 2093 figuram
875 2052 971 2082 tenet
1000 2046 1069 2082 Ve-

18 2111 93 2148 πίε
122 2109 357 2152 Testamenti,
380 2109 476 2155 quod
503 2113 642 2144 certam
678 2116 887 2142 mensnram
921 2105 1070 2141 manda-

45 2182 125 2210 rum
145 2170 250 2218 juxta
266 2170 425 2217 decalogi
446 2170 631 2206 decretum
649 2174 789 2211 tenens,
807 2167 935 2213 jubere
955 2168 1068 2210 novit,

33 2249 37 2255 ·
54 2249 60 2266 ι
86 2234 217 2281 juvare
239 2243 311 2269 non
329 2232 441 2275 novit,
461 2233 524 2268 sed
543 2237 742 2269 sectatores
768 2240 860 2266 suoss
884 2240 950 2276 per
965 2229 1071 2275 spiri-

99 2296 301 2333 dilectionis
315 2295 459 2337 liberat,
485 2295 549 2331 sed
577 2303 642 2339 per
662 2292 830 2328 timorem
857 2301 973 2337 poenae
994 2300 1070 2326 ser-

20 2357 68 2395 tui
77 2357 283 2394 conditione
300 2355 461 2392 subditos
475 2355 574 2401 ligat.
597 2353 696 2390 Unde
714 2358 751 2388 et
764 2352 891 2388 doctor
909 2351 1069 2398 gentium

23 2446 47 2458 .,
66 2419 196 2457 ibendo
213 2420 258 2456 ad
273 2418 434 2461 Galatas,
461 2427 527 2464 per
555 2417 643 2453 duas
663 2425 796 2451 uxores
823 2420 858 2450 et
883 2423 947 2459 per
980 2414 1069 2449 duos

18 2505 19 2508 =
46 2480 101 2519 ios
117 2480 291 2524 Abrahae,
325 2480 478 2516 duorum
506 2482 807 2514 testamentorum
839 2485 882 2510 ac
916 2475 1068 2511 duorum

28 2541 220 2589 opulorum
233 2551 299 2587 per
317 2539 526 2586 allegoriam
545 2537 723 2583 expressit
738 2536 890 2581 figuram
914 2534 1036 2569 dicens
1057 2544 1065 2567 :

47 2603 229 2650 Scriptum
248 2606 303 2638 est
313 2600 484 2646 quoniam
499 2598 682 2634 Abraham
694 2596 782 2631 duos
798 2594 891 2630 tilios
910 2593 1037 2628 habuit
1056 2603 1065 2627 :

19 2686 33 2694 ι·
57 2675 118 2700 um
133 2665 177 2700 de
195 2661 339 2705 ancilla,
354 2665 391 2697 et
408 2669 519 2695 unum
540 2657 725 2694 delibera.
769 2654 841 2691 Sed
855 2654 916 2700 qui
938 2655 980 2689 de
1000 2663 1066 2689 an-

27 2729 102 2773 lla,
122 2727 322 2765 secundum
340 2734 486 2761 carnem
508 2727 614 2759 natus
638 2726 693 2757 est
712 2732 721 2764 ;
747 2720 807 2766 qui
824 2723 945 2754 autem
963 2718 1006 2753 de
1022 2717 1067 2752 li-

31 2797 187 2834 ·ra‚per
204 2785 523 2833 repromissionem
539 2792 548 2818 :
583 2792 657 2829 quae
675 2785 757 2818 sunt
771 2791 836 2827 per
857 2778 1067 2825 allegoriam

19 2850 106 2888 'eta
120 2849 253 2898 (Galat.
283 2848 347 2895 lv).
384 2847 468 2882 llaec
491 2845 588 2881 enim
617 2850 700 2880 sunt
723 2843 792 2879 duo
820 2840 1064 2877 Testamenta.

30 2911 132 2948 inum
147 2911 290 2957 quidem
311 2919 332 2945 a
354 2913 476 2944 monte
487 2907 574 2942 Sina
594 2905 631 2941 in
647 2905 859 2941 servitutem
874 2911 1063 2949 generanS‚

37 2983 91 3010 uae
109 2977 165 3009 est
177 2971 284 3019 gAgar
313 2970 417 3017 (Sina
450 2973 569 3004 autem
591 2976 697 3002 mons
717 2970 772 3002 est
800 2964 836 2999 in
854 2963 988 2999 Arabia
1007 2960 1068 3008 qui

42 3031 227 3079 diiunctus
240 3035 295 3067 est
310 3029 358 3073 ei,
370 3038 451 3075 quae
468 3036 565 3063 nunc
584 3030 641 3062 est
660 3022 892 3068 Jerusalem),
911 3028 947 3057 et
960 3020 1072 3057 servit

21 3124 23 3126 .
46 3105 96 3132 ιιι
113 3094 197 3131 filiis
216 3093 304 3136 suis,
327 3095 396 3128 etc.
436 3089 609 3126 Dominus
627 3097 712 3134 ergo
726 3086 831 3122 Jesus
846 3084 1013 3121 Christus
1029 3083 1071 3119 de

43 3155 102 3192 ina
118 3155 231 3199 venit,
263 3153 347 3200 quia
374 3162 419 3188 ex
438 3151 592 3187 lectione
622 3148 711 3195 legis
735 3152 772 3184 et
798 3146 1069 3194 prophetarum,

37 3216 243 3255 medentibus
254 3213 422 3250 innotuit.
439 3211 525 3248 Inde
533 3210 631 3247 enim
641 3208 752 3252 venit,
769 3217 851 3244 cum
860 3216 941 3242 eum
952 3205 999 3241 ibi
1010 3204 1073 3250 qui

28 3280 31 3281 ’
79 3277 183 3324 lligit
197 3275 347 3313 invenit.
380 3287 392 3308 ι
408 3273 512 3311 Unde
522 3278 559 3309 et
577 3272 654 3318 ipse
673 3269 850 3316 incipiens
865 3266 1016 3313 aMoyse
1036 3270 1073 3301 et

23 3370 26 3372 v
41 3340 181 3378 mnibus
198 3337 395 3386 prophetis,
406 3331 910 3382 interpretabaturdiscipulis
929 3329 974 3366 ad
988 3338 1074 3375 quo-

30 3401 33 3406 ’
72 3416 75 3433 =
113 3411 176 3438 cor
186 3411 252 3448 per
265 3399 373 3436 iidem
394 3398 517 3434 venire
534 3395 714 3442 cupiebat,
737 3393 774 3429 in
790 3391 957 3429 omnibus
975 3388 1073 3425 Scri·

81 3461 147 3506 τίς,
155 3471 235 3507 quae
247 3460 290 3497 de
305 3460 382 3507 ipso
393 3462 496 3495 erant
511 3456 612 3505 (Luc.
623 3454 754 3501 xxm).
774 3466 785 3487 »
800 3453 850 3488 De
867 3451 948 3487 Seir
962 3449 1073 3484 etiam

42 3526 120 3562 [tus
138 3531 148 3558 ε
169 3520 252 3568 quia
265 3530 311 3557 ex
337 3518 486 3555 ludaico
502 3516 649 3554 malitiae
666 3519 702 3550 et
717 3508 979 3550 incredulitatis
997 3516 1070 3543 suae

19 3596 21 3598 ·
48 3595 63 3607 ¹¹
74 3581 168 3618 netis
179 3580 389 3628 asperrimo,
420 3578 616 3615 seeundum
634 3584 780 3613 carnem
800 3570 952 3619 genitus,
970 3575 1072 3604 novae

57 3641 111 3678 eis
144 3646 284 3684 exortu,
313 3645 454 3678 mentes
485 3638 711 3675 credentium
736 3630 959 3672 illuminavit,
995 3633 1074 3663 tan·

45 3711 127 3738 uam
137 3711 245 3739 verus
257 3702 312 3740 sol
322 3701 488 3748 institue,
503 3701 547 3737 de
559 3710 629 3747 quo
647 3698 819 3734 Dominus
834 3705 899 3741 per
916 3691 1070 3738 prophe-

112 3759 200 3799 dieit
218 3769 228 3798 ι
243 3772 279 3813 -ι
297 3759 409 3801 Vobis
426 3766 548 3816 autem
565 3758 773 3816 timentibus
787 3763 919 3793 nomen
935 3759 1070 3794 meum,

2118 158 2186 201 986

1145 286 1209 334 ¹V)·
1230 300 1242 321 ’
1264 286 1311 323 Et
1328 287 1373 323 de
1391 297 1463 333 quo
1477 296 1542 333 per
1553 287 1699 324 Balaam
1713 289 1865 327 dicitur:
1895 306 1909 327 ‹
1927 295 2066 336 orietur
2084 303 2186 341 stella

1143 357 1189 384 ex
1200 347 1324 391 Jacob,
1339 352 1376 384 et
1391 352 1586 395 consurget
1598 348 1708 385 homo
1722 350 1767 385 do
1778 349 1888 387 lsrael
1899 354 1950 399 (N
1952 366 2022 394 um.
2037 363 2150 409 xxiv).
2169 377 2184 400 »

1143 411 1239 449 Bene
1255 418 1376 451 autem
1393 416 1437 452 de
1450 414 1532 451 Seir
1549 415 1610 462 qui
1631 413 1710 450 aliis
1733 414 1938 452 nominibus
1951 444 1961 460 ,
1980 418 2092 456 Edom
2115 424 2190 462 sive

1143 472 1240 509 Esau
1269 473 1414 518 dicitur,
1442 475 1646 512 ludaeorum
1663 475 1817 521 populus
1848 476 2079 523 designatur,
2111 481 2192 526 quia

1145 534 1345 571 carnalium
1363 535 1630 572 oblectamenta
1648 540 1821 580 sectatus,
1839 536 1899 583 qui
1911 546 1978 582 per
1992 537 2098 575 lentis
2111 540 2195 577 edu-

1144 594 1231 631 lium
1257 596 1434 642 primatus
1464 598 1519 633 sui
1553 597 1701 644 gloriam
1740 597 1908 644 perdidit,
1941 603 1977 634 et
2011 600 2195 645 promissae

1144 657 1211 694 sibi
1229 658 1490 694 benedictionis
1508 659 1675 705 gratiam,
1695 658 1763 693 fide
1794 658 1915 704 populi
1941 656 2095 703 junioris
2118 669 2197 705 sup-

1142 719 1338 764 plantatus,
1374 719 1509 755 amisit.
1545 719 1595 755 De
1611 724 1731 755 monte
1746 719 1890 755 Pharan
1904 719 2076 756 Dominus
2094 717 2197 754 Chri-

1143 786 1222 816 stus
1237 780 1415 826 apparuit,
1434 782 1516 826 quia
1535 791 1605 827 quo
1629 780 1743 828 magis
1764 787 1889 817 contra
1922 791 2002 817 eum
2030 781 2196 818 ferocitas

1140 842 1261 888 populi
1289 842 1442 878 infidelis
1467 843 1593 885 saeviit,
1610 853 1652 879 eo
1675 843 1891 879 eminentius
1905 853 1947 879 ac
1956 843 2090 890 largius
2107 844 2197 880 divi-

1141 904 1265 940 nitatis
1295 904 1371 949 ejus
1389 906 1514 941 notitia
1530 905 1702 941 excrevit.
1734 905 1922 941 Tradendo
1952 905 2084 951 quippe
2112 915 2195 941 eum

1141 965 1186 1000 ad
1203 970 1370 1008 mortem,
1402 971 1438 1002 et
1469 976 1612 1002 crucem
1629 965 1706 1010 ejus
1723 965 1888 1001 violentis
1923 965 2072 1002 vocibus
2097 964 2196 1012 flagi·

1141 1026 1261 1067 tando,
1282 1036 1412 1061 nomen
1430 1026 1508 1071 ejus
1529 1025 1647 1060 delere
1659 1025 1784 1061 voluit.
1814 1024 1884 1061 Sed
1898 1026 1992 1062 unde
2010 1025 2195 1062 humiliter

1142 1084 1235 1120 inter
1251 1085 1460 1130 passionum
1476 1084 1714 1120 contumelias
1732 1084 1850 1127 latuit,
1866 1085 1947 1121 inde
1963 1085 2195 1122 excellentius

1139 1155 1204 1190 per
1219 1145 1388 1180 virtutem
1410 1145 1684 1181 resurrectionis
1714 1143 1860 1186 effulsit,
1894 1149 1930 1179 et
1959 1143 2056 1189 ipsos
2086 1144 2196 1180 etiam

1141 1202 1385 1240 ferocissimos
1404 1203 1655 1239 interfectores
1673 1213 1757 1239 suos
1775 1201 1931 1238 edomita
1962 1200 2195 1237 incredulita-

1139 1264 1185 1300 tis
1203 1265 1346 1307 duritia‚
1368 1264 1449 1300 fidei
1478 1275 1551 1301 suze
1567 1264 1652 1310 jugo
1683 1263 1838 1309 subegit,
1872 1273 2023 1309 quorum
2054 1273 2124 1298 una
2139 1262 2196 1299 die

1138 1326 1207 1361 tria
1230 1326 1353 1367 millia,
1377 1331 1412 1361 ct
1431 1326 1511 1361 inde
1528 1325 1687 1371 quinque
1704 1323 1827 1365 millia,
1845 1328 1882 1358 et
1904 1323 2072 1368 deinceps
2087 1323 2195 1358 innu-

1137 1395 1237 1421 mera
1266 1385 1509 1420 crediderunt.
1545 1384 1588 1419 Et
1621 1393 1726 1429 quem
1742 1383 1843 1428 prius
1864 1382 1965 1428 quasi
1996 1381 2195 1417 Samarita-

1137 1456 1221 1481 num
1239 1450 1275 1480 et
1299 1445 1474 1481 daemonia
1494 1445 1688 1480 habentem
1704 1443 1858 1478 aversati
1875 1442 2031 1484 fuerant,
2047 1441 2079 1477 ei
2097 1446 2194 1488 post-

1136 1506 1281 1542 modum
1300 1505 1530 1550 inseparabili
1554 1504 1635 1540 fidei
1659 1509 1696 1539 et
1718 1503 1905 1540 charitatis
1921 1502 2056 1548 glutino
2070 1501 2192 1539 adhae-

1136 1572 1271 1603 serunt.
1297 1568 1347 1602 De
1375 1566 1505 1612 quibus
1525 1565 1584 1601 hic
1603 1564 1733 1601 dicitur
1753 1576 1762 1602 :
1786 1577 1797 1598 ‹
1821 1564 1866 1599 Et
1883 1573 1964 1599 cum
1983 1573 2026 1599 eo
2045 1568 2191 1600 sancto-

1136 1638 1215 1663 rum
1251 1626 1375 1662 millia.
1401 1639 1412 1660 »
1448 1625 1619 1672 Sequitur
1636 1637 1644 1659 :
1683 1637 1695 1658 ‹
1725 1625 1762 1659 ln
1799 1624 1947 1659 dextera
1982 1621 2059 1667 ejus
2084 1623 2190 1669 ignea

1135 1687 1205 1724 lex.
1227 1701 1239 1722 ›
1261 1688 1415 1723 Dextera
1431 1693 1550 1722 autem
1569 1685 1631 1721 Dei
1658 1683 1883 1730 appellantur
1908 1682 2027 1719 electi.
2054 1681 2092 1717 ln
2108 1682 2194 1718 dex-

1135 1755 1211 1785 tera
1231 1759 1315 1794 ergo
1342 1747 1407 1783 Dei
1424 1747 1481 1783 lex
1499 1747 1602 1793 ignea
1627 1751 1695 1788 est,
1713 1744 1797 1790 quia
1815 1743 1919 1780 electi
1935 1741 2106 1778 mandata
2121 1750 2194 1777 coe-

1135 1808 1480 1854 lestialnequaquam
1500 1807 1630 1852 frigido
1647 1804 1756 1841 corde
1774 1804 1924 1839 audiunt
1940 1813 1950 1845 3
1973 1802 2035 1837 sed
2053 1801 2096 1836 ad
2115 1801 2192 1836 haec

1137 1870 1270 1905 amoris
1291 1868 1407 1904 intimi
1426 1868 1565 1904 facibus
1586 1866 1833 1902 inardescunt.
1862 1863 1989 1899 Sermo
2005 1861 2050 1897 ad
2068 1870 2193 1896 aurem

1137 1931 1292 1973 ducitur,
1310 1935 1461 1967 etmens
1482 1929 1625 1964 sibimet
1642 1928 1799 1968 irata‚ex
1822 1925 1971 1961 interme
1995 1922 2193 1959 dulcedinis

1137 1993 1280 2029 ssamma
1309 1996 1573 2028 concrematur.
1609 1988 1751 2024 Aliter:
1773 1987 1929 2022 Dextera
1955 1983 2098 2021 Domini
2128 1993 2193 2019 no-

1139 2054 1204 2090 stri
1223 2053 1308 2089 Jesu
1323 2051 1456 2088 Christi
1478 2048 1684 2094 evangelica
1702 2045 1909 2093 praedicatio
1925 2050 1994 2086 est,
2008 2054 2074 2089 per
2085 2053 2194 2089 quam

1138 2125 1209 2150 non
1223 2112 1434 2159 temporalis
1460 2111 1626 2151 felicitas,
1648 2118 1726 2154 quae
1751 2107 1788 2143 in
1819 2106 1899 2142 leva
1932 2103 2114 2150 designari
2134 2113 2194 2140 so-

1137 2175 1202 2218 let,
1228 2174 1320 2210 sicut
1339 2174 1374 2208 in
1395 2172 1488 2218 lege,
1516 2170 1578 2206 sed
1595 2174 1729 2205 aeterna
1751 2164 1937 2202 beatitudo
1955 2162 2190 2209 promittitur.

1138 2239 1189 2274 De
1205 2248 1274 2283 qua
1293 2245 1424 2283 sponsa
1441 2233 1600 2279 loquitur
1626 2232 1661 2267 in
1680 2229 1829 2266 Cantico
1844 2226 2067 2264 canticorum
2084 2236 2093 2245 ·
2117 2236 2130 2258 ‹
2149 2223 2196 2260 Et

1138 2301 1284 2336 dextera
1301 2297 1394 2332 illius
1406 2287 1914 2340 amplexabiturme(Cant.n)
1933 2299 1958 2321 ·›
1977 2286 2013 2321 ln
2032 2286 2194 2320 haevero

1137 2361 1296 2400 dextera,
1317 2357 1376 2392 lex
1398 2356 1501 2401 ignea
1519 2359 1574 2390 est
1596 2380 1605 2394 ,
1623 2351 1766 2388 dilectio
1786 2347 1953 2384 videlicet
1978 2355 2043 2391 per
2061 2344 2191 2380 donum

1139 2419 1293 2466 Spiritus
1313 2415 1443 2457 sancti,
1484 2414 1521 2449 in
1556 2413 1752 2448 electorum
1772 2407 1938 2443 cordibus
1968 2403 2108 2440 diffusa.
2141 2402 2192 2438 De

1137 2491 1206 2528 qua
1223 2477 1413 2525 Apostolus
1431 2475 1481 2510 ait
1501 2485 1509 2508 :
1532 2486 1544 2506 ‹
1560 2470 1748 2508 Plenitudo
1768 2477 1853 2513 ergo
1867 2465 1954 2511 legis
1974 2469 2029 2500 est
2048 2461 2190 2498 dilectio

1138 2539 1254 2587 (Rom.
1280 2536 1375 2583 xni):
1404 2547 1415 2568 ›
1447 2533 1531 2569 Haec
1558 2539 1713 2574 namque
1731 2528 1766 2563 in
1789 2524 1983 2571 Evangelio
2000 2520 2191 2568 singulari-

1137 2604 1191 2636 ter
1205 2595 1492 2635 commendatur,
1507 2592 1649 2627 dicente
1666 2587 1839 2623 Domino:
1861 2597 1873 2618 ‹
1898 2583 2104 2619 Mandatum
2123 2590 2187 2616 no-

1136 2670 1220 2695 vum
1249 2658 1294 2694 do
1325 2655 1441 2696 vobis,
1456 2658 1497 2689 ut
1523 2650 1680 2697 diligatis
1700 2647 1855 2684 invicem
1872 2645 1964 2681 sicut
1979 2642 2087 2679 dilexi
2109 2651 2186 2677 vos.

1136 2718 1174 2753 ln
1195 2718 1263 2752 hoc
1281 2716 1499 2761 cognoscent
1529 2718 1667 2750 omncs,
1696 2705 1779 2752 quia
1800 2703 1872 2739 mei
1900 2702 1986 2738 estis
2009 2698 2186 2745 discipuli,

1137 2779 1167 2814 si
1197 2776 1425 2812 dilectionem
1443 2769 1641 2808 habueritis
1664 2766 1710 2802 ad
1732 2764 1884 2800 invicem
1909 2760 2031 2806 (Joan.
2052 2759 2148 2806 xm).
2170 2771 2183 2793 ι

1137 2836 1222 2880 Quae
1239 2845 1303 2882 per
1318 2832 1494 2878 Spiritum
1515 2831 1677 2864 sanctum
1696 2825 1732 2859 in
1766 2832 1848 2869 igne
1868 2823 2111 2866 apparentem,
2128 2817 2188 2853 de-

1139 2898 1331 2943 cima‘post
1344 2892 1590 2930 ascensionem
1609 2887 1679 2929 die,
1701 2885 1738 2921 in
1767 2881 1945 2930 apostolos
1965 2880 2090 2922 effusa,
2110 2888 2187 2915 om-

1084 2943 1120 2982 D
1139 2969 1220 2995 nem
1235 2957 1322 3003 legis
1339 2952 1597 3001 plenitudinem
1614 2953 1783 2991 tanquam
1801 2942 1910 2989 digito
1927 2940 1990 2976 Dei
2005 2940 2040 2975 in
2064 2948 2188 2974 eorum

1138 3023 1258 3056 mente
1273 3014 1707 3061 descripsit,cunctosque
1721 3006 1853 3042 electos
1868 3002 2028 3038 fervente
2038 2999 2186 3046 Spiritu,

1136 3081 1299 3116 lucentes
1315 3074 1523 3122 operatione
1549 3070 1648 3107 facit.
1692 3067 1824 3103 Verum
1846 3063 1929 3108 quia
1949 3062 2025 3097 haec
2041 3060 2095 3095 lex
2116 3066 2187 3094 non

1137 3142 1198 3178 nni
1213 3139 1343 3187 populo
1360 3142 1400 3172 ut
1413 3136 1472 3171 lex
1488 3131 1615 3179 Moysi,
1635 3129 1697 3166 sed
1713 3125 1888 3163 universis
1918 3132 1983 3167 per
2004 3119 2183 3155 Christum

1138 3202 1303 3250 gentibus
1330 3195 1553 3245 promulgata
1567 3196 1635 3232 est,
1651 3197 1734 3224 mox
1750 3182 1952 3229 adjungitur
1970 3190 1978 3214 :
2021 3189 2033 3210 ι
2054 3175 2182 3211 Dilexit

1139 3263 1302 3311 populos.
1330 3274 1342 3296 ›
1373 3260 1504 3304 Legem
1521 3254 1628 3300 igitur
1661 3244 1859 3284 charitatis,
1892 3249 1997 3286 quam
2013 3246 2078 3273 nos
2106 3245 2181 3272 ser-

1140 3335 1228 3361 vare
1242 3322 1361 3369 jussit,
1382 3318 1519 3365 primus
1534 3313 1608 3357 ipse
1624 3304 1795 3352 implevit,
1819 3295 2182 3366 diligendonvidclicet

1139 3384 1291 3433 populos
1307 3385 1493 3422 utrosque,
1513 3363 1796 3408 circumcisionis
1812 3366 1847 3397 et
1861 3363 2044 3406 praepuu1;
2067 3362 2103 3393 et
2118 3365 2180 3392 ve-

1140 3446 1244 3482 niens
1258 3433 1533 3485 evangelizando
1555 3436 1678 3475 pacem
1695 3422 1798 3460 nobis
1814 3420 1874 3467 qui
1897 3420 2000 3465 longe
2022 3427 2178 3459 eramus,

1140 3511 1176 3543 et
1190 3511 1314 3550 pacem
1331 3499 1386 3534 his
1402 3495 1462 3541 qui
1481 3485 1784 3540 prope,quoniam
1799 3491 1864 3529 per
1878 3481 1995 3526 ipsum
2009 3478 2180 3516 habemus

1138 3569 1320 3600 accessum
1351 3555 1456 3591 ambo
1486 3552 1522 3587 in
1550 3558 1623 3586 uno
1644 3544 1779 3591 Spiritu
1799 3541 1843 3577 ad
1871 3539 2026 3576 Patrem.
2081 3535 2179 3571 Hanc

1139 3630 1256 3661 autem
1276 3618 1501 3655 dilectionem
1520 3608 1745 3648 commendat
1760 3599 2090 3640 misericordissima
2102 3597 2178 3640 ejus

1136 3684 1386 3733 passio,quam
1406 3685 1470 3721 pro
1486 3673 1594 3709 totius
1608 3664 1854 3705 mundisalute
1867 3658 2037 3704 suscepit,
2047 3658 2091 3694 de
2107 3665 2179 3702 qua

1138 3747 1214 3794 ipse
1228 3743 1307 3780 ait:
1335 3752 1348 3776 ‹
1373 3737 1542 3786 Maiorem
1571 3732 1640 3770 hac
1662 3725 1888 3768 dilectionem
1915 3728 2022 3760 nemo
2055 3716 2177 3764 habet,
