2540 4016
261 210 329 248 ⁴59

260 290 345 325 dens
369 292 474 331 super
499 279 660 317 verticem
691 274 845 312 montis:
878 272 915 307 in

262 344 392 384 Israel.
415 340 527 388 Quasi
556 338 650 386 ignis
681 342 840 380 namque
872 330 1004 367 ardens
1030 322 1170 371 species
1195 317 1321 366 gloriae

261 405 409 445 Domini
434 400 612 450 apparuit,
653 396 739 443 quia
775 393 885 430 corda
919 389 1131 426 electorum,
1161 387 1200 417 et
1225 377 1321 416 dono

260 465 429 506 scientiae
448 460 605 500 coelestis
631 457 800 496 illustrat,
821 458 859 488 et
879 449 1008 486 ardore
1038 453 1113 480 suae
1131 439 1324 479 charitatis

267 523 534 567 inssanimat.1n
553 520 647 557 nube
664 521 764 563 ergo,
787 512 938 559 caligine
958 513 996 545 et
1017 507 1101 554 igne
1118 503 1231 552 gloria
1254 502 1325 537 Do-

267 591 359 629 mini
380 590 455 626 visa
485 589 554 623 est.
572 583 611 619 ln
634 581 729 617 nube
747 575 930 616 videlieet,
952 571 1037 618 quia
1065 578 1134 605 nos
1162 567 1208 603 ab
1235 569 1325 601 aestu

268 651 509 690 tentationum
533 641 711 693 protegit3
741 638 778 674 in
809 634 963 681 ealigine
977 640 1078 674 vero,
1095 629 1181 676 quia
1198 631 1326 674 poten-

269 712 320 751 tia
334 706 549 756 maiestatis,
569 713 590 739 a
611 700 707 738 nulla
731 700 851 745 potest
879 699 1047 730 creatura
1068 690 1114 726 ad
1143 689 1327 734 integrum

269 766 538 818 comprehendi.
557 764 633 801 Pax
652 761 748 798 enim
775 757 840 793 Dei
858 757 1057 800 exsuperat
1082 758 1229 787 omnem
1248 756 1330 782 sen-

270 841 366 869 sum.
390 829 429 865 ln
449 828 533 874 igne
555 830 674 860 autem
695 819 859 860 ardente,
881 815 966 862 quia
993 817 1134 849 mentes
1167 807 1328 844 fidelium

271 897 509 939 supernorum
538 885 713 920 bonorum
733 876 943 924 cognitione
960 872 1126 914 irradiat,
1147 874 1184 905 et
1203 877 1266 914 spe
1287 877 1331 903 ac

270 950 463 987 dilectione
480 943 658 982 accendit.
680 941 725 977 Et
745 940 840 976 lianc
853 935 997 983 quidem
1016 931 1159 969 Domini
1177 929 1331 976 gloriam

273 1011 337 1047 tilii
369 1006 541 1045 lsraelde
582 1004 686 1048 longe
717 1006 754 1036 et
789 999 835 1035 ab
869 994 1105 1033 inferioribus
1139 989 1331 1036 aspiciunt,

272 1072 416 1118 Moyses
431 1077 518 1104 vero
534 1065 640 1101 altius
659 1058 886 1098 ascendendo
907 1059 1097 1103 penetrate
1118 1052 1201 1097 quia
1228 1049 1334 1099 nimi-

275 1141 356 1167 rum
382 1127 503 1164 abdita
522 1123 778 1171 mysteriorum
798 1117 1003 1154 divinorum
1020 1113 1154 1159 quique
1171 1107 1332 1156 perfecte

688 196 732 234 Β.
760 191 929 232 ΒΑΒΑΝΙ
955 185 1104 227 MAUR!
1134 178 1349 220 ARClllEl‘.
1379 174 1587 214 MOGUNT.
1616 171 1808 212 OPERUM
1837 168 1957 207 PARS
1980 168 2007 205 Ι.

948 270 1131 313 conspectu
1159 260 1315 307 filiorum
1336 257 1371 295 A
1386 254 1546 299 cientque
1563 251 1648 289 mihi
1678 249 1935 292 sanctuarium,
1965 252 1997 284 et
2013 243 2180 282 habitabo
2203 243 2242 280 in
2259 242 2375 279 medio
2399 253 2462 279 eo-

2390 163 2459 202 tto

1391 326 1484 350 rum.
1500 315 1641 350 Cuncta
1656 313 1735 349 haec
1754 321 1836 358 quae
1853 309 2030 346 Dominus
2041 306 2121 344 ‘sibi
2145 315 2166 342 a
2185 304 2309 353 priore
2326 302 2462 351 populo

1391 376 1437 412 ad
1461 374 1668 412 faciendum
1694 371 1945 410 sanctuarium
1964 367 2206 406 materialiter
2223 364 2348 403 offerri
2369 374 2463 411 proe-

1392 432 1492 480 cipit,
1514 442 1582 468 nos
1600 440 1748 478 quoque
1769 429 1832 475 qui
1851 426 2059 475 spirituales
2079 425 2144 462 filii
2164 423 2276 461 lsrael
2299 422 2463 460 imitato-

1393 503 1454 530 res
1475 492 1620 529 Domini
1640 490 1800 527 videntis
1818 487 1943 535 populi
1975 496 2055 523 esse
2070 485 2340 526 desideramus,
2355 481 2464 529 spiri-

1394 556 1482 592 tuali
1528 554 1767 600 intelligentia
1781 542 1979 588 “debemus
2015 548 2163 586 offerre.
2193 547 2260 585 Cui
2295 545 2464 582 videlieet

1397 628 1526 652 aurum
1548 615 1750 658 offerimus,
1769 623 1853 650 cum
1869 612 2035 649 claritate
2051 620 2148 647 verae
2165 608 2368 656 sapientiae,
2384 615 2467 652 quae

1397 683 1453 715 est
1473 677 1508 713 in
1530 676 1600 712 fide
1618 680 1733 718 reeta,
1765 673 2064 720 resplendemus;
2091 676 2293 717 arpentum,
2311 677 2394 704 cum
2411 675 2469 702 er·

1396 750 1480 777 rore
1495 743 1620 775 nostro
1637 735 1818 773 confessio
1829 734 1870 770 tit
1883 734 1918 770 in
1934 733 2111 773 salutem:
2129 742 2190 773 ms,
2205 739 2288 766 cum
2300 728 2468 765 eamdem

1398 803 1507 839 tidem
1539 799 1686 846 publica
1718 795 1979 845 praedicatione
2013 792 2202 839 divulgare
2242 790 2466 838 gaudemus;

1398 862 1643 910 hyacinthum,
1659 869 1741 896 eum
1757 867 1903 895 sursum
1922 855 2032 892 eorda
2052 854 2235 895 levamus;
2257 861 2469 898 purpuram,

1400 934 1485 961 cum
1518 931 1651 969 eorpus
1685 919 1847 967 passioni
1883 916 2120 962 subjicimus,
2155 924 2298 949 coccum
2327 911 2380 947 bis
2405 911 2472 946 tin·

1401 991 1510 1028 ctum,
1529 994 1612 1020 cum
1631 982 1789 1030 gemina,
1807 980 1844 1016 id
1863 984 1932 1023 est,
1947 978 2013 1014 Dei
2031 982 2067 1013 et
2086 975 2243 1023 proximi
2259 972 2471 1015 dilectione,

1403 1045 1622 1092 flagramus;
1663 1043 1817 1090 byssum,
1852 1050 1935 1078 cum
1963 1038 2086 1076 carnis
2121 1036 2328 1073 castitatem
2359 1032 2474 1070 senti-

1404 1116 1506 1149 mus;
1527 1104 1616 1151 pilos
1646 1112 1850 1150 caprarum,
1877 1110 1961 1137 cum
1996 1098 2160 1135 habitum
2181 1094 2408 1143 poenitentia:
2428 1102 2473 1128 ac

277 1201 321 1226 ac
335 1186 539 1226 sublimiter
555 1183 698 1225 vident;
720 1185 782 1215 aut
809 1187 875 1213 nos
900 1181 1032 1212 nostrae
1052 1179 1231 1208 memores
1260 1167 1333 1203 rra·
1351 1166 1382 1204 B
1402 1167 1522 1205 luctus
1555 1167 1765 1208 induimus;
1801 1163 1908 1211 pelles
1940 1162 2092 1198 arietum
2127 1159 2343 1200 rubricatas,
2389 1166 2474 1192 cum

278 1250 427 1298 gilitatis
446 1253 481 1284 et
510 1245 662 1287 inertia),
695 1247 732 1278 et
765 1240 795 1276 si
823 1239 901 1274 haec
932 1237 1070 1272 intrare
1099 1231 1337 1277 eomprehen-

280 1310 398 1347 dendo
418 1306 622 1353 nequimus,
656 1301 785 1339 saltem
810 1296 1005 1339 credendo,
1035 1292 1227 1340 sperando,
1257 1289 1339 1326 dili-

282 1372 413 1419 gendo,
441 1370 476 1405 in
507 1365 671 1415 proximo
705 1370 852 1398 manere
883 1364 993 1404 atque
1013 1356 1212 1401 'aspectare
1235 1360 1340 1387 cure-

284 1444 376 1471 mus.
395 1431 645 1478 lnyressusque
665 1424 801 1470 Moyses
828 1420 980 1457 medium
1003 1415 1154 1458 nebulcc,
1183 1411 1340 1449 ascendit

281 1500 431 1531 montem
448 1503 460 1527 .·
481 1497 511 1526 ct
538 1488 603 1535 suit
625 1486 673 1522 itu·
699 1482 935 1531 quadraqinta
967 1478 1104 1518 diebus,
1131 1481 1161 1510 et
1186 1472 1343 1521 quadra-

287 1558 380 1604 vinta
414 1552 585 1590 noctibus.
616 1548 757 1595 Moyses
788 1544 947 1581 medium
975 1539 1115 1576 nebulae
1141 1538 1339 1582 ingressus,

293 1613 450 1650 escendit
465 1612 501 1647 in
519 1613 694 1649 montem,
712 1614 795 1641 cum
816 1602 1071 1648 praedicatores
1090 1596 1219 1634 divinae
1238 1593 1342 1640 legis,

296 1673 325 1710 in
345 1675 474 1720 quibus
491 1673 566 1717 ipse
585 1669 726 1715 Moyses
740 1664 895 1701 eximius
912 1667 1005 1705 erat,
1031 1660 1075 1695 ad
1095 1657 1267 1694 intuenda
1286 1665 1348 1691 su-

294 1735 447 1772 nlimiter
467 1733 603 1768 incerta
635 1734 672 1765 et
701 1725 842 1764 occulta
875 1722 1061 1770 sapientiae
1085 1719 1229 1761 divinae,
1260 1715 1350 1751 invi-

293 1801 390 1831 tante
422 1804 463 1829 ae
496 1792 650 1828 ducente
677 1788 844 1828 Domino,
874 1788 1080 1831 penetrant.
1114 1780 1198 1816 Fuit
1227 1783 1349 1814 autem

293 1867 374 1893 cum
393 1854 543 1890 Domino
567 1852 707 1899 Moyses
726 1847 965 1896 quadraginta
985 1845 1114 1881 diebus
1131 1848 1168 1878 et
1194 1840 1350 1887 quadra-

294 1919 394 1965 ginta
425 1916 604 1957 noetibus‚
637 1919 678 1949 ut
703 1913 773 1948 hoe
806 1918 958 1946 numero
989 1905 1160 1952 temporis
1180 1904 1351 1943 disceret,

295 1980 390 2026 quod
409 1978 460 2014 illi
478 1974 701 2013 solummodo
717 1971 927 2016 decalogum
945 1968 1048 2014 legis,
1066 1977 1172 2012 quem
1189 1975 1271 2002 cum
1289 1972 1353 1999 suo

295 2039 428 2086 populo
449 2040 649 2081 acceperat,
669 2038 815 2079 possent
840 2029 1002 2075 implere.
1029 2037 1119 2072 quos
1139 2024 1356 2072 evangelicae

1408 1230 1505 1276 ipsos
1524 1226 1703 1264 Dominiei
1724 1225 1845 1273 gregis
1863 1224 2048 1265 ductores,
2068 1231 2135 1257 suo
2152 1219 2329 1267 sanguine
2358 1217 2478 1264 bapti-

1408 1297 1509 1326 zatos
1534 1289 1723 1331 videmus;
1751 1285 1857 1334 pelles
1891 1283 2154 1331 hyacinthinas,
2184 1291 2268 1317 cum
2297 1289 2368 1316 nos
2395 1282 2478 1325 post

1408 1349 1793 1397 mortem‘spiritualia
1819 1348 1854 1383 in
1883 1346 1988 1383 coelis
2006 1354 2159 1389 corpora
2190 1341 2383 1379 habituros
2398 1349 2481 1376 esse

1410 1423 1622 1461 speramus;
1644 1411 1740 1457 liqna
1756 1409 1895 1451 sethim,
1913 1417 1995 1443 eum
2015 1404 2227 1452 expurgatis
2243 1407 2479 1449 peecatorum

1411 1474 1578 1521 spinetis,
1599 1471 1734 1507 munda
1754 1479 1863 1506 carne
1887 1473 1922 1504 et
1938 1467 2075 1507 anima,
2102 1465 2169 1502 soli
2191 1464 2343 1500 Domino
2367 1460 2481 1498 servi-

1412 1546 1494 1571 mus
1512 1545 1521 1578 ;
1544 1533 1658 1569 oleum
1678 1531 1723 1566 ad
1742 1530 1935 1571 luminaria
1955 1525 2216 1569 concinnanda,
2251 1533 2334 1560 cum
2355 1521 2485 1558 fructi-

1414 1598 1482 1633 bus
1503 1592 1693 1631 eharitatis
1712 1596 1749 1627 et
1768 1588 2028 1626 misericordiae
2042 1585 2264 1632 refulgemus
2282 1594 2293 1627 ;
2321 1585 2486 1618 aromata

1416 1657 1452 1691 in
1473 1659 1715 1701 unguentum,
1736 1657 1772 1688 et
1801 1650 2000 1698 thymiama
2026 1647 2113 1683 boni
2144 1645 2280 1688 odoris,
2303 1654 2385 1680 cum
2408 1642 2487 1689 opi-

1416 1717 1563 1752 nionem
1579 1716 1683 1751 honae
1707 1717 1842 1748 nostrae
1861 1708 2029 1750 aetionis,
2048 1707 2204 1743 multum
2219 1705 2263 1740 ad
2279 1702 2486 1749 exemplum

1417 1779 1509 1815 bene
1538 1775 1701 1818 vivendi,
1735 1774 1842 1818 longe
1875 1771 2019 1815 lateque
2057 1767 2316 1806 dil'ftmdimus:
2353 1763 2487 1810 lapides

1420 1837 1611 1885 onychinos
1641 1841 1672 1870 et
1701 1843 1856 1880 yemmas
1889 1830 1934 1865 ad
1953 1828 2153 1864 ornandum
2174 1827 2285 1873 ephod
2315 1837 2356 1861 ac
2381 1824 2491 1859 ratio-

1422 1897 1514 1939 nale,
1546 1905 1629 1931 cum
1654 1891 1830 1929 miracula
1859 1894 2069 1926 sanctorum
2089 1887 2222 1934 quibus
2252 1885 2492 1932 cogitationes

1423 1958 1498 1994 Deo
1521 1957 1685 1998 devotas,
1707 1960 1743 1991 et
1771 1963 1883 2000 opera
1903 1952 2079 1988 virtutum
2100 1949 2210 1995 digna
2236 1948 2342 1984 laude
2361 1947 2493 1994 praedi-

1424 2030 1562 2062 camus,
1587 2023 1697 2064 atque
1726 2017 1805 2052 haee
1836 2015 1872 2051 in
1908 2013 2130 2060 adjutorium
2157 2016 2293 2048 nostrae
2322 2009 2404 2046 fidei
2431 2009 2493 2045 uhi

299 2099 413 2145 gratia
451 2094 626 2136 veritatis,
664 2102 743 2138 quac
781 2095 934 2136 quatuor
972 2086 1072 2123 libris
1106 2091 1185 2123 erat
1217 2079 1402 2120 deseri-C
1424 2092 1515 2128 opus
1548 2080 1685 2124 suerit,
1733 2077 1965 2114 assumimus.
2006 2075 2098 2119 Quia
2129 2074 2227 2109 enim
2261 2073 2296 2108 in
2331 2071 2496 2108 humeris

302 2159 433 2200 herma,
447 2158 603 2204 juvaret.

701 2210 852 2249 CAPUT
879 2209 966 2247 Vlll.

307 2279 361 2315 De
379 2289 418 2314 eo
439 2277 530 2324 quod
547 2276 682 2312 locutus
704 2280 752 2309 est
776 2271 945 2307 Dominus
967 2268 1011 2305 ad
1031 2267 1174 2313 Moysen
1194 2267 1236 2301 tte
1260 2265 1358 2301 obla-

651 2322 743 2356 tione
762 2318 1013 2365 primitiarum.

355 2402 506 2437 Locutus
526 2404 575 2434 est
605 2396 775 2432 Dominus
796 2393 840 2429 ad
874 2391 1019 2438 Moysen
1041 2389 1186 2425 dicens:
1209 2387 1363 2434 Loquere

310 2462 392 2508 fitiis
414 2459 540 2503 Israel,
560 2465 598 2494 ut
628 2456 754 2492 tollant
786 2454 871 2490 mihi
895 2451 1079 2499 primitias.
1106 2450 1156 2486 Ab
1175 2450 1270 2484 omni
1297 2448 1363 2482 ho-

312 2525 402 2558 mine
423 2521 481 2568 qui
513 2520 615 2565 offert
643 2516 836 2556 ultroneus,
867 2513 1043 2560 accipietis
1070 2511 1243 2558 primitias
1278 2509 1365 2544 ntihi

315 2582 448 2628 (Exod.
471 2581 569 2627 xxv).
593 2579 637 2615 Et
655 2588 721 2614 nos
747 2575 928 2623 primitias
953 2575 1130 2610 honorum
1157 2577 1365 2609 nostrorum

316 2642 468 2679 Domino
483 2640 682 2681 offerimus,
702 2638 845 2683 quando
872 2636 902 2672 si
923 2634 1008 2681 quid
1033 2633 1118 2670 boni
1139 2633 1293 2680 agimus,
1313 2636 1367 2666 to-

317 2710 395 2738 tum
412 2698 634 2745 liocfdivinae
663 2697 787 2744 gratia}
814 2695 1019 2737 tribuimus,
1047 2693 1226 2730 veraciter
1244 2697 1282 2728 et
1310 2691 1367 2727 in—

319 2764 408 2799 timo
424 2771 469 2798 ex
489 2760 596 2798 corde
617 2758 829 2806 profitentes
853 2756 949 2801 quod
975 2766 1021 2791 ue
1054 2755 1195 2790 initium
1223 2754 1369 2799 quidem

320 2824 423 2860 bonae
436 2819 592 2858 aetionis
607 2824 670 2854 aut
683 2815 911 2863 cogitationis
931 2814 1079 2859 aliquid,
1095 2813 1165 2849 nisi
1183 2823 1202 2848 a
1219 2812 1371 2849 Domino

322 2881 503 2927 possimus
526 2879 673 2919 habere,
691 2875 788 2912 mala
804 2883 891 2911 vero
909 2878 1049 2915 nostra,
1069 2881 1210 2917 semper
1230 2882 1251 2907 a
1270 2870 1374 2907 nobis

326 2940 416 2987 ipsis
442 2937 584 2974 diabolo
603 2936 811 2982 instigante,
841 2939 877 2971 et
895 2938 1014 2979 coepta
1046 2938 1082 2968 et
1110 2936 1373 2974 consummata,

325 3010 393 3037 nec
420 2999 491 3036 nisi
521 2997 673 3035 Domino
704 2997 872 3038 donante,
910 2995 1063 3030 laxanda
1095 3003 1174 3030 esse
1207 2993 1374 3028 fatemur.

326 3060 423 3098 Bene
440 3063 558 3095 autem
575 3056 781 3104 praecipitur
801 3054 940 3101 Moyses
957 3054 1003 3090 ab
1029 3053 1175 3089 homine
1193 3052 1254 3098 qni
1273 3051 1380 3088 offert

327 3121 514 3158 ultroneus
529 3118 694 3165 accipere
713 3116 893 3164 primitias
912 3127 921 3151 ε
943 3114 1090 3150 hilarem
1109 3114 1206 3150 enim
1226 3113 1381 3148 datorem

327 3181 446 3230 ‹titiqu
465 3181 575 3218 Deus.
596 3179 641 3216 Et
661 3178 857 3226 Apostolus
874 3189 883 3213 ε
903 3177 986 3213 Non
1003 3188 1046 3213 ex
1077 3176 1221 3212 tristitia
1243 3187 1305 3212 nos
1323 3183 1384 3212 aut

333 3241 550 3284 necessitate,
578 3239 642 3277 sed
669 3238 847 3287 proposito
874 3237 992 3274 cordis
1024 3237 1114 3272 bona
1144 3236 1259 3282 facere
1284 3235 1385 3281 jubet

332 3303 390 3350 (11
404 3302 487 3340 Gor.
502 3302 569 3351 tx).
583 3301 687 3347 Quod
705 3310 745 3338 se
761 3298 884 3337 lacere
900 3298 1019 3336 sciens
1037 3297 1232 3345 Propheta,
1254 3296 1384 3343 gloria-

334 3369 392 3400 tur
430 3362 583 3400 Domino
627 3361 753 3398 dicens
790 3370 800 3396 :
833 3358 1038 3396 voluntarie
1077 3357 1284 3403 sacrificabo
1325 3357 1389 3392 tibi

337 3422 451 3470 (Psat.
470 3422 563 3471 uu).
595 3421 684 3459 Iloec
702 3427 784 3459 sunt
807 3426 926 3457 autem
957 3429 1037 3468 quoe
1057 3418 1215 3465 accipere
1231 3417 1386 3453 debetis:

339 3481 486 3526 Aurum,
502 3490 682 3530 arpentum
703 3488 736 3519 et
762 3491 825 3526 oes,
855 3479 1084 3527 hyacinthum
1110 3489 1152 3515 ac
1170 3487 1388 3525 purpuram,-

340 3552 546 3590 coceumque
565 3543 615 3579 bis
633 3544 777 3581 tinctum
789 3547 828 3580 et
852 3541 1006 3589 byssum,
1020 3539 1111 3588 pilas
1129 3549 1331 3588 caprarum,
1357 3543 1390 3575 et

340 3599 446 3646 pelte·
457 3601 607 3637 arietum
624 3601 833 3645 rubricatas,
850 3599 956 3648 peltes
971 3599 1233 3647 hyacinthinas,
1249 3604 1282 3635 et
1296 3597 1392 3646 liqna

343 3661 480 3705 sethim
497 3660 610 3698 oleum
624 3661 670 3698 ad
687 3661 879 3698 tunninaria
893 3659 1153 3704 concinnanda,
1173 3664 1335 3696 aromata
1353 3658 1393 3694 in

345 3726 574 3766 unquentum,
592 3727 626 3758 et
637 3721 830 3768 thymiama
843 3720 1072 3766 boni-odoris,
1098 3718 1232 3767 lapides
1249 3717 1395 3766 onychi-

351 3786 428 3821 w·
444 3777 640 3825 “mis
657 3781 704 3819 act
719 3781 918 3820 amandum
929 3780 1048 3830 ephod«
1054 3791 1098 3822 ac
1111 3778 1299 3819 rationale.
1317 3777 1394 3816 Fa-

1395 2971 1429 3010 D

1427 2151 1539 2178 oncra
1566 2146 1711 2188 gestare
1733 2139 1903 2180 solemus,
1929 2142 1965 2172 et
1983 2141 2082 2172 recte
2109 2145 2175 2182 per
2193 2134 2326 2181 ephod,
2356 2133 2392 2169 id
2423 2138 2494 2174 est.

1428 2201 1740 2248 superhumerale,
1763 2209 1875 2245 opera
1891 2198 2088 2243 justorum,
2106 2202 2143 2233 et
2168 2196 2220 2243 pii
2249 2205 2317 2242 pro
2341 2194 2499 2231 Domino

1430 2262 1588 2304 labores,
1613 2261 1858 2296 insinuantur.
1881 2259 1972 2303 Quia
2003 2269 2088 2294 vero
2114 2258 2150 2293 in
2179 2262 2330 2303 pectore
2355 2256 2499 2302 eogita-

1432 2324 1569 2359 tionum
1591 2324 1695 2358 sedes
1714 2327 1782 2365 est,
1812 2327 1911 2358 reete
1938 2321 1974 2356 in
2004 2320 2172 2355 rationali
2193 2319 2255 2365 qui
2275 2324 2330 2355 est
2351 2318 2500 2354 habitus

1431 2383 1590 2428 pectoris
1610 2381 1861 2425 sacerdotalis,
1895 2381 2039 2417 mundae
2071 2380 2274 2415 electorum
2304 2377 2500 2425 cogitatio-

1433 2454 1499 2479 nes
1531 2444 1797 2489 exprimuntur.
1830 2441 2057 2488 Lapidesque
2081 2439 2254 2486 onychini
2280 2444 2316 2474 ct
2347 2448 2502 2485 gemmae
2530 2452 2533 2453 ⁷

1434 2508 1564 2539 ornant
1584 2503 1701 2549 ephod
1719 2512 1762 2539 ac
1782 2502 1972 2540 rationale.
1993 2511 2076 2537 cum
2098 2499 2244 2536 eximiis
2272 2509 2501 2535 summorum
2527 2501 2540 2535 Σ

1434 2563 1582 2599 Patrum
1613 2563 1756 2599 actibus
1777 2569 1814 2599 et
1843 2561 2137 2609 cogitationibus,
2166 2559 2279 2596 etiam
2305 2558 2501 2596 miraculo·
2527 2570 2540 2591 2

1436 2635 1517 2661 rum
1536 2624 1689 2671 insignia
1703 2624 1920 2671 junguntur.

1851 2684 2004 2722 CAPUT
2030 2683 2092 2720 tx.
2526 2715 2540 2720 -

1462 2751 1513 2787 Dc
1536 2755 1706 2797 praecepto
1731 2748 1906 2795 quomodo
1924 2748 2168 2783 sanctuarium
2187 2746 2290 2793 jubet
2308 2745 2480 2782 construi.

1486 2812 1519 2847 F
1522 2812 1702 2858 aciemque
1719 2809 1819 2853 milti,
1842 2810 1974 2856 inquit,
1999 2809 2257 2852 sanctuarium,
2289 2813 2322 2844 et
2338 2797 2529 2844 habitabi·

1441 2874 1478 2908 in
1494 2872 1607 2908 medio
1622 2882 1741 2907 eorum
1760 2880 1771 2905 .·
1782 2878 1889 2917 juxta
1905 2883 2040 2907 omnem
2061 2870 2328 2908 similitudinem
2345 2847 2513 2906 tabernal·

1446 2932 1515 2968 culi
1535 2932 1628 2979 quod
1647 2932 1829 2968 ostendam
1855 2933 1932 2976 tibi,
1953 2939 1984 2969 et
2013 2933 2170 2970 omnium
2190 2943 2354 2985 vasorum
2377 2931 2413 2967 in
2431 2915 2515 2971 culssg

1446 2998 1521 3027 tum
1543 2992 1634 3038 ejus.
1656 2991 1822 3028 Ostendit
1841 2993 1954 3040 Moysi
1974 2993 2148 3030 Dominus
2172 2991 2448 3029 tabernaculum
2469 2979 2489 3026 ἱ(
2508 3028 2510 3030 ,

1448 3057 1585 3095 monte,
1619 3057 1656 3087 et
1686 3063 1773 3088 vasa
1797 3052 1833 3088 in
1858 3053 1994 3090 cultum
2019 3059 2233 3090 consecrata
2250 3065 2259 3090 ε
2276 3052 2362 3099 quia
2389 3051 2469 3087 eide
2492 3066 2518 3093 ’,ι

1448 3123 1570 3149 seeum
1590 3118 1692 3150 tanto
1721 3119 1884 3161 tempore
1908 3114 2113 3152 demoranti
2140 3113 2333 3151 manifeste
2359 3112 2464 3149 demo

1449 3174 1591 3218 stravit,
1627 3180 1761 3221 quanta
1800 3175 1951 3222 pietate,
1992 3176 2211 3219 humilitate,
2243 3181 2282 3212 et
2314 3170 2495 3211 mundit'

1450 3235 1604 3271 virtutes
1618 3236 1790 3282 angelicae
1809 3247 1875 3274 suo
1890 3237 2053 3275 Creatori
2071 3237 2229 3285 gaudent
2245 3235 2408 3280 obedire,
2429 3243 2453 3281 q
2476 3220 2481 3259 -'

1453 3299 1537 3330 sunt
1553 3294 1756 3340 perfectum
1780 3296 1816 3332 in
1841 3299 2010 3335 omnibus
2029 3296 2301 3335 tabernaculum
2321 3293 2422 3341 ejus;
2472 3296 2474 3298 ’

1454 3364 1637 3400 nunquam
1658 3355 1695 3390 in
1716 3356 1769 3393 eis
1799 3367 1843 3394 ex
1864 3369 1937 3405 quo
1959 3358 2095 3396 conditi
2118 3363 2214 3400 sunt,
2233 3366 2380 3393 manere
2402 3366 2423 3392 a
2448 3371 2454 3387 ι
2482 3362 2484 3364 ’

1456 3414 1661 3452 inhabitare
1673 3417 1841 3454 cessavit.
1860 3418 2153 3456 Tabernaculum
2183 3427 2270 3464 ergo
2287 3416 2383 3463 quod
2397 3414 2456 3452 Mo
2467 3421 2484 3463 ’ρ’

1458 3475 1495 3511 in
1516 3479 1639 3511 monte
1666 3482 1907 3515 monstratum
1931 3485 2002 3524 est,
2030 3489 2187 3527 superna
2209 3483 2266 3515 est
2295 3476 2358 3514 itta
2383 3468 2471 3513 ciri

1459 3540 1496 3572 et
1510 3535 1630 3582 patria
1643 3536 1816 3582 coelestis,
1836 3548 1916 3584 qnae
1932 3539 1994 3578 illo
2007 3541 2153 3587 quidem
2170 3545 2348 3586 tempore,
2366 3545 2414 3582 ex
2432 3553 2459 3567 ·

1459 3596 1645 3633 exstitisse
1675 3597 1836 3634 ereditur
1864 3601 2002 3646 angelis
2028 3601 2178 3638 sanetis.
2197 3599 2285 3638 Post
2305 3606 2392 3646 pass
2455 3628 2457 3630 .

1458 3665 1563 3700 vero,
1580 3657 1900 3703 resurrectionem,
1921 3661 2172 3699 ascensionem
2196 3661 2235 3698 in
2248 3655 2363 3699 amics
2401 3674 2405 3689 ‚-
2425 3682 2433 3687 -
2454 3693 2458 3695 .

1459 3715 1552 3752 toris
1573 3715 1638 3752 Dei
1657 3721 1694 3753 et
1718 3716 1921 3762 hominum,
1950 3725 1989 3756 et
2017 3718 2318 3761 multitudinem}
2356 3726 2425 3750 ..a
2439 3715 2450 3760 ζ·

1460 3782 1497 3816 et
1509 3777 1692 3824 copiosam
1712 3782 1921 3816 sanctarum
1939 3780 2068 3828 recipit
2081 3765 2305 3819 animai-um.
2316 3763 2419 3820 Vsu
2439 3762 2450 3803 ',
