2540 4016
0 3964 10 4016 ve-
0 3855 11 3953 -=„—-v-
0 3824 3 3842 .„

281 245 325 281 79

285 374 390 410 daun·
413 367 459 405 de
476 364 580 403 coelo.
608 360 662 397 llli
689 355 850 394 infelices
869 350 990 387 dolent
1012 353 1048 381 et
1067 343 1266 390 suspirant,
1295 346 1333 378 et

283 446 322 473 se
335 434 490 471 miseros
505 428 647 468 dicunt;
673 422 758 469 quia
771 425 902 455 manna
921 413 1014 449 sicut
1028 411 1251 453 acceperunt
1269 416 1331 452 pa-

284 502 359 532 tres
376 494 543 540 ipsorum,
565 485 631 532 ipsi
649 493 719 519 non
736 480 918 515 merentur
944 470 1122 516 accipere.
1151 466 1205 502 llli
1239 476 1332 501 nun-

285 564 393 602 quam
418 559 547 588 manna
577 542 807 581 manducant.
839 535 918 571 Non
950 531 1047 569 enim
1069 532 1222 576 possunt
1247 525 1334 562 illud

284 614 509 652 manducare,
530 604 622 652 quod
640 607 694 639 est
713 600 891 636 minutum
909 594 1005 630 sicut
1029 601 1156 628 semen
1192 588 1335 626 corian-

283 676 352 717 dri,
367 680 403 709 et
423 668 610 708 candidum
632 664 724 701 sicut
743 659 885 707 pruina.
913 653 1011 691 Nihil
1031 653 1128 690 enim
1148 651 1185 687 in
1224 649 1335 685 verbo

282 736 346 771 Dei
361 733 549 771 minutum,
570 724 659 763 nihil
678 720 820 762 subtile,
841 716 932 754 nihil
950 715 1112 752 sentiunt
1130 709 1334 758 spirituale,

284 794 347 831 sed
366 798 478 827 totum
499 788 642 834 pingue,
661 788 775 819 totuin
798 787 977 815 crassum.
1000 775 1248 810 Incrassatum
1278 774 1334 805 est

286 855 380 892 enim
402 862 463 889 cor
476 848 595 897 populi
631 846 738 881 illius.
765 841 834 877 Sed
852 845 889 876 et
905 835 1157 883 interpretatio
1179 831 1338 868 nominis

288 916 354 950 lioc
371 912 461 948 idem
482 913 596 945 sonat.
616 905 743 941 Manna
763 901 858 938 enim
880 900 1156 944 interpretatur,
1173 892 1266 937 Quid
1283 896 1339 927 est

288 975 381 1011 boc?
403 972 498 1011 Vide,
525 969 554 1005 si
572 978 641 1003 non
656 966 731 1012 ipsa
751 962 908 1000 nominis
926 960 1043 996 virtus
1060 958 1105 994 ad
1126 955 1340 993 discendum

289 1042 323 1069 tc
352 1034 534 1078 provocat,
563 1034 602 1062 ut
634 1036 716 1062 cuni
737 1023 839 1059 audis
860 1022 976 1068 legem
1003 1019 1068 1055 Dei
1099 1016 1259 1058 recitari,
1284 1015 1341 1049 in--

285 1093 405 1139 quiras
436 1099 588 1135 semper,
619 1092 656 1123 et
695 1086 896 1129 interroges
927 1087 964 1116 et
990 1079 1091 1114 dicas
1119 1075 1341 1117 doctoribus,

283 1153 375 1199 Quid
397 1158 453 1189 est
474 1151 568 1188 lioc?
604 1149 679 1184 lloc
705 1147 803 1183 euim
822 1150 890 1187 est,
913 1143 1010 1190 quod
1039 1141 1176 1177 indicat
1197 1147 1342 1174 manna.

717 220 758 256 B.
786 210 954 254 RABANI
978 204 1127 246 MAUR!
1155 202 1373 243 ARCHIEP.
1402 196 1612 240 MOGUNT.
1640 192 1832 235 OPERUM
1858 189 1979 228 PARS
2001 187 2030 224 1·
2388 180 2467 218 ’80
2488 190 2490 193 ·

283 311 344 360 qui
368 306 439 345 tale
467 310 599 342 manna
621 296 848 343 suscipimus,
885 296 1024 333 semper
1051 282 1158 320 nobis
1187 291 1325 318 manna
1340 268 1382 323 'A
1396 279 1530 322 dinem,
1561 281 1594 313 et
1608 285 1685 311 ecce
1705 272 1820 320 yloria
1839 268 1984 305 Domini
1998 262 2163 313 apparuit
2177 261 2215 299 in
2231 260 2334 297 nube.
2350 246 2468 295 Locu-

1400 346 1456 377 tus
1486 343 1537 375 est
1566 342 1684 373 autem
1708 333 1882 370 Dominus
1915 329 1961 366 ad
1991 327 2139 374 Moysen
2176 318 2470 359 dicensmudm

1400 399 1700 437 murmurationes
1739 394 1898 442 liliorum
1926 390 2070 433 Israel;
2115 387 2256 435 loquere
2292 381 2339 419 ad
2386 390 2470 425 eos,

1401 473 1538 510 vespere
1553 458 1741 497 comedetis
1761 467 1900 499 carnes,
1927 460 1959 490 et
1979 448 2227 490 saturabimini
2250 455 2340 494 pane
2355 453 2368 480 .·
2383 442 2474 479 scie·

1402 524 1514 569 iisque
1544 520 1637 569 quod
1671 519 1740 555 sim
1765 517 1936 554 Dominus
1966 514 2064 550 Deus
2093 517 2219 548 vester.
2246 508 2345 544 Deus
2363 513 2472 542 man-

1403 585 1467 620 dat
1490 592 1555 630 per
1588 581 1735 628 Moysen
1751 577 1885 626 populo
1907 589 1915 612 :
1932 575 1987 612 Ad
2007 583 2187 622 vesperam
2204 570 2311 607 edetis
2332 576 2472 610 carnes,

1403 651 1435 681 et
1462 654 1566 680 mane
1594 641 1813 690 replebimini
1836 639 1987 688 panibus
2029 636 2105 684 (Ex
2133 630 2362 682 Augustino.)
2382 629 2477 666 Ecce

1403 716 1471 753 pro
1489 703 1588 741 omni
1608 703 1782 739 alimento
1800 711 1915 748 panes
1930 699 2182 736 nominantur.
2211 696 2303 732 Nam
2321 694 2391 731 isto
2411 700 2479 728 no-

1406 756 1504 802 m'ine
1522 770 1559 800 et
1577 773 1708 800 carnes
1725 761 2102 808 comprehenduntur,
2140 757 2227 804 quia
2252 762 2289 793 et
2306 757 2396 802 ipsae
2414 752 2477 790 ali-

1407 832 1529 864 menta
1557 831 1667 869 sunt;
1700 834 1768 860 nee
1789 831 1910 858 tamen
1929 830 2044 868 panes
2065 829 2129 856 eos
2155 818 2264 855 modo
2281 815 2384 860 dicit,
2415 813 2480 862 qui

1410 889 1501 924 liunt
1521 897 1565 923 ex
1593 884 1798 922 frumentis.
1836 883 1937 930 Ipsos
1972 881 2070 918 enim
2095 879 2246 927 proprie
2277 887 2394 924 panes
2417 885 2481 923 ap-

1409 949 1548 996 pellare
1570 947 1839 984 consuevimus.
1880 945 2011 981 Manna
2035 948 2156 980 autem
2176 950 2314 989 panum
2334 938 2484 976 nomine

1412 1012 1582 1061 appellat.
1599 1010 1679 1047 Nou
1699 1014 1823 1046 autem
1841 1013 1960 1050 vacat,
1991 1006 2091 1052 quod
2106 1004 2207 1047 dicit,
2226 1005 2271 1040 ad
2291 1012 2484 1049 vesperam
2529 1027 2540 1031 -

1414 1083 1560 1118 carnes,
1592 1078 1630 1110 et
1649 1082 1756 1108 mane
1782 1080 1897 1117 panes
1927 1080 1966 1106 se
2005 1069 2190 1106 daturum.
2231 1066 2318 1102 Tale
2353 1065 2486 1112 quippe
2535 1080 2540 1081 ⁷

2525 960 2540 970 ι’
2523 833 2540 935 'An-mk&

1415 1134 1551 1181 aliquid
1570 1133 1679 1170 etiam
1705 1132 1741 1168 in
1774 1131 1852 1166 Elia
1887 1128 2133 1176 significatum
2162 1133 2239 1171 est,
2268 1136 2352 1163 cum
2369 1125 2403 1161 ei
2423 1124 2489 1160 ali·
2535 1130 2540 1132 ·

284 1215 334 1250 Τιι
352 1223 438 1249 vero
465 1212 495 1248 si
523 1211 576 1246 vis
593 1209 813 1245 manducare
837 1214 982 1247 manna,
1014 1203 1051 1239 id
1078 1207 1150 1244 est,
1180 1200 1209 1236 si
1238 1198 1343 1245 cupis
1363 1188 1396 1227 Β
1419 1203 1542 1235 menta
1560 1206 1690 1233 corvus
1711 1193 1870 1230 afferret.
1892 1192 1947 1227 An
1974 1191 2068 1227 sorte
2089 1190 2264 1226 carnibus
2284 1188 2331 1224 ad
2365 1196 2490 1233 vespe-

286 1274 466 1319 suscipere
485 1271 609 1313 verba,
626 1269 717 1305 scito
733 1267 819 1303 illud
847 1266 1026 1301 minutum
1056 1273 1150 1305 esse,
1187 1267 1222 1297 et
1243 1260 1348 1295 valde

288 1336 428 1378 subtile,
451 1334 544 1370 sicut
572 1341 695 1368 semen
725 1329 922 1366 coriandri.
944 1327 1061 1363 Habet
1091 1324 1189 1362 enim
1211 1322 1349 1368 aliquid

289 1399 324 1434 iu
338 1408 373 1435 se
383 1395 545 1438 etoleris,
564 1403 635 1440 quo
653 1391 836 1428 nutrireet
848 1398 1018 1426 recreare
1035 1384 1348 1434 possitinlirnios:

290 1445 447 1506 quisqui
477 1457 635 1502 infirmus
659 1459 726 1496 est,
766 1451 860 1488 olera
886 1450 1072 1486 manducet
1105 1447 1220 1493 (Rom.
1256 1446 1347 1491 xiv).

295 1522 408 1558 Habet
446 1519 577 1564 aliquid
597 1522 633 1553 et
650 1515 797 1561 rigoris,
811 1519 847 1549 et
864 1513 943 1548 ideo
963 1517 1002 1547 ut
1020 1510 1150 1557 pruina
1171 1512 1239 1544 est.
1257 1507 1351 1543 Can-

290 1583 386 1619 doris
417 1586 536 1616 autem
558 1585 595 1614 et
628 1575 829 1614 dulcedinis
861 1574 971 1609 habet
1006 1571 1216 1618 plurimum.
1254 1566 1350 1612 Quid

292 1643 387 1678 enim
405 1639 605 1680 candidius,
628 1637 713 1683 quid
729 1634 950 1681 splendidius
981 1631 1185 1668 eruditione
1204 1627 1350 1665 divina?

297 1704 387 1748 Quid
402 1703 554 1744 dulcius,
576 1699 705 1746 quidve
730 1698 874 1734 suavius
906 1695 1060 1740 eloquiis
1082 1692 1243 1734 Domini,
1271 1700 1352 1736 quae

297 1770 381 1800 sunt
409 1773 514 1809 super
535 1761 602 1797 niel
628 1766 663 1796 et
682 1759 829 1794 favum?
855 1756 926 1793 Sed
944 1755 1031 1802 quid
1050 1761 1107 1791 est
1125 1753 1223 1799 quod
1247 1751 1349 1795 dicit,

297 1830 336 1860 ut
368 1824 482 1860 indie
519 1827 618 1858 sexta
657 1819 802 1866 duplum
833 1817 1017 1864 colligitur
1046 1815 1084 1851 in
1115 1812 1353 1860 repositione,

297 1891 468 1932 quantum
506 1883 658 1921 sufficiat
691 1882 798 1917 etiam
831 1878 1008 1916 sabbato?
1041 1876 1118 1912 Hoc
1153 1874 1356 1911 secundum

298 1952 454 1983 nostram
470 1942 756 1990 intelligentiam,
774 1952 843 1977 non
858 1940 967 1976 otiosi
987 1947 1054 1974 nec
1069 1936 1190 1974 securi
1203 1940 1358 1981 praeter-

299 2011 351 2046 ire
381 2009 565 2045 debemus.
592 2005 701 2041 Sexta
726 2005 802 2039 dies
831 2007 888 2038 est
912 2002 1006 2043 baec,
1026 2000 1062 2034 in
1088 2009 1158 2044 qua
1174 2007 1271 2032 nunc
1298 2005 1359 2031 su-

301 2083 379 2110 mus
408 2071 496 2107 vita.
514 2069 555 2105 ln
575 2079 639 2104 sex
653 2068 750 2103 enim
771 2067 899 2102 diebus
918 2065 1015 2100 Deus
1034 2061 1122 2098 fecit
1141 2061 1239 2096 hunc
1253 2068 1358 2095 mun-

303 2137 402 2172 dum.
415 2133 491 2169 nac
511 2142 595 2178 ergo
615 2137 754 2167 tantum
775 2140 952 2177 reponere
973 2127 1148 2164 debemus
1170 2130 1207 2161 et
1228 2133 1358 2160 recon-

305 2198 401 2239 dere,
422 2200 593 2242 quantuin
612 2193 763 2230 sufficiat
777 2198 812 2228 et
831 2191 1000 2228 insuturo
1014 2189 1085 2225 die.
1107 2188 1145 2224 Si
1161 2186 1245 2234 quid
1261 2186 1360 2224 enim

307 2258 365 2294 hic
380 2258 461 2294 boni
476 2257 594 2303 operis
614 2256 795 2301 acquiras,
816 2254 845 2289 si
867 2249 1128 2299 quidjustitiae,
1152 2249 1362 2284 misericor-

307 2320 372 2356 diae
391 2325 425 2355 et
442 2318 584 2365 pietatis
607 2317 793 2356 recondas,
822 2315 891 2350 hoc
924 2311 990 2347 tibi
1021 2311 1058 2346 in
1084 2309 1204 2345 futuro
1231 2308 1363 2344 saeculo

308 2379 375 2416 erit
391 2378 503 2415 cibus.
526 2377 642 2412 Aliter
658 2384 856 2421 supernum
872 2372 981 2417 igitur
1000 2380 1131 2406 manna
1149 2369 1268 2404 anima
1283 2377 1365 2414 per-

308 2440 404 2485 cipit,
426 2450 508 2476 cum
523 2448 588 2483 per
604 2445 730 2472 vocem
747 2432 1036 2479 compunctionis
1055 2431 1211 2473 elevata,
1232 2439 1365 2465 novam

309 2500 464 2546 speciem
490 2499 643 2534 internae
661 2494 870 2532 resectionis
886 2493 1131 2538 obstupescit;
1165 2497 1204 2526 ut
1238 2491 1363 2526 divina

312 2559 496 2595 dulcedine
527 2557 677 2604 repleta,
709 2555 790 2602 iure
826 2554 1043 2600 respondeat
1068 2552 1161 2596 Quid
1182 2556 1237 2588 est
1265 2552 1365 2588 hoc:

313 2618 395 2663 quia
412 2619 495 2654 dum
521 2616 644 2654 intima
660 2615 878 2663 cogitatione
902 2613 1147 2659 suspenditur,
1169 2621 1285 2657 eaque
1303 2621 1368 2647 su-

315 2678 437 2721 pernis
456 2677 644 2722 conspicit,
683 2676 826 2711 insolite
845 2675 1012 2718 miratur,
1031 2679 1068 2710 et
1089 2684 1172 2710 cum
1193 2673 1262 2708 hac
1281 2682 1370 2709 voce

319 2735 474 2780 torporis
505 2734 618 2769 nostri
653 2734 807 2769 sorditas
842 2737 1037 2779 rumpitur,
1074 2740 1258 2771 vetustate
1286 2734 1372 2770 vitae

323 2795 484 2840 protinus
508 2804 592 2830 usus
622 2799 782 2830 mutatur
805 2806 813 2828 ;
836 2799 877 2828 ιιι
898 2795 1017 2830 anima
1045 2805 1201 2840 superno
1241 2796 1373 2842 spiritu

324 2852 455 2897 afflata,
479 2859 516 2889 et
547 2854 584 2889 in
602 2853 752 2889 summis
769 2858 914 2897 appetat
930 2863 1008 2897 quoe
1025 2859 1308 2900 contempserat,
1334 2861 1375 2891 et

325 2918 530 2949 contemnat
562 2913 599 2947 in
627 2911 759 2946 intimis
790 2922 869 2956 quae
899 2911 1100 2957 appetebat.
1134 2912 1375 2962 Dixeruntque

330 2972 465 3018 Moyses
491 2978 521 3006 et
537 2972 654 3006 Aaron
668 2971 713 3006 ad
730 2982 845 3007 omnes
859 2971 951 3016 filios
968 2970 1081 3007 Israel
1097 2981 1109 3005 :
1130 2971 1278 3019 Vespere
1295 2976 1379 3010 seie-

330 3032 388 3075 ῆι,
409 3030 501 3078 quod
520 3030 690 3066 Dominus
719 3031 875 3066 eduxerit
904 3042 961 3067 vos
975 3031 1017 3067 de
1049 3037 1143 3067 terra
1171 3032 1330 3080 AEyypn’,
1347 3042 1379 3070 et

329 3098 432 3126 mane
458 3089 615 3126 videbitis
642 3089 789 3136 gloriam
819 3090 972 3126 Domini.
1013 3090 1153 3137 Moyses
1188 3098 1225 3128 et
1257 3093 1380 3131 Aaron

272 3168 281 3211 ,s
331 3150 457 3188 dicunt
475 3150 520 3186 ad
540 3149 710 3196 populum
732 3151 826 3187 inter
845 3157 978 3187 caetera
1003 3163 1012 3187 ε
1042 3150 1194 3198 Propter
1211 3155 1304 3200 quod
1318 3167 1380 3191 ex-

274 3221 279 3229 ·
330 3210 464 3247 minu
491 3209 664 3246 Dominus
690 3212 1001 3247 murmurationem
1030 3219 1181 3248 vestram
1212 3226 1281 3261 qua
1323 3227 1381 3252 vos

330 3272 558 3307 murmuratis
576 3271 760 3308 aduersum
782 3282 856 3307 nos.
878 3270 954 3307 Nos
970 3279 1088 3309 autem
1113 3274 1198 3320 quid
1227 3287 1348 3312 sumus
1365 3278 1382 3312 ,⁹

334 3332 416 3370 Non
443 3333 538 3369 enim
556 3332 740 3370 aduersum
772 3343 835 3370 nos
866 3344 1027 3370 murmur
1045 3341 1196 3371 vestrum
1224 3343 1288 3380 ese,
1320 3338 1379 3374 sed

334 3394 513 3431 aduersum
530 3393 657 3431 Deum
687 3393 765 3432 Non
783 3404 829 3431 ex
850 3394 920 3432 hoc
948 3401 1090 3432 tantum
1109 3407 1150 3434 se
1176 3397 1298 3435 valere
1316 3409 1381 3436 vo-

334 3451 491 3498 luerunt,
511 3458 683 3501 quantum
698 3453 808 3499 Deus,
824 3455 993 3493 dixerunt
1007 3457 1103 3493 enim
1121 3469 1129 3493 ε
1152 3457 1246 3502 Quid
1261 3469 1381 3497 sumus

337 3513 430 3549 nos?
447 3520 487 3550 ut
501 3513 551 3550 illi
573 3515 743 3553 adversus
763 3515 863 3553 illum
887 3526 928 3554 se
955 3516 1092 3554 scirent
1120 3529 1381 3564 murmurasse,

338 3571 400 3619 qui
418 3570 498 3610 illos
514 3573 672 3618 miserat,
689 3576 802 3622 etqui
821 3586 887 3624 per
903 3577 996 3615 istos
1010 3578 1240 3625 operabatur.
1265 3578 1383 3616 Dieu-

337 3642 405 3680 φο
427 3631 564 3681 Moyses
599 3634 646 3671 ud
670 3635 815 3673 Aaron:
834 3637 902 3674 Dic
923 3639 1095 3677 universa!
1123 3640 1385 3688 oonqreqaiioiu

339 3691 495 3738 βίαιοι
519 3692 646 3737 ,Israel
666 3705 680 3731 .·
701 3697 861 3735 secedite
888 3708 1008 3736 eoram
1035 3699 1214 3746 Domum,-
1249 3699 1386 3740 oum

342 3753 433 3818 caim
451 3765 609 3794 mur
624 3763 787 3797 unsrun.
805 3758 961 3809 cunque
978 3761 1178 3810 taenarum
1194 3763 1318 3802 Aaron
1333 3756 1384 3802 ω’

345 3817 784 3857 omnmo-ammianum
794 3818 924 3866 lm
952 3822 1388 3864 rumorum-‘³

357 3900 366 3906 ,
419 3901 422 3907 .
579 3903 590 3909 -
640 3886 693 3908 stt„
755 3881 833 3907 rr.¹
1080 3908 1088 3920 Δ
1131 3891 1203 3909 ...J
1262 3887 1387 3915 ..u-,0

1396 3000 1433 3041 D
1451 3026 1521 3062 duo
1552 3037 1673 3073 qomor
1704 3038 1765 3074 per
1802 3027 1960 3075 sinqulos
1989 3029 2161 3075 homines,
2191 3036 2228 3068 et
2264 3032 2418 3079 reliqua.
2439 3031 2515 3081 (En

1462 3892 1521 3912 *Ut
1581 3903 1585 3910 a
1604 3902 1610 3909 ι

1420 3922 1432 3930 -
1451 3924 1462 3934 ¹.

1418 1270 1497 1295 ram
1519 1263 1556 1294 et
1575 1266 1681 1293 mane
1701 1254 1856 1302 panibus
1877 1253 1936 1289 ille
1955 1251 2198 1299 significatur,
2232 1249 2295 1295 qui
2328 1247 2487 1284 traditus

1417 1326 1474 1357 est
1490 1324 1640 1366 propter
1661 1316 1794 1353 delicta
1811 1319 1949 1357 nostra,
1968 1319 2004 1349 et
2030 1310 2232 1348 resurrexit
2246 1314 2398 1356 propter
2408 1307 2489 1355 jus-

1418 1380 1654 1418 tificationem
1673 1377 1862 1414 nostram?
1892 1375 1949 1411 Ad
1965 1383 2154 1421 vesperam
2170 1372 2306 1418 quippe
2322 1375 2491 1406 mortuus
2531 1383 2540 1419 ·s

1419 1454 1464 1480 ex
1483 1442 1695 1479 infirmitate
1713 1446 1751 1477 et
1777 1439 1941 1486 sepultus
1957 1443 2013 1475 est
2035 1450 2043 1472 :
2061 1446 2168 1473 mane
2185 1441 2309 1471 autem
2324 1434 2494 1482 apparuit
2530 1448 2535 1452 -

1421 1505 1622 1552 discipulis,
1646 1503 1708 1550 qui
1740 1506 1994 1539 resurrexerat
2021 1500 2058 1536 in
2085 1499 2235 1535 virtute.
2265 1496 2421 1533 Factum
2441 1503 2493 1533 est

1420 1576 1501 1612 erqo
1532 1576 1682 1612 vespere,
1710 1563 1912 1600 etaseendit
1941 1562 2120 1605 coturnix,
2147 1566 2180 1596 et
2202 1560 2339 1607 operuit
2355 1565 2492 1596 castra.

1423 1626 1529 1662 Mane
1539 1636 1674 1672 quoque
1688 1636 1745 1660 ros
1754 1625 1872 1671 jacuit
1887 1635 1949 1670 per
1957 1624 2144 1658 circuitum
2160 1628 2374 1657 castrorum.
2388 1619 2496 1657 Cum-

1423 1698 1489 1734 que
1520 1686 1711 1732 operuisset
1726 1685 1946 1732 superficiem
1975 1692 2092 1727 terrae,
2115 1683 2280 1731 apparuit
2299 1683 2336 1718 in
2371 1681 2498 1718 solitu-

1425 1749 1506 1784 dine
1528 1748 1717 1792 minutum,
1747 1753 1780 1783 et
1807 1747 1907 1794 quasi
1929 1745 2000 1792 pilo
2022 1752 2139 1781 tusum
2159 1745 2198 1780 in
2229 1743 2496 1780 similitudinem
2536 1736 2540 1737 ⁷

1425 1809 1562 1856 pruinoe
1577 1806 1843 1855 superterram.
1862 1806 1966 1850 Quod
1995 1819 2074 1843 cum
2097 1808 2265 1843 vidissent
2281 1807 2348 1853 filii
2362 1805 2496 1851 Irsael,

1427 1871 1592 1906 dixerunt
1631 1869 1677 1905 ad
1699 1869 1864 1911 invicem,
1887 1867 2025 1903 Manhu
2045 1882 2052 1904 :
2076 1869 2170 1915 quod
2198 1870 2377 1915 siqnificat
2411 1868 2497 1917 quid

1429 1936 1479 1965 est
1522 1930 1587 1964 hoc
1602 1929 1619 1964 ἱ)
1653 1927 1873 1975 Iyuorabant
1920 1929 2013 1964 enim
2043 1929 2128 1975 quid
2160 1935 2262 1964 esset.
2297 1928 2432 1971 Quibus
2450 1929 2500 1964 uit
2535 1926 2540 1927 ⁷

1432 1990 1595 2037 Moyses‚·
1612 1989 1686 2025 Iste
1705 1995 1754 2024 est
1768 1989 1884 2035 panis,
1906 2000 2008 2036 quem
2031 1989 2126 2024 dedit
2143 1989 2316 2025 Dominus
2341 1989 2438 2025 vobis
2454 1989 2500 2025 ad

1432 2051 1656 2089 vescendum.
1683 2050 1753 2086 Hic
1770 2055 1820 2086 est
1845 2061 1958 2086 sermo
1978 2061 2080 2097 quem
2099 2050 2262 2097 proecepit
2293 2049 2467 2085 Dominus
2488 2059 2501 2086 .·

1380 2100 1411 2144 C
1433 2114 1575 2161 collique
1604 2124 1647 2149 ex
1664 2124 1703 2148 eo
1723 2113 1974 2159 unusquisque,
1997 2118 2168 2159 quantum
2193 2112 2343 2159 sufficiat
2360 2112 2407 2147 ad
2429 2122 2503 2148 ves-

1433 2174 1598 2217 cendum,
1614 2183 1736 2220 qomor
1752 2183 1857 2219 super
1871 2171 2011 2218 sinqula
2029 2172 2157 2218 capita.
2174 2170 2288 2207 Juxta
2314 2181 2503 2208 numerum

1435 2236 1635 2271 animarum
1665 2241 1875 2276 vestrarum,
1907 2243 1984 2280 qu'ae
2015 2232 2176 2268 habitunt
2203 2233 2240 2268 in
2274 2230 2503 2267 tabernaculo

1433 2299 1484 2333 sic
1505 2295 1644 2333 tolletis.
1660 2294 1903 2341 Feceruntque
1920 2294 1969 2328 ita
1989 2293 2055 2339 filii
2074 2290 2206 2338 lsrael,
2222 2298 2255 2328 et
2273 2291 2503 2339 collegerunt,

1437 2358 1527 2394 alius
1554 2357 1649 2404 plus,
1677 2356 1769 2392 alius
1788 2357 1918 2399 minus,
1949 2361 1981 2390 et
2011 2356 2221 2391 mensi-sunt
2238 2354 2284 2390 ad
2301 2365 2506 2391 mensuram

1437 2430 1571 2465 gomor.
1594 2417 1669 2453 Nec
1690 2418 1750 2464 qui
1767 2416 1846 2464 plus
1867 2416 2069 2464 colleqerat‚
2090 2416 2213 2452 habuit
2240 2416 2397 2462 amplius
2413 2427 2426 2452 .·
2443 2427 2506 2452 nec

1437 2479 1498 2525 qui
1517 2478 1632 2513 minus
1654 2482 1853 2523 paraverat,
1879 2477 2007 2523 reperit
2028 2477 2144 2512 minus
2162 2487 2174 2519 ;
2196 2476 2256 2511 sed
2275 2475 2406 2523 sinyuli
2418 2476 2508 2523 Jux-
2528 2484 2540 2489 ”

1439 2546 1476 2575 ta
1500 2539 1537 2574 id
1567 2538 1659 2586 quod
1689 2538 1789 2574 edere
1808 2530 1969 2585 pote'rant
1994 2544 2306 2585 conqreqaverunt.
2339 2538 2510 2587 Dixitque
2525 2552 2540 2566 τ

1440 2601 1580 2649 Moyses
1611 2602 1657 2637 ad
1693 2612 1750 2636 eos
1772 2610 1787 2637 .·
1811 2600 1945 2638 Nullus
1979 2600 2155 2648 relinquat
2189 2612 2233 2636 ex
2252 2612 2292 2636 eo
2322 2601 2360 2636 in
2390 2595 2531 2637 manes:

1442 2664 1511 2707 Qui
1540 2675 1609 2699 non
1629 2663 1819 2698 audierunt
1843 2673 1951 2706 eum,·
1986 2661 2046 2698 sed
2065 2662 2275 2698 dimiserunt
2301 2662 2447 2709 quidam
2467 2662 2535 2698 ex!

1441 2726 1490 2761 eis
1523 2736 1633 2772 usque
1666 2735 1796 2767 mane;
1827 2730 1859 2760 et
1892 2729 2028 2761 scatere
2050 2724 2152 2771 eoepit
2183 2723 2372 2767 vermibus,
2407 2720 2540 2772 atque&-

1441 2787 1653 2833 computruit
1670 2798 1682 2822 :
1704 2792 1736 2820 et
1753 2787 1867 2820 iratus
1883 2791 1933 2820 est
1954 2791 2078 2820 contra
2090 2796 2149 2819 eos
2168 2784 2323 2830 Moyses.
2360 2784 2514 2832 Collige-

1444 2848 1526 2882 bant
1553 2853 1670 2881 autem
1695 2855 1798 2879 mane
1826 2843 1971 2890 sinquli,
2001 2850 2172 2891 quantum
2190 2846 2347 2892 sufficere
2374 2832 2540 2893 peierati

1446 2907 1492 2942 ad
1521 2904 1744 2941 vescendum.
1778 2903 1935 2951 Cumque
1962 2905 2178 2942 incubuisset
2209 2906 2263 2943 sol
2296 2890 2540 2955 liquefiebat.{

1449 2966 1496 3002 In
1519 2966 1576 3002 die
1603 2976 1683 3001 uero
1711 2971 1808 3001 sexta
1842 2965 2052 3013 collegerunt
2081 2967 2173 3004 cibos
2191 2968 2365 3016 duplices,
2389 2968 2426 3005 id
2445 2974 2535 3015 ese,

1450 3089 1620 3138 Isidoro.)
1659 3090 1753 3135 Quid
1771 3091 1867 3127 enim
1886 3102 1951 3139 per
1971 3093 2160 3130 volucrum
2175 3104 2294 3141 escas,
2330 3095 2402 3133 nisi
2419 3106 2444 3144 p
2471 3111 2495 3128 κν

1451 3151 1628 3188 dicatores
1664 3152 1836 3190 divinitus
1862 3154 1963 3191 missi
1995 3154 2260 3203 intelliguntur,
2293 3157 2358 3204 qui
2389 3162 2522 3195 trans

1451 3219 1600 3250 currunt
1618 3224 1684 3260 per
1709 3215 1819 3251 verba
1849 3216 2027 3261 sonantia,
2058 3218 2163 3264 quasi
2178 3228 2246 3265 per
2267 3228 2390 3256 aerem
2407 3217 2492 3255 vola
2506 3196 2522 3252 .⁸

1452 3274 1526 3310 tilia
1563 3280 1746 3321 pennata,
1791 3276 1922 3322 quibus
1957 3287 2024 3325 per
2063 3278 2173 3316 iidem
2218 3283 2420 3327 pascantur
2467 3296 2471 3311 ·

1453 3337 1515 3383 qui
1556 3336 1603 3372 ad
1639 3336 1793 3383 patriam
1834 3338 1936 3385 regni
1985 3339 2147 3378 coelestis
2194 3341 2389 3388 pervenire
2419 3343 2496 3378 ὀὐ

1455 3398 1634 3436 tendunt?
1670 3398 1793 3436 Potest
1823 3400 1969 3446 quidem
2001 3407 2039 3439 et
2071 3402 2381 3440 volucrum‘esca
2411 3400 2491 3441 ‘ve‘

1455 3458 1506 3495 ris
1525 3458 1727 3506 significare
1748 3460 1838 3508 legis
1857 3460 2015 3509 eloquia,
2045 3473 2128 3510 quae
2143 3463 2323 3512 plebem'
2404 3476 2419 3495 ··
2442 3503 2490 3510 ,,

1454 3526 1625 3568 tanquam
1662 3531 1772 3559 carne
1803 3523 1922 3560 alebat
1951 3533 2018 3571 per
2049 3525 2166 3563 verba*
2191 3523 2364 3563 divinitus
2388 3523 2486 3561 rui-<5

1456 3581 1559 3628 quasi
1574 3591 1640 3629 per
1651 3581 1824 3618 volatilia.
1859 3582 1963 3620 Unde
1999 3590 2036 3622 et
2066 3594 2219 3634 vespere
2248 3579 2398 3630 damur,
2414 3593 2423 3600 ’
2465 3603 2481 3612 ·-

1453 3647 1581 3680 cuncta
1597 3641 1888 3689 quaecurnaliter
1900 3643 1974 3681 illis
1994 3654 2172 3685 concessa·
2185 3639 2432 3685 surium&
2472 3663 2476 3674 ·

1453 3702 1631 3739 habim.
1656 3700 1896 3740 Manifesta«)
1940 3709 2067 3743 sutem
2102 3693 2458 3751 iamnefflr·‘'

1453 3771 1588 3800 manna
1609 3761 2292 3816 ρομὶομιιοιιπιιιιιὶᾳιιοιῇῃοᾱκ--ιιῑ
2408 3767 2410 3769 ’

1453 3827 1627 3870 naum
1647 3823 1756 3871 panis
1785 3824 1893 3864 nvnc
1914 3826 1971 3867 se
1988 3827 2087 3867 ooero·
2113 3820 2342 3872 mum!-
2361 3851 2381 3865 ..
2417 3850 2420 3853 -
2462 3813 2466 3817 ’

2094 3901 2099 3910 ’
2131 3903 2140 3922 l
