2540 4016
36 0 86 78 ,ἶ
561 0 566 5 ’
660 0 722 26 ““·

69 63 76 87 l

31 140 149 208 ’hu
541 160 1804 209 manamnsmuanuummomamg-
2179 175 2252 222 m

31 230 42 254 ²⁷
62 245 172 284 em
196 244 317 282 vocavi
342 242 548 281 mam
570 241 725 279 omi
749 241 864 288 fluum
881 241 977 277 nun·
993 239 1059 286 fini
1080 240 1133 277 or
1149 243 1185 286 A
1198 238 1590 288 posnam-dietum
1602 239 2027 292 assummum
2038 253 2255 295 mm

74 316 119 344 σε
134 306 228 343 tribu
245 305 362 350 Iuda,
374 310 409 342 et
421 302 548 352 reptavi
564 314 643 340 eum
659 303 797 350 Spiritu
810 303 940 346 divino,
954 302 1135 349 sapientiae

77 373 112 404 et
124 366 323 404 intellectus
340 372 374 404 et
388 364 594 422 disciplinis,
611 369 652 400 ut
669 364 708 400 in
729 363 824 401 mni
841 373 942 410 opere
960 361 1136 408 intelliqat

79 432 111 463 et
129 428 175 463 sit
192 426 416 468 architectus,
437 425 484 461 ad
503 423 718 472 operandum
747 429 931 470 arpentum
955 427 988 458 et
1009 431 1137 458 aarum

77 494 109 524 et
128 499 189 532 a’s,
210 494 241 524 et
258 487 391 532 lapides
419 486 634 534 repletionis,
653 491 685 521 et
705 485 823 521 omnia
842 493 946 531 opera
977 480 1136 528 fabrilia,

78 554 111 583 et
133 549 171 584 in
194 547 309 594 liqna,
329 554 366 583 ut
389 553 549 593 operetur
567 545 759 582 secundum
778 544 932 580 omnium
955 553 1073 588 opera,
1091 541 1137 578 ad

78 619 156 654 qua:
174 618 235 654 eqo
255 606 336 642 dedi
361 618 456 642 eum.
483 605 550 642 Sed
579 613 612 642 et
632 604 734 646 Eiiab,
766 604 880 651 filium
906 601 1139 639 Aclzisamach

79 683 122 707 ea:
148 671 243 707 tribu
266 670 361 706 Dan.
389 670 436 705 Et
456 670 536 705 dedi
554 670 591 706 in
615 681 675 705 cor
701 669 796 704 omni
821 667 983 714 prudenti
1001 664 1137 702 intelle-¹

78 738 186 773 ctum,
198 737 235 766 ut
253 731 385 776 ,saciant
399 732 518 766 omnia
533 742 610 777 quae
624 731 787 766 constitui
805 729 866 765 tibi
875 728 1006 776 (Exeat.
1022 726 1138 774 xxxi).

77 793 294 839 netegamus
310 802 352 828 ea
381 803 460 837 quse
481 793 517 828 in
536 792 685 828 Daniele
710 791 844 836 scripta
867 795 973 831 sunt,
991 788 1037 824 de
1061 788 1140 833 ipso

77 855 226 891 Daniele
243 859 279 890 et
302 855 415 891 tribus
433 855 562 890 amieis
581 854 671 899 eius,
692 863 782 900 quos
807 849 1139 887 Nabuchodonosor

76 924 138 951 rex
167 917 280 952 tribus
306 917 410 951 annis
439 916 656 952 erudiendos
676 914 837 955 tradidit,
865 911 990 947 volens
1010 921 1072 946 eos
1101 911 1139 947 in

77 987 154 1018 sua,
175 977 211 1012 id
237 982 291 1012 est
311 977 426 1022 patria
446 975 722 1022 Babyloniorum
740 972 917 1018 sapientia
939 971 1140 1007 scientissi-

78 1047 158 1071 mos
173 1036 264 1071 fieri.
284 1036 334 1070 lbi
355 1040 440 1079 ergo
461 1034 636 1078 scriptum
656 1038 711 1068 est
728 1043 736 1067 :
754 1031 874 1074 Dedit,
897 1031 1028 1076 inquit,
1044 1031 1138 1066 Deus

75 1097 126 1131 eis
154 1094 364 1130 intellectum
392 1099 423 1128 et
444 1093 666 1139 prudentiam
687 1093 722 1127 in
748 1093 843 1127 omni
869 1099 942 1126 arte
961 1103 1140 1138 qramma-

75 1156 168 1197 tica,·
187 1153 376 1197 et,Daniel
398 1152 567 1189 intellexit
599 1153 634 1187 in
666 1153 760 1187 omni
792 1153 922 1187 visione
943 1158 975 1187 et
1007 1151 1138 1187 somnis

76 1218 183 1266 (Dan.
207 1217 248 1264 1).
280 1217 325 1252 Et
354 1221 435 1262 post
463 1226 577 1261 pauca
598 1227 606 1250 :
627 1213 669 1250 Et
698 1220 866 1250 steterunt
887 1215 923 1249 in
954 1220 1139 1260 conspecta

76 1279 182 1324 repis,
202 1278 284 1313 etin
304 1277 396 1312 omni
424 1278 524 1312 verbo
555 1276 735 1322 sapientiai
755 1281 785 1310 et
819 1275 986 1318 scientim,
1006 1275 1043 1309 in
1070 1285 1138 1320 quo

75 1338 234 1384 quoesivic
254 1337 296 1372 ab
318 1338 367 1372 eis
389 1348 461 1380 reat,
482 1337 609 1372 invenit
639 1348 695 1371 eos
726 1334 872 1381 decuplo
898 1346 1002 1381 super
1021 1345 1139 1370 omnes

75 1399 311 1434 incantatores
343 1406 374 1434 et
402 1408 538 1444 maye&
559 1409 636 1444 qiua
668 1403 766 1432 erant
793 1397 830 1431 in
862 1397 956 1431 omni
986 1397 1138 1442 regione.

76 1459 129 1495 Ex
162 1461 218 1495 his
248 1471 334 1506 crgo
367 1460 534 1494 omnibus
569 1464 686 1504 potest
720 1458 885 1504 intelligi,
904 1457 1084 1503 quomodo
1104 1462 1141 1493 et

76 1519 224 1556 Balaam
245 1522 377 1556 dixerit
394 1521 437 1556 de
459 1521 654 1565 semetipso
672 1519 759 1563 :Qui
780 1520 847 1555 scit
864 1519 1053 1554 scientiam
1068 1519 1138 1554 Ex-

78 1581 181 1623 celsi,
202 1581 340 1616 scilicet
360 1587 398 1615 ut
415 1580 647 1626 intelligatur,
665 1580 760 1625 quod
781 1580 881 1625 origo
900 1579 1010 1615 totius
1025 1580 1141 1615 scien-

79 1642 153 1684 tiae,
173 1643 217 1677 ab
250 1643 326 1687 ipso
355 1643 535 1687 acceperit
566 1642 774 1685 exordium3
807 1642 896 1677 vitio
928 1647 1047 1677 autem
1070 1643 1140 1677 bu-

79 1713 197 1739 manae
223 1704 370 1739 malitiae
398 1703 642 1748 aspirantibus
662 1709 698 1739 et
716 1703 1000 1748 subripientibus
1016 1703 1140 1754 ‚etiam

80 1766 318 1809 daemonibus,
337 1767 372 1802 in
393 1766 591 1812 perniciem
610 1776 715 1802 versa
747 1772 829 1803 sunt
850 1777 930 1812 quae
957 1777 1022 1814 pro
1044 1766 1141 1802 utili-

81 1831 155 1862 tate
187 1837 359 1863 concessa
382 1832 478 1862 sunt.
516 1826 599 1862 naec
620 1828 662 1862 de
684 1838 742 1870 eo,
763 1828 859 1872 quod
892 1828 994 1871 dixit,
1019 1828 1140 1864 Sciens

78 1887 259 1922 scientiam
278 1887 433 1930 Excelsi,
451 1897 472 1921 a
491 1887 595 1922 nobis
614 1898 679 1933 pro
706 1887 844 1923 viribus
870 1888 1034 1924 discussa
1054 1889 1138 1924 sint.

80 1946 274 1985 Videamus
292 1960 378 1996 ergo
398 1949 484 1996 quid
504 1955 572 1993 est,
594 1950 688 1994 quod
704 1950 741 1984 in
761 1951 1066 1994 consequentibus
1085 1950 1141 1985 di-‘·

78 2009 152 2046 cit:
175 2010 304 2045 videbo
325 2010 441 2054 illum,
463 2010 523 2045 sed
544 2022 612 2046 non
629 2011 753 2051 modo,
774 2010 931 2046 intuebor
951 2010 1063 2054 illum,
1081 2011 1141 2046 sect

77 2082 147 2107 non
163 2084 280 2119 prope.
298 2072 374 2108 Hoc
388 2072 432 2108 ad
444 2072 655 2116 Salvatoris,
665 2073 807 2108 Domini
823 2073 991 2109 videlicet
1004 2073 1140 2109 Christi
1159 2083 1188 2125 C

76 2134 258 2180 pertinere
272 2135 464 2170 adventum
480 2134 660 2171 creditur:
676 2136 719 2171 de
735 2145 804 2180 quo
819 2135 903 2170 etin
919 2145 1140 2181 consequen-

81 2193 175 2230 tibus
190 2195 277 2230 dicit
292 2206 302 2231 ε
321 2194 463 2230 Orietur
477 2195 578 2231 stella
593 2207 636 2231 ex
654 2195 778 2239 Jacob,
790 2202 822 2231 et
837 2202 1019 2243 consurqet
1035 2197 1138 2232 homo

81 2259 123 2292 de
141 2256 270 2292 Israel.
293 2258 494 2294 Videndum
515 2268 597 2294 eum
617 2259 705 2295 dicit
723 2269 804 2296 esse
825 2260 888 2296 sed
908 2270 980 2296 non
1000 2261 1108 2297 modo
1128 2273 1136 2296 ε

80 2319 149 2354 boc
166 2325 234 2362 est,
252 2330 322 2355 non
339 2330 382 2355 eo
401 2326 574 2366 tempore,
590 2331 660 2366 quo
677 2322 742 2356 ista
760 2321 975 2367 loquebatur
992 2334 999 2357 :
1016 2321 1062 2357 In
1077 2333 1139 2358 no-

79 2380 227 2415 vissimis
255 2382 347 2416 enim
375 2381 497 2417 diebus
527 2382 585 2417 ubi
606 2383 695 2418 venit
725 2382 904 2429 plenitudo
930 2390 1136 2429 temporum,

77 2439 170 2475 misit
214 2441 306 2477 Deus
347 2441 480 2478 Filium
514 2451 629 2479 saum.
675 2444 744 2480 Sed
775 2445 804 2480 si
836 2445 1034 2481 secundum
1068 2446 1138 2481 alia

76 2501 295 2548 exemplaria
338 2503 458 2549 legere
499 2503 722 2540 voluerimus
755 2504 804 2540 ita
840 2516 848 2540 ε
885 2504 1077 2546 Ostendam
1107 2506 1138 2540 ei

76 2567 108 2596 et
131 2573 199 2596 non
233 2563 362 2605 modo;
388 2564 548 2608 beatifico
583 2572 613 2599 et
652 2575 720 2599 non
757 2565 1044 2610 appropinquat:
1066 2575 1138 2601 non

78 2624 123 2656 ad
163 2622 258 2657 bunc
299 2622 467 2666 Balaam,
501 2635 565 2669 per
590 2635 698 2669 quem
733 2625 810 2660 haec
841 2624 1036 2668 dicuntur,
1071 2626 1136 2662 sed

79 2681 122 2716 ad
144 2682 224 2717 illus
252 2692 403 2727 quorum
433 2692 624 2728 personam
657 2683 783 2719 baberi
810 2684 847 2720 in
866 2684 936 2720 hoc
963 2685 1134 2730 diximus,

77 2740 270 2778 reseretur.
302 2742 353 2778 llli
381 2743 476 2778 enim
501 2743 668 2780 doctores
695 2743 786 2791 legis
803 2749 840 2779 et
856 2744 996 2787 scribae,
1016 2750 1137 2781 osten-

75 2804 163 2840 dunt
179 2805 362 2841 Christum
381 2805 416 2840 iu
433 2806 510 2852 lege
529 2811 565 2841 et
579 2806 765 2852 prophetis
779 2806 1033 2852 prophetatum
1046 2834 1055 2850 ,
1072 2807 1137 2844 sed

74 2876 144 2902 nou
164 2868 284 2910 modo,
309 2868 378 2903 boe
398 2874 466 2912 est,
499 2879 571 2904 non
602 2868 638 2904 in
666 2878 708 2905 eo
740 2874 901 2915 tempore
931 2881 1003 2916 quo
1022 2871 1133 2914 venit,

75 2929 139 2965 sed
152 2939 232 2965 cum
249 2930 432 2975 plenitudo
448 2931 609 2977 gentium
626 2931 817 2974 introierit,
835 2936 871 2967 et
888 2932 1005 2967 omnis
1022 2931 1134 2967 lsrael

1202 312 1324 348 παρος
1349 306 1458 346 usque
1485 297 1532 337 ad
1552 297 1770 342 Bethlehem,
1782 305 1817 335 et
1848 301 1985 339 veniam
1998 312 2131 350 mm
2147 323 2256 361 W,

1201 361 1262 398 tubi
1286 365 1363 396 erat
1380 369 1471 405 puer
1491 357 1640 406 (Natta.
1657 357 1717 405 n),
1735 357 1831 394 ultra
1850 369 1925 397 non
1942 361 1995 398 sit
2010 365 2162 415 diem,
2171 373 2256 418 qa.

1201 420 1261 457 vel
1279 420 1488 458 discesserit
1514 420 1598 456 inde
1615 418 1672 455 vel
1695 420 1906 464 evanuerit,
1925 426 1988 459 aut
2003 432 2185 474 assumpt.
2197 433 2257 478 ῆι,

1203 485 1267 519 aut
1291 480 1429 526 aliquid
1446 480 1595 516 omnino
1610 478 1656 516 de
1671 479 1742 515 hoc
1761 478 1924 516 narratio
1941 482 2149 528 evangeliea
2169 486 2262 524 deni.

1204 542 1385 591 suavem,
1398 542 1464 578 sed
1477 543 1548 578 hoe
1564 546 1707 578 tantum
1730 540 1876 584 dixerit,
1892 541 1978 587 quia
1994 543 2097 582 venit
2111 548 2149 581 et
2164 547 2264 584 stetit

1204 615 1314 652 supra
1347 604 1408 640 ubi
1429 609 1510 640 erat
1534 613 1639 649 puer.-
1668 601 1722 639 Ne
1751 602 1846 639 sorte
1863 610 1951 650 crgo
1979 603 2073 640 sicut
2103 609 2264 657 tempore

1203 665 1390 712 baptismi,
1405 675 1490 701 cum
1503 664 1708 710 baptizatus
1725 662 1830 700 Jesus
1851 663 2013 700 ascendit
2033 664 2079 700 de
2094 663 2264 711 torciano,

1206 728 1322 776 aperti
1356 733 1447 764 sunt·
1460 726 1494 764 ei
1524 726 1619 769 eoeli,
1642 731 1679 761 et
1698 725 1788 761 vidit
1818 724 1977 761 loannes
1998 723 2174 771 Spiritum
2202 725 2268 762 Dei

1207 790 1500 831 descendentem,
1519 787 1621 834 quasi
1642 786 1860 830 columbam,
1878 792 1915 822 et
1933 791 2141 822 manentem
2162 797 2269 833 super

1206 858 1288 886 eum
1301 858 1311 891 ;
1330 853 1367 884 et
1384 846 1521 883 audivit
1535 855 1661 882 vocem
1675 845 1719 881 de
1731 844 1824 881 eoelo
1840 844 2019 880 dicentem
2037 856 2046 879 ε
2061 843 2131 879 Hic
2143 850 2194 880 est
2209 842 2242 878 F
2245 845 2270 879 i-

1205 909 1275 945 tius
1289 920 1386 944 meus
1406 908 1566 951 dilectas,
1582 908 1618 943 in
1636 918 1704 954 quo
1720 906 1803 942 bene
1818 905 2014 953 complacui
2029 904 2174 954 (Manli.
2190 905 2267 953 111):
2293 947 2299 956 ,

1207 971 1258 1006 ita
1272 976 1308 1007 et
1323 971 1423 1006 stella
1440 971 1532 1014 haee,
1543 980 1622 1016 quae
1637 969 1737 1005 venit
1751 978 1860 1014 supra
1874 967 1936 1004 uhi
1953 972 2031 1004 erat
2043 978 2136 1015 puer
2149 974 2186 1005 et
2197 974 2270 1005 ste-
2289 958 2295 965 ⁵

1206 1033 1272 1075 tit,
1290 1033 1327 1068 in
1353 1033 1497 1068 Christo
1529 1032 1695 1067 similiter
1726 1030 1902 1067 remansit
1918 1040 1928 1065 ε
1949 1031 2043 1066 sicut
2057 1035 2093 1067 et
2112 1029 2270 1077 Spiritus

1207 1098 1353 1129 sanctus
1368 1093 1404 1127 in
1419 1092 1538 1138 specie
1551 1092 1725 1127 columhae
1738 1092 1883 1127 venisse
1897 1091 2029 1127 dicitur
2042 1097 2079 1127 et
2093 1092 2270 1129 mansisse

1157 1175 1189 1214 B
1209 1152 1244 1187 in
1260 1162 1323 1195 eo;
1343 1157 1378 1187 et
1394 1151 1487 1187 sieut
1501 1151 1643 1187 venisse
1662 1150 1839 1196 Spiritum
1852 1150 1917 1186 Dei
1930 1155 1966 1186 et
1980 1151 2158 1187 mansisse
2175 1151 2213 1187 in
2226 1161 2269 1188 eo

1209 1215 1259 1250 ita
1275 1214 1488 1260 accipimus,
1505 1214 1599 1258 quod
1619 1223 1804 1258 nunquam
1822 1213 1867 1248 ab
1885 1223 1930 1248 eo
1948 1214 2141 1250 recesserit
2156 1213 2271 1260 Spiri-

1209 1279 1266 1311 tus
1280 1273 1344 1309 Dei
1363 1286 1370 1308 :
1388 1274 1436 1309 ita
1454 1279 1490 1309 et
1502 1273 1656 1316 stellam,
1670 1283 1749 1319 quae
1762 1274 1861 1309 venit
1881 1279 1918 1309 et
1935 1274 2034 1310 stetit
2048 1284 2157 1321 super
2171 1284 2268 1319 eum,

1208 1335 1457 1381 accipiendum
1485 1339 1585 1380 puto,
1610 1335 1706 1380 quod
1738 1335 1790 1370 sic
1816 1335 1958 1371 steterit
1978 1345 2086 1382 super
2110 1346 2208 1380 eum,
2230 1341 2270 1372 ut

1209 1405 1395 1441 nunquam
1416 1396 1499 1431 inde
1531 1402 1627 1431 mota
1649 1394 1709 1437 sit,
1730 1401 1766 1431 et
1790 1396 1870 1432 ideo
1890 1396 2035 1432 deitatis
2067 1395 2145 1443 ejus
2175 1397 2268 1432 indi-

1208 1458 1302 1494 cium
1322 1457 1420 1493 illam
1447 1457 1586 1493 stellam
1607 1456 1719 1492 fuisse
1738 1457 1879 1502 opinor.
1905 1456 2009 1493 Unde
2028 1463 2064 1494 et
2081 1458 2170 1495 ordo
2186 1469 2269 1504 pro-

1208 1520 1339 1566 phetiae
1370 1519 1448 1555 baec
1475 1519 1601 1554 eadem
1633 1524 1895 1564 consequenter
1918 1519 2090 1563 ostendit,
2113 1530 2195 1555 cum
2226 1520 2270 1556 de

1210 1581 1344 1617 deitate
1377 1579 1521 1625 quidem
1543 1578 1620 1624 ejus
1651 1578 1738 1614 dicit
1760 1590 1768 1613 :
1786 1577 1930 1614 Orietur
1952 1578 2054 1614 stella
2076 1590 2119 1614 ex
2141 1577 2267 1622 Jacob,

1209 1643 1253 1678 de
1269 1642 1426 1677 humana
1444 1651 1529 1676 vero
1563 1646 1705 1683 natura,
1724 1646 1754 1675 et
1775 1645 1935 1686 exsurget
1956 1640 2059 1676 homo
2079 1639 2123 1675 de
2138 1638 2267 1675 Israel.

1208 1710 1248 1740 ut
1276 1703 1313 1738 in
1332 1708 1497 1748 utroque,
1519 1708 1556 1738 et
1582 1701 1778 1737 secundum
1808 1699 1995 1743 deitatem,
2013 1704 2050 1735 et
2070 1699 2268 1736 secundum

1210 1765 1493 1807 humanitatem,
1518 1763 1682 1799 Clu-istus
1699 1762 1935 1808 prophetatus
1957 1761 2144 1797 evidenter
2161 1771 2271 1807 appa-

1209 1830 1302 1861 reat.
1322 1823 1367 1859 Et
1388 1823 1533 1859 vastabit
1559 1822 1731 1869 principes
1748 1820 1868 1856 Moab.
1891 1821 1995 1858 Moab
2015 1820 2159 1868 quidem
2181 1831 2269 1867 gens

1208 1892 1278 1929 est,
1300 1886 1404 1931 cujus
1422 1885 1604 1932 principes
1623 1895 1695 1921 non
1725 1884 1815 1921 alios
1837 1894 1917 1921 esse
1950 1895 2060 1931 quam
2089 1884 2270 1931 spiritales

1208 1946 1390 1991 nequitias
1417 1951 1453 1982 et
1472 1947 1697 1992 principatus
1727 1946 1807 1982 illos
1837 1946 2029 1983 adversum
2049 1957 2140 1993 quos
2164 1946 2270 1983 nobis

1209 2007 1392 2043 luctamen
1420 2011 1475 2042 est
1501 2006 1747 2053 intelligimus.
1782 2006 1855 2043 Hos
1886 2017 1972 2054 ergo
1996 2008 2066 2044 iste
2092 2009 2200 2045 homo
2225 2019 2270 2046 ex

1210 2068 1320 2104 lsrael
1347 2067 1517 2111 vastabit,
1536 2077 1617 2103 cum
1637 2074 1745 2104 exuet
1759 2068 1985 2114 principatus
2005 2074 2040 2105 et
2055 2075 2269 2115 potestates,

1210 2136 1248 2166 et
1267 2129 1386 2176 affiget
1403 2130 1482 2166 illos
1502 2130 1601 2166 cruci
1616 2140 1701 2166 suae.
1722 2129 1846 2175 Neque
1864 2130 1959 2166 enim
1974 2135 2118 2175 poterat
2129 2131 2270 2169 salvare

1210 2192 1399 2235 Moabitas,
1415 2197 1452 2228 et
1470 2192 1514 2228 ad
1532 2192 1596 2228 Dei
1616 2192 1837 2236 agnitionem
1852 2192 2066 2238 perducere,
2084 2193 2154 2228 nisi
2170 2193 2270 2239 prin-

1210 2257 1308 2303 cipes
1323 2256 1418 2299 illos,
1434 2255 1494 2300 qui
1511 2255 1547 2291 in
1564 2255 1616 2291 eis
1633 2255 1912 2291 dominationem
1932 2255 2128 2301 impietatis
2145 2261 2269 2293 tenue-

1209 2324 1305 2361 rant,
1326 2318 1564 2354 devastasset.
1598 2317 1645 2353 Et
1666 2318 1882 2364 praedabitur
1910 2328 2028 2353 onmes
2055 2318 2147 2363 filios
2166 2318 2265 2354 Seth.

1210 2377 1298 2413 Seth
1327 2377 1423 2412 filius
1453 2384 1508 2413 est
1538 2377 1674 2420 Adam,
1696 2377 1740 2413 de
1760 2387 1831 2423 quo
1848 2377 1922 2412 Eva
1950 2377 2039 2413 dixit
2057 2387 2139 2413 cum
2159 2383 2267 2414 natus

1208 2443 1330 2475 esset:
1350 2437 1541 2473 Suscitavit
1569 2439 1661 2473 enim
1692 2438 1777 2472 mihi
1804 2437 1900 2472 Deus
1923 2449 2038 2472 semen
2066 2437 2179 2480 alind,
2201 2449 2265 2484 pro

1206 2499 1292 2534 Abel
1308 2510 1410 2545 quem
1431 2499 1556 2534 occidit
1576 2497 1665 2534 Cain
1686 2497 1786 2545 (Gen.
1807 2499 1856 2545 v).-
1886 2498 1956 2534 Iste
1977 2504 2032 2534 est
2050 2508 2136 2545 ergo
2159 2498 2263 2543 Seth,

1207 2571 1250 2597 ex
1270 2571 1341 2606 quo
1359 2569 1466 2596 omne
1483 2560 1678 2596 humanum
1694 2559 1729 2595 in
1744 2560 1812 2595 hoc
1829 2560 1962 2595 mundo
1978 2559 2120 2596 ducitur
2135 2571 2261 2607 genum

1206 2620 1297 2656 Nam
1328 2620 1373 2656 de
1394 2619 1499 2663 Cain,
1519 2619 1581 2665 qui
1613 2619 1687 2654 nati
1720 2619 1874 2663 fuerant,
1895 2619 2032 2656 diluvio
2061 2621 2260 2666 perierunt.

1205 2681 1287 2717 Filii
1319 2691 1406 2728 ergo
1435 2686 1520 2717 sunt
1554 2679 1641 2717 Seth
1676 2690 1803 2717 omnes
1836 2681 2000 2718 homines
2030 2682 2092 2727 qui
2125 2681 2161 2718 iu
2192 2683 2263 2720 hoc

1205 2742 1339 2778 mundo
1358 2746 1454 2778 sunt.
1474 2742 1520 2777 Et
1539 2753 1621 2778 cum
1641 2742 1791 2787 dicitur,
1809 2742 2022 2789 depraedabit
2038 2754 2156 2780 omnes
2168 2744 2263 2791 filios

1205 2802 1301 2845 Seth,
1313 2803 1471 2849 praedam
1490 2803 1542 2839 sic
1566 2803 1703 2848 accipe,
1721 2803 1813 2840 sicut
1831 2802 1869 2839 in
1888 2804 2134 2851 superioribus
2150 2806 2264 2843 iuter-

1202 2863 1350 2908 pretati,
1367 2863 1516 2909 suscipit
1532 2873 1658 2899 omues
1682 2862 1775 2899 tilios
1799 2863 1900 2907 Seth,
1916 2864 2024 2902 victis
2045 2865 2262 2903 adversariis

1204 2924 1440 2968 dromonibus,
1461 2933 1523 2960 eos
1547 2924 1608 2970 qui
1629 2924 1694 2960 sub
1715 2924 1884 2970 ipsorum,
1901 2925 2145 2964 dominatione
2162 2932 2262 2965 tene-

74 2991 207 3028 salvari
227 2992 386 3038 incipiet,
408 2997 492 3028 tuuc
520 3003 602 3028 eum
623 2992 829 3036 ostendent,
849 2997 886 3028 et
907 2997 994 3028 tunc
1017 2992 1131 3029 beati·
1150 3003 1186 3044 D
1203 2983 1348 3026 bamur,
1368 2983 1533 3020 Christus
1554 2984 1658 3029 quasi
1682 2984 1841 3030 praedaffl
1868 2985 2030 3022 Victoriae
2052 2997 2126 3024 ⁸¹1OE
2145 2988 2257 3032 ducit,

74 3049 250 3094 ficabuut‚
272 3062 379 3096 quem
398 3052 504 3088 modo
519 3052 784 3097 blasphemant.
810 3052 880 3089 Sed
898 3053 966 3089 hoc
989 3059 1131 3099 tempus

72 3111 110 3148 in
131 3123 203 3158 quo
229 3113 306 3148 baec
336 3112 458 3148 sutura
492 3119 589 3157 sunt,
607 3124 679 3150 non
714 3115 977 3161 appropinquat
1000 3114 1132 3161 :longe

72 3172 169 3207 enini
189 3177 259 3215 est,
275 3177 312 3208 et
329 3172 367 3208 in
389 3173 467 3218 ipso
497 3174 618 3210 saeculi
635 3173 707 3210 fine
732 3175 964 3220 sperandum.
987 3175 1032 3211 Et
1051 3175 1132 3213 ideo

73 3231 148 3267 ait:
166 3230 356 3268 Ostendam
372 3231 513 3276 illi,sed
528 3243 597 3269 non
613 3234 728 3270 modo.
749 3234 815 3278 llli,
835 3234 904 3271 hoc
920 3240 978 3271 est
998 3235 1131 3282 populo

71 3291 134 3337 qui
152 3297 235 3328 tunc
252 3292 461 3329 salvabitur.
478 3294 563 3330 Post
581 3295 657 3331 baec
677 3307 685 3330 ε
706 3293 864 3339 orietur,
881 3296 1012 3342 inquit,
1029 3296 1130 3334 stella

71 3361 114 3389 ez
136 3351 262 3395 Jacob,
280 3358 312 3388 et
339 3360 522 3400 consurget
551 3354 648 3401 virqa
671 3355 714 3390 de
744 3354 874 3399 Israel,
903 3361 935 3391 et
962 3357 1130 3403 percutiet

71 3410 176 3447 duces
187 3411 305 3457 Moab,
317 3412 532 3460 vastabitque
547 3425 663 3451 omnes
677 3414 770 3461 filios
789 3415 897 3459 Setla;
913 3423 947 3452 et
961 3417 1027 3452 erit
1044 3415 1131 3452 Idu-

71 3479 162 3507 moea
172 3472 342 3519 possessio
356 3472 445 3520 ejus.
455 3472 491 3509 Η
493 3474 655 3511 «ereditas
670 3474 751 3511 Seir
763 3475 858 3511 cedet
872 3476 1025 3512 inimicis
1039 3476 1125 3512 suis.

1203 3049 1240 3079 et
1253 3043 1365 3090 spolia
1384 3043 1510 3080 salutis
1527 3049 1688 3090 reportat
1704 3054 1713 3080 z
1730 3045 1823 3081 sicut
1839 3050 1875 3081 et
1892 3045 1928 3081 in
1946 3046 2028 3083 aliis
2044 3047 2087 3084 de
2103 3057 2147 3085 eo
2164 3049 2256 3084 scri-

1202 3114 1304 3152 ptum
1325 3110 1394 3148 est,
1415 3105 1497 3152 quia
1519 3106 1708 3142 ascendens
1737 3106 1773 3142 in
1805 3106 1929 3150 altum,
1956 3109 2129 3153 captivam
2156 3108 2258 3143 duxit

1204 3169 1437 3215 captivitatem
1456 3167 1571 3216 (Psal.
1590 3169 1714 3216 txvu).
1733 3169 1985 3215 Captivitatem
2000 3169 2138 3206 seilicet
2155 3169 2254 3206 illam

1203 3230 1352 3267 humani
1380 3231 1522 3278 generis
1536 3257 1546 3273 ,
1565 3240 1672 3275 quam
1693 3229 1856 3264 diabolus
1874 3229 1919 3264 ad
1935 3227 2174 3273 perditionem
2194 3239 2254 3266 ce·

1202 3297 1318 3338 perat,
1336 3292 1404 3328 iste
1432 3300 1558 3327 rursus
1580 3289 1756 3334 captivam
1776 3287 1902 3330 duxit,
1921 3291 1957 3324 et
1973 3297 1993 3323 a
2010 3293 2125 3324 morte
2144 3298 2251 3326 revo-

1197 3353 1294 3390 cavit
1309 3353 1355 3388 ad
1374 3352 1499 3388 vitam.
1527 3350 1672 3386 Utinam
1690 3357 1776 3393 ergo
1794 3357 1815 3382 a
1830 3356 1888 3382 me
1915 3347 2098 3393 captivum
2117 3348 2254 3387 habeat

1195 3423 1338 3459 semper
1355 3413 1472 3455 «lesus,
1493 3415 1529 3447 ct
1545 3420 1603 3445 me
1619 3410 1726 3446 ducat
1739 3407 1776 3443 in
1794 3407 1954 3454 praedam
1979 3418 2096 3453 suam,
2114 3415 2152 3447 et
2181 3421 2248 3459 ego

1196 3477 1320 3509 tenear
1337 3470 1415 3515 ejus
1429 3469 1581 3506 vinculis
1601 3467 1789 3513 alligatus,
1809 3472 1850 3502 ut
1868 3472 1906 3505 et
1923 3478 1986 3515 eqo
2010 3469 2082 3507 dici
2107 3481 2250 3509 merear

71 3529 124 3568 De
141 3532 198 3570 liis
225 3533 266 3574 iuv
294 3535 541 3581 superioribus
573 3537 744 3580 diximus,
763 3537 848 3582 quia
878 3536 1064 3574 evidenter
1082 3537 1128 3574 de
1193 3534 1327 3570 vinctus
1350 3531 1480 3567 Clu-isti
1507 3530 1607 3572 secu,
1628 3529 1723 3565 sicut
1738 3528 1872 3566 Paulus
1887 3530 1934 3567 de
1957 3531 2153 3578 semetipso
2172 3531 2248 3578 glo-

71 3593 176 3637 etella
204 3605 285 3643 quae
309 3597 426 3644 magis
457 3597 496 3635 in
522 3595 670 3636 Oriente
701 3599 880 3646 apparuit,
902 3597 1122 3645 profitetur:
1193 3594 1308 3631 riatur
1325 3591 1393 3628 :Et
1407 3591 1471 3627 erit
1481 3589 1596 3627 Edam
1610 3589 1811 3634 hoeredttas,
1827 3591 2138 3629 “mamertinus
2148 3590 2248 3628 Esau

73 3655 442 3700 qwdufflymmm
462 3658 510 3696 „d
527 3657 693 3705 judeam,
713 3660 940 3707 requirentes
957 3669 1040 3696 eum
1060 3659 1123 3706 qui
1189 3655 1340 3692 inimicis
1353 3653 1582 3702 ejusOEpnesa
1601 3651 1670 3700 ni).
1694 3648 1912 3691 Edomidem
1932 3658 1988 3691 est
2003 3653 2118 3700 quiet
2133 3652 2242 3689 Esau.

72 3717 183 3752 natue
196 3720 397 3764 *mom
409 3718 540 3764 brach
559 3724 598 3756 et
615 3726 798 3768 repertum
813 3721 944 3758 oblatis
963 3720 1122 3758 muneri·
1189 3717 1256 3754 llic
1273 3715 1468 3753 secundum
1494 3714 1684 3752 historiam
1695 3714 1843 3760 quidem
1858 3713 2027 3752 iuimicus
2045 3719 2100 3753 est
2116 3713 2241 3757 lsi-aet.

71 3772 141 3819 tuo
167 3773 425 3829 Mmt-
442 3777 517 3825 sod
539 3785 666 3824 mom
688 3789 750 3822 mo
776 3780 875 3838 quod
902 3781 984 3830 ipsa
1015 3780 1122 3821 stou·
1187 3778 1296 3818 sedin
1304 3775 1613 3825 advent-unaque,
1622 3774 1874 3815 christianam
1882 3772 2246 3825 ipset-memsam
