2540 4016
307 217 375 254 60⁷

726 209 769 246 Β.
796 207 967 245 RABANI
993 206 1142 245 MAURI
1165 203 1382 242 ARCHIEP.
1409 202 1615 242 MOGUNT.
1643 201 1835 240 OPERUM
1858 201 1982 239 PARS
2005 202 2034 239 1.

2406 202 2475 240 6⁰8

305 289 480 337 quomodo
507 295 678 333 percussa
713 285 785 320 sint
817 285 1057 331 primogenita
1090 282 1358 329 AEgyptiorum,
1376 282 1411 322 Α
1427 281 1614 317 venienter
1640 280 1686 315 ad
1711 278 1935 315 tabernaculi
1957 278 2144 314 servitium
2176 282 2214 314 et
2249 287 2359 315 onera
2391 289 2477 326 por-

303 361 383 388 cum
407 349 558 396 populus
576 346 686 384 lsrael
712 346 903 383 duceretur
931 345 975 380 de
1007 343 1178 391 AEgypto.
1206 343 1282 379 Hoc
1302 348 1358 378 est

303 422 390 459 ergo
415 409 509 457 quod
528 410 564 445 in
597 409 666 445 hoc
698 407 778 443 loeo
812 407 1016 442 indicatur:
1046 405 1131 451 quia
1156 414 1229 441 non
1257 404 1358 450 prius

303 470 516 509 sanctificati
540 473 624 505 sunt
641 467 871 514 primogeniti
900 466 1012 503 Israel
1032 493 1042 508 ‚
1066 475 1175 512 quam
1193 469 1359 511 percute-

302 539 427 569 rentur
456 531 708 578 AEgyptiorum
739 528 984 575 primogeniti.
1018 528 1064 563 Et
1081 527 1184 573 quasi
1213 537 1359 562 causam

302 591 612 634 sanctificationis,
634 590 760 626 horam
781 589 817 624 in
837 588 988 625 interitu
1002 593 1039 624 et
1052 597 1140 623 nece
1157 587 1261 634 ponit
1280 586 1361 622 illo-

301 663 394 689 rum.
423 652 525 688 Unde
543 657 580 687 et
604 651 664 687 hic
698 649 969 696 intelligendum
998 654 1052 685 est
1081 658 1162 685 esse
1185 647 1360 693 quosdam

302 713 558 760 primogenitos
576 711 612 763 in
628 710 808 757 AEgyptiis
823 711 947 753 etiam,
967 710 1005 746 id
1023 715 1090 752 est,
1115 709 1151 744 in
1171 707 1361 744 contrariis

302 773 541 819 potestatibus
557 771 659 817 quasi
679 771 814 807 clectos
829 771 866 806 in
884 770 1035 812 malitia,
1060 775 1096 804 et
1112 769 1248 814 primos
1268 767 1363 802 inter

305 834 506 868 daemones:
527 832 587 877 qui
607 832 674 867 nisi
693 831 856 877 percussi
876 831 1052 866 suerint'et
1073 829 1257 871 exstincti,
1277 837 1362 863 san-

304 894 558 929 ctificationem
573 893 760 938 percipere
781 891 1026 928 Israelitarum
1041 888 1269 936 primogeniti
1287 898 1365 923 om-

303 957 390 992 nino
410 965 480 990 non
502 960 667 999 possunt.
706 954 794 997 Quis
823 963 909 999 ergo
927 958 983 989 est
1014 952 1075 997 qui
1103 950 1364 997 primogenitos

306 1016 570 1062 AEgyptiorum,
603 1016 638 1051 id
657 1020 724 1057 est,
758 1014 982 1059 principatus
1012 1018 1047 1047 et
1075 1016 1274 1057 potestates
1294 1009 1366 1044 dae-

307 1087 453 1111 monum
476 1077 655 1121 percussit
670 1076 685 1110 ‘2
706 1075 831 1110 Nonne
840 1074 1013 1109 Dominus
1033 1082 1134 1107 meus
1147 1071 1252 1106 Jesus
1266 1070 1366 1105 Chri-

307 1141 395 1178 stus,
412 1136 472 1180 qui
493 1141 548 1171 est
567 1135 827 1181 primogenitus
844 1134 963 1170 omnis
982 1139 1171 1175 creaturae,
1184 1132 1244 1177 qui
1264 1132 1365 1177 prin-

308 1196 449 1240 cipatus
468 1201 505 1231 et
525 1199 721 1241 potestates
748 1194 917 1230 adversas
938 1193 1109 1234 traduxit,
1139 1191 1364 1236 triumphans

309 1266 371 1292 eos
390 1257 425 1291 in
443 1257 576 1292 cruce?
598 1257 695 1300 Quos
711 1257 834 1301 utique
853 1256 922 1291 nisi
941 1255 999 1291 ille
1015 1255 1267 1300 percussisset,
1284 1264 1366 1289 san-

309 1318 480 1354 ctificatio
502 1318 546 1352 ad
565 1328 630 1352 nos
662 1317 891 1362 primitivalis
925 1317 1047 1351 venir‘e
1078 1316 1283 1350 nullatenus
1301 1324 1365 1359 po-

310 1379 449 1413 tuisset.
482 1377 529 1413 Ut
549 1382 669 1412 autem
689 1377 792 1411 nobis
814 1376 1079 1421 primitivorum
1097 1375 1366 1410 benedictiones

310 1437 472 1479 donaret,
509 1435 665 1472 efficitur
700 1426 800 1480 prius
821 1435 896 1480 ipse
921 1435 1170 1480 primoqenieus
1199 1445 1242 1468 ex
1271 1445 1365 1469 mor-

310 1498 392 1540 tuis,
405 1504 443 1532 ut
462 1498 505 1532 sit
522 1498 558 1532 in
574 1497 769 1532 hominibus
787 1498 859 1542 ipse
873 1497 1061 1541 primatum
1078 1501 1196 1530 tenens
1215 1494 1364 1542 (Coloss.

310 1557 362 1603 1);
391 1563 426 1593 et
455 1568 520 1593 nos
539 1557 728 1592 credentes
760 1555 1039 1591 resurrectionis
1063 1565 1136 1590 suae
1168 1560 1368 1590 assumeret

309 1627 375 1662 pro
394 1617 601 1661 primitivis,
631 1616 719 1651 etin
740 1615 1005 1661 primitivorum
1028 1615 1193 1650 ordinem
1217 1615 1369 1651 colloca-

311 1683 379 1719 ret,
402 1677 431 1712 si
447 1682 565 1712 tamen
586 1676 877 1711 benedictionum
897 1675 1050 1720 gratiam
1068 1685 1182 1720 usque
1201 1675 1245 1710 ad
1260 1676 1368 1710 finem

313 1737 451 1772 firmam
472 1737 704 1779 retineamus,
738 1737 850 1782 aalJuti
881 1736 1128 1771 misericordia
1158 1736 1270 1781 ipsius
1300 1736 1370 1772 Do-

311 1797 399 1832 mini
422 1798 535 1832 nostri
554 1797 638 1832 Jesu
651 1796 797 1833 Christi.
823 1796 891 1832 Sed
912 1803 948 1832 et
962 1798 1056 1842 quod
1073 1799 1135 1839 ait,
1161 1808 1226 1842 pro
1242 1798 1370 1843 primi-

313 1857 385 1892 tivo
404 1857 499 1902 quod
518 1857 634 1902 aperit
649 1857 806 1899 vulvam,
829 1857 1000 1893 continuo
1023 1858 1148 1903 dignus
1166 1857 1371 1893 sanctifica·-

313 1916 411 1952 tione
435 1917 677 1962 primitivatus
698 1918 885 1953 habendus
907 1923 962 1952 est
975 1944 983 1959 ,
1012 1918 1096 1963 quia
1113 1918 1199 1953 etin
1219 1918 1371 1954 Psalmis

314 1976 478 2023 legimus,
515 1977 610 2022 quod
633 1977 777 2012 alienati
805 1985 885 2012 sunt
920 1984 1115 2023 peccatores
1136 1991 1156 2014 α
1184 1978 1298 2021 vulva,
1319 1990 1373 2014 er-

317 2043 480 2073 raverunt
507 2048 528 2072 a
558 2043 688 2080 ventre,
727 2038 833 2072 locuti
869 2044 948 2072 sunt
978 2037 1069 2084 salsa
1117 2037 1231 2085 (Psal.
1267 2038 1369 2085 Lv11).

1425 342 1547 386 tanda,
1578 351 1644 388 per
1663 351 1791 388 gyrum
1815 338 2037 376 tabernaculi
2057 343 2177 374 castra
2196 339 2362 374 metanda
2377 346 2476 386 apta-

1425 409 1572 445 rentur,
1601 402 1815 448 dispositum
1832 406 1901 437 est.
1932 400 2007 437 Nec
2025 400 2135 437 etiam
2153 400 2222 436 hoc
2255 400 2333 436 sine
2352 401 2479 447 grandi

1424 463 1599 510 mysterio
1632 462 1711 498 fieri
1745 461 1962 497 credendum
1997 465 2065 496 est.
2106 460 2176 496 Sed
2207 469 2275 496 nos
2293 470 2407 506 pauca
2435 460 2480 497 de

1426 522 1548 559 multis
1564 531 1630 566 pro
1648 521 1827 567 parvitate
1843 529 1971 555 sensus
1984 519 2100 555 nostri
2123 520 2284 556 breviter
2297 519 2478 567 attingen-
2518 563 2521 566 Α

1427 588 1482 618 tes
1510 580 1648 625 majora
1683 579 1961 625 perfectioribus
1989 578 2236 624 relinquemus
2255 581 2478 626 exponenda.
2534 605 2540 632 t

1427 643 1590 678 Diximus
1610 651 1695 686 ergo
1711 640 1855 675 Levitas
1883 638 2168 675 ecclesiasticum
2187 640 2349 675 ordinem
2371 639 2483 686 signi·

1429 703 1538 739 ficare
1555 714 1563 736 ε
1586 701 1682 747 quod
1694 701 1788 736 hene
1807 701 1924 745 ipsum
1943 709 2072 736 nomen
2097 710 2162 735 sua
2186 701 2483 746 interpretatione

1429 762 1649 799 manifestat.
1671 761 1931 806 Interpretatur
1950 760 2047 796 enim
2064 760 2149 796 Levi
2168 761 2309 796 additus
2333 761 2409 797 sive
2426 771 2483 796 as·
2536 753 2540 758 ’

1430 830 1599 869 sumptus.
1636 821 1851 867 Assumptus
1889 831 1975 867 ergo
2008 822 2084 858 sive
2122 822 2263 858 additus
2295 822 2484 858 doctorum

1430 886 1519 922 ordo
1537 890 1633 919 recte
1650 884 1771 919 vocari
1787 889 1918 929 potest,
1939 883 2022 929 quia
2040 893 2105 929 per
2121 883 2273 929 gratiam
2293 893 2486 928 supernam
2536 880 2540 888 ⁵

1430 940 1475 982 de
1495 945 1628 981 mundo
1648 944 1764 980 elatus
1796 944 1840 978 ad
1874 944 2034 978 divinum
2067 942 2226 978 officium
2248 942 2484 988 implendum,

1432 1006 1541 1043 coetui
1574 1010 1781 1041 sauctorum
1812 1004 2019 1049 angelorum
2050 1003 2192 1039 additus
2227 1008 2335 1048 atque
2366 1003 2488 1039 unitus

1432 1074 1498 1104 est.
1519 1067 1795 1104 UndeSalvator
1811 1067 1844 1101 in
1855 1066 2047 1111 Evangelio
2063 1065 2235 1110 apostolis
2251 1066 2323 1100 ait:
2343 1065 2419 1110 qu
2430 1075 2488 1100 vos
2535 1080 2540 1100 ;

1433 1130 1519 1176 eleqi
1528 1130 1570 1164 de
1580 1128 1723 1171 mundo,
1741 1133 1776 1162 ut
1794 1127 1880 1162 eatis
1898 1132 1928 1161 et
1946 1126 2100 1171 fructum
2115 1126 2287 1170 afferatis,
2304 1131 2336 1160 et
2354 1126 2488 1170 fructus

1433 1197 1539 1226 vester
1552 1194 1690 1224 maneat
1705 1186 1742 1234 (J
1745 1199 1824 1222 oan.
1836 1186 1910 1232 xv).
1923 1186 1966 1221 Et
1979 1186 2062 1222 alibi
2071 1185 2115 1220 de
2124 1186 2389 1220 resurrectione
2402 1193 2489 1220 vera

1431 1256 1466 1286 et
1482 1255 1688 1286 sanctorum
1705 1248 1817 1294 gloria
1833 1248 2024 1289 disserens,
2044 1246 2263 1282 tentantibus
2277 1244 2409 1281 Judaeis
2428 1256 2488 1281 re-

1432 1311 1576 1357 spondit
1598 1323 1605 1344 :
1626 1310 1671 1344 In
1691 1307 1939 1344 resurrectione
1973 1308 2063 1342 enim
2095 1318 2205 1353 neque
2234 1307 2361 1341 nubent
2383 1318 2490 1353 neque

1433 1371 1615 1412 nubentur,
1636 1369 1694 1404 sed
1716 1375 1795 1404 sunt
1815 1370 1904 1403 sicut
1921 1368 2034 1414 anqeli
2054 1368 2118 1402 Dei
2135 1368 2172 1402 in
2187 1366 2282 1402 caeto.
2301 1367 2390 1403 Tres
2405 1377 2490 1412 ergo

1433 1430 1497 1464 filii
1527 1430 1613 1464 Levi
1646 1429 1792 1464 eosdem
1827 1433 1971 1462 sanctos
1998 1428 2256 1472 praedicatores
2286 1427 2489 1473 designant,

1435 1495 1567 1525 sanctae
1603 1488 1791 1522 Trinitatis
1815 1486 2039 1522 consessione
2070 1487 2241 1531 insignes,
2275 1492 2383 1531 atque
2407 1489 2488 1529 fide,

1435 1559 1497 1595 spe
1517 1554 1552 1583 et
1575 1547 1751 1583 charitate
1775 1546 1877 1582 valde
1901 1546 2145 1581 admirabiles.
2178 1545 2252 1581 Nec
2276 1546 2361 1581 huic
2380 1556 2492 1591 expo·
2538 1543 2540 1546 '

1436 1610 1569 1651 sidoni,
1598 1619 1724 1644 eorum
1748 1607 1934 1643 hominum
1964 1607 2215 1653 interpretatio
2241 1607 2359 1652 aliquo
2388 1608 2493 1644 modo

1437 1675 1627 1716 repugnat,
1652 1669 1715 1704 sed
1741 1668 1845 1704 valde
1877 1668 2084 1703 concordat.
2111 1667 2374 1713 Interpretatur
2398 1669 2494 1704 enim

1438 1731 1575 1767 Gersou
1596 1730 1751 1771 adventu
1781 1734 1818 1764 et
1835 1729 1947 1765 Caath
1975 1729 2143 1774 patientia
2165 1728 2221 1763 vel
2243 1728 2393 1763 molares
2413 1728 2497 1764 den-

1439 1798 1509 1833 tes;
1530 1790 1661 1825 Morari
1683 1800 1805 1824 amara
1832 1789 1906 1824 sive
1937 1787 2148 1823 amaritudo.
2172 1787 2382 1833 Quicunque
2399 1787 2496 1822 enim

1439 1852 1640 1888 ministerio
1663 1851 1783 1887 divino
1814 1851 1883 1886 rite
1913 1849 2152 1895 mancipatur,
2186 1848 2360 1885 advenam
2394 1859 2432 1885 se
2463 1855 2499 1884 et

1439 1913 1671 1959 peregrinum
1687 1912 1723 1947 iu
1742 1912 1809 1946 hoc
1826 1910 1958 1946 mundo
1973 1919 2052 1946 esse
2066 1909 2247 1956 agnoscit3
2267 1914 2304 1945 et
2316 1909 2499 1955 patientiae

1441 1983 1587 2018 operam
1617 1973 1719 2015 dans,
1754 1972 1906 2007 verbum
1937 1970 2095 2006 divinum
2131 1970 2238 2005 dente
2271 1969 2498 2006 discretionis

1442 2035 1578 2070 molere
1592 2039 1698 2079 atque
1715 2033 1959 2069 comminuere
1975 2032 2170 2068 secundum
2188 2031 2391 2067 auditorum
2411 2040 2499 2075 qua-

317 2096 419 2140 Quod
437 2096 560 2141 utique
580 2097 775 2132 secundum
807 2098 962 2133 litteram
984 2098 1083 2134 nullo
1117 2099 1221 2135 modo
1240 2104 1369 2144 potest.
1391 2081 1420 2121 C
1442 2096 1579 2131 litatem
1610 2105 1680 2130 non
1709 2094 1900 2130 detractat.
1934 2093 2084 2138 Insuper
2116 2097 2151 2128 ct
2180 2093 2247 2128 sibi
2275 2100 2499 2127 amarescere

319 2155 468 2199 Quando
485 2156 581 2191 enim
598 2157 679 2201 quis
698 2167 822 2192 errare
841 2157 957 2202 potuit
975 2168 994 2192 a
1015 2158 1071 2193 vIa
1096 2158 1174 2200 Dei,
1197 2159 1317 2193 statim
1336 2164 1375 2193 ut

319 2217 364 2252 de
387 2222 513 2252 ventre
531 2218 655 2253 matris
679 2218 819 2253 exivit?
849 2218 920 2253 Aut
937 2220 1115 2264 quomodo
1140 2221 1255 2265 potuit
1286 2220 1376 2256 salsa

323 2277 442 2321 loqui,
467 2278 527 2322 qui
548 2288 662 2323 nuper
681 2278 798 2314 editus
824 2284 878 2314 est
896 2288 998 2324 puer,
1015 2279 1071 2314 vel
1091 2279 1377 2325 qualemcunque

320 2337 484 2382 proferre
514 2339 747 2375 sermonem?
778 2339 866 2375 Cum
894 2349 979 2385 ergo
1001 2340 1222 2385 impossibile
1255 2341 1302 2376 sit
1319 2342 1378 2377 vel

322 2409 443 2434 errare
459 2399 615 2444 aliquem
631 2410 650 2434 a
667 2406 805 2441 ventre,
823 2399 879 2435 vel
894 2399 990 2445 loqui
1007 2399 1110 2443 salsa,
1134 2401 1377 2437 necessarium

322 2461 404 2503 erit,
438 2466 474 2495 et
492 2466 653 2496 ventrem
678 2467 714 2496 et
734 2461 876 2496 vulvam
901 2461 1008 2496 talem
1039 2462 1190 2506 requiri,
1218 2463 1274 2497 cui
1294 2473 1379 2498 con-

322 2522 444 2557 venire
468 2522 579 2567 possit
599 2521 733 2557 dictum
751 2522 832 2564 hoc,
853 2522 947 2567 quod
966 2521 1109 2557 alienati
1129 2529 1208 2558 sunt
1224 2530 1380 2569 peccato-

325 2592 377 2616 res
395 2593 416 2616 a
435 2580 547 2624 vulva,
567 2587 767 2616 erraverunt
784 2581 826 2616 ab
848 2587 962 2623 utero,
979 2580 1086 2616 locuti
1104 2588 1184 2616 sunt
1206 2581 1298 2627 salsa
1314 2593 1325 2624 ,·
1345 2587 1380 2617 et

325 2640 385 2675 illa
416 2641 523 2675 etiam
544 2640 662 2683 vulva,
698 2651 805 2685 quam
830 2641 1015 2686 adaperiat
1044 2642 1161 2677 omnIs
1178 2642 1381 2687 primitivus

327 2701 387 2745 qui
408 2700 665 2735 sanctificatur.
689 2702 884 2747 Adaperuit
913 2703 1106 2748 aliquando
1127 2703 1222 2739 Deus
1238 2704 1380 2740 vulvam

329 2761 401 2796 Liae
420 2771 498 2806 quae
518 2766 596 2796 erat
616 2761 750 2804 clausa,
772 2769 808 2798 et
823 2765 963 2809 peperit
987 2765 1236 2810 patriarchas,
1257 2762 1383 2802 simili-

330 2830 385 2860 ter
408 2830 444 2861 et
462 2825 597 2860 Rachel
611 2833 650 2860 ut
668 2831 812 2870 pareret
829 2827 938 2862 etiam
960 2828 1050 2873 ipsa,
1070 2828 1171 2873 cujus
1191 2830 1290 2866 visus
1304 2835 1383 2865 erat

330 2885 518 2931 perspicax
541 2890 577 2920 et
604 2885 754 2920 decorus
777 2892 954 2930 aspectus.
996 2887 1067 2923 Sed
1098 2890 1133 2922 in
1162 2889 1284 2925 multis
1303 2890 1383 2925 aliis

333 2944 525 2990 Scripturas
543 2945 632 2980 locis
664 2945 824 2982 invenies
844 2947 1021 2992 adaperiri
1050 2949 1186 2984 vulvas.
1223 2951 1381 2993 Quarum

333 3004 362 3039 si
382 3003 538 3049 singulas
568 3013 631 3048 per
657 3003 736 3040 loca
765 3006 990 3048 consideres,
1026 3007 1184 3044 invenies
1207 3011 1312 3046 modo
1343 3018 1383 3047 ut

333 3069 454 3099 errent
471 3070 679 3110 peccatores
707 3076 727 3101 a
754 3066 878 3108 vulva,
901 3073 937 3102 ct
961 3067 1020 3102 alii
1038 3069 1286 3115 adaperientes
1305 3072 1383 3106 vul-

333 3135 413 3160 vam
433 3125 703 3162 sanctifieentur
723 3127 758 3162 in
779 3127 955 3163 ordinem.

381 3183 598 3230 Locutusqae
615 3192 665 3220 est
681 3185 851 3221 Dominus
878 3186 923 3221 ad
945 3186 1088 3232 Moysen
1106 3189 1141 3222 in
1167 3188 1301 3223 deserto
1323 3189 1381 3224 Si-

335 3243 392 3278 nai
406 3243 522 3279 dicens
543 3253 554 3277 :
575 3243 733 3280 Numera
751 3244 844 3290 filios
864 3246 1117 3291 primitivorum
1143 3246 1224 3282 Levi
1243 3259 1303 3292 per
1320 3248 1384 3282 do-

335 3313 407 3337 mos
430 3308 569 3349 patrum
586 3315 730 3339 suorum
745 3310 777 3339 et
793 3304 960 3350 familias,
979 3317 1079 3341 omne
1093 3306 1324 3342 masculinum
1340 3308 1382 3343 ab

334 3374 403 3398 uno
424 3375 516 3399 αηηο
534 3370 564 3399 et
582 3375 702 3411 supra.
728 3365 930 3402 Numeravit
952 3373 1068 3402 autem
1088 3367 1225 3414 Moyses
1245 3375 1283 3403 ut
1298 3380 1386 3415 proe-

336 3429 468 3467 ceperat
488 3423 675 3467 Dominus,
693 3430 725 3460 et
745 3425 872 3461 inventi
892 3432 972 3461 sunt
987 3426 1053 3472 filii
1073 3426 1155 3462 Levi
1169 3438 1230 3474 per
1244 3428 1386 3464 nomina

337 3492 414 3523 sua,
437 3480 580 3526 Gerson,
597 3490 628 3519 et
649 3484 776 3529 Canth,
796 3492 828 3522 et
850 3485 996 3522 Merari.
1029 3486 1114 3523 Filii
1133 3486 1279 3531 Geraon,
1297 3489 1387 3524 Lob-

338 3541 374 3575 ni
406 3548 438 3576 et
463 3541 589 3578 Semei.
607 3543 694 3580 Filii
710 3544 822 3582 Caatlt
839 3546 1010 3591 Amiram‚
1028 3554 1058 3583 et
1074 3547 1240 3593 Gessaar,
1265 3549 1386 3585 Ebron

337 3606 369 3635 et
390 3599 500 3636 Oziel.
547 3601 633 3639 Filii
657 3603 803 3648 Merari,
841 3605 951 3642 Mooli
979 3613 1012 3643 et
1043 3606 1152 3652 Masi,
1187 3614 1259 3644 etc.
1297 3608 1390 3645 Eece

340 3659 458 3708 Moyse
486 3661 588 3706 jussu
619 3657 929 3702 Dei‘numerante
960 3666 1094 3703 tribum
1125 3667 1212 3704 Levi
1242 3668 1288 3704 ab
1317 3678 1390 3705 uno

341 3731 463 3774 mense
479 3729 517 3760 et
533 3734 656 3770 supra,
676 3735 742 3772 per
762 3726 918 3764 familias
941 3728 1098 3775 singulas
1130 3729 1287 3767 tiliorum
1304 3729 1391 3766 Levi

343 3781 431 3830 ordo
444 3785 705 3824 numerationis
726 3786 940 3826 distributus
957 3793 1028 3835 est,
1053 3793 1092 3828 et
1108 3789 1288 3836 quomodo
1304 3799 1396 3830 oon-

1443 2155 1613 2191 saeculum
1629 2155 1837 2197 ostendens,
1859 2154 1948 2190 alios
1963 2164 1983 2189 a
2002 2153 2123 2188 mundi
2139 2153 2380 2199 voluptatibus
2399 2163 2500 2188 aver-

1444 2222 1533 2258 tere,
1567 2220 1674 2260 atque
1705 2225 1877 2251 revocare
1900 2224 1971 2250 nou
2004 2220 2135 2250 cessat.
2169 2213 2213 2249 Hi
2242 2224 2328 2260 ergo
2356 2214 2400 2249 ah
2429 2224 2500 2249 uno

1445 2286 1567 2313 mense
1583 2276 1700 2312 aetatis
1718 2276 1754 2311 in
1774 2285 1965 2311 numerum
1988 2275 2195 2318 mittuntur,
2217 2274 2301 2319 quia
2319 2273 2421 2309 valde
2443 2273 2502 2308 de-

1445 2350 1532 2376 cens
1549 2344 1603 2375 est
1622 2344 1662 2374 ut
1685 2339 1826 2374 initium
1847 2338 2133 2374 conversationis
2153 2342 2359 2374 sanctorum
2380 2337 2503 2372 docto-

1446 2412 1525 2436 rum
1551 2401 1623 2436 Deo
1638 2401 1787 2441 dicetur,
1807 2410 1853 2434 ne
1868 2406 1949 2444 post
1970 2400 2081 2434 multa
2095 2399 2230 2435 scelera
2246 2399 2503 2444 vituperabiles

1446 2461 1576 2504 ess'ecti,
1599 2461 1677 2496 aliis
1698 2470 1827 2495 nomen
1856 2460 1920 2495 Dei
1942 2460 2232 2506 blasphemantes
2255 2460 2503 2496 occcasionem

1446 2522 1620 2563 tribuant,
1642 2521 1672 2557 si
1693 2521 1738 2557 ad
1755 2531 1844 2566 opus
1875 2521 1942 2556 hoc
1970 2531 2114 2556 sacrum
2143 2521 2278 2567 indigni
2310 2520 2501 2567 eligantur.

1449 2582 1550 2618 Unde
1580 2586 1615 2616 et
1642 2580 1773 2615 Paulus
1795 2580 1963 2625 praecepit
1992 2580 2188 2626 episcopum
2219 2579 2505 2625 irreprehensibi-

1448 2642 1513 2677 lem
1534 2652 1621 2684 esse,
1641 2641 1744 2675 unius
1764 2640 1882 2675 uxoris
1903 2640 2026 2682 virum,
2057 2645 2205 2682 castum,
2226 2639 2393 2682 sobrium,
2421 2650 2506 2685 pru-

1448 2704 1599 2744 dentem,
1636 2701 1814 2748 pudicum,
1847 2706 2029 2744 ornatum,
2062 2700 2280 2746 hospitalem,
2311 2700 2501 2743 doctorem,

1450 2776 1519 2800 non
1538 2762 1763 2804 vinolentum,
1781 2773 1847 2797 non
1865 2771 2116 2807 percussorem,
2133 2761 2192 2796 sed
2210 2761 2416 2803 modestum,
2435 2772 2504 2796 non

1450 2824 1653 2870 litiqiosum,
1691 2834 1758 2857 non
1794 2822 1971 2868 cupidum,
2003 2831 2076 2857 suoe
2111 2820 2230 2855 domui
2266 2821 2502 2867 praepositam,

1450 2885 1540 2930 filios
1556 2885 1737 2920 habentem
1755 2885 1910 2920 subditos
1927 2895 2004 2920 cum
2018 2884 2111 2919 omni
2127 2884 2285 2919 castitate
2300 2883 2335 2930 (I
2352 2883 2503 2920 Timoth.
2534 2912 2540 2913 ff

1452 2946 1521 2993 ιιι).
1542 2946 1722 2981 Praeterea
1744 2946 1838 2991 quod
1860 2947 1903 2982 de
1920 2944 2226 2982 castrimetatione
2246 2944 2398 2980 filiorum
2421 2944 2506 2979 Levi

1452 3012 1773 3041 commemoratum
1792 3011 1866 3049 est,
1886 3006 1975 3042 ordo
1993 3005 2266 3041 decentissimus
2283 3004 2319 3039 in
2340 3004 2408 3040 hoc
2428 3004 2506 3040 loco
2535 3026 2540 3028 -

1451 3067 1663 3109 ostenditur,
1699 3067 1733 3102 id
1771 3073 1840 3108 est,
1873 3072 1912 3102 ut
1937 3066 1997 3112 qui
2022 3066 2129 3112 primi
2159 3069 2263 3100 erant
2292 3065 2329 3099 in
2364 3065 2504 3107 ordine,
2536 3110 2540 3112 η

1451 3127 1662 3162 orientalem
1682 3126 1823 3173 plagam
1844 3126 2093 3167 observarent,
2110 3130 2152 3161 ut
2174 3124 2312 3172 Moyses
2331 3129 2368 3159 et
2385 3123 2505 3159 Aaron

1452 3196 1534 3222 cum
1559 3186 1640 3222 aliis
1658 3187 1733 3221 suis
1750 3187 1923 3223 habentes
1937 3186 2137 3222 custodiam
2158 3184 2351 3221 sanctuarii
2371 3184 2406 3218 in
2427 3192 2507 3218 me-

1452 3245 1511 3279 dio
1525 3244 1679 3279 tiliorum
1694 3244 1822 3287 lsrael;
1843 3244 1972 3280 deinde
1989 3244 2180 3287 Caathitae,
2199 3245 2293 3288 unde
2313 3243 2452 3289 Moyses
2470 3247 2508 3278 et

1454 3308 1575 3336 Aaron
1593 3302 1663 3336 orti
1685 3301 1840 3345 fuerant,
1864 3303 2098 3338 meridianam
2126 3304 2271 3349 plagam
2296 3303 2508 3339 obtinebant
2529 3309 2540 3330 *-

1455 3363 1522 3399 sub
1541 3372 1628 3398 cura
1646 3361 1763 3397 Eleari
1795 3362 2007 3404 sacerdotis,
2036 3362 2096 3406 qui
2124 3363 2240 3408 major
2270 3361 2336 3396 fuit
2360 3361 2398 3397 in
2423 3362 2508 3398 filiis

1455 3424 1589 3459 Aaron.
1612 3422 1698 3458 Post
1714 3423 1780 3459 hos
1801 3421 2000 3458 Gersonitae
2020 3421 2065 3456 ad
2089 3421 2345 3457 occidentalem
2365 3421 2506 3468 plagam
2527 3413 2540 3471 ξ

1456 3485 1700 3522 castrametati
1730 3488 1826 3526 sunt,
1853 3483 2017 3519 similiter
2052 3484 2118 3518 sub
2143 3493 2231 3519 cura
2255 3483 2416 3519 Eleazari
2445 3493 2518 3519 ‘sa-1

1456 3547 1613 3584 cerdotis
1641 3545 1761 3592 positi.
1791 3544 1992 3582 Novissime
2021 3549 2140 3580 autem
2161 3544 2340 3581 Meraritae
2373 3543 2420 3580 ad
2445 3550 2520 3582 se-t

1452 3607 1726 3655 pteutrionalem
1745 3606 1887 3653 plagam
1908 3606 2270 3650 castrametabantur,
2294 3605 2362 3641 sub
2382 3609 2462 3640 cust
2499 3598 2503 3600 ⁷

1453 3669 1510 3706 dia
1529 3673 1567 3704 et
1593 3667 1826 3714 dispositione
1842 3667 2003 3703 Ithamar
2019 3667 2084 3703 filii
2097 3667 2218 3703 Aaron
2232 3665 2402 3711 junioris.
2428 3664 2460 3700 Η
2498 3662 2504 3669 ’

1452 3728 1622 3765 nimirum
1640 3727 1838 3764 secundum
1856 3727 2114 3765 mortalitatem
2141 3725 2301 3763 insinuat
2329 3725 2428 3762 salva

1451 3788 1603 3836 legoria,
1617 3787 1714 3836 quod
1730 3787 1888 3827 ministri
1906 3788 2076 3831 Ecclesia
2093 3785 2380 3830 adiuuem-h
2427 3784 2431 3789 '
