2540 4016
162 168 195 200 ⁶
217 172 279 211 tu

209 263 333 297 manus
353 248 440 295 eius.
459 238 670 287 Intelligitur
687 242 773 279 ergo
790 219 1035 266 tantummodo
1062 217 1176 253 Deum
1194 211 1248 247 ἰθ-
1264 196 1302 237 Α

207 324 311 356 mse,
342 316 423 345 cum
440 303 593 351 quisque
616 294 792 334 occiditur
818 298 839 323 a
857 283 1013 322 uolente,
1047 282 1084 313 et
1100 282 1167 321 pro
1180 272 1252 308 hoc

191 364 451 413 5tantummodo
484 364 579 399 Deus
603 358 639 395 id
656 354 767 395 tecit>
787 349 920 387 dictum
950 346 1005 378 est
1025 347 1034 374 ε
1057 335 1127 374 Sed
1157 333 1251 369 Deus

204 430 347 471 tradidit
367 429 403 463 in
426 431 567 460 manum
586 417 675 464 ejus.
694 413 783 449 Cum
798 415 885 444 vero
902 401 1027 439 volens
1049 394 1197 438 occidit,
1216 395 1254 429 et

203 494 278 538 ipse
301 485 445 526 occidit,
475 485 511 516 et
534 478 628 514 Deus
657 468 805 509 tradidit
827 466 864 501 in
889 468 1038 499 manum
1053 456 1146 503 ejus.
1176 451 1255 489 Hoc

204 562 289 600 crgo
320 547 485 586 interest,
513 537 608 586 quod
626 534 699 570 illie
723 537 843 567 tamen
862 526 958 562 Deus
977 520 1064 557 fecit
1084 527 1094 554 ε
1115 516 1177 554 hic
1194 524 1255 550 au-

205 622 277 650 tem
297 616 333 646 et
351 608 445 644 Deus
464 607 502 639 et
527 600 635 635 homo
652 596 799 641 propter
826 586 1048 623 voluntatem
1073 575 1253 616 facientis,

206 672 270 708 sed
289 679 359 705 non
377 665 467 702 sicut
486 661 579 697 Deus
600 657 721 692 homo.
738 652 832 687 Deus
849 646 946 683 enim
966 653 1037 679 non
1056 639 1126 676 nisi
1143 638 1256 684 juste,

206 735 312 769 homo
340 732 457 764 autem
482 729 586 769 poena
617 715 770 762 dignus:
792 718 864 745 non
893 704 978 752 quia
997 702 1098 738 illum
1127 696 1259 734 occidit

207 801 313 838 quem
341 788 434 824 Deus
452 781 561 819 nollet
580 775 707 817 occidi,
737 771 799 808 sed
818 768 902 816 quia
921 775 986 813 per
1013 760 1256 807 iniquitatem.

208 853 285 889 Non
300 850 394 886 enim
415 840 651 882 ministerium
670 836 742 871 Deo
755 829 894 880 jubenti
919 824 1086 874 praebuit,
1102 820 1166 857 sed
1185 828 1260 854 suae

209 915 373 961 malignae
390 903 575 955 cupiditati
599 899 757 938 servivit.
775 896 814 932 ln
837 903 909 929 uno
935 890 1044 936 igitur
1060 886 1260 928 eodemque

210 976 315 1015 facto,
331 978 367 1008 et
390 970 482 1005 Deus
499 966 542 1002 de
558 961 699 1000 occulta
716 956 886 1003 {equitate
902 951 1084 991 laudatur,
1100 952 1135 981 et
1153 946 1262 980 homo

209 1039 252 1074 de
269 1033 411 1083 propria
431 1027 622 1076 iniquitate
650 1020 812 1069 punitur.
836 1015 917 1052 Non
936 1012 1033 1049 enim
1063 1008 1146 1055 quia
1167 1006 1264 1042 Deus

208 1096 352 1145 proprio
385 1092 478 1128 Filio
495 1099 568 1125 non
586 1082 769 1132 pepercit,
799 1077 863 1114 sed
881 1084 948 1122 pro
974 1071 1142 1110 omnibus
1160 1067 1264 1103 nobis

210 1154 358 1193 tradidit
377 1151 490 1192 illum,
507 1148 587 1183 ideo
604 1144 713 1180 ludas
728 1142 920 1177 excusatus
935 1138 1003 1177 est,
1023 1130 1083 1178 qui
1098 1128 1263 1165 eumdem

212 1218 258 1253 ad
281 1219 433 1251 mortem
451 1207 599 1245 tradidit
619 1204 814 1242 Christum.

262 1277 460 1321 Quiautem
478 1283 545 1307 non
569 1275 615 1305 cst
637 1265 840 1303 insidiatus,
866 1259 1002 1306 inquit.
1031 1255 1090 1291 secl
1112 1253 1204 1288 Deus
1226 1250 1267 1285 il-

214 1340 287 1375 lum
308 1336 451 1374 tradidit
481 1334 517 1369 in
537 1342 641 1367 mana
662 1329 758 1374 ejus„
790 1323 1000 1360 constituam
1017 1318 1078 1354 tibi
1099 1316 1213 1351 locum
1231 1313 1267 1347 in

214 1412 314 1450 quem
333 1400 450 1446 suffere
475 1395 607 1431 debeat.
641 1391 714 1426 lloc
733 1385 912 1435 quomodo
932 1383 1067 1418 sactum
1097 1379 1159 1420 sit,
1179 1375 1269 1410 liber

215 1461 276 1508 qui
295 1459 427 1495 dicitur
441 1456 525 1492 lesu
551 1453 647 1488 Nave
674 1450 817 1498 (Josue‚
838 1444 912 1491 xx)
933 1471 941 1486 ,
963 1439 1169 1478 manifestat
1186 1445 1268 1472 cum

217 1523 472 1559 commemorat
498 1515 618 1556 Josue,
646 1511 797 1548 Domino
823 1508 983 1554 jubente,
1020 1513 1083 1538 sex
1106 1499 1269 1535 civitates

219 1580 346 1627 refugii
377 1579 570 1614 decernere
598 1569 789 1608 homicidis
806 1594 814 1609 ‚
842 1565 902 1611 qui
932 1559 1165 1598 homicidium
1197 1566 1270 1590 non

220 1647 346 1688 sponte
381 1634 641 1673 fecerintzhoe
671 1636 726 1666 est
756 1628 871 1663 Cades
903 1626 937 1660 in
959 1622 1105 1658 Galilaea
1140 1617 1273 1653 montis

222 1701 419 1747 Neptalim;
441 1703 476 1733 et
496 1695 639 1731 Sichcm
663 1692 698 1726 in
716 1694 837 1725 monte
862 1685 1031 1732 Ephraim
1047 1694 1055 1725 ;
1073 1688 1109 1717 et
1127 1679 1274 1717 Cariath

223 1762 318 1799 Arbe
335 1774 343 1796 :
360 1764 437 1805 ipsa
458 1762 512 1793 est
532 1755 675 1790 llehron
696 1752 730 1787 in
752 1755 872 1785 monte
894 1747 1007 1787 Juda;
1026 1749 1061 1780 et
1078 1749 1177 1778 trans
1196 1739 1276 1776 Jor-

225 1824 354 1859 danem
374 1825 499 1856 contra
523 1812 782 1852 occidentalem
810 1809 952 1856 plagam
978 1805 1123 1841 Jericho
1150 1802 1277 1837 urbem

223 1884 349 1925 Bosor,
380 1891 458 1927 quae
478 1879 542 1914 sita
562 1882 616 1913 cst
635 1876 670 1910 in
690 1870 883 1918 campestri
906 1867 1099 1904 solitudine
1118 1865 1161 1899 de
1179 1863 1276 1897 tribu

227 1944 371 1986 Ruben3
390 1948 426 1977 et
445 1939 601 1975 Ramoth
619 1933 755 1971 Galaad
781 1932 825 1966 de
846 1930 942 1965 trihu
960 1926 1062 1967 Gad;
1086 1930 1122 1959 et
1137 1921 1279 1958 Gaulon

228 2011 266 2046 in
283 2004 396 2039 Basan
417 2002 461 2037 de
478 1999 573 2034 tribu
592 1996 778 2031 Manassae.
808 1990 869 2025 llae
889 1987 1055 2023 civitates
1078 1982 1283 2019 constitutae

229 2067 312 2099 sunt
330 2059 468 2096 cunctis
487 2056 570 2091 {iliis
588 2051 713 2094 lsrael,
745 2055 780 2084 et
802 2047 949 2084 advenis
967 2045 1027 2092 qui
1042 2044 1206 2080 habitant
1229 2041 1282 2076 in-

231 2126 289 2157 ter
303 2129 379 2161 eos,
406 2123 446 2152 ut
474 2115 613 2160 sugeret
630 2111 674 2147 ad
701 2120 761 2146 eas
787 2107 849 2154 qui
869 2107 1025 2142 animam
1042 2102 1186 2139 nescius
1205 2111 1285 2147 per-

233 2182 418 2222 cussisset,
441 2183 477 2214 et
495 2186 565 2213 non
594 2177 793 2209 moreretur
824 2170 859 2205 in
889 2177 997 2204 manu
1015 2164 1170 2212 proximi
1199 2162 1286 2198 ess'u-

235 2253 316 2279 sum
346 2238 557 2286 sanguinem
582 2234 764 2270 vindicare
800 2228 997 2276 cupientis,
1033 2226 1146 2262 donee
1176 2228 1289 2259 staret

238 2307 323 2338 ante
359 2299 529 2346 populum
561 2293 788 2341 expositurus
820 2298 964 2326 causam
997 2295 1110 2322 suam.
1141 2282 1289 2330 Mystice

239 2369 371 2402 autem,
408 2360 437 2395 si
465 2358 546 2404 quis
577 2364 641 2402 per
675 2352 844 2389 invidiam
879 2354 940 2384 aut
964 2346 1085 2383 odium
1118 2352 1290 2380 mucrone

240 2421 385 2458 malitiae
404 2419 559 2464 aliquem
575 2412 807 2462 percusserit,
826 2416 862 2446 et
885 2410 921 2445 in
941 2413 1093 2444 mortem
1109 2405 1237 2441 anima}
1252 2414 1291 2440 se

241 2481 394 2522 duxerit,
415 2484 557 2515 aeternae
574 2474 681 2511 morti
698 2474 775 2519 ipse
793 2469 969 2506 obnoxius
983 2467 1066 2503 erit.
1097 2465 1197 2502 Unde
1213 2465 1291 2510 ipsa

243 2541 384 2577 Veritas
397 2540 471 2575 ait:
494 2536 623 2583 Siquis
646 2530 934 2570 scatalulizat·erit
965 2539 1074 2563 unum
1096 2527 1138 2561 tle
1155 2524 1291 2572 pusillis

243 2603 318 2638 istis
332 2602 390 2648 qui
419 2601 522 2634 inme
546 2596 703 2638 credunt,
724 2592 858 2639 expedit
880 2591 924 2632 ei,
951 2594 986 2624 ut
1009 2586 1102 2623 mola
1136 2585 1292 2621 asinaria

247 2662 400 2696 addatur
435 2657 523 2693 collo
555 2655 658 2700 ejus,
690 2658 720 2687 et
755 2652 973 2695 demerqatur
1007 2648 1043 2682 in
1080 2644 1293 2692 profundunt

248 2719 392 2769 (Manli.
424 2715 546 2762 nni).
575 2715 620 2750 Et
649 2712 806 2747 loannes
842 2710 921 2743 ait:
945 2707 1012 2749 Qui
1042 2706 1113 2741 odit
1149 2706 1294 2751 fratrent

249 2790 365 2822 suum,
392 2775 564 2812 homicida
594 2780 657 2809 est.
680 2770 723 2806 Et
744 2770 838 2805 scitis
860 2769 941 2813 quia
960 2767 1070 2801 omnis
1104 2765 1292 2807 homicida,

253 2850 322 2875 non
341 2836 439 2872 habet
463 2835 567 2870 vitam
586 2838 751 2867 aeternam
782 2828 818 2863 in
841 2837 877 2862 se
901 2830 1096 2860 manentem
1128 2823 1169 2870 (1
1188 2822 1295 2857 Joan.

237 2899 332 2944 un).
362 2897 427 2932 llic
453 2894 535 2930 talis
554 2893 598 2928 ab
616 2890 720 2927 altari
740 2888 880 2925 Domini
911 2885 1012 2922 evelli
1038 2884 1197 2929 jubetur,
1215 2883 1299 2928 quia

256 2958 425 3003 indignus
460 2950 652 2989 Dominicis
686 2947 938 2987 sacramentis,
973 2955 992 2980 a
1029 2943 1301 2990 participatione

258 3014 355 3054 sacri
372 3012 496 3050 altaris
514 3010 642 3048 merito
656 3011 871 3044 removetur.
888 3005 956 3049 Qui
985 3009 1106 3040 autem
1125 3013 1197 3039 non
1219 3006 1303 3038 voto

259 3074 423 3117 malitiae,
448 3071 510 3109 sed
529 3079 593 3117 per
610 3068 785 3105 incuriam
812 3071 875 3102 aut
892 3063 1130 3111 ignorantiam
1150 3062 1306 3108 aliquem

261 3135 407 3178 laeserit,
418 3133 528 3171 habet
536 3132 644 3168 urbes
654 3129 795 3175 refugii,
807 3126 1003 3163 Ecclesiam
1011 3124 1175 3161 videlicet
1183 3124 1308 3159 catho-

263 3197 397 3232 licam:
417 3193 478 3230 ubi
506 3201 546 3229 se
575 3189 739 3237 angustia
770 3186 992 3234 poenitentiae
1020 3189 1227 3226 coarctans,
1245 3193 1310 3230 per

265 3266 371 3294 omne
398 3261 541 3301 tempus
568 3250 757 3299 praesentis
783 3248 881 3292 vitae,
907 3247 1012 3283 bonis
1040 3245 1208 3292 operibus
1237 3249 1312 3280 stu-

268 3317 365 3353 dium
399 3313 609 3362 impendens
648 3313 822 3351 maneat;
862 3311 900 3343 et
938 3306 968 3343 si
1007 3314 1106 3352 spem
1144 3313 1245 3339 suam
1275 3302 1312 3338 in

245 3400 250 3402 -
272 3380 388 3411 morte
413 3373 594 3422 pontificis
618 3370 770 3413 summi,
798 3365 1050 3414 Redemptoris
1065 3363 1234 3400 videlicet
1258 3362 1314 3399 sui

268 3434 456 3480 posuerit,
493 3434 553 3471 mc
588 3433 666 3470 sine
691 3430 802 3468 dubio
829 3429 867 3465 tn
896 3415 1071 3464 aeternum
1099 3424 1311 3462 salvabitur.

274 3493 345 3539 Qut
370 3493 573 3540 munera
601 3498 734 3539 patrem
757 3499 862 3527 suum
886 3494 919 3525 et
934 3491 1096 3529 mrem,
1113 3489 1223 3521 morte
1240 3492 1315 3518 mo·

254 3555 401 3622 'ri-tur.
442 3553 490 3591 Et
513 3553 621 3602 paulo
645 3557 750 3599 post:
788 3549 858 3594 Qut
889 3546 1137 3589 maledixerit,
1169 3545 1312 3592 inquit,

255 3616 367 3661 -vetri
390 3626 455 3653 m
481 3620 516 3653 et
538 3614 665 3658 mvi,
698 3618 807 3649 morte
831 3610 1018 3647 mutar.
1046 3607 1143 3653 Quid
1157 3611 1214 3644 est
1233 3614 1317 3653 perb

256 3678 403 3712 &⁸⁸⁸0
422 3681 566 3724 μαι
589 3679 629 3712 et
655 3669 1123 3716 mensnram-lodicum
1147 3665 1320 3716 patrive!

258 3732 683 3783 mm
703 3731 889 3782 emm
914 3735 955 3773 et
977 3727 1319 3777 contumulant,

1303 2019 1333 2061 C
1354 2023 1560 2074 percusserit
1579 2031 1714 2057 servum
1732 2008 1834 2055 stium
1850 2018 1900 2054 vel
1918 2017 2085 2053 ancillam
2108 2017 2220 2062 υἷνῃα,
2238 2021 2269 2052 et
2287 2014 2419 2051 mortui

1318 2919 1401 2972 Det
1432 2933 1625 2969 abortivum
1656 2930 1801 2977 fecerit,
1843 2929 1903 2965 sed
1938 2929 2014 2975 ipsa
2042 2926 2190 2970 vixerit,
2235 2923 2429 2972 subjacebit

634 145 675 180 B.
702 132 871 178 RABANI
895 125 1041 168 mum
1064 115 1279 160 ARGfflEP.
1306 105 1517 150 MOGUNT.
1544 101 1739 145 orntum
1762 96 1885 137 PARS
1909 87 1938 133 l}
2311 80 2387 127 Ῑῇ

1316 199 1398 238 quae
1421 187 1526 234 jubet
1549 188 1720 233 parentes
1745 181 1950 219 honorare,
1987 178 2024 210 et
2049 171 2096 209 ob
2126 169 2198 206 hoc
2228 165 2383 205 maledi-

1319 255 1420 287 ctum
1457 253 1495 285 et
1529 246 1678 292 dignum
1703 251 1785 279 esse
1813 236 1964 276 morte?
2007 229 2232 279 Spiritaliter
2263 230 2388 263 autem

1320 311 1382 358 qui
1407 305 1641 347 maledixerit
1664 303 1776 354 patri,
1795 301 1832 339 id
1845 305 1915 343 est,
1933 293 2198 343 blasphemiam
2216 290 2253 327 in
2269 287 2388 325 Deum

1321 372 1384 420 qui
1406 369 1571 409 omnium
1597 370 1702 414 pater
1727 369 1786 402 est
1808 359 2018 410 protulerit,
2038 355 2096 393 vel
2116 358 2244 391 contra
2263 348 2391 388 Eccle-

1321 435 1417 472 siam
1445 436 1602 469 matrem
1626 426 1780 465 unitatis
1806 423 2007 461 schismata
2029 415 2238 464 ingesserit,
2253 417 2392 449 aeterna

1322 505 1431 543 poena
1458 490 1668 530 multandus
1694 487 1778 524 erit.
1816 484 1887 529 Qui
1915 483 2055 529 furatus
2083 477 2190 525 suerit
2216 473 2392 510 hominem

1323 565 1355 595 et
1381 554 1575 593 vendiderit
1602 562 1695 594 eum,
1723 547 1901 584 convictus
1931 552 2046 585 uexat,
2072 543 2184 576 morte
2203 535 2392 572 moriatur.

1324 617 1524 657 ttaereticos
1552 615 1622 651 hae
1652 609 1835 648 sententia
1863 604 2024 654 pereutit
2041 630 2050 646 ‚
2084 601 2147 648 qui
2175 609 2242 646 per
2269 596 2394 633 dolum

1325 679 1510 718 hominem
1537 672 1786 711 Christianum
1828 678 1848 704 a
1887 666 2044 702 veritate
2081 659 2273 698 catholicae
2311 655 2396 692 fidei

1327 742 1531 781 seducunt,
1561 743 1598 772 et
1624 732 1794 778 malignis
1823 727 2013 776 spiritibus
2042 734 2108 771 per
2133 729 2299 758 errorem
2329 717 2394 753 ob-

1326 805 1477 843 noxium
1500 800 1662 842 tradunt,
1689 801 1826 833 aeterna
1849 800 1960 839 poena
1987 797 2050 824 eos
2073 781 2298 822 damnandos
2319 787 2406 817 esst}

1329 865 1502 906 ostendit.
1534 862 1575 899 Si
1606 859 1716 896 rixati
1741 856 1873 904 suerint
1903 852 1991 895 viri,
2021 855 2053 886 et
2079 845 2290 895 percusserit
2312 841 2406 880 alter

1329 920 1529 977 proximum
1557 933 1661 958 suum
1690 919 1808 965 lapide
1837 915 1889 952 uel
1916 923 2056 961 puyno,
2092 915 2125 945 et
2154 907 2215 944 ille
2241 910 2403 942 mortuus

1331 1001 1401 1026 non
1426 987 1530 1034 [uerit
1567 991 1598 1020 et
1630 980 1785 1030 jacuerit
1813 980 1850 1014 in
1878 974 2029 1018 lectulo,
2073 973 2102 1008 si
2144 967 2337 1006 surrexerit
2370 970 2403 1002 et

1332 1047 1561 1087 ambulaverit
1598 1045 1700 1091 fortis
1738 1051 1842 1088 super
1871 1036 2036 1075 baculum
2064 1044 2194 1074 suum,
2236 1032 2405 1066 innocent

1282 1117 1313 1156 Β
1333 1112 1396 1148 erit
1426 1110 1485 1157 qui
1513 1105 1711 1155 percussit:
1741 1103 1790 1138 ita
1818 1107 1949 1140 tamen,
1977 1103 2015 1132 ut
2045 1105 2169 1142 operas
2190 1092 2266 1139 ejus
2286 1096 2317 1126 et
2338 1090 2406 1126 im-

1334 1182 1459 1220 pensas
1482 1170 1519 1205 in
1544 1166 1697 1203 medicos
1728 1162 1906 1203 restituat,
1933 1164 1971 1195 et
1990 1161 2139 1193 caetera.
2172 1150 2405 1198 Allegorice:

1336 1234 1374 1270 Si
1393 1233 1474 1279 quis
1490 1240 1573 1267 cum
1590 1227 1757 1274 proximo
1787 1233 1853 1260 suo
1880 1231 1946 1269 per
1975 1219 2137 1255 furorem
2160 1211 2405 1257 contenderit,

1335 1302 1371 1333 et
1397 1293 1454 1330 vel
1480 1290 1600 1338 lapide
1627 1288 1686 1325 vel
1713 1295 1835 1333 pugno
1870 1283 1971 1319 illum
2000 1276 2239 1327 percusserit,
2262 1275 2333 1311 hoc
2351 1277 2410 1310 est

1335 1355 1470 1393 duritia
1496 1351 1627 1388 mentis
1651 1348 1708 1384 vel
1733 1345 1913 1394 parcitate
1938 1341 2074 1383 cordis,
2103 1336 2309 1385 spernendo
2333 1334 2410 1371 sive

1336 1415 1622 1456 misericorditer
1643 1422 1715 1447 non
1739 1405 1962 1446 consulendo
1985 1399 2273 1449 exasperaverit,
2292 1402 2328 1434 ct
2349 1395 2411 1432 ille

1337 1480 1542 1517 infirmatus
1573 1476 1609 1511 in
1650 1471 1802 1509 tristitia
1843 1479 1862 1504 a
1900 1467 2043 1503 fervore
2085 1459 2290 1499 dilectionis
2329 1458 2410 1493 lan-

1339 1539 1490 1588 guescit,
1508 1544 1657 1573 neeesse
1674 1536 1730 1568 est
1745 1537 1784 1566 ut
1801 1538 1884 1565 reus
1907 1537 1974 1573 per
1992 1522 2263 1561 consessionem
2281 1526 2412 1563 operas

1339 1599 1563 1649 poenitentioe
1591 1602 1628 1632 ct
1655 1595 1840 1640 impensas
1868 1589 2058 1637 promissae
2085 1580 2354 1622 emendationis
2374 1579 2412 1615 in

1342 1662 1515 1703 medicos,
1547 1660 1618 1695 hoc
1646 1662 1702 1692 est
1731 1655 1767 1690 in
1794 1654 1962 1689 doctores
1987 1648 2187 1695 impendat,
2216 1644 2279 1691 qui
2297 1651 2413 1690 aegro-

1346 1728 1483 1758 tantem
1519 1718 1650 1755 baculo
1683 1712 1943 1752 consolationis
1977 1720 2052 1746 sure
2087 1709 2256 1754 erigant,
2288 1710 2325 1741 et
2355 1702 2412 1739 so-

1345 1782 1479 1820 mentis
1516 1778 1814 1828 praedicationum
1845 1772 2098 1813 medicantes,
2141 1769 2178 1804 in
2219 1766 2415 1814 pristinum

1348 1850 1484 1881 statum
1513 1837 1720 1876 dilectionis
1749 1834 1962 1871 reforment.
2007 1831 2060 1866 lta
2097 1829 2196 1866 enim
2230 1829 2276 1864 ad
2307 1829 2415 1864 inno-

1349 1905 1506 1943 centiam
1530 1911 1655 1937 veram
1682 1897 1874 1946 pervenire
1899 1903 2105 1941 possumus,
2132 1892 2163 1928 si
2191 1892 2287 1928 male
2314 1896 2418 1938 gesta

1351 1967 1469 2014 dignis
1488 1962 1711 2011 poenitentiae
1736 1959 1914 1995 fructibus
1939 1955 2076 1994 diluere
2098 1961 2318 2003 satagamus.
2348 1954 2418 1999 Qui

1354 2086 1483 2132 suerint
1506 2084 1543 2118 in
1560 2081 1719 2118 manibus
1735 2080 1825 2126 cjtts‚
1845 2077 2001 2113 criminis
2019 2087 2097 2112 reus
2115 2076 2194 2118 eric,
2213 2080 2250 2112 et
2266 2079 2413 2111 caetera.

1355 2148 1458 2184 Sicut
1484 2144 1671 2190 disciplina
1699 2153 1789 2188 opus
1806 2147 1861 2177 est
1880 2140 1915 2176 in
1933 2139 2138 2176 eruditione
2155 2136 2418 2183 subjectorum,

1355 2209 1405 2245 ita
1434 2212 1471 2243 et
1497 2205 1714 2242 discretione
1739 2203 1895 2238 maxime
1919 2211 2009 2247 opus
2032 2205 2102 2242 est,
2133 2199 2170 2234 in
2195 2198 2421 2235 exhibitione

1356 2267 1637 2312 correptionum.
1679 2262 1748 2307 Qui
1779 2262 1876 2298 enim
1908 2260 1976 2296 sibi
2004 2259 2239 2295 commissum
2273 2266 2422 2304 gregem

1357 2329 1452 2364 ultra
1479 2325 1624 2363 modum
1654 2323 1853 2369 disciplinae
1877 2320 2108 2366 constringit,
2135 2319 2196 2355 ubi
2222 2318 2335 2354 vitam
2353 2316 2423 2358 ,de—

1357 2392 1436 2429 buit
1466 2399 1666 2438 propagare
1686 2415 1694 2431 ‚
1735 2387 1940 2423 invenietur
1971 2384 2021 2420 ibi
2052 2387 2208 2419 mortem
2240 2381 2421 2427 ingerere.

1360 2454 1462 2492 Unde
1488 2458 1523 2489 et
1550 2461 1616 2498 per
1647 2449 1871 2496 Sapientiam
1904 2446 2068 2483 dicitur:
2098 2443 2168 2487 Qui
2188 2443 2327 2489 sortiter
2345 2451 2425 2488 pre-

1359 2517 1421 2552 mit
1450 2515 1556 2551 ubera
1577 2541 1586 2557 ,
1633 2511 1769 2548 exhibet
1810 2510 2001 2556 butyrum;
2043 2512 2075 2542 et
2110 2505 2169 2552 qui
2208 2504 2426 2540 vehementer

1361 2575 1538 2621 emunqss,
1577 2573 1669 2609 elicit
1706 2571 1912 2618 sanquinem
1945 2567 2066 2615 (Prov.
2098 2563 2201 2612 xxx).
2247 2563 2311 2599 Est
2340 2570 2427 2609 ergo

1362 2647 1503 2683 semper
1529 2644 1698 2672 mensura
1722 2633 1758 2668 in
1782 2630 1973 2678 disciplina
1999 2627 2171 2670 tenenda,
2195 2630 2236 2662 ut
2262 2625 2361 2671 rigor
2380 2622 2429 2661 sit

1363 2699 1398 2734 in
1426 2696 1629 2743 refrigerio,
1648 2701 1685 2730 et
1711 2692 1941 2738 refrigerium
1970 2690 2006 2725 in
2035 2689 2170 2734 rigore,
2193 2691 2234 2722 ut
2259 2686 2298 2721 in
2316 2683 2429 2721 disci-

1363 2759 1500 2805 plinato
1530 2756 1619 2791 fides
1647 2759 1684 2789 et
1710 2752 1860 2788 dileetio
1887 2751 2035 2796 vigeat,
2065 2757 2132 2783 nec
2160 2756 2226 2792 per
2253 2746 2427 2791 despera-

1367 2819 1500 2854 tionem
1526 2815 1583 2851 vel
1613 2813 1750 2855 odium,
1778 2810 1942 2846 funditus
1965 2809 2131 2844 intereat.
2165 2805 2206 2843 Si
2226 2805 2333 2842 rixati
2354 2805 2431 2852 sue-

1369 2877 1438 2911 rint
1463 2874 1544 2916 viri‚
1574 2878 1606 2908 et
1630 2869 1938 2918 percusserit,quis
1962 2867 2142 2903 mulierem
2166 2871 2428 2914 prquantem,
2493 2890 2500 2899 .

1372 2997 1514 3037 damno,
1545 2999 1714 3041 quantum
1742 2991 1921 3039 expetierit
1953 2991 2100 3027 maritus
2126 2988 2296 3032 mulieris,
2318 2993 2352 3024 et
2370 2997 2431 3023 ar-

1376 3057 1455 3092 bitri
1478 3053 1730 3101 judicaverint,
1757 3057 1793 3088 et
1817 3057 1960 3088 caetera.
1993 3050 2072 3094 Hic,
2094 3055 2134 3086 ut
2158 3049 2247 3086 mihi
2271 3047 2428 3092 videtur,

1377 3116 1460 3153 talis
1482 3120 1537 3152 cst
1557 3125 1709 3151 sensus:
1729 3112 1830 3158 Quod
1855 3113 1884 3148 si
1908 3112 1988 3159 quis
2005 3111 2195 3148 mulierem
2209 3108 2432 3158 percusserit

1379 3183 1460 3224 post
1485 3180 1697 3222 conceptum
1724 3184 1862 3218 semen,
1881 3179 1918 3209 et
1938 3183 2004 3220 pro
2031 3173 2100 3209 hoc
2124 3171 2330 3209 abortivum
2353 3168 2434 3217 qui-

1382 3242 1463 3278 dem
1492 3238 1644 3280 fecerit,
1685 3237 1761 3283 ipsa
1798 3242 1918 3272 tamen
1945 3236 2115 3280 vivente,
2154 3241 2242 3272 tunc
2279 3231 2434 3281 pecunia

1382 3308 1574 3348 percussor
1593 3298 1779 3334 taesionem
1801 3306 2076 3342 recompensare
2090 3296 2219 3344 possit,
2235 3292 2435 3333 secunaum

1383 3360 1420 3396 id
1447 3358 1542 3405 quod
1577 3357 1757 3403 expetitus
1783 3355 1893 3392 ruerit
1907 3383 1917 3400 ,
1952 3362 1990 3394 et
2019 3356 2161 3403 judices
2189 3353 2433 3394 decreverint.

1385 3421 1424 3459 Si
1452 3426 1574 3458 autem
1601 3429 1701 3456 mors
1730 3418 1825 3455 illius
1853 3418 1962 3456 fuerit
1989 3420 2208 3465 subsecuta,
2242 3423 2332 3456 tunc
2358 3415 2438 3465 iam

1384 3481 1568 3519 homicidii
1604 3489 1689 3516 reus
1705 3506 1716 3524 ,
1757 3478 1960 3527 puniendus
1999 3481 2071 3518 erit
2109 3481 2188 3529 ipse
2225 3486 2436 3528 percussor.

1386 3543 1536 3591 Mystice
1555 3547 1691 3585 autem,
1715 3541 1747 3578 si
1770 3539 1853 3587 quis
1878 3540 2029 3588 alicujus
2057 3541 2218 3578 animam
2245 3543 2329 3588 post
2350 3544 2441 3576 eon-

1366 3610 1531 3651 ‚ceptum
1561 3611 1688 3641 semen
1715 3601 1844 3645 verbi,
1882 3611 1947 3648 per
1976 3601 2156 3640 incuriam
2185 3582 2446 3643 vettn‘udm

1367 3665 1521 3703 ,tuerit
1534 3690 1546 3709 ,
1584 3663 1636 3700 ita
1661 3667 1704 3699 ut
1732 3660 1843 3699 vitale
1870 3671 2019 3709 germen
2046 3663 2134 3700 boni
2158 3648 2441 3711 efflamu-

1371 3723 1554 3774 protei-re
1579 3731 1653 3760 non
1678 3720 1818 3769 possit,
1850 3719 1960 3758 etiam
1988 3720 2020 3759 si
2050 3720 2130 3768 ipsa
2156 3719 2279 3775 ²5¹¹*
2299 3698 2374 3775 Q
2407 3701 2417 3706 ⁸
