2540 4016
54 216 126 259 2⁹3

678 206 1016 257 EXPOSIT'IONES
1041 218 1088 254 ιΝ
1114 209 1380 258 strricuu'.
1405 238 1456 248 -
1478 211 1566 260 Lm.
1589 215 1634 267 n.

2173 222 2263 289 ²124.

66 302 2238 334 ———---——-—————-——————-——-—-—-—.-....
2254 289 2264 329 t·

823 366 1027 418 LIBER
1079 366 1456 422 SECUNDUS.
2259 331 2263 342 ἱ

395 506 549 545 CAPUT
574 506 767 545 PRIMUM.

51 569 104 608 De
123 560 196 617 ieye
212 569 408 607 holocausti
426 576 459 606 et
476 571 546 606 ritu
567 568 823 616 sacrificiorum
838 574 870 604 et
888 568 1107 604 libaminum.

100 632 217 682 (lem.)
255 633 406 669 Locutus
434 639 484 669 est
509 632 681 668 Dominus
712 632 757 668 ad
788 631 934 679 Moysen
967 631 1110 667 dicens:

51 694 209 737 Proecfpe
228 694 346 730 Aaron
372 700 404 729 et
419 693 502 740 filiis
521 693 596 740 ejus
615 703 627 727 .·
643 693 731 729 Hoec
746 699 796 729 est
814 694 870 730 lex
882 693 1079 730 holocausti
1098 701 1110 726 .-

49 753 272 792 Cremabitur
291 756 326 791 in
348 756 453 791 altari
470 762 542 791 tota
563 762 660 792 nocte
673 767 781 803 usque
800 756 846 791 ad
865 765 969 791 mane
986 765 997 796 ,·
1021 755 1111 801 iynis

47 826 92 852 ea:
114 816 233 851 eodem
258 816 364 851 altari
382 817 460 852 erit.
489 815 662 852 Vestietur
675 816 837 852 sacerdos
857 815 977 851 tunica
1008 821 1040 850 et
1060 815 1111 861 se-

47 875 236 912 minalibus
267 876 383 920 lineis,
420 876 583 923 tolletque
600 878 732 912 cineres
759 887 847 923 quos
860 886 988 911 vorans
1019 876 1109 921 igniis

47 938 195 981 exussit,
226 946 257 973 et
277 949 406 985 ponens
428 937 534 983 juxta
550 936 676 980 altare,
707 935 916 983 spoliabitur
933 934 1110 982 prioribus

47 999 273 1042 vestimentis,
295 999 507 1044 indutusque
523 997 615 1039 aliis,
638 998 756 1044 efferet
771 1009 828 1033 eos
859 1005 958 1034 extra
977 1005 1109 1043 castra,

46 1066 78 1096 et
96 1060 132 1095 in
152 1060 227 1095 loco
238 1059 481 1101 mundissimo,
505 1070 613 1106 usque
628 1059 674 1094 ad
693 1059 851 1106 favillam
872 1062 1032 1096 consumi
1053 1061 1111 1107 fa-

45 1122 123 1163 ciet,
150 1125 187 1155 et
203 1125 345 1156 caetera.
375 1118 447 1167 (Ex
465 1117 670 1168 Hesychio.)
690 1119 756 1156 Hic
776 1121 906 1168 dejugi
930 1121 1110 1158 sacrificio

43 1181 101 1218 lex
117 1182 290 1228 loquitur,
305 1182 398 1228 quod
415 1180 577 1228 quotidie
591 1182 626 1217 in
637 1181 729 1218 libro
746 1183 859 1222 Exoztj
876 1183 1007 1220 offerre
1023 1193 1112 1229 prte-

45 1244 140 1290 cepit
155 1243 373 1280 sacerdotes.
393 1240 454 1279 Ait
474 1243 571 1279 enim
592 1244 644 1281 sic
663 1256 671 1279 :
696 1243 773 1280 Hoc
793 1245 950 1292 estquod
971 1246 1079 1291 facies
1098 1255 1109 1280 .·

44 1306 90 1343 In
114 1307 220 1343 altari
249 1318 358 1355 aqnos
377 1307 558 1343 anniculos
572 1307 659 1343 duos
674 1319 735 1355 per
756 1309 911 1355 sinqnlos
927 1309 1109 1356 diesjuyi-

45 1373 97 1403 ter
117 1367 248 1415 (Exod.
270 1367 385 1415 xxix).
422 1369 466 1404 Et
485 1370 591 1416 paulo
609 1375 691 1416 post
709 1382 717 1405 :
742 1370 925 1407 Oblatione
944 1378 1110 1418 perpetua

43 1430 79 1466 in
110 1432 349 1477 qenerationes
366 1438 498 1468 vestras
530 1433 671 1482 (lbid.).
694 1434 788 1470 Dicit
806 1438 925 1469 autem
949 1445 957 1467 :
981 1432 1108 1467 Facies

45 1490 287 1527 holocaustum
318 1503 426 1529 unum
452 1505 582 1540 azynum
600 1505 717 1537 mane,
755 1500 785 1529 et
803 1492 911 1528 alium
928 1492 1034 1537 facies
1057 1503 1112 1526 ve-

0 1571 1 1588 l
45 1564 156 1599 spere.
178 1553 247 1589 Per
265 1554 342 1589 haec
369 1565 456 1601 ergo
472 1555 705 1602 intelligimus
730 1555 812 1600 quia
835 1555 870 1589 in
887 1563 1012 1589 eorum
1028 1553 1110 1599 qui-

46 1614 125 1649 dem
145 1613 206 1659 qui
225 1619 307 1649 sunt
325 1614 366 1649 de
380 1615 484 1660 plebe
499 1616 683 1652 voluntate
699 1615 821 1651 datum
839 1622 907 1658 est,
924 1615 953 1650 si
972 1614 1106 1656 volunt,

45 1674 175 1710 offerre
193 1674 461 1719 holocaustum,
491 1683 639 1723 propter
659 1678 753 1723 qnod
783 1677 1003 1712 sacrificium
1025 1676 1111 1712 illud

46 1747 177 1773 munus
195 1747 334 1780 eorum,
355 1743 394 1773 ut
411 1739 494 1784 pote
513 1745 710 1784 spontanea
732 1739 867 1774 oblatio
883 1739 1108 1774 nominatur.

47 1796 170 1842 Neque
190 1798 286 1833 enim
315 1798 360 1832 ab
377 1798 476 1833 omni
497 1799 644 1834 homine
668 1797 935 1844 perfectissima
954 1798 1110 1843 exigitur

45 1854 220 1903 sapientia
238 1869 247 1902 ;
270 1859 440 1894 sacerdos
460 1863 580 1895 tamen
599 1859 807 1895 omnimodo
828 1859 932 1895 debet
949 1858 1109 1904 perfecte

45 1926 183 1964 sapere.
209 1912 428 1965 Perpetuum
456 1920 552 1956 enim
578 1920 810 1963 sacrificium,
845 1920 879 1955 id
891 1925 959 1963 est,
990 1919 1107 1955 conti-

43 1987 152 2013 nuum
168 1976 433 2023 holocaustum,
449 1980 606 2016 seeundo
622 1981 657 2016 in
678 1979 749 2024 die,
772 1991 877 2016 mane
893 1985 928 2016 et
943 1989 1106 2026 vespere,

43 2039 173 2076 offerre
192 2041 414 2087 praeeipitur,
442 2047 482 2077 ut
503 2053 522 2077 a
542 2042 702 2089 perfecta
719 2042 897 2089 sapientia
915 2041 1107 2087 iucipiens,

44 2100 80 2137 ln
96 2102 220 2137 eadem
246 2101 363 2146 finiat,
399 2108 435 2139 ει
450 2108 561 2139 totam
585 2115 687 2139 suam
706 2104 816 2139 vitam
838 2107 1032 2149 componat
1063 2101 1109 2138 ad

43 2161 315 2207 perfectionem.
350 2163 500 2210 lgnisin
520 2164 626 2199 altari
656 2175 798 2210 semper
813 2164 969 2208 ardebit,
999 2170 1108 2209 quem

44 2222 182 2258 nutriet
200 2223 368 2259 sacerdos
387 2234 396 2266 ;
421 2229 564 2270 oportet
583 2226 714 2272 quippe
748 2235 830 2261 eum
854 2225 915 2271 qni
934 2225 1107 2260 holocau-

44 2291 153 2327 stum,
177 2284 211 2320 id
230 2284 480 2331 est‚persectae
501 2287 686 2333 sapientiae
706 2287 968 2334 operationem,
999 2287 1109 2322 debet

44 2355 187 2391 semper
214 2346 413 2382 accendere
438 2347 556 2393 ignem
581 2348 698 2383 sancti
719 2346 875 2393 Spiritus
908 2354 944 2384 et
965 2359 1036 2384 non
1055 2350 1105 2385 si-

44 2412 129 2439 nere
146 2404 327 2451 exstingui
346 2417 353 2439 ε
371 2406 614 2452 exstinguitur
629 2412 751 2442 autem
777 2413 813 2442 et
830 2417 955 2443 eornm
977 2408 1108 2454 quibus

44 2462 195 2500 donatus
210 2470 277 2507 est,
295 2463 526 2511 negligentia.
547 2466 698 2512 Propter
713 2467 808 2512 qnod
825 2473 861 2502 et
875 2461 1008 2504 Paulus
1027 2469 1077 2503 ait
1097 2481 1104 2504 :

45 2524 214 2572 Spiritum
234 2526 339 2562 nolite
366 2528 583 2572 exstinquere
603 2527 638 2574 (I
656 2527 776 2563 Thess.
798 2528 856 2574 v);
876 2529 1023 2563 velutin
1044 2540 1108 2564 no-

45 2591 117 2621 stra
137 2591 314 2630 potestate
333 2587 380 2622 sit
403 2588 559 2633 positum
582 2589 813 2633 exstinguere
833 2588 932 2622 illuni
952 2589 1028 2624 sive
1049 2599 1109 2624 ac·

46 2646 212 2682 cenderc.
238 2646 325 2682 Tota
344 2653 462 2681 autem
479 2653 583 2683 nocte
602 2649 743 2683 incendi
761 2649 878 2694 ignem
895 2648 1015 2694 jussit,
1036 2660 1108 2685 non

46 2706 140 2753 quod
155 2706 190 2742 in
206 2706 263 2742 die
279 2717 349 2742 non
371 2707 641 2750 incenderetur,
658 2718 742 2743 nam
754 2709 932 2753 quomodo
950 2710 1106 2745 secundo

31 2767 148 2803 ‹ssei-et
172 2768 299 2803 diebus
319 2768 470 2814 singulis
503 2767 775 2811 holocaustuni;
799 2769 862 2805 sed
885 2770 969 2815 quia
991 2771 1108 2806 mani-

31 2830 157 2868 *festus
175 2837 253 2867 erat
285 2832 379 2878 ignis
403 2832 566 2875 diurnus,
598 2838 814 2869 nocturnum
843 2833 993 2877 addidit,
1021 2835 1106 2881 quia

30 2902 130 2940 «ergo
143 2903 214 2929 nox
234 2893 350 2940 caligo
371 2899 425 2929 est
440 2894 524 2929 vitae
542 2892 662 2938 hujus,
684 2893 717 2929 id
734 2900 802 2938 est,
819 2905 859 2930 ea
877 2906 956 2941 quae
972 2894 1106 2931 multos

30 2953 196 2998 «obtinet,
231 2955 433 3002 ignorantia
448 2982 457 2991 .
491 2954 542 2991 De
565 2965 637 3001 qua
673 2954 804 2991 Paulus
824 2956 968 2992 dicebat
989 2969 996 2992 :
1022 2956 1106 2993 Noa:

31 3018 232 3060 mraecessit,
248 3017 321 3052 dies
338 3023 454 3052 cautem
469 3017 756 3063 appropinquavit
776 3016 895 3065 (Rom.
914 3017 1011 3066 xiii).
1032 3010 1104 3055 Nos

29 3078 226 3124 tpraecepit,
262 3078 321 3124 qui
352 3077 602 3114 holocaustum
620 3077 683 3113 Dei
718 3077 803 3113 sacti
823 3089 962 3122 sumus,
995 3080 1104 3116 etiam

31 3131 85 3178 iil}
98 3144 206 3176 nocte
231 3140 432 3176 accendere
457 3139 591 3186 ignem,
613 3144 652 3174 ut
677 3149 758 3174 cum
777 3139 836 3175 alii
851 3140 967 3187 legem
989 3147 1105 3178 trans-

28 3192 61 3251 q*
109 3201 254 3237 diantnr
269 3201 451 3245 etterreni
472 3201 558 3243 sint,
582 3211 647 3236 nos
661 3201 774 3237 simus
794 3202 989 3248 spiritales.
1012 3202 1106 3239 Sub-

30 3259 44 3300 i
107 3260 135 3297 it
150 3267 270 3297 autem
289 3273 298 3296 z
328 3259 499 3296 vestietur
517 3261 678 3297 sacerdos
693 3262 812 3297 tunica
830 3269 863 3298 et
878 3263 1103 3310 seminalibus

57 3319 106 3348 ·'·=
131 3332 160 3358 s.
188 3322 367 3358 Sacerdos
391 3322 450 3358 hic
477 3321 540 3368 qui
570 3322 819 3360 holocaustum
837 3323 956 3369 offert,
993 3337 1104 3363 unus-

59 3400 60 3404 *
84 3385 112 3420 3¹³
137 3375 199 3418 {e
219 3381 383 3429 perfecte
404 3382 551 3429 sapiens
569 3382 796 3430 intelligitur,
821 3385 907 3432 quia
928 3379 1101 3424 sacerdo-

149 3436 389 3489 porrectionis
405 3443 610 3490 exemplum
629 3450 699 3488 est,
720 3451 868 3494 propter
882 3447 979 3493 quod
996 3453 1034 3484 et
1047 3459 1102 3484 re-

223 3500 246 3554 .'
259 3504 367 3540 mium
380 3500 529 3552 populus
541 3503 656 3550 fidelis
666 3500 698 3553 (1
718 3503 814 3541 Petr.
833 3505 874 3552 ιι)
889 3507 1102 3554 appellatur,

63 3578 66 3594 ²
123 3601 135 3607 ,.
199 3563 219 3626 ³⁴
234 3561 328 3605 ·”ιῐι
342 3564 548 3631 “perfectam
571 3563 759 3619 Evangelii
781 3571 998 3618 suscipiens.
1032 3570 1103 3629 Qui

153 3647 170 3668 ·,
201 3646 218 3662 υ
252 3633 330 3660 “021‘'
352 3642 364 3650 '-
388 3630 803 3677 holocansmm‚8unica‚
828 3633 864 3669 id
879 3639 936 3670 est
945 3632 1106 3680 justitia,

104 3702 110 3712 '
141 3721 158 3732 .«
231 3693 237 3709 ³
266 3699 269 3702 “
291 3683 310 3714 ’“”
332 3671 888 3747 fieffiffistitatestnduatuhDe
899 3694 971 3731 lino
986 3701 1107 3731 autem

334 3747 357 3761 ’“
390 3751 394 3755 ’
494 3747 988 3803 Ὕῢίὶὁῑιιεμοιιειιαιιε,
1017 3755 1108 3802 quia

485 3819 556 3843 *i-''i-
579 3822 588 3836 t*

1132 506 1168 547 Α
1183 503 1324 540 habiles
1352 504 1579 551 multumque
1594 506 1822 544 cohaerentes
1852 512 1945 544 sunt
1961 510 2094 546 mimae
2107 506 2248 556 Iustitia

1181 573 1217 602 et
1230 566 1401 610 'castitas;
1419 567 1597 614 simulque
1615 566 1683 604 hoe
1698 566 1818 613 docet,
1833 570 1928 616 quod
1942 571 2248 616 quemadmodum

1180 627 1286 664 facile
1301 628 1432 675 cuique
1443 634 1501 665 est
1520 629 1564 665 ad
1578 629 1799 674 habendum,
1816 631 1869 667 sic
1877 632 2030 669 virtutes
2046 633 2250 671 volentibus

1180 695 1241 726 eas
1258 690 1432 736 consequi
1463 690 1589 727 faciles
1608 696 1693 727 sunt
1726 696 1764 727 et
1789 701 1868 737 quae
1883 692 1956 730 eito
1974 694 2139 740 conquiri
2167 705 2250 740 pos-

1181 758 1276 790 sunt.
1301 754 1364 791 His
1384 760 1505 791 autem
1530 755 1698 791 indutum
1724 754 1828 800 iubet
1843 755 1988 792 auferre
2012 757 2156 794 eineres
2182 758 2246 793 ho-

1180 816 1331 854 locausti
1363 829 1454 865 quos
1491 818 1584 865 Ignis
1602 820 1830 866 consumpsit
1858 819 1904 856 de
1921 819 2040 856 altari.
2073 821 2166 866 Quid
2185 832 2250 868 per

1180 880 1257 915 haec
1283 880 1428 922 docens,
1450 880 1519 916 nisi
1538 886 1577 916 ut
1597 882 1904 927 quemadmodum
1925 882 2046 919 hostia
2065 882 2246 926 aufertur,

1179 940 1215 975 id
1243 946 1312 983 est,
1344 941 1563 978 sacrificium
1597 943 1693 988 quod
1714 948 1901 989 peractum
1919 949 1976 980 est
2010 943 2246 981 holocausto-

1180 1002 1302 1045 matis,
1322 1005 1362 1038 ut
1382 1003 1479 1038 aliud
1506 1004 1637 1039 iterum
1651 1003 1768 1040 simile
1785 1005 1971 1048 offeratur,
1990 1002 2040 1041 ita
2057 1011 2093 1041 et
2110 1015 2176 1041 nos
2196 1005 2232 1042 sa

1180 1063 1331 1099 ciamus.
1375 1061 1536 1099 Virtutes
1569 1063 1700 1109 quippe
1737 1074 1828 1110 quas
1860 1071 2078 1111 cooperante
2108 1066 2246 1111 Spiritu

1179 1123 1354 1171 gerimus,
1371 1123 1583 1170 singillatim
1602 1124 1775 1160 debemus
1795 1135 1944 1170 ponere,
1961 1129 2000 1160 ιιι
2015 1125 2106 1161 alias
2121 1135 2250 1162 rursus

1179 1196 1387 1232 operemur,
1411 1191 1448 1221 et
1462 1196 1533 1222 non
1553 1191 1694 1222 tantum
1714 1186 2004 1231 praecedentibus
2020 1187 2180 1222 contenti
2197 1186 2249 1222 si-

1179 1257 1275 1288 mus,
1297 1247 1361 1282 sed
1378 1251 1414 1282 et
1432 1246 1522 1282 alias
1541 1246 1795 1294 adjungamus.
1814 1246 2126 1290 Quemadmodum
2142 1248 2173 1284 is
2189 1247 2252 1293 qui

1179 1307 1308 1350 currit,
1342 1307 1553 1352 relinquens
1573 1313 1799 1351 transcursa,
1837 1308 1883 1343 ad
1902 1308 2041 1353 reliqua
2070 1309 2251 1345 currenda

1180 1367 1379 1410 contendit,
1413 1368 1498 1412 quia
1524 1367 1694 1403 videlicet
1713 1367 1818 1403 aliter
1851 1369 1895 1404 ad
1914 1369 2079 1404 bravium
2096 1379 2166 1405 non
2186 1378 2252 1415 po-

1130 1419 1160 1458 B
1181 1428 1265 1462 terit
1284 1427 1486 1473 pervenire.
1523 1428 1679 1473 Propter
1698 1427 1794 1473 quod
1811 1438 1893 1464 cum
1916 1428 2053 1465 auferri
2084 1430 2130 1466 de
2144 1429 2250 1466 altari

1178 1488 1414 1534 praecepisset
1437 1494 1729 1524 consummatum
1758 1489 1840 1535 igne
1861 1489 2128 1533 holocaustum,
2161 1489 2251 1536 poni

1179 1550 1265 1585 illud
1296 1550 1400 1596 juxta
1423 1550 1538 1586 altare
1567 1551 1752 1596 praeeepit.
1789 1551 1876 1587 Esse
1906 1557 2028 1587 autem
2061 1551 2249 1588 Christum

1178 1611 1502 1646 holocaustomatis
1531 1610 1646 1645 altare
1669 1611 1838 1646 diximus.
1872 1610 2085 1647 rAuferimus
2106 1622 2194 1658 ergo
2215 1611 2250 1647 ei

1178 1673 1264 1708 olim
1280 1682 1389 1718 opere
1406 1677 1679 1708 consummatas
1697 1673 1864 1716 virtutes,
1906 1673 2053 1718 quando
2071 1671 2248 1709 habemus

1180 1740 1322 1781 tempus
1333 1735 1521 1781 operandi,
1534 1735 1638 1780 quasi
1659 1745 1732 1771 non
1749 1735 1854 1771 nobis
1874 1734 2027 1780 imputet
2045 1735 2249 1780 praeceden-

1176 1801 1232 1831 tes
1265 1795 1545 1842 negligentibus,
1573 1795 1603 1830 si
1632 1805 1702 1830 non
1724 1805 1834 1840 super
1857 1805 1921 1830 eas
1949 1795 2039 1830 alias
2060 1800 2248 1831 construa-

1175 1867 1272 1893 mus.
1315 1856 1446 1892 Servat
1471 1857 1568 1892 enim
1586 1856 1690 1892 nobis
1709 1856 1876 1892 Christus
1891 1855 2012 1901 justus
2026 1855 2136 1902 judex
2151 1865 2249 1902 quae-

1177 1928 1319 1963 cunque
1338 1917 1433 1953 bona
1459 1918 1656 1962 egerimus,
1693 1917 1722 1952 si
1742 1927 1813 1952 non
1845 1917 1922 1952 haec
1945 1926 2009 1962 per
2022 1915 2169 1962 iniquas
2189 1926 2250 1952 ac-

1176 1980 1292 2015 tiones
1309 1978 1536 2025 praevaricati
1552 1978 1738 2014 fuerimus.
1759 1977 1830 2024 (Ex
1847 1977 2026 2024 Oriqene.)
2045 1978 2249 2014 observan-

1175 2041 1262 2077 dum
1283 2047 1404 2076 tamen
1427 2045 1483 2077 est
1505 2041 1602 2086 quod
1629 2039 1710 2075 aliis
1732 2039 1955 2075 indumentis
1988 2039 2159 2076 sacerdos
2179 2039 2247 2075 uti-

1177 2107 1236 2138 tur
1255 2103 1342 2137 dum
1362 2102 1468 2138 estin
1488 2102 1750 2137 sacrificiorum
1773 2100 1988 2144 ministerio,
2008 2106 2046 2137 et
2063 2099 2143 2137 aliis
2162 2111 2246 2137 euni

1175 2163 1339 2209 procedit
1361 2163 1405 2199 ad
1430 2163 1615 2209 populum.
1643 2162 1718 2198 Hoc
1737 2162 1893 2198 faciebat
1913 2168 1947 2198 et
1968 2162 2101 2198 Paulus
2131 2163 2250 2199 scien-

1178 2224 1341 2260 tissimus
1359 2224 1571 2271 pontificum
1592 2229 1627 2259 ει
1642 2223 1887 2270 peritissimus
1907 2224 2153 2268 sacerdotum,
2185 2225 2250 2271 qui

1176 2297 1260 2322 cum
1270 2292 1370 2323 esset
1386 2287 1423 2322 in
1441 2291 1535 2323 coetu
1560 2286 1820 2332 perfectorum,
1841 2291 2012 2332 tanquam
2041 2286 2136 2323 inter
2155 2286 2248 2323 San-

1179 2354 1237 2384 cta
1254 2354 1463 2385 sanctorum
1475 2349 1628 2395 positus,
1647 2353 1684 2384 et
1699 2349 1790 2384 stola
1807 2353 1844 2383 et
1861 2348 2086 2393 perfectione
2100 2349 2248 2384 indutus

1179 2409 1346 2445 dicebat:
1367 2407 1585 2454 Sapientiam
1601 2408 1884 2454 quuimurimer
1900 2408 2088 2453 perfectos,
2110 2408 2247 2453 sapien-

1178 2470 1264 2503 tiam
1282 2475 1482 2503 autemnon
1502 2469 1608 2514 hujus
1627 2468 1765 2510 ηιιιηάὶ,
1798 2470 1906 2513 neque
1923 2467 2120 2512 principum
2140 2467 2247 2512 hujus

1179 2528 1302 2563 mundi
1332 2530 1392 2573 qui
1408 2528 1652 2569 destruuntur,
1682 2527 1742 2561 sed
1759 2526 1936 2572 loquimur
1957 2526 2022 2561 Dei
2036 2526 2246 2572 sapientiam

1176 2590 1214 2624 in
1235 2589 1398 2634 mysterio
1426 2588 1682 2630 absconditam,
1700 2599 1806 2633 quam
1835 2597 1934 2622 nemo
1957 2587 2156 2633 principum
2177 2587 2246 2623 lm-

1172 2648 1234 2693 jus
1251 2646 1372 2682 saculi
1401 2648 1590 2694 coqnot¹it,·
1617 2648 1647 2683 si
1676 2647 1768 2682 enim
1785 2647 2036 2692 coynovissem,
2062 2657 2243 2694 nunquam

1178 2710 1290 2745 Deum
1320 2709 1514 2756 majestatis
1542 2709 1791 2754 crucifixissem
1812 2707 1852 2754 (Ι
1872 2707 1954 2743 Cor.
1973 2707 2036 2755 ιι).
2059 2707 2130 2744 Sed
2163 2714 2246 2755 post

1177 2772 1254 2808 luce
1287 2778 1457 2817 tanquam
1479 2771 1523 2806 ad
1543 2770 1714 2817 populum
1732 2770 1872 2812 exiens,
1894 2775 2011 2804 mutat
2028 2769 2174 2814 stolam,
2205 2776 2242 2806 et

1177 2835 1248 2870 alia
1278 2834 1441 2869 induitur
1461 2833 1567 2879 louge
1587 2832 1759 2868 interiore
1779 2841 1889 2876 quam
1905 2831 1980 2866 illa.
2001 2826 2045 2866 Et
2075 2831 2163 2876 quid
2183 2831 2236 2866 di-

1177 2896 1253 2932 cit?
1272 2893 1373 2930 Nihil
1399 2893 1514 2936 aliud,
1532 2892 1662 2938 inquit,
1698 2903 1752 2926 me
1762 2891 1922 2938 judicavi
1938 2891 2026 2926 scire
2056 2891 2149 2926 inter
2164 2901 2240 2935 vos,

1176 2959 1244 2994 nisi
1263 2957 1386 2994 lesum
1402 2957 1582 2993 Christum
1615 2963 1647 2991 et
1665 2955 1757 2992 hune
1782 2956 1993 3001 crucifixum
2025 2953 2152 3003 (Ibat.)
2172 2954 2246 3002 [Ex

1176 3017 1385 3066 Hesychia]
1416 3019 1527 3054 Extra
1545 3023 1665 3054 eastra
1687 3022 1809 3053 autem
1842 3017 2015 3053 inlocum
2042 3017 2242 3052 mundissi-

1174 3091 1272 3117 mum
1296 3081 1399 3126 jubet
1429 3076 1563 3123 efferri,
1602 3080 1728 3123 idest,
1756 3079 1979 3126 praemittere
1999 3079 2045 3115 ad
2078 3079 2239 3114 futurum

1169 3144 1362 3190 judicium.
1381 3143 1471 3180 lllud
1489 3143 1585 3179 enim
1604 3148 1708 3178 extra
1735 3146 1856 3178 castra
1877 3147 1932 3178 est
1957 3141 2147 3188 praesentis
2170 3149 2237 3175 sae-

1176 3205 1259 3246 culi,
1292 3210 1330 3241 et
1347 3205 1449 3241 locus
1467 3210 1523 3240 est
1548 3205 1718 3247 mundus,
1742 3204 1805 3249 qui
1831 3204 1876 3239 ab
1894 3203 1993 3238 omni
2010 3201 2243 3246 corruptione

1122 3248 1159 3288 D
1175 3269 1353 3306 mundum
1380 3272 1437 3303 est
1471 3266 1583 3302 futuri
1603 3266 1725 3302 saeeuli
1751 3264 1944 3310 judicium.
1978 3263 2049 3298 Sed
2074 3262 2160 3308 quid
2186 3267 2242 3298 est

1177 3333 1273 3382 quod
1300 3329 1437 3367 addidit
1459 3341 1468 3364 ε
1487 3327 1506 3363 1
1511 3328 1587 3374 qnis
1613 3334 1730 3362 autem
1759 3326 1796 3360 in
1811 3325 1918 3360 altari
1941 3332 2076 3369 semper
2092 3323 2239 3368 ardebit,

1177 3404 1279 3443 quem
1296 3391 1425 3428 nutriet
1445 3388 1624 3430 sacerdos,
1642 3381 1833 3432 subjiciens
1852 3385 1948 3430 liqna
1964 3380 2067 3420 marte
2093 3393 2156 3431 per
2172 3385 2242 3421 sin-

1177 3453 1278 3503 yulos
1297 3439 1370 3488 dies
1391 3452 1407 3486 ?
1431 3446 1742 3494 Quemadmodum
1769 3453 1855 3491 ergo
1880 3444 2031 3480 materia
2050 3443 2143 3492 ignis
2157 3450 2242 3481 sunt

1175 3513 1291 3561 ligna,
1310 3521 1417 3548 mane
1435 3516 1556 3546 autem
1571 3519 1615 3544 ea
1637 3507 1739 3555 iubet
1760 3506 1941 3553 componi,
1966 3506 2020 3555 sic
2038 3506 2144 3555 nobis
2156 3513 2242 3557 sunt

1175 3571 1327 3609 materia
1342 3567 1692 3607 subministrationis
1707 3560 1875 3612 spiritus,
1885 3555 2022 3604 ‘dirl'n'ae
2032 3560 2124 3614 iegi‘s
2138 3560 2241 3603 'testi-

1179 3631 1314 3674 monia,
1334 3634 1372 3667 et
1391 3636 1580 3666 sacrorum
1598 3621 2046 3674 eloquiam-armenicam,
2071 3625 2152 3674 quae
2178 3622 2240 3665 sli-

1176 3702 1244 3742 pra
1261 3699 1342 3730 esse
1372 3691 1469 3757 ligna
1487 3687 1658 3726 diximus.
1688 3680 1788 3737 Ergo
1801 3670 1884 3727 the
1911 3696 2021 3726 mane
2040 3680 2085 3726 rn-
2102 3681 2240 3727 fflfle

1178 3747 1608 3807 componet-edentibus,
1623 3738 1665 3787 id
1685 3743 1758 3794 est,
1786 3742 1824 3786 'in
1840 3740 2080 3798 ἣίςιῖειιὶίεὲι
2096 3739 2239 3788 'bom

1179 3817 1255 3851 tate
1268 3807 1419 3850 ‘ame
1452 3804 1535 3848 Nou
1548 3804 1667 3848 sotum
1691 3807 1790 3848 estin
1804 3798 2037 3849 iionliili'aie
2062 3802 2132 3849 ἰεῦ
2151 3804 2239 3848 eth

1179 3880 1300 3920 nocte,
1320 3873 1363 3911 id
1375 3877 1449 3919 est,
1463 3882 1537 3910 non
1557 3871 1676 3910 solum
1697 3871 1736 3910 in
1755 3875 1918 3921 tempore
1934 3871 2155 3919 sobrietatis,
2172 3869 2238 3909 sed

1128 2325 1156 2366 C
