2540 4016
136 177 232 223 {155
773 185 1010 230 sonuum.
1037 191 1083 228 ΙΝ
1104 193 1190 232 LIB.

124 263 208 297 jur.
222 231 406 297 ‚Audacssr
419 254 589 298 fortassis
600 255 738 303 aliquid
756 259 939 306 dicemus;
958 267 1077 302 tamen
1094 269 1191 313 quod

127 310 310 364 ‘scriptum
329 322 385 353 est
405 317 571 355 dicimus.
602 317 682 355 Non
710 331 854 367 semper
876 323 1045 372 princeps
1070 329 1190 374 populi

132 383 171 417 ot
183 377 358 415 Ecclesiae
367 377 479 425 judex
491 389 558 426 per
573 378 639 416 Dei
657 381 848 419 arbitrium
866 383 986 430 datur,
1003 387 1066 423 sed
1084 397 1190 435 prout

93 441 96 447 ’
131 438 264 481 merita
295 443 421 475 nostra
446 439 659 486 deposcunt,
684 441 716 478 si
739 442 824 479 mali
845 449 928 480 sunt
947 450 1051 482 actus
1074 449 1190 485 nostri

36 487 53 490 ff
83 495 85 498 ’
129 505 168 539 et
184 509 378 548 operamur
410 500 608 548 malignum
644 503 682 539 in
711 511 907 552 conspectu
943 507 1021 552 Dei,
1059 509 1190 547 dantur

30 581 45 586 ω
76 605 84 609 ¹
128 562 235 599 nobis
252 562 437 609 principes
462 565 660 601 secundum
695 576 759 602 cor
775 572 956 613 nostrum,
975 575 1013 606 et
1034 571 1103 608 hoc
1122 572 1188 608 tibi

128 624 173 661 de
192 623 390 671 Scripturis
416 627 589 673 probabo.
610 626 704 664 Audi
719 639 890 677 namque,
908 631 995 677 quid
1012 631 1187 670 Dominus

127 686 222 724 dicat
242 699 252 723 :
271 685 305 722 F
306 694 448 725 ecorum
479 690 546 726 sibi
565 701 692 737 reqem,
711 698 744 727 et
765 703 836 728 non
853 704 915 740 per
943 705 997 729 me
1005 705 1017 738 ,·
1036 699 1072 730 et
1087 696 1186 742 prin-

124 749 250 795 cipem,
268 755 300 784 et
315 760 385 786 non
396 761 458 797 per
477 751 661 787 consilium
682 764 810 789 nteum.
831 753 877 790 Et
894 754 964 791 hoc
979 755 1113 792 dictum
1131 756 1184 792 vi-

123 810 229 848 detur
239 811 282 847 de
299 810 407 847 Saule
421 812 494 855 illo,
518 823 624 859 quem
639 813 765 860 utique
781 814 858 861 ipse
874 815 1048 852 Dominus
1070 816 1184 864 elege-

121 880 192 918 rat,
217 880 254 911 et
275 885 395 921 regem
416 875 495 911 {ieri
521 874 695 920 jusserat.
730 876 800 912 Sed
832 878 1003 922 quoniam
1037 889 1108 914 non
1127 889 1182 915 se-

119 938 278 974 cundum
303 937 369 974 Dei
398 937 638 982 voluntatem,
657 939 720 975 sed
753 937 951 974 secundum
979 941 1180 985 peccatoris

117 998 243 1045 populi
272 999 442 1034 meritum
459 998 580 1035 fuerat
598 999 751 1042 electus,
772 1004 882 1045 negat
901 1009 983 1035 eum
1006 1010 1087 1035 cum
1114 1011 1179 1037 sua

115 1057 302 1095 voluntate
319 1059 377 1095 vel
397 1059 548 1095 consilio
572 1060 822 1095 constitutum.
844 1059 929 1096 Tale
944 1071 1030 1107 ergo
1045 1061 1179 1107 aliquid

116 1119 361 1165 intelligamus
381 1119 491 1155 etiam
507 1119 545 1154 in
564 1119 738 1156 Ecclesiis
759 1119 852 1164 fieri,
880 1121 963 1165 quia
984 1131 1051 1166 pro
1070 1121 1179 1157 meri-

114 1248 175 1280 tur
191 1249 312 1280 rector
331 1244 515 1287 Ecclesiae,
537 1250 599 1280 aut
618 1245 647 1281 si
675 1245 871 1290 malignum
889 1245 999 1282 saciat
1022 1246 1175 1292 populus

113 1306 150 1343 ln
170 1313 366 1353 conspectu
386 1307 542 1350 Domini,
582 1307 666 1343 talis
701 1307 876 1343 Ecclesiae
909 1308 1020 1354 judex
1054 1309 1171 1352 datur,

111 1369 178 1415 suh
190 1379 262 1415 quo
277 1368 407 1404 samem
429 1374 465 1404 et
481 1368 578 1404 sitim
595 1367 748 1413 populus
764 1368 935 1414 patiatur,
953 1367 1172 1404 non'samem

73 1469 81 1474 ⁸
109 1430 214 1477 panis
245 1440 361 1476 neque
393 1430 491 1466 sitim
511 1441 627 1475 aquae,
650 1430 711 1466 sed
738 1429 871 1465 samem
902 1429 1071 1466 audiendi
1091 1440 1172 1466 ver-

110 1491 195 1527 bum
219 1492 362 1528 Domini
383 1491 502 1539 (Rom.
530 1491 623 1536 viu).
644 1492 698 1527 Ita
719 1502 804 1538 ergo
824 1503 890 1528 nos
906 1502 1055 1538 agamus
1071 1492 1168 1530 etita

108 1564 269 1597 oremus,
287 1564 333 1590 ne
350 1565 511 1600 unquam
534 1565 601 1590 nos
615 1554 735 1590 divina
755 1555 998 1601 indignatione
1019 1555 1055 1591 in
1068 1555 1169 1591 verbi

108 1614 203 1651 same
220 1616 437 1651 condemnet
463 1626 506 1652 ac
524 1615 598 1659 siti,
615 1626 660 1652 ne
675 1625 835 1662 unquam
860 1617 1046 1653 auferatur
1062 1627 1083 1651 a
1104 1627 1168 1652 no-

108 1677 165 1714 bis
183 1678 326 1723 quinos
350 1678 462 1714 verbo
489 1683 525 1714 ct
550 1689 658 1725 opere
677 1679 847 1723 instruat,
876 1680 989 1725 quiin
1005 1679 1167 1715 moribus

107 1743 145 1775 et
163 1739 366 1782 honestate,
403 1740 464 1786 qui
491 1739 673 1786 patientiae
707 1750 749 1776 ac
770 1740 1057 1776 mansuetudinis
1088 1749 1167 1785 per·

106 1799 241 1837 fectum
260 1801 304 1837 de
323 1812 363 1838 se
381 1802 522 1848 populis
541 1807 689 1847 praestet
710 1803 927 1848 exemplum.
948 1802 1038 1837 Nam
1055 1802 1084 1838 sl
1100 1812 1166 1838 nos

106 1861 300 1899 fecerimus
319 1863 517 1910 malignum
545 1864 581 1899 in
600 1870 794 1909 conspectu
814 1865 967 1906 Domini,
991 1864 1026 1899 id
1044 1869 1113 1907 est,
1134 1864 1164 1900 si

104 1924 199 1960 male
218 1925 413 1971 egerimus,
442 1925 470 1960 si
499 1925 721 1961 voluntatem
745 1931 905 1960 nostram
938 1930 975 1960 et
997 1935 1068 1960 non
1100 1924 1164 1960 Dei

103 1985 295 2031 faciamus,
327 1989 483 2024 moritur
498 1993 534 2023 et
555 1987 663 2030 Aoth,
695 1987 880 2023 auferetur
895 1991 930 2022 et
949 1986 1160 2033 samegach,

104 2053 142 2086 et
161 2050 417 2086 obscurabitur
446 2050 524 2085 laus
554 2055 680 2085 nostra
713 2053 748 2084 et
767 2038 953 2085 trademur
973 2048 1010 2084 in
1035 2058 1163 2083 manus

1213 192 1424 239 16616611.
1458 223 1494 231 -
1515 205 1600 246 un.
1625 205 1653 247 ι
2205 226 2299 265 „34

1208 271 1245 313 A
1259 272 1398 312 minum
1419 278 1613 330 suscitetur
1631 281 1834 328 prophetia,
1850 294 1930 331 quae
1945 297 1999 333 est
2017 294 2053 332 in
2073 296 2187 347 figura
2205 301 2297 340 neb-
2318 293 2323 304 ’

1259 332 1373 379 borae,
1394 340 1431 372 et
1455 334 1652 377 secundum
1688 339 1886 389 prophetiae
1918 344 2068 394 gratiam
2099 362 2137 394 et
2162 354 2295 400 intelli-

1259 393 1416 436 gentiam
1436 388 1607 436 Ecclesiae
1634 398 1787 454 populus
1811 399 2042 457 gubernetur,
2058 405 2292 463 1611661566-

1258 459 1321 488 sus
1336 454 1617 506 uniuscujusque
1638 462 1770 498 mentis
1786 467 1823 499 et
1839 458 1967 504 animae
1980 476 2136 517 regatur.

1657 536 1809 575 CAPUT
1833 539 1907 577 ΧΠ.

1255 586 1309 625 De
1327 588 1488 674 Βοὸὺῗῆα
1501 599 1535 629 et
1550 595 1705 642 Barach,
1718 600 1778 645 qai
1794 611 2036 654 percusserunt
2053 606 2172 656 labin,
2186 623 2296 661 repam

1465 651 1676 687 tananaeum,
1707 652 1738 681 et
1759 645 1882 684 Sisara
1902 650 2025 690 ducem
2049 654 2135 701 ejus.

1302 696 1403 745 (cip.
1423 700 1490 749 lv.)
1505 701 1594 740 Erat
1614 711 1729 742 autem
1749 706 1905 746 Debbora
1920 715 2101 762 prophetes
2120 729 2208 754 uxor
2228 721 2294 759 La-

1251 759 1408 805 paidom,
1442 774 1519 809 quae
1535 764 1722 810 judicabat
1744 770 1908 816 populum
1938 774 1976 810 in
1999 774 2059 811 illo
2085 783 2246 826 tempore,
2268 790 2299 819 et

1251 820 1392 856 sedebat
1407 823 1470 858 sub
1487 824 1616 870 palma,
1639 839 1714 875 quoe
1742 832 1879 868 nomine
1895 833 1990 871 illius
2009 837 2195 876 vocabatur
2208 843 2297 878 inter

1250 878 1362 916 Rama
1378 888 1409 916 et
1419 882 1576 920 Rethelin
1604 895 1718 924 monte
1733 889 1914 936 Ephraim.
1931 892 2235 949 Ascendebantqtte
2249 904 2294 938 od

1249 949 1325 975 eam
1338 940 1405 986 filii
1425 942 1537 980 Israel
1556 946 1592 981 in
1616 959 1715 984 omne
1729 950 1916 995 judiciam.
1934 956 2021 999 Qum
2039 959 2132 995 misit
2149 968 2181 996 et
2197 974 2296 999 voca-

1248 999 1293 1035 vit
1308 999 1445 1037 Baraeh
1463 1003 1577 1048 filium
1592 1006 1722 1044 Abinoe
1741 1011 1783 1046 de
1811 1011 1921 1050 Gades
1941 1013 2117 1062 Nepthali‚
2141 1020 2295 1070 dixitque

1248 1060 1293 1094 ad
1319 1072 1396 1097 eum
1426 1072 1437 1095 :
1467 1063 1637 1114 Prcecepit
1661 1070 1721 1105 tibi
1748 1071 1917 1110 Dominus
1935 1076 2028 1114 Deus
2059 1079 2198 1118 Israel:
2224 1077 2296 1122 Va-

1248 1119 1305 1163 de,
1329 1121 1495 1159 descende
1513 1132 1545 1159 et
1572 1127 1639 1161 duc
1673 1132 1859 1167 exercitum
1879 1135 1916 1170 in
1947 1144 2095 1173 montem
2135 1139 2295 1187 Thabor,-

115 1181 162 1218 fis
186 1181 309 1227 populi
330 1187 392 1217 aut
407 1182 444 1217 in
462 1182 574 1218 verbo
593 1187 629 1218 et
644 1193 754 1229 opere
770 1188 899 1229 potens
922 1194 943 1219 a
958 1183 1032 1219 Deo
1048 1184 1176 1220 tribui-
1194 1189 1226 1228 B
1246 1180 1412 1228 tollesque
1423 1191 1534 1220 tecam
1546 1187 1660 1223 decem
1672 1189 1783 1226 millia
1796 1201 2030 1239 paynatoram
2045 1199 2087 1234 de
2099 1199 2181 1245 filiis
2199 1202 2294 1250 Nep-

1246 1242 1333 1277 thali
1342 1250 1371 1278 e!
1380 1244 1421 1279 de
1431 1245 1516 1290 filiis
1532 1246 1703 1285 Zabulon.
1715 1250 1791 1298 qu
1802 1261 1915 1290 autem
1926 1257 2069 1294 educam
2081 1260 2165 1296 adte
2175 1262 2209 1297 in
2218 1262 2291 1299 loco

1243 1306 1403 1341 torrentis
1423 1305 1542 1351 Cison‚
1560 1308 1715 1346 sisaram
1734 1315 1922 1360 principem
1938 1320 2107 1355 exercitus
2125 1320 2243 1366 Jabin,
2260 1331 2291 1360 et

1241 1375 1362 1400 currus
1391 1378 1481 1412 ejus,
1502 1375 1603 1416 atque
1635 1382 1768 1407 omnem
1796 1375 2066 1422 multitudinem,
2091 1387 2123 1415 et
2151 1383 2288 1419 tractam

1239 1438 1295 1462 eos
1316 1428 1351 1463 in
1371 1440 1476 1464 ntanu
1494 1437 1567 1466 tua.
1593 1431 1758 1480 Dixitque
1773 1437 1818 1471 ad
1846 1449 1922 1473 eam
1947 1438 2082 1476 Barach
2104 1451 2115 1476 .·
2137 1442 2176 1478 Si
2194 1445 2287 1480 venis

1238 1499 1385 1532 mecum,
1408 1490 1554 1535 vadam;
1577 1493 1607 1528 si
1628 1494 1779 1531 nolucris
1794 1498 1920 1542 venire,
1941 1510 2008 1534 non
2030 1512 2184 1547 perqarn.
2201 1502 2287 1546 Qum

1237 1549 1325 1586 dixit
1342 1551 1386 1587 ad
1402 1563 1480 1587 eum
1498 1562 1508 1588 .·
1528 1552 1589 1588 Ibo
1610 1555 1748 1601 quidem
1769 1563 1895 1601 tecum,
1910 1560 1969 1594 sed
1993 1562 2029 1596 in
2055 1561 2119 1597 hac
2136 1563 2206 1597 rice
2224 1563 2286 1598 tibi

1235 1611 1381 1647 victoria
1401 1623 1468 1648 non
1486 1614 1713 1659 reputabitur,
1734 1617 1816 1663 quia
1829 1618 1866 1654 in
1878 1629 1984 1654 manu
2002 1620 2154 1657 mulieris
2170 1622 2288 1658 trade-

1236 1676 1292 1706 tar
1316 1672 1452 1709 Sisara.
1479 1674 1652 1718 Quoniam
1677 1675 1819 1721 quidem
1848 1680 2025 1715 sententia
2050 1686 2106 1716 est
2134 1680 2285 1727 apostoli

1233 1732 1349 1777 Pauli,
1384 1745 1463 1780 quae
1494 1735 1606 1771 dicit:
1631 1735 1752 1772 Omnis
1771 1736 1952 1784 Scriptura
1988 1739 2150 1776 divinitus
2173 1741 2283 1787 inspi-

1234 1801 1311 1829 rata
1327 1795 1422 1830 utilis
1440 1802 1491 1831 est
1505 1796 1551 1831 ad
1574 1796 1781 1840 docendum,
1803 1798 1848 1833 ad
1880 1799 2130 1845 increpandum
2150 1800 2197 1836 ad
2221 1801 2283 1837 do-

1234 1856 1396 1899 ctrinam,
1413 1868 1490 1904 quoe
1520 1864 1568 1892 est
1600 1858 1637 1892 in
1667 1858 1806 1903 justitia
1825 1858 1885 1905 (ΙΙ
1905 1859 1991 1894 Tim.
2014 1859 2089 1906 111);
2110 1861 2193 1905 quid
2220 1861 2282 1897 ha-

1233 1915 1318 1952 beat
1330 1916 1365 1951 in
1381 1927 1458 1952 5656
1473 1917 1540 1952 1516
1557 1917 1758 1963 Scriptura,
1777 1930 1883 1964 quam
1899 1920 1975 1955 sine
1989 1919 2097 1957 dubio
2114 1927 2150 1957 et
2167 1921 2281 1967 ipsam

1234 1975 1445 2022 inspiratam
1466 1978 1636 2014 divinitus
1654 1980 1881 2022 confitemur,
1901 1981 1994 2026 quod
2021 1981 2124 2016 nobis
2153 1982 2198 2016 ad
2220 1982 2283 2018 do-

1233 2038 1386 2074 ctrinam
1402 2040 1627 2087 cedat‚·quod
1645 2041 1688 2076 ad
1707 2041 2101 2087 increpationem‚quod
2118 2042 2163 2078 ad
2175 2042 2283 2079 disci-

103 2109 209 2148 labin
228 2111 323 2157 regis
337 2111 522 2146 Chanaan.
544 2109 650 2145 Jabiu
666 2114 785 2145 autem
807 2109 1068 2155 interpretatur
1087 2119 1164 2143 sen-
1183 2094 1213 2134 C
1234 2098 1381 2143 punam,
1400 2100 1494 2144 (11¹0d
1515 2100 1557 2134 ‘dd
1585 2100 1774 2145 justiliam·
1797 2101 1889 2144 Quid
1907 2102 2002 2136 essim
2025 2102 2127 2138 nobis
2146 2111 2191 2138 ex
2213 2102 2283 2139 hoe

104 2181 165 2207 sus
198 2171 274 2207 sive
304 2171 505 2217 prudentia.
539 2170 577 2205 Si
597 2180 684 2215 ergo
705 2180 770 2205 nos
788 2179 860 2205 non
891 2168 1165 2214 probaverimus

104 2231 220 2268 Deum
251 2231 386 2267 habere
413 2231 449 2266 in
470 2231 612 2273 notitia,
633 2231 742 2266 tradit
775 2240 840 2266 nos
863 2230 1036 2265 Dominus
1057 2230 1093 2264 in
1109 2239 1165 2264 re-

102 2296 256 2342 probum
292 2304 451 2337 sensum,
475 2292 636 2340 repletos,
671 2292 799 2337 inquit,
823 2292 1018 2338 iniquitate,
1043 2291 1164 2336 nequi-

103 2357 168 2403 tia,
196 2357 440 2404 fornicatione,
461 2356 625 2398 avaritia,
650 2354 768 2402 plenos
787 2350 933 2395 invidia,
951 2351 1161 2394 homicidiis,

105 2421 336 2463 contentione,
358 2418 454 2462 dolo,
476 2420 735 2459 susurratores,
755 2416 982 2458 detractores,
999 2413 1069 2449 Deo
1089 2414 1164 2449 odi-

105 2481 206 2526 biles,
224 2480 504 2523 contumeliosos,
523 2479 704 2525 superbos,
725 2476 850 2519 elatos,
870 2475 1071 2521 parentibus
1096 2485 1163 2508 non

104 2542 314 2584 obedientes,
356 2541 579 2586 insipientes,
612 2538 874 2583 incompositos,
914 2537 988 2570 sine
1018 2535 1161 2579 affectu,

102 2606 178 2642 sine
203 2602 444 2639 misericordia
468 2601 586 2648 (Rom.
610 2600 652 2647 1).
673 2598 781 2634 Vides
812 2597 873 2643 (161
889 2600 972 2632 sunt
988 2599 1024 2630 et
1038 2594 1163 2639 quales

104 2668 164 2714 qui
202 2667 390 2702 traduntur
411 2664 445 2699 in
468 2662 664 2709 reprobum
694 2669 855 2702 sensum,
881 2657 943 2704 (161
972 2656 1163 2693 traduntur

103 2727 207 2765 labin
230 2724 384 2772 principi
403 2725 704 2760 Chananaeorum.

155 2790 200 2826 Et
230 2789 402 2836 princeps,
426 2785 556 2831 inquit,
573 2783 709 2819 militioe
738 2780 845 2817 Jabin
869 2785 943 2815 erat
964 2777 1102 2820 Sisara,
1131 2781 1162 2811 et

103 2852 176 2900 ipse
206 2848 386 2887 habitabat
405 2849 441 2883 in
472 2846 618 2882 Aroseth
645 2845 812 2892 peritiam,
849 2848 878 2878 et
910 2847 1007 2877 erant
1027 2840 1057 2874 ei
1079 2848 1164 2873 non-

104 2915 197 2962 qenti
217 2922 342 2948 currus
363 2910 480 2957 ferrei.
503 2908 549 2943 Et
565 2907 802 2944 clamaverunt
819 2904 884 2951 filii
904 2901 1018 2939 Israel
1033 2902 1077 2936 ad
1093 2900 1164 2935 Do-

104 2977 253 3012 minum.
285 2972 405 3009 Etiam
427 2971 461 3007 in
493 2970 563 3006 hoc
583 2968 749 3005 similiter
770 2965 829 3001 illa
861 2974 969 3010 quam
996 2961 1161 3007 superius

105 3035 374 3082 designavimus
398 3029 604 3068 observatio
631 3027 847 3068 custoditur,
883 3025 966 3071 quia
996 3022 1162 3058 nesciunt

106 3098 264 3135 clamare
300 3094 346 3130 ad
371 3092 562 3129 Dominum
589 3090 653 3125 lilii
685 3087 809 3130 lsrael,
839 3086 909 3122 nisi
928 3093 1008 3120 cum
1037 3084 1161 3119 traditi

106 3159 241 3197 fuerint
259 3158 296 3195 in
312 3166 439 3193 manus
459 3153 578 3196 Jabin,
599 3152 656 3188 vel
681 3159 764 3188 cum
782 3149 902 3186 afflicti
918 3157 983 3194 per
1005 3146 1081 3192 ejus
1097 3146 1163 3182 mi-

106 3216 194 3259 litiae
208 3218 408 3268 principem
434 3216 608 3258 Sisaram,
628 3212 684 3250 cul
704 3217 822 3256 erant,
845 3211 976 3257 inquit,
995 3209 1163 3255 nongenti

50 3319 51 3322 ,
108 3294 238 3327 currus
252 3281 376 3326 ferrei,
393 3282 524 3328 quibus
543 3275 682 3315 scillcet
701 3274 919 3322 affligeretur
933 3268 1085 3320 populus
1102 3272 1164 3307 du-

109 3357 162 3384 rae
181 3345 346 3382 cervicis.
381 3340 505 3378 Sisara
530 3342 650 3374 antem
685 3335 945 3380 interpretatur
966 3332 1050 3368 visio
1073 3331 1164 3377 equi.

109 3403 183 3446 iste
200 3411 255 3444 est
273 3403 369 3442 enim
386 3398 569 3444 animalis,
588 3404 624 3436 et
638 3407 710 3435 non
730 3394 913 3444 spiritalis,
941 3393 1002 3439 qui
1026 3400 1097 3428 non
1114 3390 1167 3426 vi·
1189 3448 1190 3451 Ἰ

112 3465 184 3514 det,
205 3466 276 3504 nisi
308 3475 351 3502 ea
376 3469 456 3510 quze
477 3459 644 3499 animalis
667 3461 762 3500 sunt,
787 3457 864 3502 ipsa
885 3453 1033 3499 estejus
1059 3451 1163 3519 visio,

111 3526 189 3582 ipse
207 3528 240 3568 ei
262 3516 404 3574 semper
436 3523 612 3567 intuitas;
642 3523 680 3559 et
714 3517 795 3556 ideo
825 3520 971 3561 semper
1000 3510 1166 3549 animatis

111 3576 236 3635 liomo,
255 3594 292 3630 et
311 3587 343 3627 is
371 3587 432 3634 qui
451 3580 651 3622 secundum
682 3590 831 3619 caruem
849 3581 906 3615 est
936 3573 1163 3622 persequitur

111 3649 197 3690 eum
216 3648 278 3699 qai
302 3647 500 3686 secundum
514 3639 683 3691 spiritam
706 3643 763 3679 est
778 3635 948 3688 (Gal.tv),
966 3637 1079 3672 donec
1093 3632 1164 3679 spi-

112 3707 230 3754 ritalis
257 3703 436 3758 intemgat
466 3711 504 3743 et
537 3702 723 3742 examinet
748 3700 885 3744 omnia,
916 3702 954 3735 et
989 3694 1166 3740 intelligat

111 3773 209 3813 unde
239 3766 307 3808 sihi
337 3765 390 3806 sit
405 3766 582 3806 milium
604 3761 885 3809 deposcendum,
905 3763 945 3797 et
971 3757 1101 3795 ehi-ot
1118 3753 1166 3792 ad

107 3827 454 3890 mum-Q
479 3827 609 3868 anim
625 3822 679 3867 uti
697 3829 781 3871 quau
797 3818 1008 3861 demit
1026 3816 1074 3854 aa
1093 3815 1164 3853 Do-

89 3947 128 3954 .-.

1233 2159 1439 2202 confertur,
1466 2160 1496 2194 si
1527 2159 1684 2205 legamus
1715 2160 1784 2196 hoc
1813 2162 1907 2206 quod
1945 2160 2134 2198 recitatum
2153 2167 2222 2206 est,
2246 2161 2284 2199 id

1233 2226 1288 2254 est
1311 2219 1406 2264 quod
1432 2218 1604 2262 Debbora,
1628 2220 1756 2266 inquit,
1782 2221 1906 2256 mulier
1930 2222 2158 2268 prophetissa,
2194 2232 2283 2258 uxor

1231 2279 1440 2324 Laphidoth,
1463 2282 1537 2325 ipsa
1551 2282 1735 2326 judicabat
1765 2281 1878 2316 Israel
1902 2283 1938 2316 in
1969 2281 2030 2317 illo
2060 2289 2231 2328 tempore‚·
2249 2291 2281 2318 et

1230 2339 1318 2384 ipsa,
1339 2340 1467 2385 inquit,
1485 2340 1642 2375 Debbora
1659 2341 1795 2376 sedebat
1811 2341 1873 2376 sub
1886 2342 2003 2388 palma
2023 2344 2112 2378 inter
2127 2344 2279 2379 medium

1230 2399 1354 2442 Rama,
1375 2408 1406 2435 et
1427 2401 1515 2435 inter
1533 2401 1681 2435 medium
1699 2400 1832 2445 Beata,
1858 2402 1893 2437 in
1915 2410 2028 2437 monte
2047 2402 2228 2450 Ephraim,
2246 2410 2279 2439 et

1231 2460 1458 2496 ascendebant
1477 2461 1523 2495 ad
1538 2471 1612 2496 eam
1626 2461 1691 2507 filii
1711 2461 1838 2505 Israel,
1857 2469 1894 2496 ut
1908 2462 2166 2508 judicaremur.
2186 2463 2276 2500 Tum

1230 2522 1356 2556 deinde
1372 2522 1457 2567 quid
1478 2522 1581 2557 nohis
1600 2522 1823 2564 eruditionis,
1845 2528 1907 2558 661
1923 2523 2108 2566 doctrinae,
2124 2530 2186 2559 aut
2198 2523 2276 2570 jus-

1232 2583 1317 2619 titiae
1339 2594 1380 2619 ea
1409 2583 1597 2620 conserunt
1621 2594 1702 2629 quae
1733 2591 1944 2630 sequuntur,
1961 2585 2016 2621 vel
2046 2586 2088 2621 de
2119 2585 2274 2628 Barach,

1229 2645 1285 2681 vel
1305 2645 1347 2681 de
1366 2644 1454 2687 Jacl,
1473 2645 1529 2681 vel
1549 2645 1658 2681 etiam
1678 2645 1722 2681 de
1744 2644 1863 2681 Sisara
1885 2645 1973 2680 duce
1991 2645 2127 2680 militiae
2145 2643 2276 2680 Jabin‘t

1163 2745 1165 2747 ,
1230 2707 1423 2743 Videamus
1441 2718 1526 2753 ergo
1550 2707 1578 2742 si
1594 2706 1688 2742 forte
1707 2717 1770 2752 per
1790 2707 1866 2741 11666
1886 2706 2032 2752 dignum
2058 2705 2208 2750 aliquid,
2228 2704 2278 2741 si-

1230 2773 1289 2803 cut
1308 2772 1346 2803 et
1373 2778 1417 2803 ex
1438 2767 1635 2812 Scripturis
1656 2767 1815 2807 66316115,
1837 2766 1881 2801 (16
1901 2765 2136 2800 sacramentis
2157 2774 2276 2801 secre-

1230 2831 1382 2866 tioribus
1401 2831 1605 2865 doceamur.
1629 2828 1748 2864 Primo
1765 2829 1831 2863 hoc
1852 2828 1968 2873 ipsum
1987 2826 2081 2872 quod
2101 2835 2180 2860 cum
2194 2824 2274 2871 plu-

1231 2891 1311 2926 rimi
1323 2890 1462 2937 judiccs
1483 2889 1550 2924 viri
1571 2888 1606 2923 in
1625 2887 1733 2923 lsrael
1756 2886 1865 2922 fuisse
1887 2885 2099 2925 reserantur,
2117 2883 2161 2919 de
2179 2882 2275 2919 nullo

1232 2953 1374 2988 illorum
1401 2952 1545 2993 dicitur,
1567 2950 1650 2994 quia
1676 2949 1851 2994 propheta
1870 2946 1992 2988 tuerit,
2011 2944 2079 2980 nisi
2107 2944 2151 2980 de
2185 2943 2277 2979 Deb-

1232 3016 1319 3052 bora
1338 3013 1500 3050 muliere.
1516 3011 1668 3047 Proestat
1686 3011 1773 3045 etin
1799 3009 1868 3044 hoc
1900 3006 2180 3043 consolationem
2206 3014 2276 3040 non

1235 3078 1419 3115 minimam
1440 3074 1629 3110 mulierum
1647 3070 1747 3108 sexui
1768 3070 1875 3105 ctiam
1894 3068 2007 3114 prima
2024 3067 2133 3113 ipsius
2151 3065 2275 3100 litterae

1235 3139 1361 3180 facies,
1382 3141 1419 3172 ct
1438 3138 1610 3181 provocat
1630 3142 1714 3175 665,
1736 3130 1786 3165 611
1806 3135 2029 3172 nequaquam
2044 3134 2109 3169 pro
2127 3121 2275 3158 infirmi-

1236 3206 1310 3238 tate
1329 3208 1435 3236 sexus
1452 3197 1655 3242 desperent,
1676 3191 1783 3228 etiam
1802 3185 2014 3233 propheticae
2033 3182 2155 3229 gratim
2168 3190 2275 3225 capa-

1237 3273 1299 3300 ces
1325 3272 1364 3299 se
1385 3260 1462 3296 fieri
1493 3266 1616 3304 posse;
1638 3252 1699 3288 sed
1730 3248 1930 3293 intelligant
1946 3250 1982 3280 et
2012 3243 2158 3279 credant
2178 3241 2273 3287 quod

1236 3332 1396 3363 meretur
1411 3324 1502 3357 hanc
1520 3315 1669 3363 gratiam
1691 3310 1827 3357 puritas
1841 3307 1983 3349 mentis,
2000 3314 2070 3340 non
2085 3302 2272 3339 diversitas

1236 3394 1356 3423 sexus.
1379 3379 1448 3416 Sed
1464 3377 1646 3414 videamus
1660 3370 1744 3418 quid
1759 3369 1866 3405 etiam
1883 3364 2063 3403 interioris
2076 3361 2274 3408 intelligen-

1236 3447 1297 3482 tioe
1324 3440 1475 3487 respiret
1507 3443 1691 3473 arcanum.
1715 3430 1878 3467 Debbora
1904 3427 1979 3474 apis
2003 3425 2270 3490 interpretatur.

1235 3505 1311 3540 sive
1340 3498 1487 3548 loquela.
1517 3494 1711 3533 sedetiam
1735 3497 1772 3527 et
1798 3490 1833 3527 in
1850 3485 2092 3533 superioribus
2118 3483 2272 3547 diximus

1235 3561 1331 3609 quoe
1359 3558 1522 3596 Debitor·
1551 3556 1590 3591 in
1607 3550 1802 3601 prophetiae
1828 3547 1942 3585 torma
1973 3541 2177 3610 accipienda
2208 3544 2272 3583 nt,

1235 3635 1314 3675 quae
1327 3628 1384 3661 est
1400 3621 1497 3669 apis;
1521 3622 1659 3654 certum
1677 3619 1832 3659 natuque
1851 3613 1908 3645 est
1925 3605 2020 3653 quod
2045 3611 2163 3670 omnis
2189 3608 2276 3667 pro-

1235 3685 1358 3735 phetia
1376 3682 1495 3720 suavis
1514 3675 1673 3716 6061651111
1687 3671 1858 3711 doctrinm
1870 3667 1974 3706 ravos
1990 3669 2028 3701 et
2047 3661 2166 3731 dulcia
2180 3659 2273 3699 divi-

1235 3748 1272 3786 ni
1289 3743 1422 3791 eloquii
1438 3739 1544 3778 meua
1563 3736 1753 3782 componat
1775 3739 1786 3767 1
1806 3728 1900 3767 unde
1922 3730 1960 3764 et
1978 3722 2096 3792 Dnyid
2117 3718 2272 3762 enuntiat

1236 3811 1358 3849 diceas
1373 3819 1382 3844 ε
1395 3805 1508 3850 mam
1525 3798 1641 3838 dulcia
1657 3793 1815 3844 faucibus
1833 3789 1917 3828 mete
1931 3786 2067 3833 docum
2081 3788 2157 3829 tna,
2170 3788 2274 3829 super
