2540 4016
45 213 92 252 49
695 203 1030 243 COMMENTARIA
1055 200 1100 242 {N
1124 198 1331 243 Exonun.
1357 221 1404 231 —>-
1428 203 1516 242 LlB.
1543 205 1572 242 1.
2175 213 2225 251 50

44 290 117 329 nisi
135 285 317 335 Evangelii
331 285 540 324 coruscante
555 279 672 329 gratia
687 280 899 328 completur.
919 280 1098 318 Denarius
1116 280 1152 322 A
1166 281 1205 318 ln
1225 286 1381 330 utroque
1409 283 1545 321 etenim
1575 288 1679 332 poste
1711 284 1793 331 agni
1825 286 1973 332 sanguis
2001 295 2057 326 est
2086 292 2229 338 positus

45 353 142 390 enim
160 359 331 388 numerus
341 350 486 394 propter
504 342 713 390 decalogum
730 343 776 379 ad
793 342 911 389 legem
925 343 1098 389 pertinet,
1117 371 1120 374 Α

46 417 84 449 et
115 408 366 459 quaternarius
385 409 531 453 propter
555 408 710 450 quatuor
740 402 935 448 Evangelia
960 402 1101 438 Novum

46 472 218 522 exprimit
233 465 514 506 Testamentu'm.
536 465 613 503 Hoc
641 463 752 514 igitur
780 463 878 510 quod
907 463 1102 510 unIcuique

48 544 179 583 agnum
193 532 296 579 jubet
313 538 455 567 sumere
471 538 536 575 per
560 527 718 565 familias
738 533 775 564 et
792 527 919 564 domos
941 534 1046 569 suaS,
1067 527 1104 560 e't

47 599 78 635 si
100 597 216 634 minor
233 594 280 630 sit
301 602 474 629 numerus
498 590 683 628 edentium
703 589 763 635 qui
786 599 856 625 non
880 588 996 634 possit
1021 586 1104 632 agni

47 668 191 697 carnem
210 664 439 698 consumere,
458 653 607 689 mandat
627 652 788 688 vicinum
809 660 914 686 suum
939 648 1001 695 qui
1021 647 1104 693 jun-

46 727 125 759 ctus
141 725 196 756 est
213 718 334 755 domui
349 717 401 754 eis
420 724 607 753 assumere
621 741 630 757 ,
658 719 838 759 quatenus
861 710 1041 747 sufficiens
1057 708 1104 744 sit

47 790 220 819 numerus
242 780 287 816 ad
304 789 405 814 esum
438 777 541 823 agni,
568 775 686 822 typice
716 773 880 817 designat
905 770 1001 816 quod
1030 778 1103 804 non

47 841 161 879 solum
181 851 224 876 ex
243 839 390 881 Judaeis,
411 837 472 873 sed
493 837 600 873 etiam
618 845 662 871 ex
684 833 860 880 gentibus,
882 828 1104 867 convocandi

46 907 151 940 eraut
175 902 218 937 ad
247 900 353 936 tidem
384 898 516 934 Christi
550 901 586 932 et
612 895 656 930 ad
683 893 759 929 veri
777 891 870 938 Agni
887 889 1105 926 immolatio-

46 975 143 1002 nem.
163 963 241 999 Non
260 962 355 997 enim
382 959 455 995 sola
474 957 673 993 sufficiebat
690 963 777 1001 gens
794 952 917 988 Judaea
935 950 979 985 ad
1000 949 1104 995 spiri-

48 1025 143 1060 tuale
169 1022 307 1058 Pascha
337 1017 615 1058 celebrandum;
641 1014 728 1060 quin
748 1012 856 1049 etiam
881 1015 1006 1058 gentes
1025 1018 1104 1054 quae

46 1087 174 1122 vieinae
191 1084 335 1119 suerunt
355 1079 476 1117 domui
495 1077 594 1113 Judae
607 1104 616 1119 ,
642 1075 851 1112 adhibendae
869 1077 971 1109 erant
984 1099 993 1114 ‚
1013 1081 1103 1116 qua-

46 1152 150 1182 tenns
167 1145 293 1180 domus
312 1141 375 1177 Dei
399 1139 669 1177 convivantium
696 1145 847 1171 numero
868 1133 1100 1180 impleretur,

46 1211 82 1243 et
99 1205 180 1251 agni
198 1213 324 1240 carnes
344 1201 451 1247 digne
481 1204 669 1240 comestae,
698 1196 863 1232 fidelibus
896 1195 933 1230 in
961 1199 1104 1239 pastum

44 1267 128 1303 vita:
158 1271 302 1302 aeternae
331 1266 573 1299 verterentur.
596 1258 698 1303 Quod
726 1264 846 1293 autem
867 1256 963 1291 idem
991 1264 1105 1300 agnus

45 1336 193 1373 vespere
211 1324 349 1362 comedi
366 1322 580 1368 jubebatur,
610 1319 790 1366 significat
815 1317 950 1354 Christi
967 1315 1106 1361 passio-

46 1388 189 1425 nemin
213 1385 407 1422 novissima
440 1388 545 1418 aetate
577 1380 699 1416 saeculi
729 1389 809 1415 esse
838 1377 1102 1424 complendam.

46 1448 208 1494 Denique
223 1447 317 1492 quod
334 1445 456 1480 haedus
474 1442 640 1479 similiter
659 1440 793 1476 assumi
806 1439 967 1484 jubetur,
980 1443 1016 1473 et
1030 1447 1106 1473 ser-

47 1510 125 1545 vari
142 1519 255 1554 usque
268 1508 312 1543 ad
329 1511 494 1552 quartam
513 1504 690 1540 decimam
705 1502 816 1544 diem,
834 1511 905 1537 non
924 1499 1106 1535 immerito

48 1569 307 1607 incarnationis
331 1567 466 1602 Christi
491 1565 664 1611 mysterio
685 1563 874 1608 accipitur.
897 1561 989 1605 Quid
1009 1561 1106 1596 enim

49 1641 139 1677 opus
161 1635 239 1665 erat
259 1638 361 1664 ovem
379 1627 436 1662 vel
458 1635 589 1672 agnum
610 1626 655 1659 ab
675 1625 801 1659 ovibus
816 1650 825 1666 ,
846 1627 881 1659 et
897 1622 1040 1658 haedum
1060 1621 1105 1658 ab

49 1692 162 1728 haedis
181 1688 426 1736 accipiendum
443 1686 595 1727 moneri,
612 1685 682 1721 nisi
700 1685 759 1720 illc
776 1684 991 1730 figuraretur
1005 1681 1105 1727 cuius

50 1764 135 1790 caro
154 1763 226 1789 non
251 1751 366 1787 solum
383 1760 427 1785 ex
443 1748 573 1794 justis,
604 1757 730 1782 verum
751 1747 860 1781 etiam
880 1756 925 1782 ex
940 1751 1107 1791 peccato-

49 1814 150 1850 ribus
189 1815 386 1858 propagata
420 1813 475 1843 est
493 1820 501 1842 :
540 1817 747 1852 quanquam
783 1812 960 1842 conentur
993 1806 1106 1843 Judaei

48 1872 158 1910 etiam
188 1870 330 1906 haedum
358 1867 557 1914 intelligere
586 1866 834 1911 accipiendum
853 1866 897 1901 ad
919 1866 1106 1902 celebran-

49 1933 134 1971 dum
150 1931 302 1974 Pascha,
323 1935 358 1966 et
377 1930 446 1965 hoc
462 1937 542 1964 esse
559 1928 694 1963 dictum
712 1932 853 1973 putant,
869 1926 914 1962 ab
929 1925 1056 1962 ovibus
1070 1931 1106 1962 et

49 1993 161 2031 haedis
175 1992 349 2039 accipere,
363 1996 537 2035 tanquam
552 1988 689 2024 diceret
706 1987 762 2022 vel
777 1987 822 2023 ab
839 1987 942 2034 agnis
957 1997 1103 2034 agnum,

48 2055 104 2093 vel
123 2056 168 2091 ab
186 2053 298 2090 haedis
313 2052 455 2088 haedum
473 2078 482 2094 ‚
503 2051 534 2086 si
553 2049 640 2086 illud
665 2049 779 2092 desit,
811 2049 902 2085 sumi
922 2054 1103 2095 oportere.

47 2115 203 2163 Apparet
220 2119 341 2149 tamen
360 2113 395 2148 in
420 2111 586 2154 Christo,
618 2109 726 2146 rebus
743 2108 912 2154 impletis,
932 2109 1018 2155 quid
1044 2109 1106 2146 1110

47 2180 226 2223 praeccpto
240 2174 348 2210 fuerit
362 2172 576 2219 figuratum:
596 2169 641 2205 Et
659 2176 794 2205 sument
810 2169 851 2205 de
865 2171 1048 2216 sanquine,
1064 2182 1106 2206 ac

47 2244 172 2286 ponent
191 2249 293 2285 super
311 2243 495 2284 utrumque
511 2241 657 2283 postem,
677 2241 708 2270 et
724 2235 759 2269 in
780 2232 1106 2280 superliminaribus

49 2300 244 2342 domorum,
267 2299 304 2334 in
329 2297 451 2344 quibus
468 2296 644 2332 comedent
663 2295 790 2330 illum:
814 2300 846 2331 et
867 2294 968 2330 edent
982 2305 1104 2329 carnes

49 2365 147 2395 nocte
172 2358 234 2394 illa
259 2368 358 2393 assas
386 2357 481 2403 igni,
510 2363 540 2392 et
566 2368 707 2402 azymos
734 2367 840 2403 panes
857 2367 934 2391 cum
960 2355 1106 2391 lactucis

47 2419 252 2467 agrestibus.
274 2419 356 2454 Non
377 2418 562 2454 comedetis
591 2429 634 2453 cx
665 2429 704 2453 eo
736 2417 884 2452 crudum
910 2417 1014 2463 quid,
1043 2427 1105 2452 nec

47 2487 180 2518 coctum
197 2492 303 2528 aqua,
323 2481 381 2516 sed
401 2491 520 2515 assum
541 2486 678 2515 tantum
699 2479 784 2526 iqni.
812 2479 925 2526 Caput
949 2490 1028 2514 cum
1047 2490 1106 2525 pe-

48 2543 148 2579 dibus
168 2549 199 2578 et
216 2543 388 2578 intestinis
407 2541 582 2584 vorabitis,
601 2552 662 2576 nec
678 2540 867 2576 remanebit
886 2551 928 2575 ea:
945 2550 984 2575 eo
1000 2539 1103 2586 quid-

47 2612 152 2649 quam
171 2611 278 2647 usque
297 2611 411 2635 mane.
430 2599 468 2635 Si
487 2600 575 2646 quid
588 2600 719 2636 residui
735 2600 856 2645 fuerit,
874 2600 952 2644 igne
969 2599 1106 2634 combu-

48 2663 143 2698 retis.
161 2660 248 2705 Quae
261 2666 381 2696 autem
395 2660 660 2705 superaverint,
670 2659 801 2704 inquit,
813 2659 858 2695 ab
873 2669 916 2695 eo
931 2660 967 2695 in
982 2669 1103 2703 mane,

47 2723 131 2770 igne
162 2719 452 2758 concremabitis.
489 2719 561 2766 (Ex
580 2718 806 2766 Augustino.)
843 2719 961 2763 Quaeri
987 2724 1106 2766 potest

46 2782 226 2830 quomodo
245 2781 382 2827 aliquid
399 2781 597 2827 superavit,
618 2790 701 2817 cum
721 2781 791 2816 1100
807 2781 1010 2827 praemoniti
1027 2781 1105 2818 sue-

46 2849 142 2888 runt,
164 2849 205 2880 ut
224 2843 255 2879 si
280 2843 407 2879 domus
425 2851 496 2878 non
522 2841 691 2878 habuerit
715 2842 961 2879 consumendo
981 2843 1104 2889 pecori

46 2903 211 2941 idoneam
243 2903 530 2946 multitudinem,
550 2902 661 2938 vicini
679 2907 922 2939 assumantur.
949 2902 1020 2940 Sed
1047 2904 1102 2940 in-

45 2962 216 3015 ungitur
233 2966 404 3012 quoniam
424 2965 558 3002 dictum
578 2969 654 3008 est,
684 2964 732 3000 Os
766 2976 836 3001 non
862 2966 1102 3002 comminuetis

46 3016 166 3071 cetico,
185 3037 398 3063 remansura
415 3026 540 3072 utique
569 3025 682 3062 fuisse
700 3034 783 3062 ossa
807 3036 888 3072 quae
907 3027 990 3073 igne
1014 3037 1101 3063 con-

40 3092 291 3125 meinai-entur
309 3099 318 3123 ε
345 3086 405 3123 Sic
430 3091 545 3122 autem
563 3085 748 3121 comedetis
767 3084 895 3121 ittam.-
918 3085 1029 3123 Renes
1045 3098 1101 3123 ve·-

46 3153 135 3186 mos
151 3149 353 3196 accingetis,
371 3147 606 3184 calceamenta
625 3153 740 3183 vestra
765 3147 934 3183 habebitis
950 3147 987 3183 in
1004 3148 1101 3194 pedi-

23 3232 25 3234 *
46 3206 122 3253 111,
138 3214 288 3246 tenentes
304 3207 446 3244 baculos
467 3208 505 3243 in
528 3207 690 3243 manibus
703 3234 714 3251 ‚
745 3213 778 3243 et
799 3207 986 3244 comedetis
1003 3207 1102 3254 festi-

19 3287 25 3299 .·
46 3263 178 3322 *tem
198 3268 264 3304 Est
284 3269 378 3305 enim
394 3267 522 3311 phase,
545 3267 582 3303 id
601 3273 650 3304 est
672 3268 841 3305 transitus
871 3269 1026 3305 Domini.
1051 3269 1100 3306 Et

134 3356 135 3359 η
147 3328 199 3365 'bo
218 3339 280 3376 per
296 3335 426 3364 terram
445 3328 591 3375 AEqypti
609 3335 708 3365 nocte
727 3328 790 3365 itta
805 3356 815 3374 ,
840 3331 1100 3378 percutiamque

136 3414 139 3417 »
150 3387 431 3435 primoqenitum
448 3388 486 3424 in
499 3394 594 3424 terra
606 3388 766 3435 AEyypti,
779 3389 822 3426 ab
839 3390 978 3427 homine
990 3403 1100 3438 usque

137 3457 173 3487 ,⁴
203 3474 226 3492 ‚
246 3448 333 3485 etin
359 3448 493 3484 cunctis
511 3448 580 3485 diis
608 3447 756 3496 AEyypti
775 3449 907 3495 faciam
931 3450 1100 3497 judicia.-

66 3547 74 3555 „
126 3534 129 3535 ν
204 3526 219 3532 =·
255 3518 310 3544 ιιι.
332 3506 414 3558 (Ex
431 3505 613 3555 Greqorio.
627 3507 747 3556 >Haec
777 3509 947 3547 videlicet
969 3515 1100 3548 cuneta

365 3638 454 3667 -0110
466 3629 642 3668 discussa.
666 3630 756 3676 Quis
777 3641 936 3679 namque
953 3631 1002 3669 sit
1017 3642 1102 3669 san-

62 3698 77 3709 ·¹
99 3692 108 3717 ί
225 3693 334 3727 ι’
347 3690 538 3760 audiendo
541 3692 608 3730 sed
629 3692 788 3730 bibendo
801 3693 1006 3732 didicimus.
1030 3693 1100 3739 Qui

93 3758 97 3774 ¹*
307 3767 347 3809 ‘g
465 3768 469 3783 ι
491 3766 524 3784 w·
532 3755 1014 3809 pontemponitur‚quando
1027 3767 1100 3795 non

442 3811 560 3866 sad
565 3813 678 3854 enam
698 3822 765 3854 ore
779 3815 903 3861 cordis
916 3817 1100 3867 hauritur,

285 3582 301 3595 ν
320 3564 343 3573 ¹
358 3571 362 3574 ”
381 3601 383 3604 .
390 3566 624 3606 (ficationem
643 3569 803 3616 pariunt,
819 3570 851 3606 si
872 3569 1010 3607 fuerint
1023 3580 1112 3618 my-¹

1149 348 1311 397 quando
1330 351 1599 385 sacramentum
1615 347 1796 394 passionis
1816 347 1912 384 illius
1931 359 2013 385 cum
2032 360 2096 387 ore
2109 354 2155 389 ad
2170 365 2228 392 re-

1169 408 1413 454 demptionem
1430 408 1599 451 sumitur,
1615 409 1661 444 ad
1676 408 1916 444 imitationem
1935 418 2078 456 quoque
2092 410 2228 450 intenta

1156 475 1290 514 ‚mente
1316 470 1508 517 cogitatur.
1540 468 1630 505 Nam
1657 469 1719 514 qui
1745 468 1799 506 sic
1823 468 2079 516 Redemptoris
2114 474 2230 508 nostri

1170 531 1382 577 sanguinem
1400 530 1545 576 accipit,
1566 536 1608 566 ut
1631 529 1767 566 imitari
1795 530 2001 577 passionem
2032 530 2128 568 illius
2147 542 2233 568 nec-

1171 593 1256 630 dum
1269 592 1368 635 velit,
1387 592 1425 627 in
1442 602 1515 628 uno
1530 598 1634 638 poste
1647 591 1859 639 sanguinem
1880 593 2014 639 posuit.
2039 592 2108 638 Qui
2123 594 2233 631 etiam

1171 652 1208 688 in
1239 651 1578 698 superliminaribus
1607 652 1797 688 domorum
1824 653 2012 699 ponendus
2039 657 2107 689 est.
2140 652 2234 697 Quid

1171 713 1268 749 enim
1291 712 1528 758 spiritualiter
1553 712 1695 756 domos,
1714 712 1786 748 nisi
1806 718 1948 749 mentes
1968 718 2112 750 nostras
2139 715 2236 750 acci-

1170 774 1316 820 pimus,
1348 774 1383 810 in
1416 775 1547 820 quibus
1575 785 1640 820 per
1672 774 1928 820 cogitationem
1959 775 2236 812 inhabitamus?

1172 825 1281 882 Cujus
1305 837 1431 873 domus
1451 836 1747 883 superliminare,
1782 823 1837 872 est
1866 837 1942 882 ipsa
1963 837 2135 881 intentio,
2157 848 2238 884 quie

1173 899 1417 945 supereminet
1448 899 1595 935 actioni.
1630 897 1697 942 Qui
1726 907 1812 944 ergo
1834 899 2071 936 intentionem
2097 901 2235 948 cogita-

1172 960 1281 996 tionis
1297 969 1369 994 suae
1385 959 1428 994 ad
1445 959 1684 995 imitationem
1696 959 1892 995 Dominicre
1906 960 2085 1006 passionis
2099 961 2236 1009 dirigit,

1173 1021 1210 1056 in
1234 1019 1511 1065 superliminare
1537 1019 1664 1054 domus
1690 1020 1771 1065 agni
1795 1020 2009 1066 sanguinem
2029 1022 2144 1066 ponit.
2173 1023 2238 1060 Vel

1175 1088 1274 1118 certe
1296 1082 1423 1117 domus
1441 1081 1518 1125 ipsa
1538 1085 1623 1115 sunt
1647 1089 1800 1126 corpora
1814 1106 1823 1122 ‚
1843 1080 1878 1115 in
1898 1080 2030 1124 quibus
2051 1092 2239 1128 quousque

1173 1142 1340 1183 vivimus,
1361 1142 1584 1182 habitamus,
1604 1147 1642 1177 et
1661 1141 1697 1176 in
1717 1141 1993 1186 superliminare
2013 1143 2140 1180 domus
2155 1146 2239 1191 agni

1175 1204 1384 1250 sanguinem
1411 1203 1592 1249 ponimus,
1619 1202 1703 1248 quia
1720 1213 1865 1239 crucem
1884 1204 2063 1249 passionis
2082 1205 2178 1242 illius
2202 1208 2239 1244 in

1172 1266 1292 1302 fronte
1311 1270 1510 1311 portamus.
1541 1264 1591 1299 De
1618 1273 1688 1309 quo
1716 1274 1807 1311 agno
1837 1265 1954 1301 adhuc
1984 1266 2240 1304 subditumEt

1174 1327 1275 1362 edent
1305 1336 1427 1360 carnes
1449 1330 1545 1360 nocte
1576 1323 1641 1359 itta
1670 1335 1768 1360 assas
1793 1325 1877 1370 iqui.
1907 1325 1946 1360 ln
1968 1332 2075 1362 nocte
2107 1327 2242 1374 quippe

1175 1398 1307 1435 agnum
1329 1387 1572 1429 comedimus,
1601 1386 1662 1431 qui
1682 1386 1719 1421 in
1740 1391 1968 1422 sacramento
1988 1387 2094 1424 modo
2119 1389 2239 1426 Domi—

1175 1440 1298 1484 ni'cum
1318 1457 1449 1492 corpus
1466 1446 1683 1491 accipimus,
1706 1445 1849 1491 quando
1871 1448 1988 1483 adhuc
2015 1448 2060 1485 ab
2084 1449 2241 1489 invicem

1176 1517 1319 1547 nostras
1338 1508 1581 1546 conscientias
1596 1518 1668 1544 non
1683 1508 1862 1544 videmus.
1874 1508 1960 1552 Quae
1975 1515 2095 1546 tamen
2110 1522 2243 1551 carnes

1175 1571 1257 1619 agni
1282 1570 1444 1606 assandae
1475 1575 1580 1611 sunt,
1610 1568 1694 1614 quia
1722 1569 1894 1605 nimirum
1925 1570 2087 1607 dissolvit
2112 1583 2244 1610 carnes

1174 1643 1266 1679 quas
1286 1641 1379 1678 aqua
1399 1630 1563 1673 coxerit3
1590 1639 1681 1674 quas
1696 1639 1783 1666 vero
1807 1630 1901 1675 ignis
1924 1631 2002 1667 sine
2023 1643 2115 1679 aqua
2134 1644 2242 1672 exco-

1175 1694 1265 1740 quit,
1288 1693 1449 1728 roborat.
1472 1691 1609 1727 Carnes
1625 1691 1748 1736 itaque
1766 1691 1849 1737 agni
1872 1693 1986 1728 nostri
2009 1694 2102 1740 ignis
2119 1697 2242 1741 coxit,

1175 1754 1258 1799 quia
1282 1763 1364 1789 eum
1382 1752 1437 1787 vis
1456 1751 1637 1797 passionis
1658 1751 1753 1787 illius
1778 1752 1823 1786 au
1851 1755 2156 1792 resurrectionem
2173 1768 2241 1794 va-

1174 1813 1364 1850 lentiorem
1385 1811 1561 1853 reddidit,
1579 1817 1686 1857 atque
1712 1812 2020 1859 incorruptionem
2039 1818 2241 1855 roboravit.

1175 1875 1261 1919 Quae
1275 1874 1370 1909 enim
1391 1884 1435 1908 ex
1456 1878 1572 1908 morte
1591 1872 1788 1916 convaluit,
1814 1874 1982 1910 videlicet
1999 1886 2130 1914 carnes·
2146 1879 2243 1918 illius

1175 1936 1220 1971 ab
1236 1935 1318 1982 igne
1339 1934 1540 1969 diruerunt.
1563 1932 1666 1968 Unde
1680 1934 1789 1969 ctiam
1804 1945 1868 1980 per
1886 1935 2118 1976 Psalmistam
2134 1941 2242 1980 dicit:

1175 1996 1329 2033 Exaruit
1348 1994 1439 2031 velut
1461 2000 1548 2030 testa
1570 1994 1678 2029 virtus
1696 2006 1773 2030 mea
1794 1994 1910 2040 (Psal.
1932 1996 2025 2045 xxi).

1224 2057 1317 2101 Quid
1333 2066 1489 2103 namque
1513 2061 1568 2092 est
1584 2061 1678 2091 testa
1696 2062 1778 2092 ante
1796 2056 1915 2103 ignem
1929 2085 1939 2102 ,
1968 2061 2039 2099 nisi
2063 2065 2171 2103 molle
2189 2066 2246 2103 lu-

1175 2119 1281 2155 tum?
1305 2118 1367 2155 sed
1385 2118 1418 2154 ei
1439 2128 1482 2154 ex
1501 2118 1583 2164 igne
1602 2117 1722 2165 agitur
1741 2124 1778 2154 ut
1802 2119 1990 2158 solidetur.
2012 2124 2137 2163 Virtus
2156 2138 2248 2174 ergo

1175 2179 1411 2217 humanitatis
1430 2178 1507 2224 ejus
1532 2179 1630 2215 velut
1662 2184 1755 2216 testa
1784 2183 1949 2226 exaruit,
1981 2186 2066 2230 quia
2086 2187 2132 2223 ab
2160 2189 2245 2236 igne

1173 2240 1354 2287 passionis
1368 2239 1414 2275 ad
1431 2239 1601 2276 virtutem
1623 2239 1909 2287 incorruptionis
1928 2247 2054 2282 crevit.
2078 2248 2150 2285 Sed
2168 2250 2245 2286 sola

1174 2300 1427 2346 Redemptoris
1455 2300 1569 2336 nostri
1594 2300 1764 2347 percepta
1791 2312 2020 2342 sacramenta
2047 2310 2093 2345 ad
2120 2320 2245 2349 veram

1175 2361 1440 2398 solemnitatem
1458 2361 1591 2397 mentis
1614 2372 1685 2398 non
1711 2363 1914 2409 sufficiunt,
1935 2367 2004 2403 nisi
2026 2370 2080 2407 eis
2101 2382 2245 2418 quoque

1174 2427 1211 2459 et
1230 2422 1323 2458 bona
1341 2431 1451 2468 opera
1466 2422 1678 2469 jungantur.
1704 2424 1798 2468 Quid
1824 2427 1921 2462 enim
1942 2431 2092 2475 prodest
2112 2442 2245 2478 corpus

1173 2490 1210 2521 et
1227 2484 1440 2529 sanguinem
1461 2485 1556 2520 illius
1570 2495 1632 2521 orc
1649 2487 1854 2532 percipere,
1872 2491 1955 2526 etei
1971 2494 2151 2537 perversis
2166 2505 2246 2531 mo-

1174 2545 1275 2580 ribus
1293 2544 1504 2580 contraire?
1527 2545 1630 2581 Unde
1657 2546 1750 2583 benc
1771 2549 1889 2586 adhuc
1907 2553 1952 2588 ad
1980 2556 2245 2595 comedendum

1175 2605 1367 2641 subditur:
1394 2604 1441 2639 Et
1459 2616 1602 2651 azymos
1618 2616 1726 2651 panes
1751 2620 1830 2645 cum
1858 2611 2005 2650 lactucis
2032 2617 2242 2663 agrestibus

1173 2665 1290 2702 Panes
1310 2666 1443 2712 quippe
1459 2666 1535 2702 sine
1552 2666 1733 2706 fermento
1748 2673 1921 2718 comedit,
1937 2676 1999 2722 qui
2015 2683 2116 2715 recta
2130 2690 2244 2728 opera

1174 2726 1252 2762 sine
1268 2727 1501 2772 corruptione
1521 2737 1624 2764 vanae
1642 2729 1767 2775 gloriae
1787 2739 1960 2778 exercet;
1984 2738 2046 2784 qui
2070 2742 2242 2780 mandata

1173 2787 1433 2824 misericordiae
1459 2789 1536 2825 sine
1570 2790 1794 2830 admixtione
1826 2797 1966 2840 peccati
1996 2800 2161 2846 exhibet,
2195 2813 2244 2840 ne

1173 2856 1345 2893 perverse
1374 2848 1522 2895 diripiat
1550 2851 1647 2896 quod
1675 2854 1779 2899 quasi
1805 2862 1904 2894 recte
1935 2858 2134 2906 dispensat.
2163 2863 2240 2901 Hoc

1173 2917 1317 2954 quoque
1333 2910 1474 2954 peccati
1490 2909 1708 2950 fermentum
1722 2913 1826 2952 bonae
1841 2927 1915 2956 suae
1934 2921 2068 2958 actioni
2085 2924 2242 2962 miscue-

1172 2973 1278 3013 runt,
1308 2969 1440 3015 quibus
1469 2972 1656 3018 prophetae
1674 2984 1763 3013 voce
1780 2987 1847 3024 per
1864 2979 2151 3028 increpationem
2169 2986 2241 3022 Do-

1172 3030 1292 3067 minus
1310 3029 1418 3067 dicit:
1447 3031 1570 3069 Venite
1587 3034 1634 3070 ad
1649 3034 1791 3081 Rachel,
1814 3045 1846 3075 et
1863 3040 1968 3087 impie
1987 3043 2090 3090 aqite.
2119 3046 2242 3093 Atque

1171 3099 1254 3140 post
1273 3104 1407 3140 pauca:
1423 3095 1471 3131 Et
1490 3097 1688 3144 sacrificate
1705 3100 1748 3136 de
1767 3101 1937 3147 fermento
1962 3105 2102 3146 laudem
2117 3109 2239 3158 (Amos

1171 3155 1237 3203 iv).
1259 3156 1311 3192 De
1330 3156 1509 3195 fermento
1526 3169 1684 3207 namque
1697 3161 1839 3200 laudem
1853 3165 2026 3211 immolat,
2046 3171 2107 3216 qui
2124 3172 2237 3207 sacri-

1173 3217 1296 3254 ficium
1316 3217 1391 3255 Deo
1411 3219 1456 3256 de
1478 3220 1604 3266 rapina
1623 3229 1740 3268 parat.
1779 3223 1946 3264 Lactucae
1963 3239 2051 3266 vero
2074 3237 2236 3276 agrestes

1171 3277 1278 3314 valde
1302 3287 1436 3315 amarae
1464 3287 1577 3324 sunt;
1605 3291 1736 3319 carnes
1753 3294 1842 3320 vero
1871 3287 1954 3332 agni
1982 3297 2064 3324 eum
2082 3288 2237 3326 lactucis

1170 3337 1374 3382 agrestibus
1391 3344 1476 3375 sunt
1493 3339 1654 3384 edendae,
1672 3347 1711 3378 ut
1728 3353 1812 3380 cum
1831 3354 1963 3390 corpus
1981 3345 2234 3395 Redemptoris

1169 3400 1380 3447 accipimus,
1400 3411 1469 3438 nos
1487 3411 1555 3448 pro
1577 3404 1739 3449 peccatis
1762 3405 1897 3440 nostris
1921 3405 1958 3440 in
1976 3405 2121 3446 fletibus
2141 3406 2233 3447 ami-

1164 3459 1310 3509 gamus,
1330 3468 1510 3509 quatenus
1526 3463 1609 3510 ipsa
1617 3464 1821 3499 amaritudo
1844 3465 2068 3511 poenitentiae
2090 3470 2234 3509 abster-

1169 3526 1231 3569 gat
1248 3532 1271 3557 a
1288 3523 1422 3559 mentis
1439 3523 1629 3559 stomacho
1650 3531 1832 3568 perversae
1853 3534 2015 3565 amorem
2033 3530 2131 3569 vi'tae.
2161 3532 2233 3571 Ubi

1167 3586 1206 3618 et
1221 3581 1409 3624 subditur-3
1424 3581 1511 3618 Non
1527 3581 1713 3618 comedetis
1729 3593 1777 3620 ea:
1789 3595 1830 3621 eo
1847 3587 1996 3642 crudum
2007 3591 2110 3638 qaid,
2118 3598 2237 3645 neque

1168 3646 1304 3678 coctum
1321 3651 1428 3688 aqua.
1446 3640 1541 3678 Ecce
1565 3639 1643 3687 jam
1670 3651 1745 3680 non
1766 3643 1975 3691 ipsaverha
1991 3650 2156 3691 historiae
2179 3646 2231 3693 ab*

1168 3700 1352 3738 intellectu
1379 3698 1555 3738 historico
1582 3686 1793 3750 repellunt.
1789 3701 1978 3756 quuid
2005 3710 2231 3756 lsi-aeliticu's

1167 3761 1228 3800 ine
1241 3760 1394 3808 populus
1412 3761 1452 3798 in
1466 3760 1624 3810 AEgyp'to
1640 3766 1872 3807 constitutus
1887 3761 2230 3819 agnumeoniedene

1166 3821 1643 3867 crudumconmeverat:ut
1658 3825 2224 3882 illi-lex›ffloat,³1vowomma
