2540 4016
302 231 373 269 879

750 234 796 271 B.
819 235 990 272 RABANI
1016 237 1164 274 MAURI
1187 236 1398 274 ARCHIEP.
1426 237 1632 297 MOGUNT.
1659 240 1850 279 OPERUM
1873 240 1994 279 PARS
2014 240 2044 278 1.

2398 243 2470 281 880
2505 248 2519 276 ἲ

301 306 536 344 constitutum
549 312 618 352 est,
640 314 681 344 ut
694 310 910 348 humilitatis
926 317 963 348 et
979 312 1266 348 mansuetudinis
1282 312 1355 348 vir·
1371 313 1408 355 A
1423 312 1618 352 immolatis
1650 316 1942 359 simulacrorum,
1965 321 2003 352 et
2022 316 2208 362 sanguine,
2243 321 2280 352 et
2298 315 2474 357 suffocato

300 374 413 405 tutem
431 379 555 405 coram
572 369 660 414 Deo,
686 371 756 406 hoc
773 377 829 407 est
857 372 894 407 in
922 373 1128 408 sinceritate
1145 377 1181 407 et
1197 372 1354 418 puritate

299 431 446 474 mentis,
467 441 510 467 ac
530 431 607 467 sine
627 431 855 468 simulatione
873 438 1100 476 conservent,
1121 438 1228 479 atque
1245 434 1279 469 in
1294 444 1351 477 eo,

299 501 378 537 quae
398 493 492 528 bona
514 492 667 537 possint,
687 497 805 539 agant.
828 493 942 529 Homo
962 494 1058 530 enim
1077 494 1174 530 videt
1191 494 1228 529 in
1246 494 1350 537 facie,

298 552 393 588 Deus
413 557 535 589 autem
565 553 727 589 intuetur
757 564 833 590 cor.
854 554 987 599 Illeque
1002 564 1087 590 vere
1118 554 1271 597 laetatur‚
1292 554 1353 599 qui

298 612 451 658 spiritali
480 618 589 658 atque
622 623 778 659 superno
815 614 946 660 gaudio
981 614 1153 650 reficitur.
1192 615 1294 651 Unde
1317 620 1353 649 et

299 673 424 708 doctor
445 674 603 719 gentium
631 684 697 709 nos
717 674 895 718 hortatur,
929 675 1075 711 dicens:
1098 687 1109 708 ‹
1137 675 1296 710 Gaudete
1315 674 1352 709 in

297 733 450 769 Domino
468 744 624 780 semper,
649 735 781 770 iterum
800 736 893 779 dieo,
909 737 1071 782 gaudete.
1101 735 1271 771 Modestia
1293 745 1354 770 ve—

299 798 375 828 stra
407 799 491 829 nota
521 794 568 829 sit
585 794 753 830 omnibus
791 795 996 832 hominibus
1016 795 1161 844 (Philip.
1179 795 1239 842 iv).
1259 808 1271 828 i
1309 795 1355 830 Et

297 853 428 889 iterum
446 866 454 889 1
478 866 490 887 ‹
511 853 579 897 Qui
597 854 781 900 gloriatur,
808 855 936 901 inquit,
957 856 993 891 in
1011 856 1162 892 Domino
1183 855 1353 901 glorietur

297 914 334 961 (I
360 914 441 951 Cor.
463 915 505 964 ι).
524 930 535 950 ι
555 916 747 953 Humilitas
769 923 888 953 autem
901 929 1009 963 quam
1027 918 1231 953 necessaria
1249 917 1353 952 nob1s

297 977 357 1020 sit,
384 976 569 1023 Scriptura
589 978 826 1021 demonstrat,
847 979 969 1014 dicens
987 991 994 1013 :
1012 991 1023 1011 c
1045 977 1186 1021 Quanto
1202 987 1353 1023 magnus

296 1047 348 1080 es,
383 1038 533 1073 humilia
562 1043 598 1074 te
631 1039 668 1073 in
697 1039 863 1075 omnibus
896 1038 1132 1085 (Eccles.1n).
1153 1051 1164 1072 ›
1194 1038 1238 1072 Et
1258 1037 1353 1082 Apo·

297 1097 435 1132 stolus:
458 1110 469 1131 ‹
494 1098 634 1142 Gratia,
669 1099 797 1146 inquit,
829 1099 892 1134 Dei
914 1110 992 1135 sum
1022 1099 1058 1134 id
1080 1099 1172 1144 quod
1201 1108 1295 1139 sum,
1316 1102 1352 1132 et

296 1157 413 1201 gratia
445 1157 524 1203 ejus
551 1158 587 1193 in
621 1168 678 1193 me
713 1168 827 1193 vacua
858 1168 929 1193 non
965 1157 1045 1201 fuit,
1064 1157 1126 1193 sed
1144 1158 1261 1203 gratia
1276 1155 1352 1200 eJus

1420 380 1456 412 et
1472 375 1712 414 fornicatione
1732 377 1823 423 (Act.
1843 376 1918 423 xv).
1936 389 1948 411 ›
1967 376 2147 412 Praeterea
2173 377 2382 425 sanguinem
2394 378 2476 425 qui-

1421 435 1514 480 dem,
1533 436 1677 483 proprie
1699 435 1945 478 homicidium,
1966 446 2111 472 omnem
2127 436 2352 483 sanguinem,
2367 447 2476 475 omne

1421 494 1620 531 fraternum
1630 494 1753 531 odium
1767 494 2010 541 intelligamus
2026 505 2036 531 :
2056 496 2140 542 quia
2157 496 2216 542 qui
2235 497 2310 533 odit
2324 497 2475 535 fratrem
2507 495 2512 501 '

1421 565 1540 598 suum,
1559 554 1740 590 homicida
1757 560 1825 598 est,
1843 555 1936 591 sicut
1955 554 2111 592 Joannes
2137 557 2293 603 scripsit.
2315 558 2475 594 Dicimus

1421 625 1506 662 ergo
1543 625 1686 651 omnem
1722 617 1933 662 sanguinem
1956 644 1966 660 ,
2005 616 2220 662 injustitiam
2255 618 2472 655 dolosorum.

1425 687 1437 708 ‹
1457 675 1584 711 Virum
1604 677 1700 712 enim
1730 678 1945 723 sanguinum
1965 682 2002 713 et
2026 678 2191 714 dolosum
2213 679 2477 715 abominabitur

1421 738 1610 782 Dominus,
1633 751 1645 773 ›
1671 744 1706 775 et
1733 750 1956 785 quaecunque
1987 740 2235 786 proximorum
2267 746 2371 777 nocet
2393 741 2477 777 vitae

1421 810 1485 847 per
1504 801 1653 836 insidias
1667 801 1858 847 quaslibet,
1879 802 1930 837 ita
1949 807 1987 837 ut
2006 801 2200 837 homicidio
2217 802 2361 849 sanguis
2380 813 2477 838 com-

1421 865 1580 904 paretur,
1606 867 1642 896 et
1680 867 1870 907 propterea
1901 861 1945 896 ab
1967 861 2065 897 omni
2103 862 2276 907 sanguine
2295 862 2476 898 abstinere

1421 925 1575 965 oportet,
1599 921 1756 956 scientes
1776 922 1860 966 quia
1880 931 1987 967 super
2007 922 2160 964 animas,
2179 931 2257 966 quae
2271 921 2378 957 talem
2395 932 2478 957 san-

2535 1005 2540 1010 .
2537 976 2540 978 .
2529 802 2540 948 --.ηιμ-Δ

1422 981 1569 1027 guinem
1590 982 1796 1025 comedunt,
1829 983 1873 1018 de
1903 982 2031 1027 quibus
2059 982 2199 1018 dicebat
2230 981 2356 1025 David,
2377 993 2388 1014 ι
2411 981 2479 1025 Qui
2537 1025 2540 1027 q

1421 1042 1594 1077 devorant
1625 1042 1766 1087 plebem
1802 1052 1919 1077 meam
1955 1043 2047 1078 sicut
2084 1053 2203 1078 escam
2226 1042 2328 1087 panis
2363 1040 2476 1089 (Psal.
2531 1059 2540 1077 2

1419 1102 1516 1149 xm),
1538 1116 1550 1137 »
1575 1102 1704 1138 faciem
1734 1113 1836 1139 suam
1868 1103 2035 1138 obfirmat
2054 1103 2161 1144 Deus,
2191 1102 2358 1137 videlieet
2373 1101 2478 1137 Chri-
2534 1091 2540 1094 Δ

1422 1168 1511 1198 stus.
1534 1175 1545 1195 ι
1570 1163 1650 1208 lpse
1678 1169 1734 1199 est
1765 1164 1862 1199 enim
1894 1163 2012 1208 imago
2040 1163 2104 1198 Dei
2134 1163 2265 1205 Patris,
2283 1176 2294 1195 ›
2319 1162 2402 1207 quia
2419 1162 2480 1207 qui

296 1227 438 1263 semper
455 1219 492 1254 in
510 1229 568 1254 me
588 1224 710 1254 manet
729 1219 762 1265 (I
781 1219 900 1254 Corin.
919 1219 959 1265 ι).
980 1231 990 1252 i
1010 1218 1101 1253 Hinc
1120 1218 1249 1253 Petrus
1275 1218 1324 1252 ait
1342 1226 1350 1251 :
1371 1217 1403 1256 Β
1423 1224 1511 1259 vidit
1526 1224 1657 1259 Filium
1672 1224 1762 1259 vidit
1779 1231 1815 1259 et
1843 1224 2001 1259 Patrem.
2035 1225 2113 1269 lpse
2146 1223 2255 1258 etiam
2283 1223 2390 1268 judex
2411 1227 2478 1258 est.
2502 1213 2507 1221 ’

300 1290 312 1311 ‹
338 1278 597 1321 Humiliamini‚
619 1280 747 1324 inquit,
769 1280 834 1314 sub
854 1280 991 1324 potenti
1012 1289 1120 1313 manu
1138 1279 1215 1321 Dei,
1235 1284 1273 1313 ut
1288 1289 1351 1315 vos

297 1339 434 1374 exaltet
453 1339 488 1373 in
521 1344 683 1383 tempore
701 1338 934 1380 visitationis,
964 1348 1108 1373 omnem
1138 1338 1351 1372 sollicitudi-

294 1408 377 1433 nem
397 1401 555 1432 vestram
575 1395 806 1441 projicientes
836 1396 873 1430 in
895 1405 992 1437 eum,
1015 1395 1183 1439 quoniam
1205 1395 1273 1438 ipsi
1292 1405 1353 1429 eu-

294 1467 335 1494 ra
354 1462 411 1493 est
444 1456 488 1491 de
521 1456 639 1491 vobis.
660 1468 672 1489 ›
703 1456 796 1490 llinc
826 1460 862 1490 et
892 1455 968 1500 ipsa
988 1455 1130 1490 Veritas
1160 1454 1353 1500 discipulos

295 1518 466 1553 admonet
486 1516 609 1551 dicens
627 1527 634 1549 :
653 1527 665 1548 ‹
695 1514 830 1551 Discite
855 1525 875 1549 a
895 1525 967 1558 me,
989 1515 1072 1560 quia
1104 1515 1202 1549 mitis
1222 1525 1301 1549 sum
1319 1519 1355 1549 et

295 1576 441 1613 humilis
460 1575 582 1618 corde,
602 1581 639 1611 et
668 1575 861 1611 invenietis
893 1575 1055 1620 requiem
1088 1575 1275 1611 animabus
1293 1584 1355 1610 ve-

294 1639 380 1675 stris
403 1637 545 1685 (Matm.
562 1637 628 1682 xl).
652 1650 663 1671 ›
682 1637 726 1671 Et
746 1637 852 1672 item:
879 1647 891 1668 α
919 1635 1044 1671 Omnis
1073 1637 1134 1681 qui
1153 1645 1192 1671 se
1220 1635 1354 1671 exalta-

295 1700 403 1742 verit,
424 1697 675 1734 humiliabitur
693 1709 702 1740 ;
734 1704 769 1733 et
802 1698 862 1742 qui
888 1707 926 1733 se
945 1697 1200 1739 humiliaverit,
1219 1696 1354 1733 exalta-

294 1761 406 1796 bitur.
427 1760 519 1795 Cave
541 1769 586 1794 ne
615 1758 844 1803 derelinquas
872 1758 1050 1802 Levitam‚
1077 1758 1174 1793 omni
1196 1762 1356 1802 tempore

295 1832 367 1866 quo
382 1820 541 1856 versaris
555 1819 591 1854 in
607 1825 720 1862 terra,
733 1825 769 1854 et
786 1819 923 1864 reliqua
936 1819 1036 1865 (Luc.
1050 1817 1139 1865 x1v).
1159 1831 1169 1851 ›
1184 1817 1258 1852 Hac
1278 1816 1357 1862 qui-

295 1883 376 1918 dem
411 1882 591 1918 sententia
630 1881 686 1917 lex
723 1881 866 1917 Domini
897 1881 998 1916 verbi
1034 1879 1219 1915 ministros
1253 1878 1356 1913 nobis

295 1943 538 1985 commendat,
576 1948 751 1988 quatenus
779 1951 1014 1988 procuremus
1046 1940 1124 1984 ejus
1150 1939 1276 1975 solatia
1296 1938 1357 1973 de-

293 2004 384 2047 bita,
406 2004 488 2049 quia
509 2003 602 2039 sieut
619 2003 753 2038 Levitae
766 2003 802 2038 in
817 2002 939 2038 Veteri
948 2002 1179 2038 Testamento
1194 2000 1354 2043 decimis,

295 2071 405 2110 atque
423 2063 607 2109 primitiis,
644 2068 752 2108 atque
779 2062 936 2098 donariis
970 2071 1051 2107 quae
1074 2060 1225 2096 Domino
1245 2070 1358 2105 popu-

295 2125 352 2160 lus
370 2125 556 2166 offerebat,
578 2133 736 2170 congrue
756 2124 1022 2165 nutriebantur,
1058 2123 1108 2158 sic
1131 2123 1248 2163 decet,
1266 2120 1356 2155 utin

294 2184 396 2220 Novo
413 2183 441 2219 T
444 2189 643 2220 estamento
659 2183 744 2219 boni
759 2183 891 2219 subditi
909 2183 967 2218 his
982 2182 1043 2227 qui
1060 2182 1129 2217 sibi
1150 2182 1184 2216 in
1207 2181 1357 2216 Domino

294 2250 456 2291 praesunt
473 2245 571 2281 omni
585 2245 776 2280 devotione
792 2244 999 2280 deserviant
1015 2256 1022 2278 :
1044 2243 1138 2279 sicut
1154 2250 1189 2279 et
1205 2242 1357 2287 Aposto-

296 2303 353 2339 lus
374 2303 759 2340 Thessalonicensibus
784 2304 946 2339 scribens
963 2304 1032 2338 ait:
1051 2316 1062 2336 ‹
1093 2303 1275 2349 Rogamus
1294 2313 1356 2337 au-

296 2369 371 2398 tem
393 2373 469 2406 vos,
490 2363 632 2406 fratres,
652 2368 692 2398 ut
711 2364 887 2399 noveritis
906 2374 967 2399 eos
996 2363 1058 2408 qui
1078 2363 1242 2398 laborant
1262 2363 1356 2398 inter

298 2433 361 2460 vos
383 2428 419 2458 et
434 2429 594 2468 praesunt
610 2424 712 2459 vobis
740 2423 778 2458 in
796 2423 949 2459 Domino
966 2434 974 2465 ;
995 2427 1031 2458 ct
1051 2428 1200 2457 monent
1217 2432 1295 2465 vos,
1314 2426 1355 2457 ut

297 2482 462 2518 habeatis
485 2482 563 2517 illos
581 2482 824 2518 abundantius
844 2482 879 2517 in
905 2482 1083 2517 charitate
1098 2487 1246 2526 propter
1265 2490 1355 2526 opus

298 2542 454 2577 illorum.
490 2541 621 2577 Pacem
651 2542 783 2577 habete
816 2552 898 2577 eum
931 2541 983 2577 eis
1015 2540 1049 2588 (I
1067 2540 1185 2576 Thess.
1202 2540 1252 2587 v).
1274 2553 1286 2575 ›
1310 2540 1356 2576 Et

298 2603 383 2639 alibi
401 2616 408 2638 :
428 2616 439 2636 ‹
466 2603 727 2648 communicet,
743 2604 873 2650 inquit,
890 2605 921 2639 is
936 2604 998 2650 qui
1013 2603 1259 2639 catechizatur
1276 2613 1356 2639 ver-

297 2662 360 2705 bo,
380 2663 414 2698 ei
430 2663 545 2708 quise
559 2663 760 2698 catechizat
778 2663 815 2698 in
835 2663 1002 2699 omnibus
1021 2663 1126 2698 bonis
1141 2661 1236 2709 (Gal.
1255 2661 1318 2709 vl).
1337 2675 1349 2696 ›

299 2722 402 2758 Unde
419 2727 455 2757 et
470 2722 642 2758 Dominus
658 2724 838 2758 ordinavit
864 2724 920 2759 his
936 2724 997 2769 qui
1013 2723 1247 2770 Evangelium
1262 2734 1354 2760 nun-

299 2781 405 2825 tiam,
419 2781 470 2836 *de
487 2781 596 2817 verbo
615 2787 652 2817 et
678 2781 873 2828 Evangelio
895 2784 1029 2819 vivere.

710 2855 861 2893 CAPUT
881 2858 940 2895 lv.

300 2903 564 2939 Commendatio
584 2903 783 2938 Levitarum
799 2910 830 2938 et
849 2905 1045 2941 interdictio
1061 2917 1140 2942 esus
1158 2908 1351 2953 sanquinis.

348 2961 465 3010 (lam.)
489 2975 501 2995 ‹
520 2963 565 2997 Et
585 2962 614 2997 si
630 2963 786 2998 volueris
810 2965 978 3000 carnibus
995 2967 1093 3000 vesci
1109 2977 1198 3011 quas
1216 2968 1356 3004 deside-

244 3052 250 3065 ,
303 3033 319 3056 ι
332 3026 391 3058 rat
407 3022 528 3056 anima
546 3027 682 3066 vestra,
701 3024 843 3059 occides
857 3024 900 3059 de
917 3025 1091 3060 armentis
1113 3031 1148 3061 et
1162 3028 1353 3071 pecoribus

243 3083 254 3130 ᾗ
305 3093 417 3128 ‹quae
449 3083 621 3119 habueris
653 3083 745 3119 sicut
771 3085 941 3130 praecepit
961 3085 1052 3130 tibi3
1082 3092 1118 3122 et
1135 3088 1300 3124 comedes
1317 3089 1353 3123 in

250 3156 255 3163 ·
305 3154 319 3175 ε
338 3143 476 3188 oppidis
496 3143 566 3178 tuis
584 3147 624 3178 ut
640 3142 705 3178 tibi
734 3143 864 3188 placet,
897 3143 990 3179 sieut
1008 3146 1207 3181 comeditur
1225 3156 1354 3192 caprea

306 3214 319 3236 ‹
337 3207 374 3238 et
389 3212 530 3246 cervus,
546 3203 596 3238 ita
618 3203 777 3239 vesceris
798 3203 873 3247 eis;
905 3208 940 3239 et
959 3205 1112 3240 mundus
1132 3211 1167 3241 et
1197 3206 1352 3240 immun-

248 3256 257 3300 .”
305 3274 318 3295 ι
338 3263 404 3298 dus
424 3263 461 3298 in
480 3272 670 3303 commune
702 3267 908 3298 vescentur.
935 3263 1011 3299 Hoc
1043 3264 1158 3300 solum
1189 3274 1288 3307 cave,
1309 3274 1355 3300 ne

306 3333 319 3354 ‹
337 3321 548 3368 sanguinem
567 3321 749 3358 comedas.
765 3335 777 3356 ›
802 3322 878 3368 Ego
906 3327 1048 3369 oportet
1066 3323 1226 3359 mandati
1245 3322 1353 3368 hujus

302 3382 414 3417 etiam
432 3381 672 3419 litteraturam
685 3383 880 3427 custodire,
897 3387 934 3420 et
948 3383 1149 3420 nullatenus
1166 3385 1355 3420 comedere

302 3444 529 3489 sanguinem.
550 3444 627 3480 Hoc
646 3440 744 3480 enim
776 3450 813 3481 et
828 3443 1018 3490 Apostolos
1037 3438 1199 3482 invenies
1219 3455 1355 3491 praece-

301 3501 414 3548 pisse,
433 3503 576 3549 quando
589 3505 632 3540 de
642 3505 857 3550 quibusdam
872 3504 1030 3542 Judaicis
1044 3506 1355 3542 observationibus

303 3563 534 3600 contentione
571 3565 608 3600 in
638 3564 876 3602 Antiochensi
908 3565 1069 3603 Ecclesia
1099 3565 1210 3611 sacta,
1231 3567 1277 3603 ad
1293 3575 1355 3604 eos

303 3624 419 3661 relata
437 3631 493 3661 est
512 3625 676 3670 quaestio,
695 3626 759 3671 qui
793 3625 908 3672 legem
939 3632 1150 3671 posuerunt,
1177 3626 1356 3664 solventes

304 3685 539 3730 quaestionem
567 3687 660 3724 hanc
688 3692 726 3723 et
753 3686 988 3724 definientes:
1009 3700 1020 3722 ι
1045 3688 1171 3725 Visum
1192 3694 1253 3726 est
1270 3691 1356 3736 ergo

307 3746 456 3791 Spiritui
474 3752 600 3785 sancto
617 3753 655 3786 et
674 3747 794 3792 nobis,
812 3748 905 3785 nihil
925 3749 1078 3797 amplius
1094 3749 1278 3797 imponere
1291 3761 1356 3788 vo-

298 3804 362 3856 his
373 3806 498 3845 oneris
515 3817 626 3854 quam
645 3808 723 3866 haec
746 3809 972 3866 necessaria:
1004 3815 1043 3866 ut
1080 3807 1410 3866 “Qillffifflab-„-

1004 3922 1033 3932 ⁴·-
1043 3922 1064 3928 ,ψ
1075 3918 1128 3928 -Α-ψ..
1145 3919 1164 3927 -:.
1212 3916 1242 3927 0:-
1248 3916 1263 3922 ¹--

1424 1295 1435 1315 α
1451 1283 1605 1328 Sanguis
1616 1284 1710 1318 enim
1720 1293 1842 1319 eorum
1854 1293 1919 1328 pro
1936 1284 2053 1318 anima
2065 1282 2482 1326 est;etidcire0110nde-

1426 1354 1437 1374 ‹
1452 1343 1517 1377 bes
1536 1343 1691 1376 animani
1708 1342 1895 1378 comedere
1913 1353 1995 1378 cum
2013 1344 2194 1385 carnibus,
2214 1343 2273 1378 sed
2293 1352 2399 1388 super
2411 1347 2482 1377 ter-

1426 1412 1436 1433 «
1457 1411 1535 1435 ram
1548 1400 1675 1435 fundes
1686 1402 1789 1445 quasi
1800 1411 1930 1446 aquam
1944 1407 2002 1435 :ut
2013 1402 2059 1436 sit
2074 1403 2238 1437 tibibene
2254 1407 2290 1437 et
2304 1402 2385 1437 liliis
2401 1407 2482 1446 post

1426 1473 1437 1492 i
1457 1466 1504 1502 te,
1522 1471 1604 1495 cum
1619 1460 1748 1496 feceris
1770 1462 1865 1506 quod
1880 1461 1997 1507 placet
2017 1462 2054 1496 in
2075 1469 2270 1507 conspectu
2292 1463 2446 1498 Domini.
2465 1476 2476 1497 ι

1424 1520 1521 1566 Ergo
1545 1521 1625 1556 ideo
1647 1522 1794 1567 sanguis
1826 1522 1957 1557 dieitur
1986 1522 2104 1557 anima
2132 1532 2211 1558 esse
2240 1525 2371 1566 earnis,
2400 1525 2482 1569 quia

1422 1581 1532 1617 vitale
1551 1581 1686 1626 aliquid
1707 1587 1762 1617 est
1782 1582 1817 1617 in
1836 1582 2022 1629 sanguine,
2043 1583 2126 1628 quia
2144 1593 2208 1628 per
2229 1594 2347 1629 ipsum
2372 1585 2484 1620 maxi-

1422 1652 1481 1676 me
1500 1642 1536 1676 in
1559 1642 1630 1677 hac
1651 1652 1761 1677 carne
1790 1642 1936 1685 vivitur,
1969 1653 2049 1678 cum
2085 1643 2121 1677 in
2151 1653 2276 1678 omnes
2291 1653 2401 1679 venas
2419 1654 2484 1689 per

1424 1703 1587 1748 corporis
1607 1709 1737 1738 cuncta
1768 1702 1991 1739 diffunditur.
2019 1703 2136 1748 Ipsam
2167 1702 2334 1738 videlieet
2367 1703 2480 1738 vitam

1425 1763 1599 1808 corporis,
1623 1763 1765 1799 vocavit
1800 1763 1973 1806 animam,
2007 1773 2079 1798 non
2113 1763 2225 1799 vitam
2256 1774 2334 1808 quae
2351 1764 2485 1809 migrat

1425 1835 1469 1860 cx
1489 1834 1652 1870 corpore,
1674 1825 1737 1860 sed
1756 1835 1836 1870 quae
1855 1830 1970 1860 morte
1991 1824 2126 1860 finitur.
2150 1824 2238 1861 Cum
2257 1835 2342 1871 ergo
2362 1825 2484 1863 Domi-

1426 1884 1462 1919 ni
1480 1891 1661 1930 praeeepto
1681 1890 1822 1921 constet
1839 1895 1986 1920 earnem
2003 1885 2192 1921 brutorum
2216 1885 2424 1921 animalium
2441 1885 2485 1921 ad

1427 1954 1527 1979 esum
1563 1944 1769 1980 hominibus
1804 1954 1884 1980 esse
1924 1955 2148 1989 concessum,
2185 1945 2369 1991 sanguinis
2400 1955 2485 1980 vero

1427 2003 1583 2038 edulium
1605 2004 1851 2046 interdictum,
1872 2003 1971 2038 salva
1995 2004 2149 2039 veritate
2169 2004 2342 2046 historiae,
2363 2014 2488 2038 secun-

1427 2063 1512 2098 dum
1534 2063 1726 2109 mysticum
1760 2073 1906 2098 sensum
1935 2063 2040 2099 nobis
2066 2063 2241 2106 innuitur,
2277 2068 2317 2098 ut
2343 2063 2486 2107 quando

1375 2109 1404 2149 C
1427 2122 1589 2158 carnales
1614 2122 1779 2157 homines
1799 2132 1818 2156 a
1837 2122 1992 2167 pristina
2018 2122 2294 2158 conversatione
2315 2122 2485 2158 interem-

1425 2189 1518 2229 ptos,
1547 2185 1593 2220 ad
1626 2184 1804 2220 unitatem
1828 2184 1912 2219 fidei
1946 2189 1981 2219 et
2004 2185 2183 2219 honorum
2203 2194 2351 2229 operum
2383 2185 2486 2221 nobis

1425 2245 1705 2288 consentiemus,
1741 2244 1839 2280 nullo
1872 2244 1979 2279 modo
2009 2245 2140 2290 prioris
2172 2245 2255 2280 vitae
2286 2254 2428 2280 errores
2447 2244 2487 2281 in

1424 2314 1530 2340 usum
1547 2310 1712 2340 nostrum
1739 2310 2006 2348 convertamus,
2028 2305 2091 2340 sed
2124 2315 2232 2351 super
2251 2311 2386 2341 terram
2405 2305 2486 2342 illos

1424 2364 1663 2408 effundamus,
1683 2365 1720 2401 id
1744 2370 1813 2407 est,
1840 2375 1904 2411 per
1933 2364 2195 2400 consessionem
2217 2365 2391 2411 prolatos,
2412 2371 2486 2401 ter·

1425 2435 1521 2460 renae
1539 2425 1729 2471 fragilitati
1749 2425 1978 2470 deputantes,
1997 2425 2099 2470 quasi
2121 2425 2286 2471 indignos
2306 2426 2393 2461 viris
2408 2425 2483 2471 spi-

1424 2486 1588 2522 ritalibus
1599 2486 1821 2532 abjiciamus.
1836 2486 1937 2522 Unde
1950 2491 1986 2521 et
1995 2485 2188 2532 Apostolus
2198 2486 2248 2521 ait
2257 2486 2301 2521 ad
2310 2486 2485 2531 Ephesios

1424 2548 1613 2583 scribens:
1634 2559 1646 2580 ‹
1672 2547 1748 2582 Hoc
1771 2547 1881 2593 igitur
1898 2547 1978 2582 dico
1996 2552 2033 2582 et
2055 2546 2230 2582 testificor
2247 2547 2284 2582 in
2317 2547 2482 2591 Domino,

1424 2615 1462 2645 ut
1479 2608 1555 2655 jam
1574 2619 1644 2644 non
1662 2608 1853 2644 ambuletis
1873 2608 1966 2643 sicut
1985 2613 2109 2653 gentes
2123 2607 2308 2643 ambulant
2327 2607 2363 2643 in
2382 2608 2484 2644 vani-

1423 2676 1498 2706 tate
1531 2680 1659 2706 sensus
1680 2669 1747 2711 sui,
1781 2668 1942 2704 tenebris
1968 2669 2200 2704 obscuratum
2234 2667 2405 2703 habentes
2429 2669 2484 2704 in-

1424 2731 1625 2774 tellectum;
1662 2729 1806 2764 alienati
1827 2739 1847 2764 a
1872 2728 1947 2763 vita
1978 2727 2043 2764 Dei
2061 2737 2126 2773 per
2141 2727 2382 2772 ignorantiam
2402 2737 2483 2772 quae

1423 2792 1530 2828 estin
1549 2792 1634 2835 illis,
1669 2798 1817 2836 propter
1850 2790 2049 2826 caecitatem
2079 2789 2199 2825 cordis
2219 2788 2394 2833 ipsorum,
2417 2788 2479 2833 qui

1424 2853 1658 2897 desperantes
1683 2850 1895 2896 semetipsos
1927 2850 2153 2886 tradiderunt
2171 2848 2418 2895 impudicitiae,
2445 2848 2482 2883 in
2537 2872 2540 2873 γ

1423 2912 1671 2957 operationem
1692 2910 1928 2946 immunditiae
1947 2910 2065 2946 omnis
2079 2915 2115 2946 et
2132 2909 2303 2944 avaritiae.
2328 2907 2400 2944 Vos
2418 2919 2482 2944 au-
2530 2901 2540 2906 ”

1426 2976 1497 3006 tem
1517 2980 1589 3006 non
1608 2971 1658 3006 ita
1679 2970 1855 3006 didicistis
1872 2969 2066 3011 Christum,
2087 2969 2118 3005 si
2150 2973 2267 3004 tamen
2299 2967 2398 3004 illum
2418 2978 2481 3003 au-

1426 3033 1543 3076 distis,
1565 3038 1600 3068 et
1634 3033 1768 3078 inipso
1798 3032 1918 3068 edocti
1945 3031 2044 3075 estis,
2083 3031 2174 3067 sicut
2198 3035 2254 3067 est
2290 3030 2425 3066 veritas
2443 3029 2481 3065 in
2528 3015 2540 3076 ξ

1420 3092 1507 3129 Jesu
1525 3104 1532 3127 :
1553 3093 1732 3139 deponere
1749 3103 1814 3128 vos
1842 3092 2039 3128 secundum
2070 3091 2262 3137 pristinam
2282 3099 2476 3125 conversa·
2530 3097 2540 3125 ÷

1422 3153 1571 3195 tionem,
1590 3158 1748 3188 veterem
1776 3152 1972 3195 hominem,
1991 3151 2053 3196 qui
2085 3149 2329 3195 corrumpitur
2351 3158 2479 3185 secun·
2529 3131 2540 3195 ξ

1424 3212 1510 3247 dum
1538 3212 1715 3247 desideria
1747 3211 1896 3247 erroris.
1930 3210 2167 3246 Renovamini
2197 3214 2316 3245 autern
2349 3209 2476 3255 spiritu
2526 3221 2540 3251 g

1423 3271 1555 3306 mentis
1577 3276 1721 3312 vestrae,
1741 3274 1776 3304 et
1802 3269 1940 3304 induite
1957 3277 2092 3304 novum
2123 3267 2322 3310 hominem,
2339 3268 2400 3312 qui
2420 3277 2477 3303 se-

1423 3326 1582 3363 cundum
1601 3326 1714 3362 Deum
1746 3331 1891 3362 creatus
1915 3330 1971 3361 est
1992 3325 2032 3360 in
2061 3323 2197 3361 iustitia
2215 3329 2253 3361 et
2282 3315 2475 3362 sanctitate

1423 3386 1599 3423 veritatis.
1616 3398 1629 3420 ι
2465 3398 2468 3401 ·

1849 3442 2002 3480 CAPUT
2020 3443 2065 3480 V.

1426 3521 1479 3559 De
1493 3521 1680 3570 probandis
1705 3518 1878 3568 prophetis
1892 3529 1905 3554 .·
1925 3529 1967 3553 ne
1984 3516 2087 3563 facile
2101 3516 2317 3571 'credendum
2342 3516 2396 3553 his
2413 3514 2474 3569 qui

1470 3567 1879 3656 indiffinitae
1895 3564 1981 3646 „tii-⁵3
1989 3568 2264 3656 fatetimini
2271 3562 2471 3644 ww<

1464 3685 1684 3735 (Cam-xm.)
1706 3697 1719 3720 ‹
1742 3684 1782 3721 Si
1798 3684 1997 3721 surrexerit
2010 3683 2049 3720 in
2064 3682 2181 3720 medio
2198 3681 2251 3718 tui
2264 3682 2471 3729 prophetes,

1429 3762 1440 3783 ι
1460 3755 1523 3785 aut
1535 3748 1598 3795 qui
1624 3746 1802 3784 somnium
1833 3745 1967 3782 vidisse
1998 3753 2038 3780 se
2065 3742 2174 3795 dicat,
2208 3746 2245 3778 et
2265 3739 2472 3789 praedixerit

1426 3820 1440 3847 ι
1458 3808 1602 3856 sianum
1615 3807 1729 3859 *atque
1741 3809 1960 3854 portentum,
1978 3809 2018 3860 et
2031 3802 2202 3848 evenerit,
2217 3801 2411 3851 qued‘xoou
2463 3802 2466 3804 ’

2391 3888 2409 3906 a

1481 3940 1522 3973 ἃ
