2540 4016
273 218 341 256 667
707 215 748 251 B.
771 211 942 253 RABANI
965 216 1112 255 MAURl
1137 217 1352 255 ARCHIEP.
1379 218 1584 260 MOGUNT.
1613 222 1802 262 OPERUM
1823 221 1944 260 PARS
1968 223 1997 261 1.
2367 227 2436 280 668

267 290 422 330 tentoriis
438 290 476 326 in
493 288 627 326 deserto
649 289 808 328 Pharan.
831 291 888 328 Ibi
915 292 1051 329 locutus
1078 299 1129 330 est
1146 294 1318 331 Dominus
1335 296 1371 335 A
1387 272 1484 333 enim
1508 304 1656 344 possent
1677 298 1784 336 facile
1810 300 2059 346 exploratores
2083 300 2254 349 intelligi,
2278 304 2341 341 ubi
2359 311 2441 343 tan-

266 351 311 389 ad
327 350 471 398 Moysen
486 351 602 386 dicens
619 361 631 387 :
646 350 746 388 Mitte
758 353 863 397 viros,
879 355 938 400 qui
953 354 1171 390 considerent
1191 361 1319 392 terram

265 412 448 456 chanaan,
465 422 569 458 qnam
589 411 738 448 daturus
753 424 831 449 sum
849 413 932 459 filiis
952 413 1079 458 Israel,
1101 415 1258 464 singulos
1276 416 1318 452 de

264 473 408 521 sinynlis
423 473 579 509 tribubus
594 474 873 520 exprincipibus.
889 474 1045 512 Aseroth
1059 476 1318 524 interpretatur

265 535 388 570 domus
421 534 586 581 perfecta.
619 534 867 571 Proficiscitur
900 536 1009 582 igitur
1044 537 1196 583 populus
1211 566 1220 583 ‚
1254 549 1317 585 po·

263 602 450 643 steaquam
475 596 587 631 Maria
617 602 770 643 purgata
793 602 871 641 est,
897 608 918 633 a
943 598 1108 636 domibus
1130 599 1314 646 perfectis,

263 662 300 692 et
322 657 420 692 venit
440 657 474 691 in
501 656 669 701 Pharan,
699 658 794 703 quod
823 659 1082 705 interpretatur
1107 672 1144 696 os
1170 660 1313 696 visibile.

262 716 386 753 Potest
408 718 582 763 intelligi,
607 719 702 763 quod
730 719 890 755 Verbum
914 730 999 756 caro
1023 720 1158 757 factum
1186 727 1260 764 est,
1280 726 1316 757 et

264 777 453 812 invisibilis
483 778 633 814 visibilis
658 778 807 815 effectus
833 785 908 823 est;
940 786 978 816 et
1000 781 1068 817 hoc
1096 782 1314 828 significari,

262 843 498 884 posteaquam
521 839 602 876 finis
623 846 660 876 et
679 840 854 887 perfectio
879 843 1039 878 omnium
1065 854 1143 888 quac
1164 854 1250 890 erga
1273 843 1316 878 il-

261 898 337 934 lum
355 899 522 945 populum
546 902 702 946 gerenda
723 901 888 946 suerunt,
909 903 1028 945 venit;
1051 910 1086 938 et
1111 909 1197 939 tune
1218 910 1317 939 tran-

263 959 310 995 sit
330 965 366 995 et
383 961 482 996 venit
505 962 549 997 ad
568 971 648 997 eum
664 989 673 1004 ‚
694 973 801 1008 quem
830 964 986 999 Verbum
1014 974 1159 999 carnem
1182 964 1316 999 sactum

264 1025 347 1055 ante
374 1031 445 1056 non
474 1022 637 1058 credidit.
660 1022 864 1058 Notandum
889 1030 1007 1059 autem
1023 1051 1031 1066 ,
1060 1025 1154 1069 quod
1173 1024 1315 1059 Pharan

263 1092 334 1117 non
360 1083 515 1127 speciale
535 1093 663 1119 nomen
682 1090 737 1119 est
755 1085 951 1119 mansionis
969 1085 1133 1130 alicujus,
1154 1085 1216 1120 sed
1233 1085 1315 1119 soli-

265 1141 400 1176 tudinis
421 1152 499 1186 quae
515 1143 636 1187 plures
655 1144 862 1178 continebat
878 1144 913 1179 in
933 1155 969 1179 se
989 1146 1206 1186 mansiones,
1224 1145 1316 1181 sicut

264 1200 299 1235 in
326 1202 629 1246 consequentibus
655 1204 758 1239 istius
784 1204 888 1247 libri,
918 1205 976 1239 uhi
1006 1206 1191 1250 catalogus
1214 1216 1316 1241 man·
1334 1186 1365 1224 B

263 1259 405 1296 sionum
431 1262 570 1308 integer
593 1268 667 1305 est,
698 1264 976 1299 demonstratur.
997 1265 1048 1299 lbi
1068 1266 1163 1300 enim
1190 1277 1315 1301 narra-

263 1323 336 1363 tur,
358 1321 451 1365 quod
466 1320 618 1366 profecti
641 1322 702 1358 filii
718 1322 828 1358 lsrael
849 1325 893 1359 de
911 1324 1082 1366 Ascroth,
1103 1331 1222 1360 castra
1240 1337 1315 1362 me-

262 1381 326 1416 tati
355 1387 437 1417 sunt
462 1383 498 1417 in
532 1382 706 1425 Rehtma;
726 1384 854 1419 deinde
879 1385 1067 1420 Remmom
1096 1386 1249 1429 Phares;
1280 1393 1317 1422 et

263 1438 390 1475 deinde
417 1441 452 1475 in
474 1440 613 1484 Lehna3
637 1447 673 1477 ct
697 1443 748 1477 sic
772 1453 897 1478 omncs
922 1455 985 1489 per
1009 1445 1174 1480 ordinem
1202 1457 1315 1491 usque

262 1497 306 1532 ad
325 1497 546 1543 Asiongaber
573 1512 579 1534 :
601 1501 634 1535 id
654 1507 720 1541 cst,
743 1512 855 1546 usque
877 1503 920 1538 ad
941 1504 1159 1539 tricesimam
1183 1516 1313 1542 secun-

262 1557 342 1593 dam
372 1559 622 1603 mansionem,
662 1561 727 1596 snb
757 1563 899 1598 Pharan
937 1564 1139 1600 solitudinis
1172 1566 1316 1602 nomine

262 1618 469 1654 mansiones
495 1622 762 1666 comprehensae
789 1629 883 1658 sunt.
909 1623 962 1659 Ab
989 1624 1055 1659 hac
1071 1625 1190 1670 itaque
1209 1637 1313 1662 man-

263 1678 386 1721 sione,
411 1679 479 1715 hoc
502 1686 568 1723 est,
592 1681 764 1725 Rethma,
784 1694 862 1728 quae
888 1683 955 1719 suit
973 1685 1007 1719 in
1025 1686 1150 1721 ordine
1172 1686 1314 1731 quinta-

265 1740 416 1784 decima,
434 1752 547 1788 usque
571 1743 614 1778 ad
635 1745 855 1780 tricesimam
878 1747 1070 1782 secundam
1084 1774 1092 1790 ‚
1114 1748 1314 1784 istiusmodi

261 1801 494 1838 continentur
525 1803 697 1839 historiae.
731 1806 923 1842 Duodecim
957 1808 1203 1853 exploratores
1233 1810 1314 1845 mit-

261 1863 384 1895 tuntur
413 1862 455 1897 ad
483 1868 615 1898 terram
646 1871 828 1909 sanctam,
862 1867 988 1903 botrus
1018 1868 1172 1904 refertur
1203 1870 1238 1905 in
1271 1871 1315 1905 li-

261 1929 330 1965 gno
348 1948 357 1963 ,
393 1926 429 1956 et
464 1921 597 1959 Christi
634 1925 793 1961 breviter
825 1927 990 1973 passione
1030 1928 1311 1965 demonstratur.

263 1980 462 2019 Murmurat
487 1984 640 2030 populus
670 1984 897 2030 Judaeorum,
928 1987 1110 2033 gigantum
1140 1989 1313 2034 impetum

262 2041 512 2080 reformidans.
546 2044 684 2092 Pugnat
717 2052 842 2082 contra
871 2046 1068 2090 Amalech,
1102 2053 1137 2084 et
1173 2049 1313 2085 Chana-

261 2114 378 2140 naeum
405 2105 548 2142 nolente
572 2106 667 2150 Deo,
696 2113 732 2142 et
758 2108 927 2143 vincitur.
957 2109 1125 2156 Intelligit
1150 2121 1229 2155 quae
1249 2112 1311 2147 de-

261 2162 346 2199 beat
374 2164 411 2199 in
431 2169 528 2201 terra
548 2171 672 2202 sancta
697 2177 867 2203 exercere
891 2169 1080 2204 sacrificia.
1110 2170 1250 2206 Dathan
1275 2177 1311 2207 et

261 2222 395 2259 Abiron
423 2229 460 2260 et
485 2224 549 2261 filii
576 2225 694 2262 Chore
716 2234 939 2274 consurgunt
962 2235 1087 2264 contra
1110 2230 1254 2277 Moysen
1276 2238 1311 2268 ct

261 2281 402 2327 Aaron,
424 2289 460 2320 et
480 2289 585 2323 terrae
604 2288 775 2334 voragine
795 2288 1004 2334 glutiuntur.
1031 2289 1127 2325 Inter
1150 2298 1311 2328 mortuos

260 2346 298 2377 et
318 2343 480 2380 viventes
498 2345 662 2391 pontifex
689 2348 847 2389 medius,
870 2349 1052 2384 thuribulo
1077 2355 1236 2386 armatus
1258 2352 1311 2386 in-

261 2402 436 2448 greditur,
457 2408 495 2441 et
518 2415 669 2442 currens
692 2406 746 2442 ira
766 2407 845 2451 Dei,
866 2409 1064 2445 sacerdotis
1084 2421 1171 2446 voce
1189 2413 1311 2457 prohi-

259 2461 377 2498 betur.
404 2462 513 2509 Virga
535 2463 657 2501 Aaron
681 2471 716 2502 et
738 2465 860 2502 florem
884 2467 1021 2512 profert
1046 2475 1082 2504 et
1102 2468 1199 2512 folia,
1222 2472 1310 2507 etin

259 2526 432 2559 aeternam
449 2527 662 2563 memoriam
677 2528 798 2564 virens
815 2529 1221 2568 siccitas·consecratur.
1238 2532 1311 2570 Nec

260 2582 342 2618 dum
364 2585 535 2631 templum
553 2586 662 2623 etiam
683 2589 825 2633 aeditui,
848 2601 915 2626 nec
939 2592 1023 2627 dum
1045 2594 1249 2630 sacerdotes
1274 2600 1310 2630 et

257 2641 390 2680 Levitae
406 2645 614 2683 obtulerunt
631 2649 820 2693 sacrificia,
842 2655 879 2686 et
902 2658 1023 2697 partes
1042 2661 1166 2688 eorum
1186 2655 1309 2701 mysti-

259 2713 323 2740 cus
342 2715 461 2741 sermo
480 2707 665 2744 describit.
686 2710 805 2746 Vitula
834 2711 914 2747 rusa
940 2713 975 2748 in
994 2714 1200 2752 holocausta
1220 2726 1308 2753 con-

258 2769 460 2811 crematur;
481 2763 518 2802 e⁵t
535 2767 626 2803 cinis
645 2767 721 2814 ejus
737 2770 931 2816 piacularis
950 2775 1111 2819 aspersio
1127 2781 1192 2811 est.
1214 2777 1309 2820 Quo-

258 2828 338 2859 rum
361 2824 522 2861 omnium
551 2826 676 2874 figurae
704 2830 869 2875 proprias
893 2830 1056 2878 flagitant
1082 2834 1277 2873 solutiones
1298 2850 1305 2872 :

259 2892 338 2928 quae
357 2883 392 2918 in
409 2884 484 2921 suis
503 2885 591 2922 locis
610 2887 787 2924 dicentur.

1388 366 1496 402 quam
1513 360 1784 405 peregrinantes
1803 361 1925 397 omnia
1945 362 2215 407 perquirebant.
2234 363 2326 402 Nam
2345 366 2378 403 si
2394 367 2441 405 du

1387 418 1520 455 montis
1543 419 1678 456 vertice
1703 429 1766 456 eos
1789 421 2038 466 putaverimus
2055 424 2286 470 conspexisse
2304 430 2438 465 tenram

1386 482 1422 513 et
1451 479 1660 525 explorare,
1694 480 1874 525 quomodo
1907 489 2057 527 possent
2085 485 2278 531 exquirere
2301 488 2436 531 omnia,

1386 547 1466 583 quae
1484 538 1625 585 Moyses
1643 540 1865 585 exquirenda
1883 543 2076 588 praecepit?
2097 543 2283 587 Quomodo
2302 547 2440 584 intrare

1385 597 1568 641 civitates,
1596 609 1688 644 quas
1713 609 1775 635 eos
1806 599 1994 645 Scriptura
2025 602 2116 638 dixit
2143 603 2319 642 intrasse?
2345 606 2440 650 Quo-

1386 658 1493 692 modo
1518 658 1561 693 de
1586 658 1655 694 alia
1682 659 1774 695 valle
1797 659 1942 696 botrum
1963 661 2088 698 tollere
2107 670 2254 710 propter
2273 677 2381 712 quem
2403 673 2441 704 et

1384 717 1464 753 loco
1486 729 1617 754 nomen
1637 724 1692 755 est
1710 720 1920 757 inditum-ut
1937 723 2041 759 vallis
2061 724 2160 761 Botri
2180 727 2382 764 diceretur?
2398 729 2438 765 In

1383 778 1462 823 ipso
1480 785 1600 815 monte
1619 780 1877 826 explorabatur
1895 787 2012 827 terra,
2033 786 2118 830 quia
2142 787 2218 833 ipse
2242 795 2321 825 erat
2341 795 2439 826 terra

1385 848 1463 883 quae
1482 840 1753 886 exploraretur3
1777 847 1813 878 et
1834 843 1882 879 ibi
1904 850 1984 880 erat
2002 847 2144 891 quidem
2163 850 2366 895 depressior
2387 853 2440 888 lo-

1385 911 1462 944 cus,
1480 902 1523 937 de
1542 913 1612 947 qua
1630 905 1722 940 valle
1741 906 1864 942 botrus
1883 908 2024 945 ablatus
2040 916 2107 946 est.

1431 960 1585 1007 Cumque
1613 965 1870 1008 ascendissent,
1893 969 2160 1014 exploraverunt
2187 978 2316 1008 terram
2334 986 2356 1010 a
2375 974 2439 1010 de—

1384 1029 1473 1058 serto
1496 1023 1580 1066 Sin,
1604 1035 1710 1069 usqne
1730 1025 1848 1061 Robob
1871 1029 2082 1066 intrantibus
2101 1032 2243 1068 Ematlt.
2267 1034 2440 1071 Ascende-

1385 1089 1532 1129 runtque
1555 1084 1600 1118 ad
1619 1085 1813 1128 meridiem,
1833 1093 1863 1121 et
1885 1096 2049 1125 venerunt
2076 1091 2112 1125 in
2134 1091 2263 1135 Ebron,
2287 1095 2344 1129 ubi
2363 1102 2438 1131 erat
2484 1108 2488 1111 “

1383 1145 1533 1180 Altinmn
1548 1151 1579 1180 et
1601 1145 1701 1182 Sesni
1721 1154 1751 1182 et
1769 1147 1941 1190 Thoonem,
1964 1150 2029 1195 filii
2046 1151 2182 1188 Enoch.
2206 1154 2300 1190 Nam
2319 1155 2439 1192 Ebron

1383 1211 1510 1252 septem
1541 1208 1643 1241 annis
1677 1215 1757 1242 ante
1790 1208 1936 1244 Tlmnim
1967 1212 2085 1247 urbem
2118 1213 2264 1259 AEqypti
2298 1216 2439 1251 condita

1383 1273 1444 1301 est.
1475 1266 1662 1312 Pernentes
1686 1280 1792 1316 usque
1818 1270 1863 1305 ad
1884 1278 2069 1308 torrentem
2086 1273 2198 1314 Botri,
2217 1274 2439 1311 absciderunt

1381 1326 1559 1372 palmitem
1581 1340 1659 1364 cum
1677 1341 1742 1365 nvn
1757 1343 1836 1374 sua,
1852 1344 1950 1378 quem
1968 1340 2189 1378 portaverunt
2208 1337 2243 1370 in
2260 1343 2350 1371 recte
2369 1337 2438 1372 duo

1382 1387 1460 1421 viri.
1483 1388 1534 1423 De
1556 1390 1659 1425 molis
1684 1403 1817 1438 qnoque
1850 1395 2006 1438 ⁸qranatis
2021 1422 2030 1437 ,
2053 1403 2082 1430 et
2103 1396 2222 1441 deficis
2250 1397 2316 1433 loci
2342 1398 2437 1434 illius

1382 1447 1550 1491 tulerunt,
1566 1451 1625 1495 qui
1643 1452 1834 1497 appellatus
1853 1459 1902 1487 est
1921 1454 2037 1488 Natat
2053 1455 2143 1489 escol
2160 1445 2279 1497 ¹71an
2297 1448 2375 1500 ΗΠΙ,
2399 1459 2436 1493 id

1384 1512 1449 1548 est,
1471 1514 1605 1543 torrens
1627 1510 1716 1544 botri
1737 1522 1775 1545 eo
1796 1512 1889 1557 quod
1907 1512 2042 1547 botrum
2063 1515 2142 1549 inde
2161 1522 2356 1561 portassent
2373 1518 2438 1563 filii

1382 1566 1509 1602 Israel.
1530 1569 1724 1606 Duodecim
1743 1572 1988 1617 exploratores
2006 1575 2098 1610 mitti
2117 1576 2161 1610 ad
2180 1577 2438 1622 explorandam

1382 1633 1515 1664 terram
1531 1631 1695 1675 uberem,
1708 1633 1767 1678 qui
1785 1639 1993 1670 terruerunt
2005 1637 2174 1682 populum
2190 1649 2234 1674 ne
2249 1641 2457 1684 crederent,
2512 1638 2517 1643 ’

1382 1700 1487 1735 posse
1508 1693 1672 1738 accipere
1692 1705 1710 1729 a
1732 1696 1884 1732 Domino
1899 1702 2034 1733 terram
2053 1701 2323 1746 repromissam,
2341 1701 2438 1739 Scri-

1382 1752 1508 1789 barum
1529 1760 1563 1790 et
1590 1755 1854 1794 Pharisaeorum
1874 1760 2108 1805 praetulerunt
2126 1763 2312 1800 indicium.
2334 1765 2437 1802 Sicut

1382 1813 1477 1848 enim
1508 1814 1556 1849 illi
1584 1826 1648 1861 per
1675 1817 1818 1864 Moysen
1843 1820 1942 1855 missi
1963 1826 2066 1864 sunt,
2088 1827 2126 1858 ut
2152 1823 2216 1859 soli
2238 1824 2437 1862 secundita-

1382 1879 1454 1909 tem
1475 1876 1627 1912 sollicita
1646 1879 1932 1917 consideratione
1948 1886 2161 1927 tractarent,
2179 1884 2227 1920 ita
2243 1890 2279 1921 et
2299 1885 2356 1922 isti
2373 1897 2437 1933 per

1381 1933 1495 1979 legem
1516 1942 1551 1971 et
1567 1938 1761 1983 prophetas
1779 1940 1869 1985 jussi
1892 1947 1992 1985 sunt,
2013 1947 2052 1977 ut
2071 1953 2136 1989 per
2161 1945 2434 1992 vestigationem

1384 1992 1670 2040 Scripttirartim,
1691 2000 1916 2036 Dominieum
1939 2003 2210 2048 specularentur
2227 2005 2433 2050 adventum,

1384 2054 1419 2088 in
1445 2066 1516 2100 quo
1546 2064 1623 2093 erat
1653 2065 1767 2102 terra,
1793 2061 1828 2096 id
1849 2067 1920 2104 est,
1945 2068 2038 2098 terra
2065 2069 2209 2108 sancta,
2229 2066 2264 2101 in
2282 2077 2352 2112 qua
2375 2077 2434 2103 re-

1381 2126 1489 2161 gnum
1510 2118 1572 2153 Dei
1594 2125 1628 2154 et
1649 2121 1850 2158 ubertatem
1877 2122 2056 2159 fructuum
2078 2125 2292 2170 spiritalium
2317 2132 2352 2163 et
2378 2128 2433 2164 vi-

1380 2181 1451 2211 tam
1483 2183 1654 2215 :eternam
1689 2184 1859 2229 consequi
1891 2190 2051 2230 possent.
2082 2185 2152 2222 Sed
2182 2187 2276 2223 sicut
2298 2187 2349 2224 illi
2377 2190 2437 2226 de·

1377 2237 1581 2281 speratione
1602 2245 1807 2277 terruerunt
1835 2244 2028 2289 populum,
2053 2256 2098 2281 ne
2127 2246 2170 2282 de
2190 2247 2253 2283 Dei
2281 2249 2435 2293 promis-

1379 2295 1479 2332 sione
1509 2299 1728 2342 confideret,
1768 2302 1817 2337 ita
1857 2309 1892 2338 et
1927 2304 1986 2340 isti
2021 2304 2156 2342 Scribae
2188 2312 2224 2342 et
2259 2307 2432 2345 Pharisaei

1378 2365 1570 2394 suaserunt
1586 2362 1716 2406 populo
1731 2362 2013 2410 ludaeorum-ne
2027 2368 2217 2403 crederent
2234 2368 2431 2415 Christum,

1377 2418 1421 2453 ad
1450 2418 1647 2466 AEgyptum
1669 2424 1790 2458 saeculi
1815 2425 1921 2470 hujus
1944 2427 2062 2462 redire
2088 2429 2300 2474 cupientes,
2327 2442 2434 2476 repu-

1377 2479 1516 2516 diantes
1547 2491 1678 2517 manna
1712 2483 1816 2526 fidei,
1847 2491 2050 2530 quaerentes
2081 2488 2170 2523 ollas
2202 2494 2431 2534 peccatorum

1376 2539 1518 2585 nigras,
1538 2546 1574 2576 et
1592 2552 1707 2587 caepas
1723 2543 2027 2590 blasphemiarum
2045 2547 2202 2592 putidas,
2223 2553 2258 2584 et
2274 2559 2432 2596 pepones

1376 2599 1546 2636 vitiorum
1565 2611 1607 2637 ac
1621 2602 1808 2639 libidinum
1827 2606 2057 2651 corruptione
2074 2614 2353 2646 marcescentes.
2370 2611 2432 2648 llle

1377 2666 1495 2697 autem
1513 2662 1642 2700 botrus
1660 2675 1737 2700 uvae
1758 2675 1864 2711 quem
1885 2667 1921 2702 in
1941 2667 2036 2714 ligno
2053 2669 2098 2705 de
2117 2673 2214 2706 terra
2232 2674 2431 2718 repromis-

1377 2721 1488 2758 sionis
1509 2724 1578 2759 duo
1603 2724 1782 2761 advexere
1802 2731 1988 2771 vectores,
2014 2728 2139 2765 botrus
2163 2730 2324 2774 pendens
2344 2742 2365 2767 a
2389 2731 2432 2767 li-

1377 2792 1462 2828 gno,
1487 2784 1611 2829 utique
1629 2784 1794 2822 Christus
1814 2797 1857 2822 ex
1875 2786 1972 2833 ligno
1992 2788 2110 2824 crucis
2128 2789 2328 2834 promissus
2343 2800 2431 2836 gen-

1376 2840 1472 2877 tibus
1499 2842 1544 2877 de
1572 2847 1668 2878 terra
1689 2845 1876 2888 genitricis
1895 2846 2037 2890 Mariae,
2056 2847 2253 2884 secundum
2279 2859 2427 2887 carnem

1376 2905 1484 2936 terrae
1504 2901 1628 2947 stirpis
1648 2902 1850 2940 visceribus
1867 2905 2016 2943 effusus.
2046 2907 2124 2943 Duo
2151 2907 2263 2953 bajuli
2281 2910 2343 2956 qui
2362 2911 2429 2947 sub

304 2940 402 2978 Misit
413 2954 493 2990 erqo
507 2956 565 2980 eos
576 2945 714 2992 Moyses
726 2947 772 2982 ad
786 2949 1211 2990 considerandamterram
1221 2956 1305 2992 Clza-
1324 2976 1358 3015 D
1376 2968 1484 2996 onere
1505 2960 1602 2996 botri
1622 2961 1716 2999 illius
1734 2963 1968 3009 incedebant,
1995 2966 2146 3012 populus
2167 2972 2320 3015 uterque
2340 2976 2395 3007 est
2417 2983 2424 3006 :

257 3010 364 3045 naon,
382 3008 415 3038 et
431 3003 519 3039 dixit
537 3005 582 3040 ad
601 3017 658 3041 eos
675 3017 687 3042 .·
704 3007 885 3044 Ascendite
904 3021 964 3056 per
984 3013 1214 3050 meridianam
1229 3015 1304 3061 pla-

255 3071 359 3107 qam5
373 3073 518 3111 cumque
529 3065 687 3101 veneritis
703 3066 748 3102 ad
769 3074 916 3113 montes,
936 3071 1150 3108 considerate
1177 3080 1304 3111 terram

255 3122 370 3168 quatis
388 3125 455 3169 sit,
482 3130 515 3162 et
531 3127 697 3174 populum
723 3130 782 3176 qui
807 3131 982 3166 habitator
1002 3139 1051 3167 est
1072 3133 1146 3180 ejus
1159 3162 1168 3177 ,
1188 3142 1305 3173 utrum

254 3184 357 3231 [ortis
371 3192 417 3220 on
433 3185 608 3232 infirmus,
626 3190 730 3235 pauci
745 3202 887 3227 numero
901 3204 947 3227 αη
961 3192 1104 3238 plures‚·
1122 3195 1198 3241 ipsa
1213 3202 1306 3232 terra

253 3245 342 3282 bona
356 3256 402 3282 an
421 3247 514 3283 mala
525 3259 537 3290 ‚·
550 3249 651 3286 urbes
665 3250 799 3298 quates,
811 3260 958 3290 muratae
972 3266 1018 3290 an
1033 3255 1160 3302 absque
1173 3259 1282 3294 muris
1294 3271 1306 3301 ,-

254 3305 380 3342 humus
398 3307 536 3354 pinquis
559 3320 604 3344 an
624 3310 772 3355 sterilis,·
793 3323 975 3350 nemorosa
995 3326 1041 3351 an
1059 3316 1186 3363 absque
1205 3319 1306 3354 arbo-

253 3364 360 3400 ribus.
375 3363 629 3412 confortamini
643 3373 676 3404 et
690 3369 810 3416 afferte
827 3371 925 3408 nobis
942 3372 984 3408 de
1003 3373 1171 3419 fructibus
1188 3382 1302 3414 terrae.

255 3423 332 3471 (Ex
357 3422 592 3476 Anqusttno.)
621 3426 838 3475 Exposuisse
866 3431 1078 3481 intelligitur
1108 3436 1303 3474 secundum

253 3483 340 3529 quid
354 3484 485 3521 dixerit
501 3498 510 3522 z
528 3486 567 3523 Si
578 3492 706 3533 potens
721 3494 783 3526 aut
795 3490 975 3536 infirmus,
989 3494 1059 3530 hoc
1071 3493 1139 3539 est,
1156 3495 1187 3531 si
1199 3497 1304 3543 pauci

254 3548 336 3579 sunt
354 3549 416 3581 aut
434 3546 549 3583 multi.
580 3547 671 3585 Nam
695 3552 868 3596 quaeritur
893 3554 1071 3599 quomodo
1090 3562 1236 3601 possent
1259 3557 1303 3595 de

254 3611 375 3643 monte
391 3608 651 3655 prospicientes
668 3612 804 3648 sentire
819 3612 1060 3652 humanarum
1076 3617 1207 3657 virium
1226 3618 1298 3656 sor-

254 3664 455 3707 titudinem.
483 3670 606 3711 Potest
632 3679 670 3711 et
696 3674 788 3713 alius
815 3670 942 3716 sensus
971 3689 1051 3717 esse
1077 3680 1190 3718 multo
1218 3692 1302 3720 eon-

255 3728 436 3772 gruentior
454 3728 612 3772 Veritati.
638 3734 742 3785 Quod
763 3737 835 3781 ait,
857 3739 1054 3776 ascendens
1073 3741 1109 3779 in
1125 3750 1298 3791 montem,

254 3782 294 3823 in
309 3782 429 3850 insistit
436 3784 572 3830 terram
586 3783 678 3834 dixit
694 3805 805 3844 quam
819 3798 1009 3845 explorare
1023 3795 1204 3842 volebant..
1221 3798 1298 3842 Non

1377 3020 1478 3065 cujus
1506 3022 1607 3067 prior
1634 3023 1827 3070 Judaicus,
1857 3037 1973 3064 caecus
1995 3032 2032 3064 et
2061 3030 2255 3073 adversus,
2279 3031 2426 3078 ignarus

1375 3082 1562 3127 pendentis
1577 3085 1715 3130 gratias,
1737 3092 1772 3121 et
1788 3097 1936 3132 pressus
1953 3098 2063 3125 onere
2078 3090 2257 3136 suspensi,
2273 3091 2330 3127 cui
2345 3090 2450 3129 sub-L

1373 3139 1495 3185 jicitur
1503 3142 1692 3188 judicanti.
1709 3145 1760 3186 De
1773 3147 1902 3191 quibus
1917 3148 2050 3184 dicitur
2061 3159 2072 3184 z
2083 3149 2320 3186 obscurentur
2333 3151 2426 3188 oculi

1376 3211 1496 3237 eorum
1513 3214 1554 3238 ne
1574 3204 1711 3240 videant
1724 3232 1734 3247 ,
1754 3212 1787 3241 et
1802 3207 1947 3243 dorsum
1970 3208 2112 3245 illorum
2129 3221 2264 3257 semper
2280 3212 2424 3248 incurva

1378 3258 1500 3306 (Psat.
1527 3262 1676 3309 uvm).
1698 3263 1766 3307 Qui
1785 3275 1872 3302 vero
1894 3268 2074 3311 posterior
2092 3270 2281 3315 veniebat,
2302 3271 2419 3318 populi

1375 3319 1535 3365 gentium
1554 3320 1701 3366 gerebat
1719 3321 1870 3367 figuram
1894 3336 1902 3359 ε
1927 3325 1990 3369 qui
2009 3327 2161 3362 eredens
2183 3333 2219 3363 et
2240 3328 2423 3366 christum

1375 3382 1459 3415 ante
1482 3379 1605 3416 oculos
1630 3376 1790 3424 hahens,
1819 3392 1961 3429 semper
1985 3393 2066 3420 eum
2084 3392 2234 3431 portans
2248 3387 2368 3432 videt,
2386 3395 2424 3426 et

1374 3440 1477 3486 quasi
1495 3450 1620 3478 servus
1637 3442 1843 3487 Dominum,
1862 3448 1899 3479 et
1919 3444 2116 3491 discipulus
2136 3448 2346 3494 magistrum
2365 3461 2422 3488 se-

1373 3500 1510 3547 quitur,
1531 3502 1719 3550 sicutipse
1738 3504 1910 3541 Dominus
1923 3505 1961 3541 in
1983 3505 2176 3554 Evangelio
2195 3509 2247 3545 ait
2264 3521 2273 3546 :
2290 3509 2330 3548 80·
2342 3512 2420 3560 quit

1372 3560 1446 3597 vult
1457 3567 1534 3607 post
1546 3573 1600 3599 me
1619 3564 1745 3607 venire,
1760 3563 1860 3601 tollat
1874 3576 2011 3602 erucem
2025 3571 2126 3604 suam
2141 3573 2174 3605 et
2187 3574 2420 3617 equitum

1371 3620 1515 3668 (Martia.
1533 3622 1622 3671 xv1).
1638 3622 1706 3661 Hic
1721 3629 1842 3661 autem
1858 3632 1915 3662 est
1936 3627 2061 3664 botrus
2077 3638 2186 3676 quem
2203 3630 2320 3668 mattis
2337 3642 2418 3680 gra-

1369 3688 1455 3719 nam
1471 3684 1620 3728 sociata,
1635 3684 1834 3723 innumeris
1846 3688 1968 3733 granis
1983 3695 2108 3727 secuta
2120 3694 2193 3735 est,
2206 3698 2331 3730 nostra
2345 3693 2419 3731 sci·—

1367 3743 1452 3788 Πομ
1471 3743 1632 3786 an-lesia
1654 3741 1786 3790 mater,
1806 3747 1944 3785 habens
1962 3749 2056 3787 intra
2072 3759 2113 3788 se
2133 3754 2198 3797 per
2222 3759 2417 3798 smum

1368 3815 1578 3854 numerum,
1602 3806 1868 3847 multitudinem
1893 3810 2129 3858 populorum,
2154 3821 2221 3861 per
2245 3814 2416 3854 ruborem

2520 3262 2526 3263 ¹
2524 3077 2540 3235 ...Μὴ-..ιλιι
2525 3035 2540 3050 ι(
