2540 4016
19 0 61 40 Ξτ

17 142 118 198 :2225

27 290 301 335 <linei-avaram,
322 291 368 327 ad
384 290 599 328 catholicam
613 290 722 326 iidem
745 286 1006 326 convertebant
1025 298 1035 331 ;
1068 292 1106 324 61

27 358 212 391 ‹uermone
230 356 331 388 recto
347 361 390 388 ac
404 350 510 402 bonis
541 349 732 397 exemplis,
748 349 788 385 in
811 348 913 385 viam
931 347 1107 385 -veritatis

42 411 91 448 nd
106 411 326 458 implendum
341 418 521 460 praecepta
534 410 678 449 Domini
692 411 912 459 dirigebant,
927 415 1106 457 quatenus

46 473 91 510 de
109 484 237 511 eorum
253 476 494 512 correctione·
510 485 555 512 ac
581 474 766 522 profectu,
787 474 1014 511 mansionem
1033 481 1108 509 606-

46 532 149 572 lestis
163 536 290 582 patriae
309 537 552 583 acquirerent.

461 598 614 635 CAPUT
639 599 682 635 V.

93 655 145 691 De
162 667 281 702 poeyna
301 656 548 694 israelitarum
574 666 695 695 contra
718 658 771 706 09
791 669 904 706 reyem
926 658 1059 694 Busan.

93 715 213 762 (lam.)
237 714 487 764 verteruntque
503 730 539 754 se
554 726 585 754 et
603 719 832 755 ascenderunt
853 730 913 765 per
931 719 1021 755 viam
1039 717 1111 754 Ba-

45 785 123 817 εαη,
144 781 177 810 et
197 778 346 812 occurrit
367 778 415 813 eis
438 777 491 824 09
516 790 577 814 rex
605 779 739 822 Basan,
768 791 847 815 cum
869 779 963 815 omm'
981 778 1110 825 populo

46 846 110 871 cuo
133 843 351 882 puynalurns
370 838 408 872 in
426 838 551 874 Edrai.
572 839 737 886 Dixitque
756 840 926 874 Dominus
943 838 989 873 ad
1011 837 1112 883 Moy-

47 908 107 934 sen
125 907 137 932 .·
166 899 221 934 Ne
242 899 364 935 timeas
385 911 476 945 eum,
501 902 583 948 quia
601 902 638 937 in
658 912 763 937 marm
782 907 842 936 tua
866 898 998 935 tradidi
1016 910 1109 942 eum,

49 965 83 994 et
98 970 233 994 omnem
257 960 424 1006 populum
444 973 484 996 ac
504 967 631 997 terram
654 962 743 1008 ejus.
765 959 957 1007 Faciesque
975 959 1029 994 itti
1044 960 1112 994 sic-

49 1024 85 1053 ut
114 1018 225 1062 fecisti
254 1019 346 1055 Seon
378 1022 449 1066 reqt'
467 1020 773 1061 Amorrlttt‘orum,
795 1019 982 1053 habitatori
1003 1018 1113 1054 Hese-

49 1078 127 1114 bon.
155 1077 406 1113 Pero-usserunt
425 1079 532 1124 iqitur
552 1086 582 1114 et
603 1080 696 1114 hunc
717 1090 795 1114 cum
815 1079 897 1124 filiis
919 1081 1006 1123 suis,
1033 1081 1113 1116 uni-

46 1199 270 1244 possederunt
306 1205 434 1234 terram
465 1200 554 1246 ejus.
588 1200 718 1237 Postea
752 1201 847 1236 6111111
880 1212 989 1247 quani
1015 1203 1110 1238 obti-

46 1265 204 1296 nuerunt
223 1260 285 1296 11111
317 1260 427 1296 lsrael
451 1261 617 1297 civitates
642 1261 939 1298 Amorrhaeorum
954 1290 962 1306 ,
982 1273 1111 1298 ascen-

48 1320 178 1356 derunt
201 1321 312 1357 etiam
344 1322 463 1366 viam,
485 1333 565 1368 quae
591 1323 689 1359 ducit
716 1323 752 1358 in
781 1323 920 1367 Bastia,
943 1324 1005 1360 ubi
1034 1330 1114 1360 erat

49 1380 102 1428 Og
126 1393 190 1418 rex
216 1383 346 1419 Basan.
379 1383 450 1419 Sed
474 1384 518 1420 ad
539 1385 636 1420 hunc
666 1395 783 1430 neque
808 1385 947 1431 legatos
967 1385 1114 1421 mittere

49 1443 253 1489 dignantur,
282 1454 399 1490 neque
418 1450 542 1491 petere
575 1445 620 1481 ab
646 1455 703 1489 eo,
725 1453 764 1481 ut
790 1456 855 1492 per
874 1451 1010 1482 terram
1036 1446 1114 1492 ejus

48 1509 253 1547 transeant3
283 1507 346 1541 sed
376 1506 547 1542 continuo
567 1505 764 1552 confligunt
783 1517 864 1542 cum
881 1517 924 1543 eo
942 1513 978 1543 et
1006 1518 1113 1555 supe-

49 1571 156 1608 rant,
194 1570 266 1600 tam
298 1566 416 1612 ipsum
451 1576 559 1612 quam
591 1567 763 1613 populum
799 1566 888 1612 eJus.
918 1568 1115 1606 Videamus

50 1634 147 1670 erge,
173 1636 252 1670 quae
270 1632 324 1662 est
346 1627 477 1662 Basan.
499 1627 619 1663 Basan
642 1627 902 1675 interpretatur
919 1630 1113 1676 turpitudo.

51 1685 179 1722 Merito
204 1697 290 1733 ergo
313 1698 382 1723 nec
401 1687 509 1734 legati
531 1689 726 1724 mittuntur
744 1690 789 1726 ad
823 1690 930 1726 istam
956 1696 1114 1737 gentem,

51 1760 118 1787 nec
137 1751 311 1788 transitus
332 1763 398 1799 per
418 1758 554 1789 terram
580 1753 657 1799 ejus
679 1755 852 1800 poscitur.
871 1754 999 1791 Nullus
1017 1756 1114 1791 enim

51 1813 156 1848 nobis
176 1813 352 1850 transitus
377 1814 484 1850 debet
507 1825 600 1858 esse,
631 1815 749 1852 nullus
775 1826 943 1853 accessus
967 1816 1012 1852 ad
1041 1822 1117 1852 tur-

51 1874 265 1921 pitudinem,
286 1877 349 1913 sed
370 1877 414 1912 ab
433 1876 539 1912 initio
562 1878 686 1913 statim
712 1879 963 1925 expugnanda,
981 1885 1016 1915 et
1040 1888 1118 1914 om-

53 1937 209 1974 nimodis
239 1939 399 1975 cavenda
419 1943 485 1975 est.
508 1938 561 1986 Og
586 1946 727 1982 autem,
751 1940 813 1985 qui
838 1951 901 1976 rex
922 1950 1002 1977 esse
1029 1941 1118 1977 dici-

53 2003 112 2034 tur
139 2000 276 2043 Basan,
298 2000 500 2036 interclusio
531 2001 803 2046 interpretatur.
835 2002 960 2038 Potest
987 2003 1047 2039 hic
1079 2002 1117 2038 ss-

53 2070 179 2107 guram
209 2061 343 2097 babere
373 2061 535 2096 omnium
568 2061 767 2097 carnalium
801 2068 836 2098 et
872 2063 1116 2100 materialium

53 2130 194 2165 rerum,
220 2132 374 2168 quarum
395 2133 518 2159 amore
549 2128 585 2159 et
613 2123 793 2159 desiderio
823 2124 967 2160 detenta
995 2126 1117 2162 anima

54 2181 271 2226 excluditur,
299 2187 336 2219 et
367 2188 558 2229 separatur
583 2194 603 2219 a
630 2182 718 2220 Deo.
740 2183 925 2221 Adversus
945 2186 1011 2222 hos
1031 2197 1118 2234 ergo

54 2241 105 2280 ita
124 2242 333 2288 praecipitur
348 2243 484 2278 bellum
505 2244 715 2290 gerendum,
739 2250 779 2280 ut
797 2255 870 2281 non
891 2245 1119 2293 relinquatur

55 2313 101 2339 ex
123 2314 167 2340 eo
186 2304 324 2340 vivens.
346 2303 491 2340 Nullum
510 2306 608 2341 enim
627 2316 647 2341 a
665 2306 749 2343 filiis
770 2306 883 2344 lsrael
902 2314 1046 2354 oportet
1062 2320 1120 2346 re-

56 2364 170 2410 linqui
196 2365 233 2401 in
251 2374 364 2412 regno
393 2365 625 2412 turpitudinis
647 2372 684 2403 et
709 2367 897 2404 dedecoris
921 2369 1117 2414 viventem,

57 2424 120 2460 sed
144 2424 246 2460 decet
263 2424 497 2461 Israeliticam
515 2425 687 2462 virtutem
706 2427 875 2464 excidere
892 2433 928 2464 et
953 2439 1120 2467 resecare

59 2485 191 2531 turpia,
210 2491 246 2521 et
274 2486 332 2532 pia
361 2495 512 2532 quaeque
539 2487 581 2522 ‘in
601 2488 722 2524 animo
754 2489 988 2533 reaedificare,
1012 2496 1120 2537 atque

57 2544 209 2581 honesta
229 2555 272 2581 ac
302 2545 472 2592 religiosa
503 2546 680 2592 plantare.
714 2548 766 2584 De
793 2560 904 2595 regno
927 2550 1023 2586 Seon
1047 2562 1121 2587 non

58 2610 116 2641 est
147 2605 336 2651 scriptum.
366 2606 414 2642 Et
443 2606 563 2643 nullus
586 2607 688 2644 vivus
711 2609 950 2654 relinquatur,
981 2620 1050 2646 nec
1076 2612 1120 2647 de

62 2674 174 2711 regno
196 2665 314 2701 Moab.
342 2664 450 2702 Forte
467 2667 563 2702 enim
589 2677 634 2703 ex
656 2668 725 2704 illis
745 2679 835 2714 opus
867 2671 1023 2707 habebat
1051 2673 1119 2710 ali-

61 2725 170 2771 quod,
191 2730 228 2760 et
251 2725 433 2762 nonnullis
453 2737 578 2763 eorum
605 2738 672 2774 pro
695 2729 778 2766 vitre
808 2730 914 2776 huius
945 2735 1121 2780 agonibus

60 2791 98 2821 ot
129 2786 313 2823 exercitiis
346 2787 562 2834 indigemus.
591 2788 760 2836 Alioquin
794 2791 1044 2831 debuissemus
1075 2806 1121 2832 ex

61 2845 132 2882 hoc
161 2847 296 2883 mundo
331 2848 463 2884 exisse.
495 2847 548 2884 De
574 2848 693 2885 Basan
724 2855 865 2896 tamen,
891 2852 962 2889 hoc
991 2860 1046 2890 est
1077 2855 1122 2892 de

62 2906 297 2952 turpitudine,
314 2908 413 2944 nullo
432 2909 577 2954 penitus
590 2909 808 2957 indigemus,
829 2913 919 2949 nihil
938 2923 983 2950 ex
1001 2924 1044 2951 eo
1064 2926 1122 2952 re-

62 2966 280 3014 linquamus.
308 2969 519 3006 Excidenda
551 2970 693 3014 omnia,
727 2972 848 3008 omnia
879 2974 1122 3012 subvertenda

64 3033 149 3064 sunt
172 3039 282 3076 opera
308 3030 554 3076 turpitudinis.
574 3031 614 3067 In
633 3032 732 3069 nullo
749 3033 847 3070 enim
865 3039 985 3081 potest
1008 3035 1121 3073 hone-

65 3095 160 3127 stum
177 3101 272 3135 esse,
289 3092 386 3138 quod
400 3097 511 3138 ‘turpe
528 3098 596 3129 est.

474 3164 626 3203 CAPUT
653 3166 711 3204 vl.

88 3221 142 3260 De
167 3222 276 3260 Ba'lac
302 3234 379 3272 1696
404 3223 662 3281 Moabitarum,
683 3234 715 3264 et
735 3228 886 3268 Balaam
910 3233 1039 3279 ariolo,
1065 3241 1099 3272 et

491 3283 590 3308 asma
609 3285 697 3319 ejus.

115 3329 216 3379 (civ.
233 3331 339 3380 xxii.)
359 3330 580 3380 Profectique
599 3340 715 3371 castra
733 3339 853 3374 metati
871 3346 954 3376 sunt
973 3341 1010 3376 in
1028 3353 1126 3378 cam-

69 3393 240 3440 poem’bua
262 3393 382 3439 Moab,
404 3393 463 3430 u'bi
482 3399 579 3431 trans
598 3395 792 3435 Jordanem
807 3398 951 3438 Iericho
971 3403 1040 3439 sita
1058 3411 1122 3440 est.

74 3451 206 3490 Viduas
225 3459 342 3491 autem
360 3453 494 3491 Bataac
516 3455 611 3501 filius
631 3455 770 3504 Sephor
787 3461 905 3497 omnia
933 3473 1013 3509 quoe
1034 3463 1126 3510 fece-

69 3517 128 3548 rat
142 3510 254 3548 tus-aet
265 3513 481 3558 Antorrhoeo,
495 3520 528 3550 et
544 3515 636 3562 quod
647 3518 911 3563 pertimuissent
925 3530 1005 3556 eum
1019 3521 1122 3558 Moa-

71 3569 201 3608 b'ooeet
212 3573 382 3620 impetum
399 3574 477 3621 ejus
501 3575 592 3622 [erre
608 3586 683 3613 non
702 3585 856 3625 possent,
874 3579 964 3616 dixit
981 3580 1028 3615 ad
1046 3584 1123 3617 111αὲ

68 3630 165 3678 Μ
181 3639 268 3670 natu
287 3633 396 3671 Moab
410 3645 424 3671 .·
443 3635 503 3672 Ita
521 3635 646 3674 delebit
665 3639 721 3675 liic
739 3638 889 3686 populus
906 3651 1040 3685 omnes,
1059 3642 1131 3688 qui

71 3691 112 3727 in
125 3694 415 3735 «nummatam
438 3704 712 3744 emmor-antur,
741 3701 914 3748 quomodo
945 3702 1035 3738 solet.
1060 3702 1120 3739 bos

73 3750 328 3801 Μαικήνα
344 3756 391 3795 ad
411 3757 548 3796 radices
566 3769 720 3807 carpere.
749 3759 834 3808 Ipse
859 3763 953 3801 enim
975 3769 1054 3802 erat
1079 3775 1121 3803 eo

511 153 870 205 ENARRATIONES
894 153 942 190 1N
966 151 1144 189 LtssRUM
1167 151 1479 191 NUMERORUM.
1506 177 1553 184 —
1577 158 1664 202 Llss.
1689 159 1747 199 111.

24 203 176 271 {iles-unt
193 231 418 269 habitatores
435 241 573 274 eorum,
593 241 676 267 cum
693 226 768 272 605,
798 238 890 275 quos
918 226 964 264 ab
979 236 1105 263 errore
1123 228 1160 268 A
1175 230 1327 275 tempore
1351 239 1413 264 rex
1436 216 1474 264 in
1492 221 1611 266 Moab.
1639 232 1739 269 Misit
1756 244 1836 281 erqo
1854 241 1993 276 nuntios
2009 243 2054 277 nd
2074 242 2223 283 Balaam

47 1149 249 1184 vernumque
273 1138 439 1184 poputum
468 1139 558 1185 ejus,
577 1150 686 1186 usque
705 1139 750 1174 ad
775 1140 1060 1184 internecionem,
1079 1148 1110 1177 et
1131 1127 1163 1165 B

2148 168 2222 206 526

1172 288 1287 334 fitium
1305 286 1566 332 neuras-totum,
1582 290 1643 335 qui
1662 289 1839 328 habitabat
1857 294 1963 341 aupes?
1977 299 2105 344 flumen
2121 309 2223 349 terrae

1173 348 1330 394 filiorum
1349 347 1514 392 Ammon,
1537 354 1576 384 ut
1600 355 1763 386 vocarent
1785 362 1864 393 eum
1880 359 1912 389 et
1939 354 2088 396 dicerent
2105 371 2116 394 .·
2135 358 2226 404 Ecce

1173 419 1332 456 egressus
1357 415 1406 446 est
1429 409 1578 457 populus
1595 410 1638 446 de
1658 409 1827 457 AEqypto,
1845 413 1906 459 qui
1931 418 2064 460 operuit
2083 422 2229 468 superfi-

1175 469 1262 505 ciem
1284 475 1400 513 terrae,
1418 469 1541 506 sedens
1560 475 1682 506 contra
1705 481 1773 506 me.
1800 470 1887 510 Veni
1907 473 2016 519 iqttur
2035 481 2066 510 et
2084 476 2230 515 maledie

1173 527 1301 577 populo
1327 529 1420 571 huic,
1450 530 1510 576 qui
1536 530 1662 576 [ortior
1679 541 1734 565 me
1753 535 1825 574 est,
1847 531 1877 566 si
1899 533 2070 578 quomodo
2098 546 2232 581 possem

1174 599 1354 639 percutere
1373 601 1473 634 eum,
1495 598 1527 626 et
1553 591 1678 627 eiicere
1703 591 1745 627 de
1769 598 1863 628 terra
1891 605 1991 638 mea,
2013 601 2083 631 etc.
2114 595 2234 634 Primo

1176 663 1263 701 ergo
1299 654 1460 690 omnium
1504 653 1690 689 fatendum
1727 659 1803 697 est,
1834 655 1870 690 in
1902 656 2116 701 quibusdam
2149 659 2236 696 10615

1177 715 1258 761 plus
1287 725 1394 761 posse
1418 715 1540 751 valere
1565 716 1675 752 verba
1707 726 1815 761 quam
1836 727 2005 763 corpora,
2026 718 2111 764 quia
2143 721 2238 763 quod

1180 777 1362 814 exercitus
1393 776 1590 813 multarum
1633 776 1792 823 gentium
1831 775 1956 823 nequit
1990 777 2147 822 efficere,
2172 790 2239 816 1166

1179 844 1282 876 scuto
1301 845 1338 875 et
1357 839 1468 875 armis
1487 844 1606 885 potest
1634 838 1812 882 obtineri,
1834 840 1904 876 1106
1930 841 2051 877 verbis
2070 840 2236 876 efficitur.

1179 902 1226 937 Et
1253 912 1325 938 11011
1345 901 1425 938 dico
1445 902 1582 938 sanctis
1606 902 1726 938 verbis
1750 901 1806 937 vel
1833 902 1896 937 Dei
1918 902 2052 946 verbis,
2075 903 2137 939 sed
2156 913 2238 938 vcr-·-

1179 963 1236 998 bis
1275 963 1489 1009 quibusdam
1509 991 1519 1006 ,
1561 973 1639 1008 quae
1686 963 1780 998 inter
1831 962 1998 999 homines
2045 963 2238 999 habentur.

1181 1021 1291 1057 Verbi
1310 1024 1439 1067 gratia,
1457 1029 1560 1058 erant
1580 1023 1615 1057 in
1634 1022 1791 1068 AEgypto
1812 1022 2055 1059 incantatores
2074 1029 2110 1059 et
2130 1024 2238 1070 magi.

1183 1080 1270 1125 Quis
1302 1087 1422 1127 potest
1451 1083 1639 1117 hominum
1674 1081 1886 1118 fortitudine
1913 1084 2077 1128 corporis
2101 1084 2240 1128 virgam

1181 1147 1324 1176 mutare
1343 1142 1378 1176 in
1400 1147 1618 1187 serpentem,
1638 1141 1732 1186 quod
1749 1142 1794 1176 ab
1814 1141 1884 1176 illis
1903 1141 2040 1177 sactum
2059 1141 2241 1177 refertur?

1180 1201 1251 1237 Aut
1282 1202 1362 1247 quis
1385 1206 1504 1247 potest
1523 1201 1659 1236 viribus
1684 1201 1846 1247 corporis
1875 1211 2005 1247 aquam
2035 1202 2071 1236 in
2098 1201 2243 1247 sangni-

1181 1272 1264 1298 nem
1283 1263 1448 1298 vertere‘?
1470 1262 1649 1298 Fecerunt
1670 1269 1790 1298 tamon
1815 1263 1884 1298 1106
1911 1262 2166 1310 AEgyptiorum
2188 1263 2246 1298 in·-

1183 1331 1390 1362 cantatores
1406 1331 1441 1359 ct
1460 1325 1568 1371 magi.
1589 1324 1740 1361 Fecerat
1760 1325 1856 1360 enim
1875 1325 1951 1360 11166
1968 1325 2070 1370 prius
2089 1325 2242 1371 Moyses.

1183 1386 1255 1422 Sed
1286 1387 1371 1431 quia
1403 1386 1542 1422 sciebat
1575 1396 1639 1421 rex
1664 1385 1828 1432 AEgypti,
1865 1386 1959 1431 quod
1994 1392 2145 1432 possent
2167 1387 2245 1423 baec

1184 1452 1263 1482 arte
1289 1447 1446 1492 quadam
1477 1446 1554 1482 11611
1590 1447 1804 1489 verborum,
1834 1457 1913 1492 quae
1940 1447 2121 1483 habentur
2151 1451 2246 1482 inter

1185 1507 1362 1550 homines,
1385 1506 1528 1553 putavit
1554 1511 1590 1542 et
1616 1505 1762 1553 Moysen
1790 1517 1864 1542 non
1894 1507 1972 1543 hacc
2003 1507 2066 1543 Dei
2096 1507 2244 1550 virtute,

1186 1570 1249 1605 sed
1271 1569 1410 1614 magica
1441 1572 1519 1602 arte
1551 1567 1694 1611 fecisse,
1719 1573 1756 1603 et
1775 1568 1871 1613 quod
1902 1568 2058 1604 humana
2086 1573 2164 1603 arte
2194 1567 2247 1604 se-

1187 1630 1291 1672 66111,
1309 1629 1343 1664 111
1363 1629 1426 1664 Dei
1443 1628 1578 1664 sactum
1606 1628 1743 1664 virtute
1763 1628 1946 1665 simulare.
1967 1627 2151 1664 Convocat
2165 1639 2248 1664 con-

1187 1690 1288 1726 tinuo
1310 1690 1563 1736 AEgyptiorum
1585 1690 1832 1726 incantatores
1847 1695 1882 1726 61
1903 1700 2041 1737 magos,
2058 1690 2151 1726 inter
2163 1700 2247 1725 eum

1188 1753 1249 1798 qui
1279 1753 1412 1788 virtute
1450 1752 1513 1787 Dei
1545 1753 1775 1798 operabatur,
1807 1757 1843 1788 et
1871 1762 1934 1789 605
1970 1753 2031 1798 qui
2067 1753 2247 1789 daemones

1188 1815 1428 1856 invocabant,
1460 1814 1546 1850 facit
1567 1824 1647 1851 esse
1671 1819 1868 1850 certamen.
1907 1813 2001 1850 Deus
2032 1820 2152 1849 aulem
2183 1824 2248 1850 no-

1188 1880 1264 1912 ster
1305 1875 1426 1910 dolere
1460 1874 1569 1917 facit,
1601 1879 1637 1910 et
1668 1874 1799 1910 iterum
1843 1874 2022 1917 restituit;
2065 1873 2250 1909 contraria

1189 1942 1310 1972 autem
1344 1936 1460 1971 virtus
1494 1935 1587 1970 male
1621 1935 1766 1980 quidem
1804 1934 1922 1971 facere
1947 1934 2082 1980 aliquid
2109 1939 2248 1980 potest,

1190 1998 1254 2034 sed
1275 1996 1516 2032 1651110616111
1548 1997 1726 2042 integrum
1753 2006 1824 2032 11011
1854 2001 1986 2042 potest.
2015 1995 2100 2031 Haec
2128 2000 2250 2031 autem

1189 2059 1311 2095 omnia
1331 2057 1584 2104 praemisimus,
1605 2061 1643 2092 ut
1661 2067 1771 2102 opera
1789 2056 1936 2092 Balaam
1954 2056 2011 2092 vel
2030 2057 2139 2092 verba
2154 2057 2249 2103 eJus,

1187 2119 1369 2165 possimus
1390 2118 1589 2154 advertere.
1611 2116 1704 2153 Sunt
1721 2122 1758 2153 61
1774 2126 1962 2163 magorum
1982 2116 2165 2152 nonnullae
2183 2115 2251 2151 dis-

1188 2180 1364 2218 fercntiae.
1383 2179 1453 2215 Alii
1473 2179 1570 2215 enim
1587 2178 1684 2224 plus,
1701 2178 1759 2214 alii
1779 2178 1898 2215 minus
1918 2178 2051 2213 valent.
2071 2177 2138 2214 Hic
2155 2177 2252 2213 enim

1189 2241 1336 2277 Balaam
1355 2240 1616 2277 famosissimus
1633 2245 1712 2276 erat
1731 2240 1767 2276 111
1788 2244 1867 2276 arte
1890 2239 2043 2286 magica,
2061 2244 2097 2275 et
2115 2238 2152 2274 in
2173 2249 2254 2274 car-

1189 2303 1348 2339 minibus
1380 2301 1500 2338 noxiis
1529 2294 1748 2348 praepotens.
1775 2300 1855 2337 Non
1887 2301 1984 2336 enim
2019 2299 2175 2336 habebat
2206 2299 2251 2335 ad

1191 2365 1494 2400 maledicendum.
1531 2363 1720 2399 Daemones
1755 2363 1853 2398 enim
1884 2363 1929 2398 ad
1959 2360 2251 2397 maledicendum

1191 2426 1414 2468 invitantur,
1448 2435 1520 2460 11011
1558 2425 1603 2460 ad
1638 2422 1938 2460 benedicendum.
1978 2421 2159 2468 Scriptum
2196 2426 2253 2457 est

1191 2497 1277 2534 ergo
1302 2499 1311 2522 :
1340 2486 1387 2521 Et
1421 2485 1512 2520 dixit
1543 2484 1648 2520 Moab
1681 2484 1726 2520 ad
1765 2484 1916 2519 seniores
1950 2482 2121 2527 Madian.
2145 2480 2250 2516 Nunc

1192 2549 1341 2595 ablinyet
1375 2557 1554 2594 synayoya
1585 2546 1659 2581 ltoec
1692 2556 1823 2588 omnes,
1855 2545 1914 2591 qui
1946 2544 1983 2578 in
2011 2543 2159 2578 circuitu
2190 2550 2252 2578 no-

1191 2616 1263 2646 stro
1282 2614 1376 2652 sunt,
1403 2608 1493 2643 sicut
1525 2606 1676 2654 ablinyet
1711 2604 1838 2641 vitulus
1863 2604 2004 2640 herbam
2038 2603 2163 2650 campi.
2196 2601 2251 2639 011

1191 2671 1262 2708 1106
1293 2671 1371 2707 sine
1391 2669 1513 2712 dubio,
1541 2669 1625 2715 quia
1645 2668 1778 2704 vitulus
1799 2678 1862 2704 ore
1891 2666 2074 2712 abrumpit
2099 2666 2250 2702 herbam

1194 2734 1238 2769 de
1261 2741 1401 2779 campo,
1423 2730 1543 2776 lingua
1576 2735 1749 2775 tanquam
1777 2728 1883 2771 falce,
1905 2737 2128 2774 quaecunque
2149 2728 2252 2764 inve-

1193 2794 1288 2831 nerit
1312 2798 1426 2829 secat.
1445 2791 1499 2827 Ita
1516 2796 1553 2828 et
1570 2791 1723 2837 populus
1753 2790 1812 2826 1116
1831 2789 1935 2836 quasi
1959 2789 2107 2833 vitulus,
2126 2800 2188 2826 ore
2214 2795 2252 2827 et

1192 2855 1299 2891 labiis
1321 2858 1470 2901 pugnat,
1490 2858 1526 2889 et
1551 2862 1652 2888 arma
1677 2851 1786 2888 habet
1804 2851 1841 2886 in
1861 2850 1982 2887 verbis
2004 2862 2046 2887 ac
2066 2850 2249 2898 precibus.

1194 2914 1280 2951 Haec
1309 2915 1418 2962 igitur
1446 2914 1565 2950 sciens
1586 2912 1698 2949 mittit
1723 2911 1766 2948 ad
1786 2911 1948 2955 Balaam,
1973 2916 2013 2947 ut
2038 2916 2074 2947 et
2092 2912 2168 2958 ipse
2191 2912 2253 2948 de-

1195 2975 1290 3012 ferat
1317 2976 1426 3012 verba
1446 2973 1645 3018 contraria,
1667 2978 1705 3010 et
1722 2973 1890 3020 precibus
1921 2983 2060 3019 preces.
2090 2973 2165 3010 Nec
2186 2974 2254 3010 mi-

1196 3037 1304 3081 reris,
1323 3038 1354 3073 si
1373 3042 1430 3073 est
1448 3036 1486 3072 in
1505 3035 1644 3082 magica
1674 3040 1752 3071 arte
1772 3034 1844 3070 tale
1873 3033 2020 3080 aliquid.
2043 3034 2132 3071 Esse
2157 3035 2252 3071 enim

1195 3100 1291 3136 hanc
1323 3103 1438 3134 artem
1467 3097 1630 3144 designat
1661 3097 1769 3133 etiam
1803 3095 2003 3142 Scriptura,
2033 3097 2097 3132 sed
2123 3097 2175 3131 uti
2208 3106 2251 3132 ea

1193 3159 1376 3208 prohibet.
1400 3158 1492 3195 Nam
1520 3164 1556 3194 et
1574 3158 1754 3194 daemones
1783 3156 1971 3202 Scriptura
1991 3157 2165 3203 designat,
2186 3162 2250 3191 566

1195 3221 1266 3258 6011
1285 3230 1348 3257 605
1366 3225 1402 3257 et
1420 3220 1606 3257 exhortari
1635 3224 1745 3256 vetat.
1765 3219 1876 3254 Recte
1893 3228 1979 3264 ergo
2001 3218 2139 3263 magica
2170 3223 2248 3253 arte

1195 3282 1249 3319 uti
1267 3281 1449 3329 prohibet,
1468 3281 1530 3328 qui
1548 3289 1735 3327 magorum
1764 3277 1920 3314 ministri
1940 3282 2024 3313 sunt
2040 3275 2159 3322 angeli
2190 3287 2229 3313 re

1195 3341 1271 3390 fugi
1289 3348 1326 3378 et
1343 3341 1491 3388 spiritus
1507 3340 1669 3385 maligni,
1689 3343 1724 3373 et
1742 3336 1917 3374 daemonia
1939 3335 2136 3372 immunda.
2159 3335 2245 3373 Nul-

1195 3403 1252 3439 lus
1282 3402 1379 3438 enim
1411 3403 1616 3437 sanctorum
1645 3397 1835 3442 spirituum
1870 3395 2096 3441 obtemperat
2126 3407 2245 3444 mago.

1195 3462 1276 3499 Non
1303 3466 1446 3509 poterat
1464 3461 1634 3496 invocare
1659 3466 1784 3504 magus
1801 3455 2024 3500 Michaelem,
2049 3467 2123 3494 non
2145 3463 2248 3504 pote-

1194 3509 1254 3558 rat
1277 3522 1448 3557 ‘invocare
1468 3516 1629 3564 Raphael
1664 3525 1779 3562 neque
1808 3513 1964 3554 Gabriel.
1982 3515 2102 3557 ,Multo
2123 3518 2245 3565 magis

1193 3590 1319 3628 magus
1334 3590 1403 3616 non
1419 3582 1539 3624 potest
1556 3577 1724 3612 invocare
1736 3575 2017 3623 omnipotentem
2031 3577 2246 3630 Deum‚,ueu

1192 3642 1305 3678 filium
1323 3640 1400 3686 e'Jus
1418 3637 1542 3673 Jesum
1562 3634 1748 3673 christum
1764 3636 1956 3672 Dominum
1973 3641 2152 3680 nostrum,
2170 3647 2246 3677 nec

1193 3700 1367 3748 Spiritum
1386 3702 1553 3735 sanctum
1569 3695 1660 3744 ejus.
1685 3695 1758 3733 Nos
1773 3696 1850 3740 zsoli
1869 3697 2067 3744 accipimus
2085 3703 2248 3744 potesta-

1193 3758 1268 3803 tem'
1282 3757 1472 3799 invocandi
1496 3757 1613 3796 Deum
1630 3756 1791 3802 Patrem,
1811 3767 1878 3797 nos
1894 3750 1964 3816 poli
1982 3758 2158 3800 habemus
2177 3769 2248 3812 po-
