2540 4016
0 176 38 280 ⁷d⁷
673 214 1011 257 COMMENTARIA
1037 213 1084 252 ΙΝ
1110 212 1322 253 ΕΧΟΒΠΜ.
1347 233 1396 242 -
1419 213 1507 252 Lm.
1535 213 1594 251 m.

2162 220 2234 260 iffi

4 302 101 354 ,ἀι
113 299 236 350 (Ρτου.
255 298 350 347 nx),
369 301 439 337 ete.
458 294 546 334 Eaec
559 291 641 333 ideo
657 291 756 329 dicta
773 295 872 337 sunt,
887 301 934 329 ne
951 289 1091 328 scinde
1109 290 1145 334 Α
1162 290 1245 327 inde
1278 290 1465 328 habebunt
1497 297 1692 336 pauperes,
1723 297 1881 335 quorum
1911 291 2096 331 residuum
2121 297 2232 335 etiam

82 365 90 375 '
114 374 225 412 quam
259 360 441 404 defendat,
477 357 563 405 quia
599 365 683 393 eum
720 354 885 402 pluribus
909 352 1011 398 fecit,
1032 355 1095 390 aut

0 377 19 470 i
133 430 236 472 putet
250 433 323 462 non
345 430 424 460 esse
454 424 660 468 peecatum.
683 417 881 465 Sequitur:
899 415 1097 463 Etpaupe-

9 490 80 531 ιη’.
105 499 176 526 non
195 482 408 524 misereberis
423 482 462 518 in
470 480 638 530 judicio„
647 479 727 517 Nisi
745 478 967 516 addidisset:
984 477 1022 513 in
1038 476 1097 523 iu-

0 558 19 591 ·t
33 549 140 594 dicio,
158 556 288 594 magna
302 548 401 583 esset
413 541 580 590 quaestio.
601 540 672 579 Sed
693 539 966 586 intelligendum
983 542 1095 582 esset,

0 609 175 653 aetiam&
208 606 380 653 seriptum
411 615 484 642 non
507 608 617 640 esset.
651 601 770 649 Supra
791 601 889 638 enim
920 601 1093 637 dixerat:

13 669 111 709 tNon
141 666 332 716 apponeris
355 676 437 703 cum
470 665 702 703 multitudine
737 674 819 700 cum
850 663 1028 710 pluribus,
1055 667 1096 698 ut

12 746 19 769 t
35 731 190 772 declines
202 729 392 776 judicium,
416 739 458 765 ac
472 739 538 775 per
557 729 626 764 hoe
642 734 679 764 et
699 727 870 774 pauperis
890 737 962 763 non
990 726 1098 762 mise-

12 793 184 835 ireberis‚
199 790 316 837 possit
335 789 500 836 intelligi,
522 790 558 825 in
576 789 727 836 judicio.
746 788 816 829 Sed
832 798 915 824 cum
936 786 1098 823 additum

13 857 101 895 oest,
124 851 222 889 nulla
245 851 397 897 quaestio
413 855 469 886 est
483 850 551 886 hoc
568 861 649 887 esse
676 854 909 895 praeceptum,
931 857 977 884 ne
1005 847 1100 883 forte

13 923 113 951 icum
142 912 362 958 judicamus,
386 910 572 946 videamus
598 910 776 955 justitiam
802 918 880 945 esse
900 918 967 954 pro
988 907 1100 943 divite

12 977 157 1012 twntra
175 980 386 1017 pauperem,
406 975 444 1006 et
460 970 563 1006 nobis
586 970 685 1004 recte
706 969 827 1004 facere
844 967 1048 1009 videamur,
1068 967 1098 1003 si

12 1038 157 1071 ieontra
171 1030 351 1077 iustitiam
378 1030 528 1076 pauperi
548 1029 735 1066 faveamus
763 1039 871 1066 causa
891 1029 1099 1065 misericor-

12 1092 112 1132 idiae.
132 1093 232 1128 Bona
249 1096 305 1127 est
317 1101 404 1137 ergo
422 1089 673 1126 misericordia
692 1102 699 1125 :
723 1090 787 1126 sed
806 1100 878 1126 non
895 1089 1003 1125 dehet
1019 1099 1099 1125 esse

15 1160 156 1193 ‘eontra
173 1153 363 1200 judicium.
392 1151 573 1188 ludicium
594 1162 681 1188 sane
708 1152 796 1188 illud
824 1151 980 1198 appellat
999 1150 1099 1187 Scri-

1165 350 1254 387 feris
1282 350 1411 387 hestiis
1440 349 1566 388 dedit:
1599 349 1654 386 eis
1678 348 1848 387 videlicet
1882 350 1946 397 qui
1976 350 2046 392 illis
2072 352 2235 400 frugibus

1164 410 1263 447 vesci
1279 410 1435 457 possint,
1456 410 1550 447 sicut
1571 415 1657 448 sunt
1675 410 1754 459 apri
1767 415 1805 448 et
1824 410 1937 456 cervi,
1958 417 1995 449 et
2011 411 2044 450 si
2060 413 2148 460 quid
2170 416 2236 452 hu-

1161 470 1351 519 jusmodi:
1384 471 1483 518 quod
1505 478 1629 509 tamen
1647 481 1722 508 non
1755 471 1953 522 diceretur,
1986 473 2058 512 nisi
2086 473 2239 523 alicuius

1165 530 1445 579 significationis
1468 533 1598 580 gratia.
1630 532 1724 571 Nam
1752 533 1784 570 si
1813 534 1901 581 quid
1931 535 2062 572 attinet
2079 536 2126 575 ad
2147 546 2222 583 prae

1166 600 1269 641 cepta
1285 604 1365 640 quae
1385 593 1592 632 hominibus
1619 596 1704 632 data
1730 602 1830 641 sunt,
1852 596 1896 633 de
1915 597 2034 635 bubus
2054 607 2138 635 eura
2166 609 2241 637 non

1166 660 1222 690 est
1243 655 1330 692 Deo.
1365 654 1469 699 Quod
1498 666 1570 692 non
1605 656 1658 694 sic
1691 657 1921 705 intelligitur,
1959 664 2134 705 tauquam
2162 660 2241 707 ipse

1166 727 1238 752 non
1259 723 1385 763 paseat
1401 728 1444 755 ea
1463 729 1544 765 quae
1566 729 1633 755 nec
1647 719 1844 764 seminant,
1866 730 1934 758 nec
1951 726 2105 766 metunt,
2123 733 2241 769 neque

1167 784 1388 825 congregant
1414 779 1451 815 in
1471 779 1643 816 horreum
1662 792 1670 815 :
1705 781 1769 817 sed
1796 780 1882 826 quia
1899 781 1933 817 ei
1964 792 2061 820 curae
2079 793 2152 820 non
2171 789 2239 827 est,

1166 846 1349 887 praecepto
1367 852 1518 878 monere
1538 843 1739 886 hominem,
1760 844 1942 890 quomodo
1968 845 2052 882 hovi
2068 856 2133 882 suo
2154 857 2242 885 cou-

1168 902 1275 938 sulat.
1298 903 1441 947 Quanto
1456 904 1578 941 minus
1597 905 1628 941 ei
1651 915 1740 942 cura
1754 911 1811 942 est
1828 906 1873 942 de
1894 905 1985 943 feris
2002 907 2131 945 bestiis
2148 919 2239 955 prae-

1167 963 1302 1009 cipere,
1319 965 1501 1010 quomodo
1517 966 1587 1002 illis
1607 967 1652 1002 ab
1670 967 1879 1004 hominibus
1896 969 2125 1013 consulatur,
2156 980 2239 1007 cum

1168 1034 1230 1060 eas
1253 1025 1331 1070 ipse
1365 1032 1492 1070 pascat
1511 1026 1647 1063 divitiis
1666 1032 1807 1063 naturae
1829 1038 2096 1075 usquequaque
2113 1029 2230 1067 fructi·

1167 1085 1270 1129 ferm,
1288 1086 1350 1132 qui
1370 1096 1432 1122 eas
1451 1087 1562 1123 etiam
1579 1097 1645 1133 per
1666 1087 1757 1123 alios
1780 1098 1844 1123 sex
1869 1099 1982 1125 annos
2010 1090 2141 1135 pascit,
2158 1101 2240 1126 eum

1168 1146 1387 1193 colliguntur
1400 1158 1481 1193 quae
1497 1148 1747 1185 seminantur?
1782 1148 1821 1185 Si
1839 1148 1920 1194 quis
1949 1155 2071 1186 autem
2090 1151 2238 1196 quaesie-

14 1220 151 1264 ustura,
166 1214 262 1261 quod
279 1214 415 1261 justum
433 1218 501 1249 est.
528 1212 580 1248 Ne
597 1212 678 1259 quis
694 1218 814 1248 autem
828 1218 977 1259 propter
993 1212 1100 1247 istam
1118 1202 1150 1242 B
1170 1207 1231 1250 rit,
1252 1207 1338 1253 quid
1358 1208 1557 1244 secuudum
1592 1208 1802 1256 allegoriam
1832 1220 1994 1255 praesens
2022 1218 2240 1258 praeceptum

16 1275 254 1313 ,sententiam
275 1274 388 1310 Deum
408 1279 553 1320 putaret
571 1273 859 1309 miscricordiam
890 1272 1096 1318 prohibere,

15 1337 128 1386 ·.quod
159 1337 337 1383 sequitur,
363 1336 668 1383 opportunissime
689 1337 864 1382 sequitur.
903 1335 942 1371 Si
982 1342 1100 1371 autem

16 1399 223 1437 «obviaveris
249 1400 326 1435 bovi
360 1399 494 1434 inimici
513 1399 563 1434 tui
585 1405 646 1434 aut
676 1398 854 1444 subjugali
881 1398 959 1444 ejus
977 1408 1100 1433 erran-

16 1460 140 1504 atibus,
158 1460 323 1495 reducens
342 1459 464 1495 reddes
484 1459 528 1495 ei.
553 1459 598 1496 Ut
615 1459 710 1495 scias
728 1470 799 1494 non
826 1464 859 1494 te
877 1459 1101 1503 prohibitum

17 1518 153 1556 tracere
166 1519 468 1561 misericordiam,
490 1518 547 1554 fac
573 1518 683 1554 etiam
701 1528 788 1564 erga
822 1517 989 1554 inimicos
1006 1524 1098 1560 tuos,

18 1589 116 1617 rcum
136 1585 297 1624 potestas
316 1584 371 1615 est
386 1590 406 1614 a
431 1579 626 1625 judicando
646 1578 772 1614 libera.
807 1577 885 1612 Non
903 1578 999 1613 enim
1018 1587 1102 1613 cum

19 1639 179 1676 creducis
198 1644 380 1675 errantem
412 1640 540 1674 bovem
559 1638 696 1674 inimici
717 1638 768 1672 tui
789 1643 825 1673 et
844 1637 978 1680 reddis,
1007 1637 1102 1672 inter

23 1698 175 1746 aliquos
193 1697 305 1742 judex
323 1698 474 1734 resides.
509 1697 733 1733 Mendacium
758 1697 883 1743 sapies.
919 1696 1101 1733 Insontem

35 1759 217 1805 etjustum
236 1771 305 1795 non
324 1759 474 1800 occides,
500 1759 582 1805 qttia
600 1769 741 1794 aversor
767 1758 929 1804 impium.
960 1758 1102 1794 Verita—

37 1823 108 1855 tem
123 1824 157 1854 et
173 1819 348 1865 judicium
369 1817 543 1853 Dominus
563 1823 660 1853 amat
678 1829 687 1861 ;
708 1824 744 1853 et
769 1819 812 1853 ad
840 1819 918 1853 haec
948 1828 1101 1863 sequen-

20 1878 95 1924 ωε,
131 1880 301 1926 populum
343 1890 447 1915 suum
487 1889 552 1924 per
589 1879 718 1924 legem,
760 1879 957 1924 prophetas
993 1884 1100 1925 atque

29 1943 282 1991 ⁶Evaugelium,
308 1944 548 1980 exhortatur:
583 1943 758 1988 quianon
778 1948 833 1978 est
859 1952 1099 1987 personarum

58 2012 216 2053 emptor,
237 2005 299 2042 sed
318 2004 470 2051 singulis
502 2004 618 2040 reddit
652 2004 851 2040 secundum
871 2014 981 2050 opera
1017 2013 1096 2040 sua.

27 2065 120 2103 *Non
136 2066 283 2112 accipies
297 2076 457 2109 munera,
474 2076 552 2111 quw
574 2071 751 2100 eoeccecant
767 2065 874 2100 etiam
891 2065 1094 2111 prudentes,

1170 1269 1212 1304 de
1230 1270 1373 1314 septimi
1392 1270 1477 1305 anni
1498 1269 1663 1317 frugibus
1683 1271 1908 1308 dimittendis
1931 1273 2154 1319 pauperibus
2174 1284 2240 1320 po-

1168 1331 1255 1379 puli,
1274 1337 1310 1367 et
1342 1332 1467 1369 bestiis
1497 1339 1603 1369 terrae
1623 1334 1817 1380 significet,
1849 1336 1941 1373 sciat
1960 1337 2046 1382 quia
2075 1338 2240 1374 senarius

1168 1404 1343 1430 mimerus
1366 1405 1518 1439 operum
1545 1395 1806 1440 perfectionem
1827 1398 2019 1444 significat.
2050 1399 2090 1435 In
2124 1407 2239 1446 septe-

1169 1455 1274 1490 nario
1309 1465 1451 1500 quoque
1471 1483 1479 1497 ‚
1517 1457 1662 1501 requies
1695 1456 1899 1493 animarum
1934 1459 2163 1504 exprimitur.
2198 1461 2238 1496 Et

1168 1515 1260 1551 bene
1281 1516 1317 1551 in
1336 1526 1400 1552 sex
1419 1516 1525 1552 annis
1544 1517 1727 1553 seminare
1752 1523 1887 1554 terram
1906 1526 2087 1565 nostram,
2107 1526 2143 1557 et
2160 1532 2228 1558 con

1170 1587 1321 1624 gregare
1341 1577 1464 1623 fruges
1494 1577 1572 1623 eJ'us
1604 1579 1850 1625 praecipimur,
1884 1581 1969 1626 quia
1998 1582 2035 1618 in
2067 1584 2240 1628 praesenti

1169 1641 1256 1683 vita,
1277 1650 1358 1685 quae
1386 1650 1450 1676 sex
1475 1641 1644 1676 aetatibus
1664 1646 1824 1684 constat,
1856 1647 1995 1678 terram
2027 1644 2148 1680 carnis
2177 1654 2237 1680 no-

1169 1707 1256 1738 strae
1275 1711 1461 1745 exercere,
1480 1708 1517 1738 et
1534 1703 1711 1739 virtutum
1728 1704 1867 1740 semina
1885 1703 1921 1739 in
1940 1714 2021 1740 eam
2039 1715 2161 1742 serere
2182 1707 2240 1743 de-

1169 1763 1295 1799 bemus
1316 1776 1323 1799 ε
1347 1769 1526 1810 quatenus
1549 1770 1785 1811 augmentum
1816 1765 1995 1802 bonorum
2022 1777 2187 1812 operum,
2207 1773 2240 1804 et

1169 1825 1349 1860 mercedis
1367 1825 1602 1869 abundantia,
1625 1825 1709 1861 inde
1734 1826 1839 1862 nobis
1868 1836 2098 1871 excrescens,
2130 1828 2166 1864 in
2186 1828 2241 1864 fu-

1169 1891 1251 1921 turo
1271 1886 1435 1931 requiem
1451 1887 1655 1922 animarum
1685 1892 1910 1930 nostrarum,
1930 1887 2009 1923 sine
2026 1888 2099 1924 ullo
2117 1889 2241 1926 labore

1164 1945 1240 1991 jam
1258 1946 1411 1982 actionis
1431 1956 1497 1982 nos
1522 1946 1710 1992 percipere
1736 1946 1859 1982 faeiat.
1881 1946 1984 1991 Quod
2007 1953 2129 1984 autem
2148 1958 2241 1994 pau-

1167 2015 1272 2052 peres
1291 2006 1413 2052 populi
1432 2016 1495 2043 seu
1509 2006 1634 2043 bestiae
1655 2007 1732 2053 agri
1752 2008 1942 2043 comedere
1956 2009 2142 2055 jubentur,
2162 2021 2241 2057 quae

1168 2065 1213 2103 de
1234 2066 1358 2102 labore
1387 2074 1512 2104 nostro
1537 2068 1724 2114 praeterito
1754 2068 1790 2103 in
1822 2069 1977 2114 septimo
2005 2080 2101 2108 anno
2119 2082 2240 2109 accre-

34 2133 69 2164 et
86 2128 286 2164 subvertunt
316 2129 419 2163 verba
440 2127 634 2173 justorum.
662 2126 754 2162 Hinc
780 2136 845 2171 per
871 2126 1095 2172 Sapientiam
1116 2109 1145 2151 C
1167 2133 1288 2171 scunt,
1307 2128 1500 2175 significat,
1515 2129 1612 2174 quod
1627 2138 1692 2174 per
1706 2129 2021 2176 eleemosynarum
2037 2137 2074 2168 et
2088 2133 2230 2170 charita

46 2189 166 2227 ·’citur
184 2202 193 2225 ε
212 2189 326 2226 Avaro
343 2188 427 2224 nihil
443 2194 492 2224 est
520 2188 724 2230 scelestius;
747 2186 836 2223 nihil
862 2193 912 2223 est
939 2188 1096 2234 iniquius

34 2261 140 2288 uam
158 2262 277 2287 amare
305 2251 504 2297 pecuniam.
538 2250 608 2287 Hic
625 2251 717 2287 enim
741 2252 898 2287 animam
913 2262 1016 2287 suam
1041 2262 1098 2287 ve-

48 2329 73 2341 m
95 2324 148 2348 em
170 2313 286 2356 habet,
305 2312 472 2359 quoniam
484 2313 522 2348 in
544 2313 614 2349 vita
631 2323 696 2348 sua
710 2313 857 2359 projecit
875 2313 1000 2348 intima
1016 2324 1094 2349 sua.

54 2373 225 2420 'ereqrino
240 2372 489 2410 rnolestasnon
507 2374 602 2409 eris:
631 2373 727 2409 scitis
758 2374 852 2409 enim
880 2373 1098 2410 advenarum

36 2433 185 2476 animas,
202 2433 286 2479 quia
303 2438 334 2468 et
349 2433 415 2479 ipsi
433 2433 608 2480 pereqrini
634 2433 751 2478 fuistis
766 2434 804 2469 in
829 2439 923 2470 terra
948 2433 1098 2486 AEqypti

33 2490 148 2540 (Ecca.
163 2493 215 2540 x).
247 2494 302 2530 Ex
320 2504 385 2530 sua
420 2495 627 2532 conditione
646 2496 896 2542 unusquisque
916 2498 1099 2542 quomodo

0 2575 1 2579 =
44 2553 115 2591 -1iis
141 2554 305 2592 misereri
325 2557 533 2600 conveniat,
552 2558 778 2604 perpendere
795 2558 913 2594 debet.
944 2558 1047 2594 Unde
1064 2563 1100 2595 et

49 2618 79 2645 ι,
98 2615 207 2651 ..inus
229 2616 266 2650 in
282 2615 480 2661 Evangelio
497 2617 610 2652 dicit:
638 2617 823 2659 Dimittite,
849 2623 882 2652 et
905 2617 1101 2652 dimittetur

0 2710 1 2715 ,
49 2675 155 2718 is,·
177 2675 274 2719 date,
288 2680 321 2710 et
347 2675 490 2710 dabitur
514 2677 608 2712 vobis
636 2676 738 2723 (Luc.
755 2677 821 2724 vi).
842 2677 1010 2714 Mensura
1029 2687 1101 2724 qua

0 2760 2 2768 ‚
48 2751 85 2767 ψ·
104 2737 151 2773 1si
166 2736 324 2781 fueritis,
344 2738 557 2774 remetietur
569 2738 686 2775 vobis.
706 2738 776 2775 Sex
791 2741 893 2776 annis
911 2741 1099 2777 seminabis

60 2815 62 2817 ·
106 2807 165 2834 am
182 2804 295 2841 tuam,
310 2803 344 2834 et
361 2799 586 2846 conqreqabis
606 2800 724 2846 sruqes
749 2800 850 2846 ejus:
868 2811 962 2836 anno
981 2807 1099 2836 autem

0 2873 3 2901 !
95 2875 97 2885 v
113 2859 122 2868 ”
159 2870 179 2895 ο
194 2858 346 2896 dimittes
365 2870 457 2904 eam,
477 2860 690 2907 requiescere
712 2860 835 2906 facies,
852 2866 892 2896 ut
911 2861 1097 2897 comedant

0 2934 3 2963 l
40 2918 202 2968 ’κροκι
222 2920 344 2968 populi
361 2921 425 2965 tui,
444 2927 476 2956 et
494 2921 664 2968 quidquid
697 2921 822 2968 reliqui
851 2922 972 2968 fuerit,
992 2921 1098 2958 edant

0 2990 3 3024 fi
58 3003 75 3006 0
95 2996 147 3011 --ι’
173 2982 265 3028 aqi-i.
286 2981 344 3017 lta
360 2981 469 3028 facies
483 2982 522 3018 in
542 2983 642 3018 vinea
670 2988 703 3018 et
728 2983 766 3018 in
785 2982 908 3019 oliveto
929 2991 988 3019 tuo
1008 2982 1096 3031 (Au-

0 3062 4 3086 ,
82 3060 85 3065 -
111 3038 158 3087 ).
184 3041 302 3085 Quaeri
318 3049 453 3089 potest,
472 3043 559 3089 quid
585 3044 756 3092 colligant
776 3054 967 3091 pauperes,
989 3046 1019 3082 si
1035 3055 1095 3082 se-

0 3130 6 3136 .
77 3098 88 3108 “
114 3117 116 3119 v
135 3115 138 3122 ¹
158 3111 257 3139 anno
282 3103 335 3139 ita
357 3104 474 3150 parcit
493 3110 615 3149 terrae,
633 3111 674 3141 ut
696 3115 766 3142 nec
793 3107 995 3142 seminetur
1014 3107 1097 3153 qui-

148 3161 228 3199 Non
240 3163 337 3200 enim
353 3165 397 3200 ad
414 3164 558 3201 vineam
574 3170 611 3202 et
625 3165 798 3202 olivetum
810 3166 983 3212 pertinet,
999 3166 1097 3212 quod

0 3231 6 3267 i
45 3223 65 3275 j
84 3263 89 3265 ,
107 3235 134 3250 ⁴⁴¹
156 3240 159 3248 v
187 3227 258 3267 est,
277 3223 393 3260 Edem
409 3235 578 3272 pauperes
596 3226 708 3272 yemis
723 3232 807 3270 tuoe,
832 3226 917 3272 quia
936 3225 982 3262 de
996 3231 1096 3262 terra

0 3301 7 3328 t
42 3276 47 3277 ⁷
84 3274 301 3337 fomenta
334 3284 425 3320 nihil
448 3290 601 3331 possunt
625 3295 783 3330 sumere,
799 3285 862 3322 ubi
879 3290 1019 3333 segetes
1032 3296 1097 3322 na-

0 3361 8 3389 ι
56 3357 68 3364 ”
98 3360 118 3391 ‚·
162 3367 164 3371 ν
190 3350 354 3392 possunt.
369 3346 422 3383 De
439 3347 546 3384 vinea
558 3348 656 3384 enim
670 3353 706 3384 et
722 3348 870 3392 oliveto,
891 3353 1018 3395 postea
1040 3349 1098 3386 dl-

0 3415 8 3447 t
43 3399 70 3448 ⁸·
99 3406 112 3436 ·.'
130 3408 278 3440 ,mmm-
305 3414 386 3442 esse
413 3404 635 3451 faciendum,
668 3415 712 3443 ac
743 3417 808 3454 per
841 3408 911 3444 hoc
942 3407 1031 3444 illud
1049 3408 1097 3445 de

73 3486 78 3492 -
140 3465 358 3515 mugiunt
371 3478 451 3515 quae
469 3468 662 3507 frumentis
689 3471 876 3515 serviunt;
895 3480 939 3507 ae
955 3470 1010 3509 sic
1033 3481 1097 3508 ae-

0 3541 9 3568 ι
43 3525 63 3578 ⁷.‘
153 3542 155 3546 ⁷
252 3537 266 3564 τ
290 3527 364 3567 sex
389 3529 495 3566 annis
523 3530 720 3567 seminabis
751 3536 885 3568 terram
910 3536 1026 3576 tuam,
1057 3529 1124 3582 et&

0 3592 9 3629 Ι,
43 3557 98 3604 Β
120 3584 472 3642 utummeins:
501 3590 574 3628 hoc
598 3596 655 3628 est
681 3601 746 3629 sex
764 3591 870 3628 annis
895 3591 1095 3629 seminabis

0 3651 25 3690 ι’,
56 3639 438 3747 ⁸w
450 3659 538 3688 vero
562 3660 638 3688 non
664 3651 835 3700 colliges;
855 3657 899 3689 ut
913 3651 1096 3701 intelliga-

0 3720 12 3748 ι
101 3722 114 3748 s
243 3753 249 3761 .
320 3709 510 3763 *smmi
536 3710 675 3748 dictum
698 3722 772 3750 non
799 3717 870 3758 est,
887 3718 930 3749 ut
954 3713 1000 3750 ad
1027 3723 1096 3751 sex

0 3772 25 3808 t·
63 3785 65 3793 ·
141 3758 584 3817 mmm
603 3772 799 3819 pertineat,
823 3773 869 3810 ad
895 3773 1095 3820 septimum

0 3840 14 3871 ι

111 3825 114 3832 ι
123 3830 126 3833 Δ

23 3902 134 3930 '³⁴41-

14 3925 140 4016 il

1166 2189 1214 2225 tis
1233 2189 1421 2235 obsequia,
1442 2199 1584 2226 merces
1602 2190 1709 2227 nobis
1737 2190 1774 2226 in
1795 2190 1918 2227 futuro
1943 2193 2148 2238 parabitur.
2169 2195 2239 2231 De-

1165 2249 1275 2295 nique
1299 2250 1426 2286 eadem
1441 2250 1547 2286 vinea
1564 2255 1601 2286 et
1625 2250 1796 2287 olivetum
1818 2251 2018 2296 insinuant,
2040 2254 2166 2300 gratiae
2184 2255 2242 2291 vi-

1165 2310 1297 2346 delicet
1327 2316 1366 2346 et
1393 2311 1655 2348 misericordiae
1685 2322 1797 2358 opera
1829 2312 1950 2348 futura
1985 2313 2081 2350 bona
2100 2325 2240 2362 praepa-

1164 2370 1299 2407 rantia.
1331 2370 1370 2407 Si
1400 2381 1487 2418 ergo
1514 2381 1588 2408 non
1605 2377 1748 2407 tantum
1769 2372 1895 2408 amicis
1919 2374 2056 2410 nostris
2079 2374 2241 2421 indigen·

1167 2431 1277 2474 tibus,
1298 2441 1426 2467 verum
1443 2431 1553 2467 etiam
1583 2431 1742 2468 inimicis
1771 2432 1833 2478 qui
1857 2432 2059 2469 hostiarum
2091 2434 2239 2471 nomine

1165 2493 1282 2529 notati
1305 2498 1403 2536 sunt,
1431 2493 1587 2529 benefici
1619 2493 1823 2535 existimus,
1855 2494 1934 2529 sine
1957 2495 2067 2530 dubio
2096 2495 2134 2530 in
2163 2496 2239 2532 vita

1166 2554 1304 2597 futura,
1322 2553 1384 2588 ubi
1412 2551 1489 2598 jam
1510 2563 1583 2588 non
1602 2558 1661 2589 est
1674 2559 1816 2598 tempus
1846 2554 2032 2599 operandi,
2066 2554 2111 2590 de
2129 2555 2240 2591 hene-

1166 2613 1273 2649 factis
1290 2612 1440 2659 praemia
1458 2618 1595 2648 aeterna
1614 2621 1892 2658 consequemur.
1917 2612 2021 2650 Unde
2047 2619 2085 2650 et
2112 2614 2237 2651 Salva-

1166 2679 1226 2710 tor
1244 2674 1281 2710 in
1311 2673 1507 2720 Evangelio
1537 2682 1603 2709 nos
1624 2673 1796 2709 admonet
1819 2673 1943 2710 dicens
1963 2685 1971 2708 ε
1998 2673 2123 2710 Facite
2142 2676 2238 2712 vobis

1166 2736 1298 2771 amicos
1318 2735 1360 2771 de
1382 2745 1584 2770 mammona
1606 2734 1803 2781 iniquitatis
1818 2745 1830 2769 .·
1857 2740 1896 2770 ut
1927 2746 2006 2770 cum
2025 2735 2236 2782 defeceritis,

1166 2796 1338 2841 recipiant
1354 2805 1412 2830 vos
1431 2794 1468 2830 in
1488 2800 1620 2831 aeterna
1642 2793 1871 2830 tabernacula
1898 2794 2001 2842 (Luc.
2017 2796 2110 2843 xvi).
2142 2797 2235 2835 Hinc

1165 2860 1203 2891 et
1223 2855 1530 2902 doctorgentium
1559 2854 1636 2890 ait:
1672 2853 1744 2898 Qui
1764 2866 1870 2902 parce
1892 2857 2056 2901 seminat,
2084 2870 2188 2905 parce
2203 2866 2235 2896 et

1165 2924 1279 2953 metet.
1304 2917 1374 2960 Qui
1392 2919 1541 2954 seminat
1565 2918 1603 2954 in
1621 2917 1930 2963 benedictionibus,
1960 2919 2003 2955 de
2028 2920 2237 2958 benedictio-

1166 2977 1267 3013 nibus
1298 2984 1399 3014 metet
1419 2979 1525 3014 vitam
1558 2985 1738 3014 oeternam.
1770 2978 1874 3023 Quod
1902 2985 2023 3016 autem
2057 2982 2233 3028 sequitur,

1165 3038 1236 3075 Sex
1251 3039 1372 3075 diebus
1392 3039 1604 3085 operaberis,
1622 3039 1768 3086 septimo
1791 3039 1847 3076 die
1865 3041 2030 3084 cessabis,
2057 3047 2096 3077 ut
2122 3044 2238 3090 requi-

1167 3107 1260 3137 escat
1281 3102 1340 3137 bos
1360 3107 1392 3136 et
1412 3101 1533 3137 asinus
1553 3106 1651 3144 tuus,
1676 3106 1709 3136 et
1735 3101 1961 3147 refrigeretur
1978 3102 2076 3148 filius
2096 3103 2236 3140 ancillae

1169 3167 1239 3198 tuae
1264 3167 1296 3196 et
1315 3161 1461 3197 advena.
1488 3161 1545 3197 Ad
1563 3161 1733 3198 eumdem
1753 3161 1975 3198 intellectum
2003 3164 2174 3209 pertinet,
2196 3168 2236 3198 ut

1169 3221 1308 3259 scilicet
1326 3222 1362 3257 in
1383 3222 1554 3268 praeseuti
1581 3227 1757 3268 tempore,
1779 3221 1872 3259 hene
1897 3223 2097 3261 laborando
2119 3233 2234 3259 unus-

1169 3282 1324 3328 quisque
1351 3282 1506 3325 studeat,
1525 3286 1601 3318 tam
1620 3281 1871 3327 disciplinatus
1888 3292 1998 3328 quam
2017 3282 2142 3325 hebes,
2159 3286 2234 3317 tam

1169 3354 1296 3381 servus
1309 3354 1419 3391 quam
1437 3343 1545 3388 liber,
1561 3349 1638 3380 tam
1652 3344 1754 3380 dives
1769 3354 1877 3390 quam
1889 3353 2040 3389 pauper,
2055 3347 2234 3388 quatenus

1167 3410 1314 3441 aeternae
1333 3405 1471 3451 requiei
1490 3414 1641 3451 exspers
1658 3413 1732 3440 non
1752 3403 1829 3446 fiat,
1862 3403 1949 3448 quin
1968 3402 2088 3448 potius
2103 3402 2234 3439 merito

1166 3471 1277 3503 rectae
1296 3466 1381 3503 fidei
1399 3476 1442 3502 ac
1466 3465 1646 3502 bonorum
1665 3471 1831 3509 operum,
1861 3461 1983 3507 gaudii
2001 3462 2126 3499 aeterni
2149 3474 2234 3511 par-

1166 3527 1282 3573 ticeps
1308 3527 1454 3563 existat.
1477 3525 1606 3562 Omnia
1631 3534 1709 3571 quae
1743 3522 1820 3557 dixi
1846 3521 1956 3567 vobis,
1974 3523 2171 3563 custodite:
2198 3533 2232 3563 et

1164 3599 1227 3635 per
1259 3597 1385 3623 nomen
1411 3592 1636 3622 externorum
1653 3582 1799 3618 deorum
1815 3591 1887 3618 non
1912 3583 2096 3631 jurabitis,
2122 3597 2232 3634 neque

1163 3650 1330 3687 audietur
1348 3659 1391 3684 ex
1419 3657 1479 3683 ore
1503 3650 1629 3681 vestro.
1660 3643 1729 3681 Hic
1757 3649 1909 3692 appu-et
1931 3652 2108 3694 quantum
2135 3657 2231 3695 prai-

1163 3710 1270 3748 cellat
1302 3708 1442 3745 umbrae
1474 3705 1618 3744 Veteris
1646 3703 1757 3751 Legis
1782 3705 1922 3744 vei-itas
1946 3705 2147 3756 Evangelii.
2176 3709 2230 3762 1115

1162 3780 1250 3818 ergo
1260 3770 1386 3817 jurare
1398 3777 1468 3815 per
1479 3775 1614 3803 nomen
1631 3768 1867 3803 externorum
1879 3754 2036 3813 mrum
2066 3773 2230 3808 tantum-

1162 3831 1272 3872 modo
1287 3828 1550 3878 prohibentium
1579 3836 1651 3876 per
1677 3835 1813 3867 nomen
1836 3830 1969 3869 nutem·
1987 3829 2143 3889 m
2164 3839 2229 3887 Ju-
