<?xml version="1.0" encoding="UTF-8"?>
<!DOCTYPE html PUBLIC "-//W3C//DTD XHTML 1.0 Transitional//EN"
    "http://www.w3.org/TR/xhtml1/DTD/xhtml1-transitional.dtd">
<html xmlns="http://www.w3.org/1999/xhtml" xml:lang="en" lang="en">
 <head>
  <title>
</title>
<meta http-equiv="Content-Type" content="text/html;charset=utf-8" />
  <meta name='ocr-system' content='tesseract 3.04.00' />
  <meta name='ocr-capabilities' content='ocr_page ocr_carea ocr_par ocr_line ocrx_word'/>
</head>
<body>
  <div class='ocr_page' id='page_1' title='image "./patrologiae00unknuoft_0495.png"; bbox 0 0 2540 4016; ppageno 0'>
   <div class='ocr_carea' id='block_1_1' title="bbox 31 158 134 235">
    <p class='ocr_par' dir='ltr' id='par_1_1' title="bbox 31 158 134 235">
     <span class='ocr_line' id='line_1_1' title="bbox 31 158 134 235; baseline -0.049 0"><span class='ocrx_word' id='word_1_1' title='bbox 31 158 134 235; x_wconf 63' lang='lat' dir='ltr'><strong>v0¹1¹!</strong></span> 
     </span>
    </p>
   </div>
   <div class='ocr_carea' id='block_1_2' title="bbox 0 395 59 4016">
    <p class='ocr_par' dir='ltr' id='par_1_2' title="bbox 0 395 59 4016">
     <span class='ocr_line' id='line_1_2' title="bbox 0 395 20 577; baseline 0 -55"><span class='ocrx_word' id='word_1_2' title='bbox 0 395 20 577; x_wconf 95' lang='lat' dir='ltr'><strong>   </strong></span> 
     </span>
     <span class='ocr_line' id='line_1_3' title="bbox 0 577 20 639; baseline 0 3377"><span class='ocrx_word' id='word_1_3' title='bbox 0 577 20 639; x_wconf 95' lang='lat' dir='ltr'><strong> </strong></span> 
     </span>
     <span class='ocr_line' id='line_1_4' title="bbox 0 639 21 701; baseline 0 3315"><span class='ocrx_word' id='word_1_4' title='bbox 0 639 21 701; x_wconf 95' lang='lat' dir='ltr'><strong> </strong></span> 
     </span>
     <span class='ocr_line' id='line_1_5' title="bbox 0 701 22 762; baseline 0 3254"><span class='ocrx_word' id='word_1_5' title='bbox 0 701 22 762; x_wconf 95' lang='lat' dir='ltr'><strong> </strong></span> 
     </span>
     <span class='ocr_line' id='line_1_6' title="bbox 0 762 22 823; baseline 0 3193"><span class='ocrx_word' id='word_1_6' title='bbox 0 762 22 823; x_wconf 95' lang='lat' dir='ltr'><strong> </strong></span> 
     </span>
     <span class='ocr_line' id='line_1_7' title="bbox 0 823 22 886; baseline 0 3130"><span class='ocrx_word' id='word_1_7' title='bbox 0 823 22 886; x_wconf 95' lang='lat' dir='ltr'><strong> </strong></span> 
     </span>
     <span class='ocr_line' id='line_1_8' title="bbox 0 886 23 947; baseline 0 3069"><span class='ocrx_word' id='word_1_8' title='bbox 0 886 23 947; x_wconf 95' lang='lat' dir='ltr'><strong> </strong></span> 
     </span>
     <span class='ocr_line' id='line_1_9' title="bbox 0 947 24 1007; baseline 0 3009"><span class='ocrx_word' id='word_1_9' title='bbox 0 947 24 1007; x_wconf 95' lang='lat' dir='ltr'><strong> </strong></span> 
     </span>
     <span class='ocr_line' id='line_1_10' title="bbox 0 1007 24 1069; baseline 0 2947"><span class='ocrx_word' id='word_1_10' title='bbox 0 1007 24 1069; x_wconf 95' lang='lat' dir='ltr'><strong> </strong></span> 
     </span>
     <span class='ocr_line' id='line_1_11' title="bbox 0 1069 25 1126; baseline 0 2890"><span class='ocrx_word' id='word_1_11' title='bbox 0 1069 25 1126; x_wconf 95' lang='lat' dir='ltr'><strong> </strong></span> 
     </span>
     <span class='ocr_line' id='line_1_12' title="bbox 0 1126 26 1187; baseline 0 2829"><span class='ocrx_word' id='word_1_12' title='bbox 0 1126 26 1187; x_wconf 95' lang='lat' dir='ltr'><strong> </strong></span> 
     </span>
     <span class='ocr_line' id='line_1_13' title="bbox 0 1187 26 1252; baseline 0 2764"><span class='ocrx_word' id='word_1_13' title='bbox 0 1187 26 1252; x_wconf 95' lang='lat' dir='ltr'><strong> </strong></span> 
     </span>
     <span class='ocr_line' id='line_1_14' title="bbox 0 1252 27 1314; baseline 0 2702"><span class='ocrx_word' id='word_1_14' title='bbox 0 1252 27 1314; x_wconf 95' lang='lat' dir='ltr'><strong> </strong></span> 
     </span>
     <span class='ocr_line' id='line_1_15' title="bbox 0 1314 27 1369; baseline 0 2647"><span class='ocrx_word' id='word_1_15' title='bbox 0 1314 27 1369; x_wconf 95' lang='lat' dir='ltr'><strong> </strong></span> 
     </span>
     <span class='ocr_line' id='line_1_16' title="bbox 0 1369 29 1480; baseline 0 0"><span class='ocrx_word' id='word_1_16' title='bbox 0 1369 29 1480; x_wconf 95' lang='lat' dir='ltr'><strong>  </strong></span> 
     </span>
     <span class='ocr_line' id='line_1_17' title="bbox 0 1480 31 1737; baseline 0 -97"><span class='ocrx_word' id='word_1_17' title='bbox 0 1480 31 1737; x_wconf 95' lang='lat' dir='ltr'><strong>    </strong></span> 
     </span>
     <span class='ocr_line' id='line_1_18' title="bbox 0 1737 32 1798; baseline 0 2218"><span class='ocrx_word' id='word_1_18' title='bbox 0 1737 32 1798; x_wconf 95' lang='lat' dir='ltr'><strong> </strong></span> 
     </span>
     <span class='ocr_line' id='line_1_19' title="bbox 0 1798 35 2040; baseline 0 -120"><span class='ocrx_word' id='word_1_19' title='bbox 0 1798 35 2040; x_wconf 95' lang='lat' dir='ltr'><strong>    </strong></span> 
     </span>
     <span class='ocr_line' id='line_1_20' title="bbox 0 2040 38 2222; baseline 0 -49"><span class='ocrx_word' id='word_1_20' title='bbox 0 2040 38 2222; x_wconf 95' lang='lat' dir='ltr'><strong>   </strong></span> 
     </span>
     <span class='ocr_line' id='line_1_21' title="bbox 0 2222 40 2388; baseline 0 -50"><span class='ocrx_word' id='word_1_21' title='bbox 0 2222 40 2388; x_wconf 95' lang='lat' dir='ltr'><strong>   </strong></span> 
     </span>
     <span class='ocr_line' id='line_1_22' title="bbox 3 2482 43 2658; baseline 0 -115"><span class='ocrx_word' id='word_1_22' title='bbox 3 2482 43 2658; x_wconf 95' lang='lat' dir='ltr'><strong>   </strong></span> 
     </span>
     <span class='ocr_line' id='line_1_23' title="bbox 7 2658 44 2721; baseline 0 1295"><span class='ocrx_word' id='word_1_23' title='bbox 7 2658 44 2721; x_wconf 95' lang='lat' dir='ltr'><strong> </strong></span> 
     </span>
     <span class='ocr_line' id='line_1_24' title="bbox 7 2721 45 2788; baseline 0 1228"><span class='ocrx_word' id='word_1_24' title='bbox 7 2721 45 2788; x_wconf 95' lang='lat' dir='ltr'><strong> </strong></span> 
     </span>
     <span class='ocr_line' id='line_1_25' title="bbox 7 2788 46 2848; baseline 0 1168"><span class='ocrx_word' id='word_1_25' title='bbox 7 2788 46 2848; x_wconf 95' lang='lat' dir='ltr'><strong> </strong></span> 
     </span>
     <span class='ocr_line' id='line_1_26' title="bbox 8 2848 47 2908; baseline 0 1108"><span class='ocrx_word' id='word_1_26' title='bbox 8 2848 47 2908; x_wconf 95' lang='lat' dir='ltr'><strong> </strong></span> 
     </span>
     <span class='ocr_line' id='line_1_27' title="bbox 0 2908 59 4016; baseline 0 0"><span class='ocrx_word' id='word_1_27' title='bbox 0 2908 59 4016; x_wconf 95' lang='lat' dir='ltr'><strong>   </strong></span> 
     </span>
    </p>
   </div>
   <div class='ocr_carea' id='block_1_3' title="bbox 55 323 1116 1164">
    <p class='ocr_par' dir='ltr' id='par_1_3' title="bbox 55 323 1116 1164">
     <span class='ocr_line' id='line_1_28' title="bbox 56 323 1112 371; baseline -0.004 -3"><span class='ocrx_word' id='word_1_28' title='bbox 56 336 200 371; x_wconf 70' lang='lat' dir='ltr'><strong>veteres</strong></span> <span class='ocrx_word' id='word_1_29' title='bbox 221 326 394 364; x_wconf 81' lang='lat' dir='ltr'><strong>Israelitae</strong></span> <span class='ocrx_word' id='word_1_30' title='bbox 411 323 650 362; x_wconf 86' lang='lat' dir='ltr'><strong>historialiter</strong></span> <span class='ocrx_word' id='word_1_31' title='bbox 668 324 853 370; x_wconf 82' lang='lat' dir='ltr'><strong>fecerunt,</strong></span> <span class='ocrx_word' id='word_1_32' title='bbox 877 326 972 362; x_wconf 87' lang='lat' dir='ltr'><strong>sicut</strong></span> <span class='ocrx_word' id='word_1_33' title='bbox 993 326 1028 362; x_wconf 92' lang='lat' dir='ltr'><strong>in</strong></span> <span class='ocrx_word' id='word_1_34' title='bbox 1050 337 1112 364; x_wconf 91' lang='lat' dir='ltr'><strong>eo-</strong></span> 
     </span>
     <span class='ocr_line' id='line_1_29' title="bbox 58 384 1115 430; baseline -0.004 -3"><span class='ocrx_word' id='word_1_35' title='bbox 58 399 140 428; x_wconf 80' lang='lat' dir='ltr'><strong>rum</strong></span> <span class='ocrx_word' id='word_1_36' title='bbox 156 386 260 424; x_wconf 88' lang='lat' dir='ltr'><strong>libris</strong></span> <span class='ocrx_word' id='word_1_37' title='bbox 286 385 504 422; x_wconf 87' lang='lat' dir='ltr'><strong>sufficienter</strong></span> <span class='ocrx_word' id='word_1_38' title='bbox 521 393 734 430; x_wconf 86' lang='lat' dir='ltr'><strong>expressum</strong></span> <span class='ocrx_word' id='word_1_39' title='bbox 760 390 830 421; x_wconf 89' lang='lat' dir='ltr'><strong>est.</strong></span> <span class='ocrx_word' id='word_1_40' title='bbox 859 384 931 421; x_wconf 86' lang='lat' dir='ltr'><strong>Sed</strong></span> <span class='ocrx_word' id='word_1_41' title='bbox 957 390 994 421; x_wconf 91' lang='lat' dir='ltr'><strong>et</strong></span> <span class='ocrx_word' id='word_1_42' title='bbox 1019 396 1115 423; x_wconf 90' lang='lat' dir='ltr'><strong>nunc</strong></span> 
     </span>
     <span class='ocr_line' id='line_1_30' title="bbox 56 443 1115 496; baseline -0.004 -10"><span class='ocrx_word' id='word_1_43' title='bbox 56 446 239 496; x_wconf 70' lang='lat' dir='ltr'><strong>spiritales</strong></span> <span class='ocrx_word' id='word_1_44' title='bbox 262 444 448 488; x_wconf 86' lang='lat' dir='ltr'><strong>Israelitae,</strong></span> <span class='ocrx_word' id='word_1_45' title='bbox 477 443 622 491; x_wconf 86' lang='lat' dir='ltr'><strong>quando</strong></span> <span class='ocrx_word' id='word_1_46' title='bbox 639 444 733 480; x_wconf 90' lang='lat' dir='ltr'><strong>dona</strong></span> <span class='ocrx_word' id='word_1_47' title='bbox 758 444 823 481; x_wconf 89' lang='lat' dir='ltr'><strong>Dei</strong></span> <span class='ocrx_word' id='word_1_48' title='bbox 847 444 885 481; x_wconf 92' lang='lat' dir='ltr'><strong>in</strong></span> <span class='ocrx_word' id='word_1_49' title='bbox 911 444 1062 481; x_wconf 86' lang='lat' dir='ltr'><strong>scientia</strong></span> <span class='ocrx_word' id='word_1_50' title='bbox 1079 451 1115 482; x_wconf 89' lang='lat' dir='ltr'><strong>et</strong></span> 
     </span>
     <span class='ocr_line' id='line_1_31' title="bbox 57 505 1116 553; baseline -0.003 -6"><span class='ocrx_word' id='word_1_51' title='bbox 57 508 275 552; x_wconf 69' lang='lat' dir='ltr'><strong>w&#39;rtutibus,</strong></span> <span class='ocrx_word' id='word_1_52' title='bbox 297 507 367 544; x_wconf 90' lang='lat' dir='ltr'><strong>sibi</strong></span> <span class='ocrx_word' id='word_1_53' title='bbox 383 506 427 543; x_wconf 91' lang='lat' dir='ltr'><strong>ad</strong></span> <span class='ocrx_word' id='word_1_54' title='bbox 447 505 609 543; x_wconf 90' lang='lat' dir='ltr'><strong>divinum</strong></span> <span class='ocrx_word' id='word_1_55' title='bbox 625 506 836 553; x_wconf 87' lang='lat' dir='ltr'>obsequium</span> <span class='ocrx_word' id='word_1_56' title='bbox 855 516 1049 551; x_wconf 88' lang='lat' dir='ltr'><strong>concessa,</strong></span> <span class='ocrx_word' id='word_1_57' title='bbox 1070 508 1116 544; x_wconf 88' lang='lat' dir='ltr'><strong>ad</strong></span> 
     </span>
     <span class='ocr_line' id='line_1_32' title="bbox 57 567 1115 615; baseline -0.002 -7"><span class='ocrx_word' id='word_1_58' title='bbox 57 569 226 609; x_wconf 73' lang='grc'><strong>1131105131</strong></span> <span class='ocrx_word' id='word_1_59' title='bbox 235 568 311 606; x_wconf 91' lang='lat' dir='ltr'><strong>sive</strong></span> <span class='ocrx_word' id='word_1_60' title='bbox 318 567 540 615; x_wconf 84' lang='lat' dir='ltr'>hypocrisim</span> <span class='ocrx_word' id='word_1_61' title='bbox 553 573 781 612; x_wconf 90' lang='lat' dir='ltr'><strong>convertunt,</strong></span> <span class='ocrx_word' id='word_1_62' title='bbox 793 569 897 606; x_wconf 91' lang='lat' dir='ltr'><strong>idolis</strong></span> <span class='ocrx_word' id='word_1_63' title='bbox 910 573 947 605; x_wconf 87' lang='lat' dir='ltr'><strong>et</strong></span> <span class='ocrx_word' id='word_1_64' title='bbox 959 578 1032 606; x_wconf 91' lang='lat' dir='ltr'><strong>non</strong></span> <span class='ocrx_word' id='word_1_65' title='bbox 1040 568 1115 606; x_wconf 89' lang='lat' dir='ltr'><strong>Deo</strong></span> 
     </span>
     <span class='ocr_line' id='line_1_33' title="bbox 58 629 1116 677; baseline -0.002 -8"><span class='ocrx_word' id='word_1_66' title='bbox 58 631 196 670; x_wconf 82' lang='lat' dir='ltr'><strong>servire</strong></span> <span class='ocrx_word' id='word_1_67' title='bbox 226 629 445 677; x_wconf 79' lang='lat' dir='ltr'>probantur,</span> <span class='ocrx_word' id='word_1_68' title='bbox 477 629 664 666; x_wconf 77' lang='lat' dir='ltr'><strong>daemoniis</strong></span> <span class='ocrx_word' id='word_1_69' title='bbox 694 630 818 676; x_wconf 86' lang='lat' dir='ltr'><strong>utique</strong></span> <span class='ocrx_word' id='word_1_70' title='bbox 848 630 984 667; x_wconf 92' lang='lat' dir='ltr'><strong>cultum</strong></span> <span class='ocrx_word' id='word_1_71' title='bbox 1014 630 1116 667; x_wconf 86' lang='lat' dir='ltr'><strong>exhi-</strong></span> 
     </span>
     <span class='ocr_line' id='line_1_34' title="bbox 57 690 1115 738; baseline -0.001 -9"><span class='ocrx_word' id='word_1_72' title='bbox 57 691 175 730; x_wconf 87' lang='lat' dir='ltr'><strong>bendo</strong></span> <span class='ocrx_word' id='word_1_73' title='bbox 193 695 230 728; x_wconf 90' lang='lat' dir='ltr'><strong>et</strong></span> <span class='ocrx_word' id='word_1_74' title='bbox 244 700 318 727; x_wconf 91' lang='lat' dir='ltr'><strong>non</strong></span> <span class='ocrx_word' id='word_1_75' title='bbox 338 690 412 727; x_wconf 92' lang='lat' dir='ltr'><strong>Deo</strong></span> <span class='ocrx_word' id='word_1_76' title='bbox 433 702 441 726; x_wconf 75' lang='grc' dir='ltr'>ε</span> <span class='ocrx_word' id='word_1_77' title='bbox 464 691 559 737; x_wconf 91' lang='lat' dir='ltr'><strong>quod</strong></span> <span class='ocrx_word' id='word_1_78' title='bbox 574 690 701 727; x_wconf 88' lang='lat' dir='ltr'><strong>Patres</strong></span> <span class='ocrx_word' id='word_1_79' title='bbox 719 691 850 735; x_wconf 85' lang='lat' dir='ltr'><strong>nostri,</strong></span> <span class='ocrx_word' id='word_1_80' title='bbox 872 691 941 728; x_wconf 89' lang='lat' dir='ltr'><strong>hoc</strong></span> <span class='ocrx_word' id='word_1_81' title='bbox 959 696 1028 736; x_wconf 91' lang='lat' dir='ltr'><strong>est,</strong></span> <span class='ocrx_word' id='word_1_82' title='bbox 1051 701 1115 738; x_wconf 89' lang='lat' dir='ltr'><strong>pa-</strong></span> 
     </span>
     <span class='ocr_line' id='line_1_35' title="bbox 57 753 1113 800; baseline -0.002 -9"><span class='ocrx_word' id='word_1_83' title='bbox 57 754 240 797; x_wconf 80' lang='lat' dir='ltr'><strong>triarchae,</strong></span> <span class='ocrx_word' id='word_1_84' title='bbox 257 758 293 790; x_wconf 95' lang='lat' dir='ltr'><strong>et</strong></span> <span class='ocrx_word' id='word_1_85' title='bbox 310 753 506 799; x_wconf 86' lang='lat' dir='ltr'><strong>prophetae,</strong></span> <span class='ocrx_word' id='word_1_86' title='bbox 525 757 563 790; x_wconf 91' lang='lat' dir='ltr'><strong>et</strong></span> <span class='ocrx_word' id='word_1_87' title='bbox 579 753 731 799; x_wconf 90' lang='lat' dir='ltr'><strong>apostoli</strong></span> <span class='ocrx_word' id='word_1_88' title='bbox 747 759 856 799; x_wconf 88' lang='lat' dir='ltr'><strong>atquc</strong></span> <span class='ocrx_word' id='word_1_89' title='bbox 873 753 1113 800; x_wconf 86' lang='lat' dir='ltr'><strong>evangelistae,</strong></span> 
     </span>
     <span class='ocr_line' id='line_1_36' title="bbox 57 813 1114 862; baseline -0.004 -9"><span class='ocrx_word' id='word_1_90' title='bbox 57 824 286 862; x_wconf 81' lang='lat' dir='ltr'><strong>nequaquam</strong></span> <span class='ocrx_word' id='word_1_91' title='bbox 312 814 489 851; x_wconf 80' lang='lat' dir='ltr'><strong>fecerunt.</strong></span> <span class='ocrx_word' id='word_1_92' title='bbox 526 814 612 851; x_wconf 88' lang='lat' dir='ltr'><strong>Inde</strong></span> <span class='ocrx_word' id='word_1_93' title='bbox 642 815 764 852; x_wconf 88' lang='lat' dir='ltr'><strong>evenit</strong></span> <span class='ocrx_word' id='word_1_94' title='bbox 794 814 874 851; x_wconf 92' lang='lat' dir='ltr'><strong>istis</strong></span> <span class='ocrx_word' id='word_1_95' title='bbox 901 813 1114 858; x_wconf 88' lang='lat' dir='ltr'><strong>idololatris,</strong></span> 
     </span>
     <span class='ocr_line' id='line_1_37' title="bbox 56 874 1116 923; baseline -0.003 -11"><span class='ocrx_word' id='word_1_96' title='bbox 56 876 152 923; x_wconf 80' lang='lat' dir='ltr'><strong>quod</strong></span> <span class='ocrx_word' id='word_1_97' title='bbox 169 875 492 913; x_wconf 91' lang='lat' dir='ltr'><strong>clementissimum</strong></span> <span class='ocrx_word' id='word_1_98' title='bbox 519 877 711 913; x_wconf 89' lang='lat' dir='ltr'><strong>Dominum</strong></span> <span class='ocrx_word' id='word_1_99' title='bbox 740 875 844 911; x_wconf 88' lang='lat' dir='ltr'><strong>malis</strong></span> <span class='ocrx_word' id='word_1_100' title='bbox 873 875 947 911; x_wconf 88' lang='lat' dir='ltr'><strong>suis</strong></span> <span class='ocrx_word' id='word_1_101' title='bbox 970 874 1116 910; x_wconf 89' lang='lat' dir='ltr'><strong>irritan-</strong></span> 
     </span>
     <span class='ocr_line' id='line_1_38' title="bbox 56 937 1116 984; baseline -0.004 -10"><span class='ocrx_word' id='word_1_102' title='bbox 56 940 126 980; x_wconf 88' lang='lat' dir='ltr'><strong>tes,</strong></span> <span class='ocrx_word' id='word_1_103' title='bbox 146 946 253 983; x_wconf 86' lang='lat' dir='ltr'><strong>quem</strong></span> <span class='ocrx_word' id='word_1_104' title='bbox 271 937 466 984; x_wconf 90' lang='lat' dir='ltr'><strong>propitium</strong></span> <span class='ocrx_word' id='word_1_105' title='bbox 482 937 616 974; x_wconf 89' lang='lat' dir='ltr'><strong>habere</strong></span> <span class='ocrx_word' id='word_1_106' title='bbox 635 940 796 982; x_wconf 83' lang='lat' dir='ltr'><strong>possent,</strong></span> <span class='ocrx_word' id='word_1_107' title='bbox 821 944 987 971; x_wconf 90' lang='lat' dir='ltr'><strong>severum</strong></span> <span class='ocrx_word' id='word_1_108' title='bbox 1008 939 1116 980; x_wconf 87' lang='lat' dir='ltr'><strong>atque</strong></span> 
     </span>
     <span class='ocr_line' id='line_1_39' title="bbox 55 996 1116 1045; baseline -0.003 -10"><span class='ocrx_word' id='word_1_109' title='bbox 55 997 269 1035; x_wconf 86' lang='lat' dir='ltr'><strong>destrictum</strong></span> <span class='ocrx_word' id='word_1_110' title='bbox 286 998 498 1045; x_wconf 82' lang='lat' dir='ltr'><strong>perpensuri</strong></span> <span class='ocrx_word' id='word_1_111' title='bbox 516 1003 599 1035; x_wconf 92' lang='lat' dir='ltr'><strong>sunt</strong></span> <span class='ocrx_word' id='word_1_112' title='bbox 621 1010 628 1031; x_wconf 75' lang='grc' dir='ltr'>ε</span> <span class='ocrx_word' id='word_1_113' title='bbox 655 1009 668 1031; x_wconf 78' lang='grc'><strong>1</strong></span> <span class='ocrx_word' id='word_1_114' title='bbox 699 997 827 1039; x_wconf 91' lang='lat' dir='ltr'><strong>Deum,</strong></span> <span class='ocrx_word' id='word_1_115' title='bbox 857 996 917 1042; x_wconf 90' lang='lat' dir='ltr'><strong>qui</strong></span> <span class='ocrx_word' id='word_1_116' title='bbox 938 1000 973 1032; x_wconf 89' lang='lat' dir='ltr'><strong>te</strong></span> <span class='ocrx_word' id='word_1_117' title='bbox 993 997 1116 1043; x_wconf 85' lang='lat' dir='ltr'><strong>genuit</strong></span> 
     </span>
     <span class='ocr_line' id='line_1_40' title="bbox 59 1056 1111 1103; baseline -0.003 -10"><span class='ocrx_word' id='word_1_118' title='bbox 59 1069 74 1093; x_wconf 76' lang='grc' dir='ltr'>ι</span> <span class='ocrx_word' id='word_1_119' title='bbox 98 1058 346 1103; x_wconf 89' lang='lat' dir='ltr'><strong>dereliquisti,</strong></span> <span class='ocrx_word' id='word_1_120' title='bbox 373 1064 410 1095; x_wconf 89' lang='lat' dir='ltr'><strong>et</strong></span> <span class='ocrx_word' id='word_1_121' title='bbox 429 1058 562 1094; x_wconf 89' lang='lat' dir='ltr'><strong>oblitus</strong></span> <span class='ocrx_word' id='word_1_122' title='bbox 581 1067 620 1093; x_wconf 92' lang='lat' dir='ltr'><strong>es</strong></span> <span class='ocrx_word' id='word_1_123' title='bbox 639 1056 781 1092; x_wconf 89' lang='lat' dir='ltr'><strong>Domini</strong></span> <span class='ocrx_word' id='word_1_124' title='bbox 807 1057 981 1092; x_wconf 89' lang='lat' dir='ltr'><strong>creatoris</strong></span> <span class='ocrx_word' id='word_1_125' title='bbox 1005 1056 1070 1093; x_wconf 90' lang='lat' dir='ltr'><strong>tui.</strong></span> <span class='ocrx_word' id='word_1_126' title='bbox 1099 1069 1111 1090; x_wconf 85' lang='lat'><strong>›</strong></span> 
     </span>
     <span class='ocr_line' id='line_1_41' title="bbox 55 1117 1113 1164; baseline -0.002 -8"><span class='ocrx_word' id='word_1_127' title='bbox 55 1117 187 1156; x_wconf 84' lang='lat' dir='ltr'><strong>Genuit</strong></span> <span class='ocrx_word' id='word_1_128' title='bbox 205 1117 379 1154; x_wconf 87' lang='lat' dir='ltr'><strong>Dominus</strong></span> <span class='ocrx_word' id='word_1_129' title='bbox 408 1117 674 1164; x_wconf 88' lang='lat' dir='ltr'><strong>quodammodo</strong></span> <span class='ocrx_word' id='word_1_130' title='bbox 698 1117 878 1153; x_wconf 88' lang='lat' dir='ltr'><strong>Israelitas</strong></span> <span class='ocrx_word' id='word_1_131' title='bbox 906 1127 970 1163; x_wconf 88' lang='lat' dir='ltr'><strong>per</strong></span> <span class='ocrx_word' id='word_1_132' title='bbox 996 1117 1113 1164; x_wconf 86' lang='lat' dir='ltr'><strong>legem</strong></span> 
     </span>
    </p>
   </div>
   <div class='ocr_carea' id='block_1_4' title="bbox 42 1238 1120 2076">
    <p class='ocr_par' dir='ltr' id='par_1_4' title="bbox 42 1238 1120 2076">
     <span class='ocr_line' id='line_1_42' title="bbox 42 1238 1115 1289; baseline 0 -13"><span class='ocrx_word' id='word_1_133' title='bbox 42 1246 121 1287; x_wconf 68' lang='lat' dir='ltr'><strong>⁴per</strong></span> <span class='ocrx_word' id='word_1_134' title='bbox 149 1238 318 1289; x_wconf 78' lang='lat' dir='ltr'><strong>baptismi</strong></span> <span class='ocrx_word' id='word_1_135' title='bbox 351 1239 505 1286; x_wconf 82' lang='lat' dir='ltr'><strong>gratiam</strong></span> <span class='ocrx_word' id='word_1_136' title='bbox 537 1244 573 1275; x_wconf 88' lang='lat' dir='ltr'><strong>ct</strong></span> <span class='ocrx_word' id='word_1_137' title='bbox 603 1239 927 1275; x_wconf 83' lang='lat' dir='ltr'><strong>sanctificationem</strong></span> <span class='ocrx_word' id='word_1_138' title='bbox 959 1238 1115 1284; x_wconf 82' lang='lat' dir='ltr'><strong>Spiritus</strong></span> 
     </span>
     <span class='ocr_line' id='line_1_43' title="bbox 43 1297 1115 1345; baseline -0.001 -11"><span class='ocrx_word' id='word_1_139' title='bbox 43 1298 183 1338; x_wconf 57' lang='lat' dir='ltr'><strong>sancti.</strong></span> <span class='ocrx_word' id='word_1_140' title='bbox 207 1297 279 1335; x_wconf 88' lang='lat' dir='ltr'><strong>Sed</strong></span> <span class='ocrx_word' id='word_1_141' title='bbox 296 1299 358 1345; x_wconf 90' lang='lat' dir='ltr'><strong>qui</strong></span> <span class='ocrx_word' id='word_1_142' title='bbox 375 1298 540 1335; x_wconf 89' lang='lat' dir='ltr'><strong>oblivisci</strong></span> <span class='ocrx_word' id='word_1_143' title='bbox 556 1308 629 1334; x_wconf 89' lang='lat' dir='ltr'><strong>non</strong></span> <span class='ocrx_word' id='word_1_144' title='bbox 651 1298 765 1341; x_wconf 88' lang='lat' dir='ltr'><strong>timet,</strong></span> <span class='ocrx_word' id='word_1_145' title='bbox 779 1297 875 1343; x_wconf 86' lang='lat' dir='ltr'><strong>juste</strong></span> <span class='ocrx_word' id='word_1_146' title='bbox 896 1298 963 1334; x_wconf 90' lang='lat' dir='ltr'><strong>sibi</strong></span> <span class='ocrx_word' id='word_1_147' title='bbox 985 1299 1115 1334; x_wconf 90' lang='lat' dir='ltr'><strong>iratum</strong></span> 
     </span>
     <span class='ocr_line' id='line_1_44' title="bbox 55 1357 1114 1407; baseline -0.005 -10"><span class='ocrx_word' id='word_1_148' title='bbox 55 1359 247 1398; x_wconf 83' lang='lat' dir='ltr'><strong>nominum</strong></span> <span class='ocrx_word' id='word_1_149' title='bbox 263 1370 329 1407; x_wconf 89' lang='lat' dir='ltr'><strong>per</strong></span> <span class='ocrx_word' id='word_1_150' title='bbox 348 1359 548 1396; x_wconf 90' lang='lat' dir='ltr'><strong>vindictam</strong></span> <span class='ocrx_word' id='word_1_151' title='bbox 566 1359 710 1394; x_wconf 78' lang='lat' dir='ltr'><strong>sentiet.</strong></span> <span class='ocrx_word' id='word_1_152' title='bbox 737 1358 840 1394; x_wconf 89' lang='lat' dir='ltr'><strong>Unde</strong></span> <span class='ocrx_word' id='word_1_153' title='bbox 860 1357 1085 1404; x_wconf 85' lang='lat' dir='ltr'><strong>subjungitur</strong></span> <span class='ocrx_word' id='word_1_154' title='bbox 1104 1366 1114 1391; x_wconf 86' lang='lat'><strong>:</strong></span> 
     </span>
     <span class='ocr_line' id='line_1_45' title="bbox 58 1419 1113 1460; baseline -0.004 -3"><span class='ocrx_word' id='word_1_155' title='bbox 58 1432 74 1457; x_wconf 77' lang='grc' dir='ltr'>ι</span> <span class='ocrx_word' id='word_1_156' title='bbox 99 1421 194 1460; x_wconf 82' lang='lat' dir='ltr'><strong>Vidit</strong></span> <span class='ocrx_word' id='word_1_157' title='bbox 218 1422 392 1458; x_wconf 90' lang='lat' dir='ltr'><strong>Dominus</strong></span> <span class='ocrx_word' id='word_1_158' title='bbox 420 1426 456 1457; x_wconf 88' lang='lat' dir='ltr'><strong>et</strong></span> <span class='ocrx_word' id='word_1_159' title='bbox 484 1421 530 1457; x_wconf 88' lang='lat' dir='ltr'><strong>ad</strong></span> <span class='ocrx_word' id='word_1_160' title='bbox 555 1419 780 1456; x_wconf 76' lang='lat' dir='ltr'><strong>iracundiam</strong></span> <span class='ocrx_word' id='word_1_161' title='bbox 806 1419 1005 1455; x_wconf 88' lang='lat' dir='ltr'><strong>concitatus</strong></span> <span class='ocrx_word' id='word_1_162' title='bbox 1028 1423 1084 1454; x_wconf 90' lang='lat' dir='ltr'><strong>est</strong></span> <span class='ocrx_word' id='word_1_163' title='bbox 1105 1430 1113 1453; x_wconf 90' lang='lat'><strong>:</strong></span> 
     </span>
     <span class='ocr_line' id='line_1_46' title="bbox 58 1478 1113 1530; baseline -0.004 -12"><span class='ocrx_word' id='word_1_164' title='bbox 58 1493 74 1518; x_wconf 75' lang='grc' dir='ltr'>ι</span> <span class='ocrx_word' id='word_1_165' title='bbox 96 1483 180 1530; x_wconf 84' lang='grc'><strong>11313</strong></span> <span class='ocrx_word' id='word_1_166' title='bbox 208 1486 497 1529; x_wconf 86' lang='lat' dir='ltr'><strong>provocaverunt</strong></span> <span class='ocrx_word' id='word_1_167' title='bbox 515 1490 599 1516; x_wconf 91' lang='lat' dir='ltr'><strong>eum</strong></span> <span class='ocrx_word' id='word_1_168' title='bbox 621 1480 684 1516; x_wconf 85' lang='lat' dir='ltr'><strong>filii</strong></span> <span class='ocrx_word' id='word_1_169' title='bbox 703 1480 759 1516; x_wconf 86' lang='lat' dir='ltr'><strong>sui</strong></span> <span class='ocrx_word' id='word_1_170' title='bbox 788 1484 823 1514; x_wconf 89' lang='lat' dir='ltr'><strong>et</strong></span> <span class='ocrx_word' id='word_1_171' title='bbox 850 1479 945 1515; x_wconf 80' lang='lat' dir='ltr'><strong>filiae.</strong></span> <span class='ocrx_word' id='word_1_172' title='bbox 969 1479 1014 1514; x_wconf 84' lang='lat' dir='ltr'><strong>Et</strong></span> <span class='ocrx_word' id='word_1_173' title='bbox 1033 1478 1084 1514; x_wconf 90' lang='lat' dir='ltr'><strong>ait</strong></span> <span class='ocrx_word' id='word_1_174' title='bbox 1105 1490 1113 1514; x_wconf 76' lang='grc' dir='ltr'>ε</span> 
     </span>
     <span class='ocr_line' id='line_1_47' title="bbox 59 1540 1116 1584; baseline -0.003 -5"><span class='ocrx_word' id='word_1_175' title='bbox 59 1553 74 1578; x_wconf 76' lang='grc' dir='ltr'>ι</span> <span class='ocrx_word' id='word_1_176' title='bbox 96 1542 324 1579; x_wconf 85' lang='lat' dir='ltr'><strong>Abscondam</strong></span> <span class='ocrx_word' id='word_1_177' title='bbox 353 1542 483 1579; x_wconf 82' lang='lat' dir='ltr'><strong>faciem</strong></span> <span class='ocrx_word' id='word_1_178' title='bbox 514 1551 631 1577; x_wconf 88' lang='lat' dir='ltr'><strong>meam</strong></span> <span class='ocrx_word' id='word_1_179' title='bbox 653 1542 698 1577; x_wconf 87' lang='lat' dir='ltr'><strong>ab</strong></span> <span class='ocrx_word' id='word_1_180' title='bbox 727 1541 802 1584; x_wconf 87' lang='lat' dir='ltr'><strong>eis,</strong></span> <span class='ocrx_word' id='word_1_181' title='bbox 824 1546 860 1577; x_wconf 92' lang='lat' dir='ltr'><strong>et</strong></span> <span class='ocrx_word' id='word_1_182' title='bbox 880 1540 1116 1577; x_wconf 85' lang='lat' dir='ltr'><strong>considerabo</strong></span> 
     </span>
     <span class='ocr_line' id='line_1_48' title="bbox 60 1603 1117 1650; baseline -0.002 -9"><span class='ocrx_word' id='word_1_183' title='bbox 60 1615 75 1641; x_wconf 75' lang='grc'><strong>1</strong></span> <span class='ocrx_word' id='word_1_184' title='bbox 96 1605 296 1641; x_wconf 89' lang='lat' dir='ltr'><strong>novissima</strong></span> <span class='ocrx_word' id='word_1_185' title='bbox 326 1614 466 1641; x_wconf 82' lang='lat' dir='ltr'><strong>eorum.</strong></span> <span class='ocrx_word' id='word_1_186' title='bbox 492 1616 504 1639; x_wconf 83' lang='lat'><strong>›</strong></span> <span class='ocrx_word' id='word_1_187' title='bbox 535 1603 633 1639; x_wconf 88' lang='lat' dir='ltr'><strong>Nihil</strong></span> <span class='ocrx_word' id='word_1_188' title='bbox 664 1604 808 1650; x_wconf 81' lang='lat' dir='ltr'><strong>gravius</strong></span> <span class='ocrx_word' id='word_1_189' title='bbox 841 1609 896 1639; x_wconf 89' lang='lat' dir='ltr'><strong>est</strong></span> <span class='ocrx_word' id='word_1_190' title='bbox 929 1603 967 1639; x_wconf 91' lang='lat' dir='ltr'><strong>in</strong></span> <span class='ocrx_word' id='word_1_191' title='bbox 999 1603 1117 1649; x_wconf 88' lang='lat' dir='ltr'><strong>poenis</strong></span> 
     </span>
     <span class='ocr_line' id='line_1_49' title="bbox 45 1664 1118 1713; baseline 0.002 -15"><span class='ocrx_word' id='word_1_192' title='bbox 45 1675 163 1713; x_wconf 64' lang='lat' dir='ltr'><strong>oquam</strong></span> <span class='ocrx_word' id='word_1_193' title='bbox 183 1666 377 1712; x_wconf 88' lang='lat' dir='ltr'><strong>praesentia</strong></span> <span class='ocrx_word' id='word_1_194' title='bbox 397 1670 434 1701; x_wconf 91' lang='lat' dir='ltr'><strong>et</strong></span> <span class='ocrx_word' id='word_1_195' title='bbox 455 1665 594 1701; x_wconf 75' lang='lat' dir='ltr'><strong>visione</strong></span> <span class='ocrx_word' id='word_1_196' title='bbox 614 1664 677 1700; x_wconf 90' lang='lat' dir='ltr'><strong>Dei</strong></span> <span class='ocrx_word' id='word_1_197' title='bbox 707 1664 856 1710; x_wconf 91' lang='lat' dir='ltr'><strong>privari.</strong></span> <span class='ocrx_word' id='word_1_198' title='bbox 890 1664 993 1701; x_wconf 90' lang='lat' dir='ltr'><strong>Unde</strong></span> <span class='ocrx_word' id='word_1_199' title='bbox 1021 1664 1118 1711; x_wconf 89' lang='lat' dir='ltr'><strong>psal-</strong></span> 
     </span>
     <span class='ocr_line' id='line_1_50' title="bbox 46 1725 1118 1774; baseline 0.001 -12"><span class='ocrx_word' id='word_1_200' title='bbox 46 1727 163 1764; x_wconf 61' lang='lat' dir='ltr'><strong>‚mista</strong></span> <span class='ocrx_word' id='word_1_201' title='bbox 186 1726 378 1763; x_wconf 92' lang='lat' dir='ltr'><strong>Dominum</strong></span> <span class='ocrx_word' id='word_1_202' title='bbox 407 1727 621 1773; x_wconf 88' lang='lat' dir='ltr'><strong>deprecatur</strong></span> <span class='ocrx_word' id='word_1_203' title='bbox 646 1726 797 1762; x_wconf 82' lang='lat' dir='ltr'><strong>dicens:</strong></span> <span class='ocrx_word' id='word_1_204' title='bbox 829 1738 840 1760; x_wconf 79' lang='grc'><strong>1</strong></span> <span class='ocrx_word' id='word_1_205' title='bbox 871 1725 922 1762; x_wconf 88' lang='lat' dir='ltr'><strong>Ne</strong></span> <span class='ocrx_word' id='word_1_206' title='bbox 948 1726 1118 1774; x_wconf 85' lang='lat' dir='ltr'><strong>projicias</strong></span> 
     </span>
     <span class='ocr_line' id='line_1_51' title="bbox 46 1787 1119 1836; baseline -0.001 -12"><span class='ocrx_word' id='word_1_207' title='bbox 46 1798 117 1826; x_wconf 73' lang='lat' dir='ltr'><strong>nme</strong></span> <span class='ocrx_word' id='word_1_208' title='bbox 133 1799 154 1824; x_wconf 89' lang='lat' dir='ltr'><strong>a</strong></span> <span class='ocrx_word' id='word_1_209' title='bbox 172 1787 264 1825; x_wconf 80' lang='lat' dir='ltr'><strong>facie</strong></span> <span class='ocrx_word' id='word_1_210' title='bbox 282 1794 340 1825; x_wconf 87' lang='lat' dir='ltr'><strong>tua</strong></span> <span class='ocrx_word' id='word_1_211' title='bbox 359 1787 474 1835; x_wconf 80' lang='lat' dir='ltr'><strong>(Psal‘.</strong></span> <span class='ocrx_word' id='word_1_212' title='bbox 495 1787 544 1836; x_wconf 85' lang='lat' dir='ltr'><strong>L).</strong></span> <span class='ocrx_word' id='word_1_213' title='bbox 574 1801 586 1823; x_wconf 87' lang='lat'><strong>›</strong></span> <span class='ocrx_word' id='word_1_214' title='bbox 612 1788 655 1823; x_wconf 86' lang='lat' dir='ltr'><strong>Et</strong></span> <span class='ocrx_word' id='word_1_215' title='bbox 680 1788 764 1824; x_wconf 90' lang='lat' dir='ltr'><strong>item</strong></span> <span class='ocrx_word' id='word_1_216' title='bbox 786 1800 795 1824; x_wconf 72' lang='grc' dir='ltr'>ι</span> <span class='ocrx_word' id='word_1_217' title='bbox 823 1787 878 1824; x_wconf 85' lang='lat' dir='ltr'><strong>Ne</strong></span> <span class='ocrx_word' id='word_1_218' title='bbox 896 1796 1044 1831; x_wconf 76' lang='lat' dir='ltr'><strong>avertas,</strong></span> <span class='ocrx_word' id='word_1_219' title='bbox 1064 1788 1119 1823; x_wconf 78' lang='lat' dir='ltr'><strong>‘m-</strong></span> 
     </span>
     <span class='ocr_line' id='line_1_52' title="bbox 46 1847 1118 1896; baseline -0.003 -12"><span class='ocrx_word' id='word_1_220' title='bbox 46 1849 156 1896; x_wconf 70' lang='lat' dir='ltr'><strong>iquit.</strong></span> <span class='ocrx_word' id='word_1_221' title='bbox 179 1849 304 1895; x_wconf 75' lang='lat' dir='ltr'><strong>faciem</strong></span> <span class='ocrx_word' id='word_1_222' title='bbox 324 1856 422 1886; x_wconf 84' lang='lat' dir='ltr'><strong>tuam</strong></span> <span class='ocrx_word' id='word_1_223' title='bbox 447 1861 468 1886; x_wconf 90' lang='lat' dir='ltr'><strong>a</strong></span> <span class='ocrx_word' id='word_1_224' title='bbox 495 1860 562 1885; x_wconf 82' lang='lat' dir='ltr'><strong>me.</strong></span> <span class='ocrx_word' id='word_1_225' title='bbox 593 1849 684 1885; x_wconf 87' lang='lat' dir='ltr'><strong>Hinc</strong></span> <span class='ocrx_word' id='word_1_226' title='bbox 706 1855 742 1886; x_wconf 89' lang='lat' dir='ltr'><strong>et</strong></span> <span class='ocrx_word' id='word_1_227' title='bbox 762 1847 828 1885; x_wconf 84' lang='lat' dir='ltr'><strong>Job</strong></span> <span class='ocrx_word' id='word_1_228' title='bbox 854 1849 898 1884; x_wconf 87' lang='lat' dir='ltr'><strong>ad</strong></span> <span class='ocrx_word' id='word_1_229' title='bbox 926 1848 1118 1884; x_wconf 90' lang='lat' dir='ltr'><strong>Dominum</strong></span> 
     </span>
     <span class='ocr_line' id='line_1_53' title="bbox 48 1906 1116 1955; baseline -0.002 -12"><span class='ocrx_word' id='word_1_230' title='bbox 48 1907 216 1955; x_wconf 82' lang='lat' dir='ltr'><strong>lloquitur</strong></span> <span class='ocrx_word' id='word_1_231' title='bbox 236 1909 361 1946; x_wconf 91' lang='lat' dir='ltr'><strong>dicens</strong></span> <span class='ocrx_word' id='word_1_232' title='bbox 385 1921 393 1945; x_wconf 92' lang='lat'>:</span> <span class='ocrx_word' id='word_1_233' title='bbox 426 1922 438 1942; x_wconf 87' lang='lat'>‹</span> <span class='ocrx_word' id='word_1_234' title='bbox 459 1909 490 1945; x_wconf 88' lang='lat' dir='ltr'>A</span> <span class='ocrx_word' id='word_1_235' title='bbox 509 1908 602 1946; x_wconf 83' lang='lat' dir='ltr'><strong>facie</strong></span> <span class='ocrx_word' id='word_1_236' title='bbox 627 1915 688 1945; x_wconf 89' lang='lat' dir='ltr'><strong>tua</strong></span> <span class='ocrx_word' id='word_1_237' title='bbox 707 1919 778 1945; x_wconf 92' lang='lat' dir='ltr'><strong>non</strong></span> <span class='ocrx_word' id='word_1_238' title='bbox 804 1908 1004 1944; x_wconf 83' lang='lat' dir='ltr'><strong>abscondar</strong></span> <span class='ocrx_word' id='word_1_239' title='bbox 1022 1906 1116 1954; x_wconf 54' lang='lat' dir='ltr'><strong>(Job.</strong></span> 
     </span>
     <span class='ocr_line' id='line_1_54' title="bbox 47 1967 1120 2016; baseline -0.001 -14"><span class='ocrx_word' id='word_1_240' title='bbox 47 1969 152 2016; x_wconf 65' lang='lat' dir='ltr'><strong>exin).</strong></span> <span class='ocrx_word' id='word_1_241' title='bbox 176 1983 188 2004; x_wconf 86' lang='lat'>›</span> <span class='ocrx_word' id='word_1_242' title='bbox 213 1969 303 2014; x_wconf 84' lang='lat' dir='ltr'><strong>Quia</strong></span> <span class='ocrx_word' id='word_1_243' title='bbox 324 1980 410 2016; x_wconf 84' lang='lat' dir='ltr'><strong>ergo</strong></span> <span class='ocrx_word' id='word_1_244' title='bbox 440 1970 504 2006; x_wconf 85' lang='lat' dir='ltr'><strong>filii</strong></span> <span class='ocrx_word' id='word_1_245' title='bbox 537 1975 573 2006; x_wconf 89' lang='lat' dir='ltr'><strong>et</strong></span> <span class='ocrx_word' id='word_1_246' title='bbox 602 1970 699 2013; x_wconf 84' lang='lat' dir='ltr'><strong>filiae,</strong></span> <span class='ocrx_word' id='word_1_247' title='bbox 730 1970 799 2005; x_wconf 90' lang='lat' dir='ltr'><strong>hoc</strong></span> <span class='ocrx_word' id='word_1_248' title='bbox 828 1974 896 2012; x_wconf 87' lang='lat' dir='ltr'><strong>est,</strong></span> <span class='ocrx_word' id='word_1_249' title='bbox 932 1967 1120 2012; x_wconf 89' lang='lat' dir='ltr'><strong>utriusque</strong></span> 
     </span>
     <span class='ocr_line' id='line_1_55' title="bbox 48 2029 1120 2076; baseline -0.001 -12"><span class='ocrx_word' id='word_1_250' title='bbox 48 2037 166 2067; x_wconf 73' lang='lat' dir='ltr'><strong>»sexus</strong></span> <span class='ocrx_word' id='word_1_251' title='bbox 185 2030 350 2066; x_wconf 89' lang='lat' dir='ltr'><strong>homines</strong></span> <span class='ocrx_word' id='word_1_252' title='bbox 370 2031 554 2067; x_wconf 87' lang='lat' dir='ltr'><strong>irritantes</strong></span> <span class='ocrx_word' id='word_1_253' title='bbox 585 2040 667 2066; x_wconf 93' lang='lat' dir='ltr'><strong>eum</strong></span> <span class='ocrx_word' id='word_1_254' title='bbox 692 2040 760 2076; x_wconf 90' lang='lat' dir='ltr'><strong>pro</strong></span> <span class='ocrx_word' id='word_1_255' title='bbox 789 2029 894 2065; x_wconf 89' lang='lat' dir='ltr'><strong>malis</strong></span> <span class='ocrx_word' id='word_1_256' title='bbox 922 2029 1011 2071; x_wconf 86' lang='lat' dir='ltr'><strong>suis,</strong></span> <span class='ocrx_word' id='word_1_257' title='bbox 1041 2038 1120 2074; x_wconf 77' lang='lat' dir='ltr'><strong>quac</strong></span> 
     </span>
    </p>
   </div>
   <div class='ocr_carea' id='block_1_5' title="bbox 50 2150 1125 2370">
    <p class='ocr_par' dir='ltr' id='par_1_5' title="bbox 50 2150 1125 2370">
     <span class='ocr_line' id='line_1_56' title="bbox 50 2150 1120 2198; baseline 0.001 -12"><span class='ocrx_word' id='word_1_258' title='bbox 50 2150 122 2188; x_wconf 79' lang='grc'><strong>11110</strong></span> <span class='ocrx_word' id='word_1_259' title='bbox 140 2152 287 2196; x_wconf 79' lang='lat' dir='ltr'><strong>deserti,</strong></span> <span class='ocrx_word' id='word_1_260' title='bbox 309 2152 346 2188; x_wconf 92' lang='lat' dir='ltr'><strong>in</strong></span> <span class='ocrx_word' id='word_1_261' title='bbox 363 2152 570 2189; x_wconf 88' lang='lat' dir='ltr'><strong>novissimis</strong></span> <span class='ocrx_word' id='word_1_262' title='bbox 588 2162 713 2188; x_wconf 90' lang='lat' dir='ltr'><strong>eorum</strong></span> <span class='ocrx_word' id='word_1_263' title='bbox 731 2151 956 2198; x_wconf 86' lang='lat' dir='ltr'><strong>probabitur,</strong></span> <span class='ocrx_word' id='word_1_264' title='bbox 976 2150 1120 2197; x_wconf 84' lang='lat' dir='ltr'><strong>quando</strong></span> 
     </span>
     <span class='ocr_line' id='line_1_57' title="bbox 50 2212 1124 2259; baseline -0.001 -11"><span class='ocrx_word' id='word_1_265' title='bbox 50 2213 189 2259; x_wconf 68' lang='grc'><strong>1111111135</strong></span> <span class='ocrx_word' id='word_1_266' title='bbox 206 2212 400 2257; x_wconf 89' lang='lat' dir='ltr'><strong>sustinent,</strong></span> <span class='ocrx_word' id='word_1_267' title='bbox 418 2212 514 2259; x_wconf 90' lang='lat' dir='ltr'><strong>quod</strong></span> <span class='ocrx_word' id='word_1_268' title='bbox 531 2212 644 2248; x_wconf 91' lang='lat' dir='ltr'><strong>Deum</strong></span> <span class='ocrx_word' id='word_1_269' title='bbox 664 2212 798 2248; x_wconf 89' lang='lat' dir='ltr'><strong>habent</strong></span> <span class='ocrx_word' id='word_1_270' title='bbox 818 2212 963 2255; x_wconf 90' lang='lat' dir='ltr'><strong>iratum,</strong></span> <span class='ocrx_word' id='word_1_271' title='bbox 981 2212 1051 2248; x_wconf 88' lang='grc'><strong>1100</strong></span> <span class='ocrx_word' id='word_1_272' title='bbox 1069 2217 1124 2248; x_wconf 91' lang='lat' dir='ltr'><strong>est</strong></span> 
     </span>
     <span class='ocr_line' id='line_1_58' title="bbox 50 2271 1125 2316; baseline -0.001 -8"><span class='ocrx_word' id='word_1_273' title='bbox 50 2273 161 2310; x_wconf 72' lang='lat' dir='ltr'><strong>«enim</strong></span> <span class='ocrx_word' id='word_1_274' title='bbox 178 2273 410 2311; x_wconf 88' lang='lat' dir='ltr'><strong>considerare</strong></span> <span class='ocrx_word' id='word_1_275' title='bbox 429 2273 626 2311; x_wconf 88' lang='lat' dir='ltr'><strong>novissima</strong></span> <span class='ocrx_word' id='word_1_276' title='bbox 646 2281 786 2316; x_wconf 90' lang='lat' dir='ltr'><strong>eorum,</strong></span> <span class='ocrx_word' id='word_1_277' title='bbox 807 2271 1032 2308; x_wconf 80' lang='lat' dir='ltr'><strong>manifestari</strong></span> <span class='ocrx_word' id='word_1_278' title='bbox 1050 2277 1125 2308; x_wconf 84' lang='lat' dir='ltr'><strong>tor-</strong></span> 
     </span>
     <span class='ocr_line' id='line_1_59' title="bbox 52 2333 363 2370; baseline 0.01 -3"><span class='ocrx_word' id='word_1_279' title='bbox 52 2338 185 2370; x_wconf 65' lang='lat' dir='ltr'><strong>amenta</strong></span> <span class='ocrx_word' id='word_1_280' title='bbox 205 2333 363 2370; x_wconf 89' lang='lat' dir='ltr'><strong>illorum.</strong></span> 
     </span>
    </p>
   </div>
   <div class='ocr_carea' id='block_1_6' title="bbox 0 2407 1139 3864">
    <p class='ocr_par' dir='ltr' id='par_1_6' title="bbox 0 2407 1139 3864">
     <span class='ocr_line' id='line_1_60' title="bbox 0 2407 1127 2457; baseline 0.001 -14"><span class='ocrx_word' id='word_1_281' title='bbox 0 2415 1 2418; x_wconf 70' lang='grc'>’</span> <span class='ocrx_word' id='word_1_282' title='bbox 50 2409 73 2442; x_wconf 68' lang='grc' dir='ltr'><strong>’.ί</strong></span> <span class='ocrx_word' id='word_1_283' title='bbox 114 2421 126 2444; x_wconf 84' lang='grc'><strong>1</strong></span> <span class='ocrx_word' id='word_1_284' title='bbox 144 2408 337 2446; x_wconf 85' lang='lat' dir='ltr'><strong>Generatio</strong></span> <span class='ocrx_word' id='word_1_285' title='bbox 353 2409 449 2446; x_wconf 92' lang='lat' dir='ltr'><strong>enim</strong></span> <span class='ocrx_word' id='word_1_286' title='bbox 467 2419 639 2457; x_wconf 87' lang='lat' dir='ltr'><strong>perversa</strong></span> <span class='ocrx_word' id='word_1_287' title='bbox 653 2414 709 2446; x_wconf 89' lang='lat' dir='ltr'><strong>est</strong></span> <span class='ocrx_word' id='word_1_288' title='bbox 726 2413 761 2446; x_wconf 92' lang='lat' dir='ltr'><strong>et</strong></span> <span class='ocrx_word' id='word_1_289' title='bbox 780 2407 943 2446; x_wconf 82' lang='lat' dir='ltr'><strong>infideles</strong></span> <span class='ocrx_word' id='word_1_290' title='bbox 962 2407 1038 2444; x_wconf 83' lang='grc'><strong>11111.</strong></span> <span class='ocrx_word' id='word_1_291' title='bbox 1055 2408 1127 2455; x_wconf 84' lang='grc'><strong>11151</strong></span> 
     </span>
     <span class='ocr_line' id='line_1_61' title="bbox 0 2471 1127 2519; baseline -0.001 -11"><span class='ocrx_word' id='word_1_292' title='bbox 0 2476 1 2483; x_wconf 75' lang='grc'>’</span> <span class='ocrx_word' id='word_1_293' title='bbox 55 2481 82 2507; x_wconf 75' lang='lat' dir='ltr'><strong>«t</strong></span> <span class='ocrx_word' id='word_1_294' title='bbox 103 2478 392 2519; x_wconf 90' lang='lat' dir='ltr'><strong>provocaverunt</strong></span> <span class='ocrx_word' id='word_1_295' title='bbox 411 2482 469 2509; x_wconf 92' lang='lat' dir='ltr'><strong>me</strong></span> <span class='ocrx_word' id='word_1_296' title='bbox 497 2472 534 2508; x_wconf 92' lang='lat' dir='ltr'><strong>in</strong></span> <span class='ocrx_word' id='word_1_297' title='bbox 562 2482 619 2516; x_wconf 91' lang='lat' dir='ltr'><strong>eo,</strong></span> <span class='ocrx_word' id='word_1_298' title='bbox 645 2472 706 2519; x_wconf 92' lang='lat' dir='ltr'><strong>qui</strong></span> <span class='ocrx_word' id='word_1_299' title='bbox 728 2482 800 2509; x_wconf 90' lang='lat' dir='ltr'><strong>non</strong></span> <span class='ocrx_word' id='word_1_300' title='bbox 821 2477 876 2508; x_wconf 85' lang='lat' dir='ltr'><strong>est</strong></span> <span class='ocrx_word' id='word_1_301' title='bbox 902 2471 1068 2518; x_wconf 87' lang='lat' dir='ltr'><strong>populus,</strong></span> <span class='ocrx_word' id='word_1_302' title='bbox 1091 2476 1127 2507; x_wconf 85' lang='lat' dir='ltr'><strong>et</strong></span> 
     </span>
     <span class='ocr_line' id='line_1_62' title="bbox 56 2530 1128 2581; baseline -0.004 -12"><span class='ocrx_word' id='word_1_303' title='bbox 56 2544 82 2568; x_wconf 69' lang='grc'><strong>«1</strong></span> <span class='ocrx_word' id='word_1_304' title='bbox 106 2533 143 2570; x_wconf 89' lang='grc'><strong>111</strong></span> <span class='ocrx_word' id='word_1_305' title='bbox 163 2539 268 2581; x_wconf 81' lang='lat' dir='ltr'><strong>gente</strong></span> <span class='ocrx_word' id='word_1_306' title='bbox 285 2534 395 2570; x_wconf 85' lang='lat' dir='ltr'><strong>stulta</strong></span> <span class='ocrx_word' id='word_1_307' title='bbox 414 2533 566 2570; x_wconf 83' lang='lat' dir='ltr'><strong>irritabo</strong></span> <span class='ocrx_word' id='word_1_308' title='bbox 585 2533 676 2569; x_wconf 89' lang='lat' dir='ltr'><strong>illos.</strong></span> <span class='ocrx_word' id='word_1_309' title='bbox 701 2546 713 2568; x_wconf 85' lang='lat'><strong>»</strong></span> <span class='ocrx_word' id='word_1_310' title='bbox 737 2532 829 2576; x_wconf 84' lang='lat' dir='ltr'><strong>Quia</strong></span> <span class='ocrx_word' id='word_1_311' title='bbox 847 2542 932 2577; x_wconf 86' lang='lat' dir='ltr'><strong>ergo</strong></span> <span class='ocrx_word' id='word_1_312' title='bbox 958 2530 1128 2567; x_wconf 83' lang='lat' dir='ltr'><strong>Israelitae</strong></span> 
     </span>
     <span class='ocr_line' id='line_1_63' title="bbox 54 2592 1128 2636; baseline -0.002 -8"><span class='ocrx_word' id='word_1_313' title='bbox 54 2593 237 2631; x_wconf 78' lang='lat' dir='ltr'><strong>«derelicto</strong></span> <span class='ocrx_word' id='word_1_314' title='bbox 272 2593 347 2630; x_wconf 91' lang='lat' dir='ltr'><strong>Deo</strong></span> <span class='ocrx_word' id='word_1_315' title='bbox 383 2593 477 2630; x_wconf 88' lang='lat' dir='ltr'><strong>idola</strong></span> <span class='ocrx_word' id='word_1_316' title='bbox 514 2593 723 2636; x_wconf 89' lang='lat' dir='ltr'><strong>coluerunt,</strong></span> <span class='ocrx_word' id='word_1_317' title='bbox 756 2592 966 2628; x_wconf 86' lang='lat' dir='ltr'><strong>deserentes</strong></span> <span class='ocrx_word' id='word_1_318' title='bbox 1003 2600 1128 2626; x_wconf 88' lang='lat' dir='ltr'><strong>verum</strong></span> 
     </span>
     <span class='ocr_line' id='line_1_64' title="bbox 55 2651 1127 2698; baseline -0.002 -8"><span class='ocrx_word' id='word_1_319' title='bbox 55 2660 102 2691; x_wconf 85' lang='lat' dir='ltr'><strong>·et</strong></span> <span class='ocrx_word' id='word_1_320' title='bbox 135 2664 245 2690; x_wconf 89' lang='lat' dir='ltr'><strong>unum</strong></span> <span class='ocrx_word' id='word_1_321' title='bbox 279 2654 415 2698; x_wconf 90' lang='lat' dir='ltr'><strong>Deum,</strong></span> <span class='ocrx_word' id='word_1_322' title='bbox 447 2653 697 2690; x_wconf 88' lang='lat' dir='ltr'><strong>deservierunt</strong></span> <span class='ocrx_word' id='word_1_323' title='bbox 726 2652 901 2695; x_wconf 77' lang='lat' dir='ltr'><strong>vanitati,</strong></span> <span class='ocrx_word' id='word_1_324' title='bbox 937 2651 1127 2698; x_wconf 84' lang='lat' dir='ltr'><strong>gentibus,</strong></span> 
     </span>
     <span class='ocr_line' id='line_1_65' title="bbox 55 2713 1129 2763; baseline -0.002 -12"><span class='ocrx_word' id='word_1_325' title='bbox 55 2716 127 2763; x_wconf 65' lang='lat' dir='ltr'><strong>:qui</strong></span> <span class='ocrx_word' id='word_1_326' title='bbox 154 2715 275 2763; x_wconf 90' lang='lat' dir='ltr'><strong>populi</strong></span> <span class='ocrx_word' id='word_1_327' title='bbox 305 2716 370 2752; x_wconf 91' lang='lat' dir='ltr'><strong>Dei</strong></span> <span class='ocrx_word' id='word_1_328' title='bbox 398 2716 545 2753; x_wconf 90' lang='lat' dir='ltr'><strong>nomine</strong></span> <span class='ocrx_word' id='word_1_329' title='bbox 571 2715 722 2752; x_wconf 90' lang='lat' dir='ltr'><strong>necdum</strong></span> <span class='ocrx_word' id='word_1_330' title='bbox 746 2724 789 2751; x_wconf 92' lang='lat' dir='ltr'><strong>eo</strong></span> <span class='ocrx_word' id='word_1_331' title='bbox 818 2719 981 2760; x_wconf 88' lang='lat' dir='ltr'><strong>tempore</strong></span> <span class='ocrx_word' id='word_1_332' title='bbox 1006 2713 1129 2750; x_wconf 86' lang='lat' dir='ltr'><strong>vocari</strong></span> 
     </span>
     <span class='ocr_line' id='line_1_66' title="bbox 57 2773 1130 2823; baseline -0.001 -13"><span class='ocrx_word' id='word_1_333' title='bbox 57 2781 297 2820; x_wconf 72' lang='lat' dir='ltr'><strong>meruerunt,</strong></span> <span class='ocrx_word' id='word_1_334' title='bbox 330 2776 366 2812; x_wconf 92' lang='lat' dir='ltr'><strong>in</strong></span> <span class='ocrx_word' id='word_1_335' title='bbox 399 2776 636 2823; x_wconf 83' lang='lat' dir='ltr'><strong>direptionem</strong></span> <span class='ocrx_word' id='word_1_336' title='bbox 671 2774 794 2811; x_wconf 81' lang='lat' dir='ltr'><strong>traditi</strong></span> <span class='ocrx_word' id='word_1_337' title='bbox 828 2780 923 2811; x_wconf 92' lang='lat' dir='ltr'><strong>sunt.</strong></span> <span class='ocrx_word' id='word_1_338' title='bbox 957 2773 1130 2810; x_wconf 88' lang='lat' dir='ltr'><strong>Similiter</strong></span> 
     </span>
     <span class='ocr_line' id='line_1_67' title="bbox 56 2835 1128 2884; baseline -0.001 -11"><span class='ocrx_word' id='word_1_339' title='bbox 56 2837 303 2876; x_wconf 75' lang='lat' dir='ltr'><strong>«ecclesiastici</strong></span> <span class='ocrx_word' id='word_1_340' title='bbox 316 2865 326 2882; x_wconf 92' lang='lat'><strong>,</strong></span> <span class='ocrx_word' id='word_1_341' title='bbox 346 2838 407 2884; x_wconf 91' lang='lat' dir='ltr'><strong>qui</strong></span> <span class='ocrx_word' id='word_1_342' title='bbox 436 2838 578 2874; x_wconf 90' lang='lat' dir='ltr'><strong>deserta</strong></span> <span class='ocrx_word' id='word_1_343' title='bbox 607 2837 759 2874; x_wconf 89' lang='lat' dir='ltr'><strong>veritate</strong></span> <span class='ocrx_word' id='word_1_344' title='bbox 777 2836 821 2873; x_wconf 83' lang='lat' dir='ltr'><strong>ad</strong></span> <span class='ocrx_word' id='word_1_345' title='bbox 840 2846 1001 2873; x_wconf 89' lang='lat' dir='ltr'><strong>errorem</strong></span> <span class='ocrx_word' id='word_1_346' title='bbox 1018 2835 1128 2872; x_wconf 91' lang='lat' dir='ltr'><strong>decli-</strong></span> 
     </span>
     <span class='ocr_line' id='line_1_68' title="bbox 58 2896 1131 2947; baseline -0.003 -12"><span class='ocrx_word' id='word_1_347' title='bbox 58 2904 270 2944; x_wconf 75' lang='lat' dir='ltr'><strong>·naverunt,</strong></span> <span class='ocrx_word' id='word_1_348' title='bbox 299 2900 330 2936; x_wconf 93' lang='lat' dir='ltr'><strong>si</strong></span> <span class='ocrx_word' id='word_1_349' title='bbox 348 2909 415 2947; x_wconf 88' lang='lat' dir='ltr'><strong>pro</strong></span> <span class='ocrx_word' id='word_1_350' title='bbox 438 2899 543 2936; x_wconf 88' lang='lat' dir='ltr'><strong>malis</strong></span> <span class='ocrx_word' id='word_1_351' title='bbox 563 2899 638 2936; x_wconf 91' lang='lat' dir='ltr'><strong>suis</strong></span> <span class='ocrx_word' id='word_1_352' title='bbox 659 2908 731 2935; x_wconf 90' lang='lat' dir='ltr'><strong>non</strong></span> <span class='ocrx_word' id='word_1_353' title='bbox 750 2898 1004 2945; x_wconf 88' lang='lat' dir='ltr'><strong>poenituerint,</strong></span> <span class='ocrx_word' id='word_1_354' title='bbox 1027 2896 1131 2933; x_wconf 89' lang='lat' dir='ltr'><strong>mali-</strong></span> 
     </span>
     <span class='ocr_line' id='line_1_69' title="bbox 59 2958 1129 3008; baseline -0.004 -11"><span class='ocrx_word' id='word_1_355' title='bbox 59 2960 152 3008; x_wconf 66' lang='lat' dir='ltr'><strong>ignis</strong></span> <span class='ocrx_word' id='word_1_356' title='bbox 177 2959 378 3008; x_wconf 90' lang='lat' dir='ltr'><strong>spiritibus,</strong></span> <span class='ocrx_word' id='word_1_357' title='bbox 410 2959 473 3007; x_wconf 91' lang='lat' dir='ltr'><strong>qui</strong></span> <span class='ocrx_word' id='word_1_358' title='bbox 501 2959 739 3006; x_wconf 88' lang='lat' dir='ltr'><strong>superbiendo</strong></span> <span class='ocrx_word' id='word_1_359' title='bbox 764 2958 996 3004; x_wconf 90' lang='lat' dir='ltr'><strong>perdiderunt</strong></span> <span class='ocrx_word' id='word_1_360' title='bbox 1020 2967 1129 3004; x_wconf 86' lang='lat' dir='ltr'><strong>ange-</strong></span> 
     </span>
     <span class='ocr_line' id='line_1_70' title="bbox 60 3017 1131 3070; baseline -0.003 -13"><span class='ocrx_word' id='word_1_361' title='bbox 60 3020 178 3058; x_wconf 87' lang='lat' dir='ltr'><strong>llicam</strong></span> <span class='ocrx_word' id='word_1_362' title='bbox 216 3022 448 3070; x_wconf 85' lang='lat' dir='ltr'><strong>dignitatem,</strong></span> <span class='ocrx_word' id='word_1_363' title='bbox 488 3021 534 3057; x_wconf 88' lang='lat' dir='ltr'><strong>ad</strong></span> <span class='ocrx_word' id='word_1_364' title='bbox 565 3020 803 3067; x_wconf 91' lang='lat' dir='ltr'><strong>puniendum,</strong></span> <span class='ocrx_word' id='word_1_365' title='bbox 844 3017 976 3055; x_wconf 85' lang='lat' dir='ltr'><strong>inferni</strong></span> <span class='ocrx_word' id='word_1_366' title='bbox 1009 3027 1131 3055; x_wconf 88' lang='grc'><strong>03100-</strong></span> 
     </span>
     <span class='ocr_line' id='line_1_71' title="bbox 62 3076 1131 3127; baseline -0.004 -10"><span class='ocrx_word' id='word_1_367' title='bbox 62 3081 174 3119; x_wconf 66' lang='lat' dir='ltr'><strong>nribus</strong></span> <span class='ocrx_word' id='word_1_368' title='bbox 206 3081 405 3119; x_wconf 89' lang='lat' dir='ltr'><strong>tradentur.</strong></span> <span class='ocrx_word' id='word_1_369' title='bbox 442 3081 539 3118; x_wconf 89' lang='lat' dir='ltr'><strong>Bene</strong></span> <span class='ocrx_word' id='word_1_370' title='bbox 571 3089 657 3127; x_wconf 83' lang='lat' dir='ltr'><strong>ergo</strong></span> <span class='ocrx_word' id='word_1_371' title='bbox 691 3079 871 3116; x_wconf 82' lang='lat' dir='ltr'><strong>daemones</strong></span> <span class='ocrx_word' id='word_1_372' title='bbox 901 3087 988 3125; x_wconf 84' lang='lat' dir='ltr'><strong>gens</strong></span> <span class='ocrx_word' id='word_1_373' title='bbox 1022 3076 1131 3114; x_wconf 87' lang='lat' dir='ltr'><strong>stulta</strong></span> 
     </span>
     <span class='ocr_line' id='line_1_72' title="bbox 61 3139 1132 3191; baseline -0.006 -12"><span class='ocrx_word' id='word_1_374' title='bbox 61 3143 146 3181; x_wconf 70' lang='lat' dir='ltr'><strong>odici</strong></span> <span class='ocrx_word' id='word_1_375' title='bbox 187 3148 365 3191; x_wconf 83' lang='lat' dir='ltr'><strong>possunt,</strong></span> <span class='ocrx_word' id='word_1_376' title='bbox 405 3142 490 3190; x_wconf 87' lang='lat' dir='ltr'><strong>quia</strong></span> <span class='ocrx_word' id='word_1_377' title='bbox 531 3141 658 3179; x_wconf 91' lang='lat' dir='ltr'><strong>odiunt</strong></span> <span class='ocrx_word' id='word_1_378' title='bbox 692 3139 869 3187; x_wconf 70' lang='lat' dir='ltr'><strong>iustitiam</strong></span> <span class='ocrx_word' id='word_1_379' title='bbox 887 3166 897 3182; x_wconf 91' lang='lat'><strong>,</strong></span> <span class='ocrx_word' id='word_1_380' title='bbox 936 3143 974 3174; x_wconf 90' lang='lat' dir='ltr'><strong>et</strong></span> <span class='ocrx_word' id='word_1_381' title='bbox 1009 3141 1132 3174; x_wconf 90' lang='lat' dir='ltr'><strong>amant</strong></span> 
     </span>
     <span class='ocr_line' id='line_1_73' title="bbox 63 3199 1128 3254; baseline -0.008 -11"><span class='ocrx_word' id='word_1_382' title='bbox 63 3204 317 3254; x_wconf 86' lang='lat' dir='ltr'><strong>liniquitatem.</strong></span> <span class='ocrx_word' id='word_1_383' title='bbox 342 3218 354 3240; x_wconf 89' lang='lat'><strong>‹</strong></span> <span class='ocrx_word' id='word_1_384' title='bbox 375 3204 472 3253; x_wconf 82' lang='lat' dir='ltr'><strong>Ignis</strong></span> <span class='ocrx_word' id='word_1_385' title='bbox 497 3212 693 3242; x_wconf 89' lang='lat' dir='ltr'><strong>succensus</strong></span> <span class='ocrx_word' id='word_1_386' title='bbox 721 3207 776 3239; x_wconf 87' lang='lat' dir='ltr'><strong>est</strong></span> <span class='ocrx_word' id='word_1_387' title='bbox 803 3201 841 3238; x_wconf 93' lang='lat' dir='ltr'><strong>in</strong></span> <span class='ocrx_word' id='word_1_388' title='bbox 871 3199 994 3237; x_wconf 83' lang='lat' dir='ltr'><strong>surore</strong></span> <span class='ocrx_word' id='word_1_389' title='bbox 1031 3209 1128 3243; x_wconf 88' lang='lat' dir='ltr'><strong>meo,</strong></span> 
     </span>
     <span class='ocr_line' id='line_1_74' title="bbox 67 3260 1130 3314; baseline -0.006 -11"><span class='ocrx_word' id='word_1_390' title='bbox 67 3278 95 3303; x_wconf 80' lang='lat'><strong>·‹</strong></span> <span class='ocrx_word' id='word_1_391' title='bbox 118 3273 155 3304; x_wconf 91' lang='lat' dir='ltr'><strong>et</strong></span> <span class='ocrx_word' id='word_1_392' title='bbox 181 3267 324 3305; x_wconf 89' lang='lat' dir='ltr'><strong>ardebit</strong></span> <span class='ocrx_word' id='word_1_393' title='bbox 350 3276 465 3314; x_wconf 88' lang='lat' dir='ltr'><strong>usque</strong></span> <span class='ocrx_word' id='word_1_394' title='bbox 491 3265 539 3303; x_wconf 88' lang='lat' dir='ltr'><strong>ad</strong></span> <span class='ocrx_word' id='word_1_395' title='bbox 563 3264 696 3303; x_wconf 85' lang='lat' dir='ltr'><strong>inferni</strong></span> <span class='ocrx_word' id='word_1_396' title='bbox 733 3261 942 3300; x_wconf 90' lang='lat' dir='ltr'><strong>novissima.</strong></span> <span class='ocrx_word' id='word_1_397' title='bbox 968 3274 980 3297; x_wconf 83' lang='lat'><strong>»</strong></span> <span class='ocrx_word' id='word_1_398' title='bbox 1003 3261 1054 3297; x_wconf 91' lang='lat' dir='ltr'><strong>De</strong></span> <span class='ocrx_word' id='word_1_399' title='bbox 1072 3260 1130 3298; x_wconf 88' lang='grc'><strong>1115</strong></span> 
     </span>
     <span class='ocr_line' id='line_1_75' title="bbox 0 3321 1130 3378; baseline -0.007 -12"><span class='ocrx_word' id='word_1_400' title='bbox 0 3321 7 3328; x_wconf 84' lang='grc'><em>“</em></span> <span class='ocrx_word' id='word_1_401' title='bbox 65 3338 169 3378; x_wconf 67' lang='lat' dir='ltr'><strong>equos</strong></span> <span class='ocrx_word' id='word_1_402' title='bbox 187 3330 360 3367; x_wconf 88' lang='lat' dir='ltr'><strong>damnant</strong></span> <span class='ocrx_word' id='word_1_403' title='bbox 373 3328 513 3376; x_wconf 84' lang='lat' dir='ltr'><strong>flagella</strong></span> <span class='ocrx_word' id='word_1_404' title='bbox 529 3334 566 3366; x_wconf 90' lang='lat' dir='ltr'><strong>et</strong></span> <span class='ocrx_word' id='word_1_405' title='bbox 582 3338 654 3364; x_wconf 91' lang='lat' dir='ltr'><strong>non</strong></span> <span class='ocrx_word' id='word_1_406' title='bbox 674 3326 842 3369; x_wconf 88' lang='lat' dir='ltr'><strong>liberant,</strong></span> <span class='ocrx_word' id='word_1_407' title='bbox 858 3325 1034 3371; x_wconf 90' lang='lat' dir='ltr'><strong>scriptum</strong></span> <span class='ocrx_word' id='word_1_408' title='bbox 1051 3327 1130 3360; x_wconf 84' lang='lat' dir='ltr'><strong>est:</strong></span> 
     </span>
     <span class='ocr_line' id='line_1_76' title="bbox 84 3385 1132 3436; baseline -0.006 -10"><span class='ocrx_word' id='word_1_409' title='bbox 84 3401 98 3426; x_wconf 76' lang='grc'><strong>1</strong></span> <span class='ocrx_word' id='word_1_410' title='bbox 119 3390 336 3430; x_wconf 86' lang='lat' dir='ltr'><strong>Percussisti</strong></span> <span class='ocrx_word' id='word_1_411' title='bbox 356 3401 434 3436; x_wconf 89' lang='lat' dir='ltr'><strong>eos,</strong></span> <span class='ocrx_word' id='word_1_412' title='bbox 450 3396 487 3428; x_wconf 89' lang='lat' dir='ltr'><strong>et</strong></span> <span class='ocrx_word' id='word_1_413' title='bbox 511 3401 586 3428; x_wconf 89' lang='lat' dir='ltr'><strong>non</strong></span> <span class='ocrx_word' id='word_1_414' title='bbox 611 3391 803 3428; x_wconf 88' lang='lat' dir='ltr'><strong>doluerunt</strong></span> <span class='ocrx_word' id='word_1_415' title='bbox 823 3402 832 3426; x_wconf 80' lang='lat' dir='ltr'><strong><em>z</em></strong></span> <span class='ocrx_word' id='word_1_416' title='bbox 857 3385 1028 3424; x_wconf 84' lang='lat' dir='ltr'><strong>attrivisti</strong></span> <span class='ocrx_word' id='word_1_417' title='bbox 1055 3393 1132 3427; x_wconf 89' lang='lat' dir='ltr'><strong>eos,</strong></span> 
     </span>
     <span class='ocr_line' id='line_1_77' title="bbox 66 3442 1131 3499; baseline -0.013 -8"><span class='ocrx_word' id='word_1_418' title='bbox 66 3457 119 3491; x_wconf 68' lang='lat' dir='ltr'><strong>*et</strong></span> <span class='ocrx_word' id='word_1_419' title='bbox 137 3462 209 3490; x_wconf 91' lang='lat' dir='ltr'><strong>non</strong></span> <span class='ocrx_word' id='word_1_420' title='bbox 233 3457 428 3490; x_wconf 88' lang='lat' dir='ltr'><strong>renuerunt</strong></span> <span class='ocrx_word' id='word_1_421' title='bbox 450 3452 615 3499; x_wconf 88' lang='lat' dir='ltr'><strong>accipere</strong></span> <span class='ocrx_word' id='word_1_422' title='bbox 634 3450 863 3498; x_wconf 87' lang='lat' dir='ltr'><strong>disciplinam</strong></span> <span class='ocrx_word' id='word_1_423' title='bbox 879 3447 1024 3495; x_wconf 83' lang='lat' dir='ltr'><strong>(Jerem.</strong></span> <span class='ocrx_word' id='word_1_424' title='bbox 1044 3442 1097 3490; x_wconf 89' lang='lat' dir='ltr'><strong>v).</strong></span> <span class='ocrx_word' id='word_1_425' title='bbox 1117 3454 1131 3477; x_wconf 85' lang='grc'><strong>1</strong></span> 
     </span>
     <span class='ocr_line' id='line_1_78' title="bbox 69 3509 1136 3564; baseline -0.015 -10"><span class='ocrx_word' id='word_1_426' title='bbox 69 3514 148 3554; x_wconf 65' lang='lat' dir='ltr'><strong>{His</strong></span> <span class='ocrx_word' id='word_1_427' title='bbox 162 3513 299 3564; x_wconf 81' lang='lat' dir='ltr'><strong>flagella</strong></span> <span class='ocrx_word' id='word_1_428' title='bbox 324 3515 370 3552; x_wconf 90' lang='lat' dir='ltr'><strong>ab</strong></span> <span class='ocrx_word' id='word_1_429' title='bbox 385 3516 454 3552; x_wconf 90' lang='grc'><strong>1130</strong></span> <span class='ocrx_word' id='word_1_430' title='bbox 474 3515 550 3551; x_wconf 87' lang='lat' dir='ltr'><strong>vita</strong></span> <span class='ocrx_word' id='word_1_431' title='bbox 580 3514 765 3556; x_wconf 87' lang='lat' dir='ltr'><strong>inchoant,</strong></span> <span class='ocrx_word' id='word_1_432' title='bbox 785 3516 823 3547; x_wconf 90' lang='lat' dir='ltr'><strong>et</strong></span> <span class='ocrx_word' id='word_1_433' title='bbox 845 3509 882 3546; x_wconf 90' lang='lat' dir='ltr'><strong>in</strong></span> <span class='ocrx_word' id='word_1_434' title='bbox 900 3511 1034 3544; x_wconf 84' lang='lat' dir='ltr'><strong>aeterna</strong></span> <span class='ocrx_word' id='word_1_435' title='bbox 1053 3512 1136 3550; x_wconf 85' lang='lat' dir='ltr'><strong>per·</strong></span> 
     </span>
     <span class='ocr_line' id='line_1_79' title="bbox 68 3565 1134 3625; baseline -0.013 -12"><span class='ocrx_word' id='word_1_436' title='bbox 68 3577 250 3616; x_wconf 71' lang='grc'><strong>1035510110</strong></span> <span class='ocrx_word' id='word_1_437' title='bbox 269 3569 480 3625; x_wconf 78' lang='lat' dir='ltr'><strong>perdurant.</strong></span> <span class='ocrx_word' id='word_1_438' title='bbox 495 3575 589 3614; x_wconf 82' lang='lat' dir='ltr'><strong>Hinc</strong></span> <span class='ocrx_word' id='word_1_439' title='bbox 617 3575 715 3612; x_wconf 89' lang='lat' dir='ltr'><strong>enim</strong></span> <span class='ocrx_word' id='word_1_440' title='bbox 734 3584 798 3622; x_wconf 91' lang='lat' dir='ltr'><strong>per</strong></span> <span class='ocrx_word' id='word_1_441' title='bbox 817 3571 962 3618; x_wconf 84' lang='lat' dir='ltr'><strong>Moysen</strong></span> <span class='ocrx_word' id='word_1_442' title='bbox 980 3565 1134 3604; x_wconf 89' lang='lat' dir='ltr'><strong>dicitur:</strong></span> 
     </span>
     <span class='ocr_line' id='line_1_80' title="bbox 89 3624 1135 3684; baseline -0.011 -10"><span class='ocrx_word' id='word_1_443' title='bbox 89 3649 103 3674; x_wconf 77' lang='grc'><strong>1</strong></span> <span class='ocrx_word' id='word_1_444' title='bbox 124 3638 222 3684; x_wconf 71' lang='lat' dir='ltr'><strong>Ignis</strong></span> <span class='ocrx_word' id='word_1_445' title='bbox 233 3638 370 3676; x_wconf 77' lang='lat' dir='ltr'><strong>exarsit</strong></span> <span class='ocrx_word' id='word_1_446' title='bbox 388 3638 434 3676; x_wconf 84' lang='lat' dir='ltr'><strong>ab</strong></span> <span class='ocrx_word' id='word_1_447' title='bbox 453 3638 509 3675; x_wconf 83' lang='lat' dir='ltr'><strong>ira</strong></span> <span class='ocrx_word' id='word_1_448' title='bbox 527 3647 622 3682; x_wconf 86' lang='lat' dir='ltr'><strong>mea,</strong></span> <span class='ocrx_word' id='word_1_449' title='bbox 641 3641 678 3674; x_wconf 90' lang='lat' dir='ltr'><strong>et</strong></span> <span class='ocrx_word' id='word_1_450' title='bbox 694 3634 834 3672; x_wconf 87' lang='lat' dir='ltr'><strong>ardebit</strong></span> <span class='ocrx_word' id='word_1_451' title='bbox 848 3639 962 3677; x_wconf 88' lang='lat' dir='ltr'><strong>usque</strong></span> <span class='ocrx_word' id='word_1_452' title='bbox 978 3627 1022 3664; x_wconf 90' lang='lat' dir='ltr'><strong>ad</strong></span> <span class='ocrx_word' id='word_1_453' title='bbox 1044 3624 1135 3662; x_wconf 80' lang='lat' dir='ltr'><strong>inse-</strong></span> 
     </span>
     <span class='ocr_line' id='line_1_81' title="bbox 70 3691 1139 3744; baseline -0.011 -8"><span class='ocrx_word' id='word_1_454' title='bbox 70 3709 148 3740; x_wconf 72' lang='lat' dir='ltr'><strong>aros</strong></span> <span class='ocrx_word' id='word_1_455' title='bbox 165 3699 344 3736; x_wconf 87' lang='lat' dir='ltr'><strong>deorsum.</strong></span> <span class='ocrx_word' id='word_1_456' title='bbox 370 3713 383 3735; x_wconf 82' lang='lat'><strong>»</strong></span> <span class='ocrx_word' id='word_1_457' title='bbox 406 3699 588 3744; x_wconf 89' lang='lat' dir='ltr'><strong>Quantum</strong></span> <span class='ocrx_word' id='word_1_458' title='bbox 608 3698 652 3735; x_wconf 91' lang='lat' dir='ltr'><strong>ad</strong></span> <span class='ocrx_word' id='word_1_459' title='bbox 679 3701 893 3744; x_wconf 80' lang='lat' dir='ltr'><strong>praesentem</strong></span> <span class='ocrx_word' id='word_1_460' title='bbox 907 3691 1039 3730; x_wconf 85' lang='lat' dir='ltr'><strong>etenim</strong></span> <span class='ocrx_word' id='word_1_461' title='bbox 1058 3697 1139 3735; x_wconf 87' lang='lat' dir='ltr'><strong>per-</strong></span> 
     </span>
     <span class='ocr_line' id='line_1_82' title="bbox 0 3747 1138 3806; baseline -0.011 -10"><span class='ocrx_word' id='word_1_462' title='bbox 0 3791 11 3803; x_wconf 71' lang='lat'><strong>„</strong></span> <span class='ocrx_word' id='word_1_463' title='bbox 70 3758 294 3800; x_wconf 64' lang='lat' dir='ltr'><strong>acessionem</strong></span> <span class='ocrx_word' id='word_1_464' title='bbox 313 3764 467 3806; x_wconf 84' lang='lat' dir='ltr'><strong>spectat,</strong></span> <span class='ocrx_word' id='word_1_465' title='bbox 486 3763 587 3796; x_wconf 86' lang='lat' dir='ltr'><strong>recte</strong></span> <span class='ocrx_word' id='word_1_466' title='bbox 609 3757 741 3794; x_wconf 87' lang='lat' dir='ltr'><strong>dicitur</strong></span> <span class='ocrx_word' id='word_1_467' title='bbox 762 3769 771 3792; x_wconf 87' lang='lat'><strong>:</strong></span> <span class='ocrx_word' id='word_1_468' title='bbox 798 3768 810 3790; x_wconf 83' lang='grc'><strong>1</strong></span> <span class='ocrx_word' id='word_1_469' title='bbox 833 3754 929 3801; x_wconf 86' lang='lat' dir='ltr'><strong>lgnis</strong></span> <span class='ocrx_word' id='word_1_470' title='bbox 942 3749 1076 3789; x_wconf 82' lang='lat' dir='ltr'><strong>exarsit</strong></span> <span class='ocrx_word' id='word_1_471' title='bbox 1093 3747 1138 3783; x_wconf 90' lang='lat' dir='ltr'><strong>ab</strong></span> 
     </span>
     <span class='ocr_line' id='line_1_83' title="bbox 73 3811 1138 3864; baseline -0.015 -4"><span class='ocrx_word' id='word_1_472' title='bbox 73 3819 146 3863; x_wconf 71' lang='lat' dir='ltr'><strong>iira</strong></span> <span class='ocrx_word' id='word_1_473' title='bbox 160 3828 254 3859; x_wconf 78' lang='lat' dir='ltr'><strong>mea.</strong></span> <span class='ocrx_word' id='word_1_474' title='bbox 278 3830 292 3856; x_wconf 84' lang='grc'><strong>1</strong></span> <span class='ocrx_word' id='word_1_475' title='bbox 311 3816 491 3864; x_wconf 73' lang='lat' dir='ltr'><strong>Quantum</strong></span> <span class='ocrx_word' id='word_1_476' title='bbox 504 3827 592 3856; x_wconf 82' lang='lat' dir='ltr'><strong>vero</strong></span> <span class='ocrx_word' id='word_1_477' title='bbox 610 3817 654 3855; x_wconf 86' lang='lat' dir='ltr'><strong>ad</strong></span> <span class='ocrx_word' id='word_1_478' title='bbox 667 3821 840 3855; x_wconf 78' lang='lat' dir='ltr'><strong>aeternam</strong></span> <span class='ocrx_word' id='word_1_479' title='bbox 858 3811 1138 3856; x_wconf 79' lang='lat' dir='ltr'><strong>damnationem,</strong></span> 
     </span>
    </p>
   </div>
   <div class='ocr_carea' id='block_1_7' title="bbox 564 185 1710 230">
    <p class='ocr_par' dir='ltr' id='par_1_7' title="bbox 564 185 1710 230">
     <span class='ocr_line' id='line_1_84' title="bbox 564 185 1710 230; baseline 0.004 -5"><span class='ocrx_word' id='word_1_480' title='bbox 564 186 830 226; x_wconf 81' lang='lat' dir='ltr'>ENARRATIO</span> <span class='ocrx_word' id='word_1_481' title='bbox 856 186 1009 225; x_wconf 85' lang='lat' dir='ltr'>SUPER</span> <span class='ocrx_word' id='word_1_482' title='bbox 1033 185 1449 229; x_wconf 79' lang='lat' dir='ltr'><strong>DEUTERONOMIUM.</strong></span> <span class='ocrx_word' id='word_1_483' title='bbox 1471 209 1518 217; x_wconf 90' lang='lat'>—</span> <span class='ocrx_word' id='word_1_484' title='bbox 1542 190 1629 229; x_wconf 86' lang='lat' dir='ltr'><strong>LIB.</strong></span> <span class='ocrx_word' id='word_1_485' title='bbox 1654 191 1710 230; x_wconf 83' lang='lat' dir='ltr'><strong>IV.</strong></span> 
     </span>
    </p>
   </div>
   <div class='ocr_carea' id='block_1_8' title="bbox 2157 203 2223 243">
    <p class='ocr_par' dir='ltr' id='par_1_8' title="bbox 2157 203 2223 243">
     <span class='ocr_line' id='line_1_85' title="bbox 2157 203 2223 243; baseline 0.015 -1"><span class='ocrx_word' id='word_1_486' title='bbox 2157 203 2223 243; x_wconf 78' lang='lat'><strong>978</strong></span> 
     </span>
    </p>
   </div>
   <div class='ocr_carea' id='block_1_9' title="bbox 62 262 2223 321">
    <p class='ocr_par' dir='ltr' id='par_1_9' title="bbox 62 262 2223 321">
     <span class='ocr_line' id='line_1_86' title="bbox 62 262 2223 321; baseline -0 -12"><span class='ocrx_word' id='word_1_487' title='bbox 62 282 80 317; x_wconf 65' lang='lat' dir='ltr'><strong>q</strong></span> <span class='ocrx_word' id='word_1_488' title='bbox 99 270 288 311; x_wconf 80' lang='lat' dir='ltr'><strong>venerunt,</strong></span> <span class='ocrx_word' id='word_1_489' title='bbox 302 274 394 313; x_wconf 90' lang='lat' dir='ltr'><strong>quos</strong></span> <span class='ocrx_word' id='word_1_490' title='bbox 411 273 487 304; x_wconf 88' lang='lat' dir='ltr'><strong>non</strong></span> <span class='ocrx_word' id='word_1_491' title='bbox 502 262 692 302; x_wconf 87' lang='lat' dir='ltr'><strong>coluerunt</strong></span> <span class='ocrx_word' id='word_1_492' title='bbox 705 269 829 312; x_wconf 88' lang='lat' dir='ltr'><strong>patres</strong></span> <span class='ocrx_word' id='word_1_493' title='bbox 846 274 985 303; x_wconf 86' lang='lat' dir='ltr'><strong>eorum.</strong></span> <span class='ocrx_word' id='word_1_494' title='bbox 1008 279 1021 302; x_wconf 86' lang='grc'><strong>1</strong></span> <span class='ocrx_word' id='word_1_495' title='bbox 1038 267 1115 306; x_wconf 87' lang='lat' dir='ltr'><strong>Hoc</strong></span> <span class='ocrx_word' id='word_1_496' title='bbox 1131 272 1167 313; x_wconf 82' lang='lat' dir='ltr'>A</span> <span class='ocrx_word' id='word_1_497' title='bbox 1182 275 1265 316; x_wconf 87' lang='lat' dir='ltr'><strong>apte</strong></span> <span class='ocrx_word' id='word_1_498' title='bbox 1290 270 1359 308; x_wconf 90' lang='grc'><strong>1100</strong></span> <span class='ocrx_word' id='word_1_499' title='bbox 1394 269 1572 306; x_wconf 88' lang='lat' dir='ltr'><strong>subditur.</strong></span> <span class='ocrx_word' id='word_1_500' title='bbox 1591 282 1604 304; x_wconf 83' lang='lat'><strong>«</strong></span> <span class='ocrx_word' id='word_1_501' title='bbox 1627 271 1674 306; x_wconf 89' lang='lat' dir='ltr'><strong>Et</strong></span> <span class='ocrx_word' id='word_1_502' title='bbox 1701 270 1841 309; x_wconf 85' lang='lat' dir='ltr'><strong>ardebit</strong></span> <span class='ocrx_word' id='word_1_503' title='bbox 1863 282 1975 321; x_wconf 78' lang='lat' dir='ltr'><strong>usque</strong></span> <span class='ocrx_word' id='word_1_504' title='bbox 2007 280 2052 316; x_wconf 69' lang='lat' dir='ltr'><strong>ad</strong></span> <span class='ocrx_word' id='word_1_505' title='bbox 2089 281 2223 321; x_wconf 59' lang='lat' dir='ltr'><strong>infel-03</strong></span> 
     </span>
    </p>
   </div>
   <div class='ocr_carea' id='block_1_10' title="bbox 1181 329 2239 1166">
    <p class='ocr_par' dir='ltr' id='par_1_10' title="bbox 1181 329 2239 1166">
     <span class='ocr_line' id='line_1_87' title="bbox 1181 329 2224 388; baseline 0.01 -21"><span class='ocrx_word' id='word_1_506' title='bbox 1181 330 1362 367; x_wconf 88' lang='lat' dir='ltr'><strong>deorsum.</strong></span> <span class='ocrx_word' id='word_1_507' title='bbox 1388 343 1401 365; x_wconf 85' lang='grc'><strong>1</strong></span> <span class='ocrx_word' id='word_1_508' title='bbox 1424 330 1527 366; x_wconf 82' lang='lat' dir='ltr'><strong>Licet</strong></span> <span class='ocrx_word' id='word_1_509' title='bbox 1546 339 1567 365; x_wconf 87' lang='lat' dir='ltr'><strong>a</strong></span> <span class='ocrx_word' id='word_1_510' title='bbox 1584 329 1798 375; x_wconf 87' lang='lat' dir='ltr'><strong>quibusdam</strong></span> <span class='ocrx_word' id='word_1_511' title='bbox 1815 331 1905 368; x_wconf 91' lang='lat' dir='ltr'><strong>solet</strong></span> <span class='ocrx_word' id='word_1_512' title='bbox 1935 335 2004 372; x_wconf 87' lang='lat' dir='ltr'><strong>dici</strong></span> <span class='ocrx_word' id='word_1_513' title='bbox 2027 338 2114 376; x_wconf 87' lang='lat' dir='ltr'><strong>illud</strong></span> <span class='ocrx_word' id='word_1_514' title='bbox 2126 344 2224 388; x_wconf 85' lang='lat' dir='ltr'><strong>quod</strong></span> 
     </span>
     <span class='ocr_line' id='line_1_88' title="bbox 1182 388 2227 438; baseline 0.003 -12"><span class='ocrx_word' id='word_1_515' title='bbox 1182 390 1356 436; x_wconf 90' lang='lat' dir='ltr'><strong>seriptum</strong></span> <span class='ocrx_word' id='word_1_516' title='bbox 1382 395 1437 427; x_wconf 90' lang='lat' dir='ltr'><strong>est</strong></span> <span class='ocrx_word' id='word_1_517' title='bbox 1462 402 1471 425; x_wconf 92' lang='lat'>:</span> <span class='ocrx_word' id='word_1_518' title='bbox 1497 402 1510 424; x_wconf 86' lang='lat'>‹</span> <span class='ocrx_word' id='word_1_519' title='bbox 1534 388 1612 425; x_wconf 90' lang='lat' dir='ltr'><strong>Non</strong></span> <span class='ocrx_word' id='word_1_520' title='bbox 1642 389 1837 426; x_wconf 89' lang='lat' dir='ltr'><strong>vindicabit</strong></span> <span class='ocrx_word' id='word_1_521' title='bbox 1879 390 1974 428; x_wconf 88' lang='lat' dir='ltr'><strong>Deus</strong></span> <span class='ocrx_word' id='word_1_522' title='bbox 2015 394 2071 431; x_wconf 73' lang='lat' dir='ltr'><strong>bis</strong></span> <span class='ocrx_word' id='word_1_523' title='bbox 2102 399 2142 435; x_wconf 86' lang='lat' dir='ltr'><strong>in</strong></span> <span class='ocrx_word' id='word_1_524' title='bbox 2172 401 2227 438; x_wconf 86' lang='lat' dir='ltr'><strong>id.</strong></span> 
     </span>
     <span class='ocr_line' id='line_1_89' title="bbox 1182 447 2225 503; baseline 0.006 -19"><span class='ocrx_word' id='word_1_525' title='bbox 1182 448 1301 495; x_wconf 91' lang='lat' dir='ltr'><strong>ipsum</strong></span> <span class='ocrx_word' id='word_1_526' title='bbox 1320 447 1492 496; x_wconf 81' lang='lat' dir='ltr'><strong>(Nahum.</strong></span> <span class='ocrx_word' id='word_1_527' title='bbox 1512 449 1553 496; x_wconf 86' lang='lat'><strong>1),</strong></span> <span class='ocrx_word' id='word_1_528' title='bbox 1573 449 1635 495; x_wconf 87' lang='lat' dir='ltr'><strong>qui</strong></span> <span class='ocrx_word' id='word_1_529' title='bbox 1659 454 1779 485; x_wconf 89' lang='lat' dir='ltr'><strong>tamen</strong></span> <span class='ocrx_word' id='word_1_530' title='bbox 1798 449 1880 493; x_wconf 91' lang='grc'><strong>1100,</strong></span> <span class='ocrx_word' id='word_1_531' title='bbox 1896 452 1991 496; x_wconf 83' lang='grc'><strong>113011</strong></span> <span class='ocrx_word' id='word_1_532' title='bbox 2009 454 2056 489; x_wconf 86' lang='grc'><strong>311</strong></span> <span class='ocrx_word' id='word_1_533' title='bbox 2075 460 2225 503; x_wconf 67' lang='lat' dir='ltr'><strong>prophe.</strong></span> 
     </span>
     <span class='ocr_line' id='line_1_90' title="bbox 1183 509 2230 562; baseline 0.006 -17"><span class='ocrx_word' id='word_1_534' title='bbox 1183 514 1259 546; x_wconf 87' lang='lat' dir='ltr'><strong>tam</strong></span> <span class='ocrx_word' id='word_1_535' title='bbox 1281 509 1413 546; x_wconf 89' lang='lat' dir='ltr'><strong>dicitur</strong></span> <span class='ocrx_word' id='word_1_536' title='bbox 1429 511 1474 547; x_wconf 89' lang='lat' dir='ltr'><strong>de</strong></span> <span class='ocrx_word' id='word_1_537' title='bbox 1498 510 1643 556; x_wconf 85' lang='lat' dir='ltr'><strong>iniquis,</strong></span> <span class='ocrx_word' id='word_1_538' title='bbox 1662 519 1734 546; x_wconf 89' lang='lat' dir='ltr'><strong>non</strong></span> <span class='ocrx_word' id='word_1_539' title='bbox 1766 510 1968 547; x_wconf 83' lang='lat' dir='ltr'><strong>attendunt.</strong></span> <span class='ocrx_word' id='word_1_540' title='bbox 1984 511 2040 555; x_wconf 89' lang='lat' dir='ltr'><strong>Et,</strong></span> <span class='ocrx_word' id='word_1_541' title='bbox 2064 525 2076 547; x_wconf 85' lang='lat'><strong>‹</strong></span> <span class='ocrx_word' id='word_1_542' title='bbox 2099 515 2230 562; x_wconf 82' lang='lat' dir='ltr'><strong>duplici</strong></span> 
     </span>
     <span class='ocr_line' id='line_1_91' title="bbox 1184 569 2232 621; baseline 0.006 -15"><span class='ocrx_word' id='word_1_543' title='bbox 1184 569 1401 607; x_wconf 84' lang='lat' dir='ltr'><strong>contritione</strong></span> <span class='ocrx_word' id='word_1_544' title='bbox 1430 575 1577 606; x_wconf 89' lang='lat' dir='ltr'><strong>contere</strong></span> <span class='ocrx_word' id='word_1_545' title='bbox 1598 580 1676 613; x_wconf 90' lang='lat' dir='ltr'><strong>eos,</strong></span> <span class='ocrx_word' id='word_1_546' title='bbox 1702 582 1715 605; x_wconf 84' lang='lat'><strong>›</strong></span> <span class='ocrx_word' id='word_1_547' title='bbox 1734 574 1769 606; x_wconf 88' lang='lat' dir='ltr'><strong>et</strong></span> <span class='ocrx_word' id='word_1_548' title='bbox 1786 569 1822 606; x_wconf 91' lang='lat' dir='ltr'><strong>id</strong></span> <span class='ocrx_word' id='word_1_549' title='bbox 1837 570 1932 616; x_wconf 89' lang='lat' dir='ltr'><strong>quod</strong></span> <span class='ocrx_word' id='word_1_550' title='bbox 1950 571 2040 608; x_wconf 86' lang='lat' dir='ltr'><strong>alias</strong></span> <span class='ocrx_word' id='word_1_551' title='bbox 2060 575 2232 621; x_wconf 89' lang='lat' dir='ltr'><strong>scriptum</strong></span> 
     </span>
     <span class='ocr_line' id='line_1_92' title="bbox 1184 630 2233 681; baseline 0.002 -13"><span class='ocrx_word' id='word_1_552' title='bbox 1184 637 1240 668; x_wconf 86' lang='lat' dir='ltr'><strong>est</strong></span> <span class='ocrx_word' id='word_1_553' title='bbox 1263 643 1272 666; x_wconf 92' lang='lat'>:</span> <span class='ocrx_word' id='word_1_554' title='bbox 1303 643 1315 665; x_wconf 82' lang='lat' dir='ltr'><strong>t</strong></span> <span class='ocrx_word' id='word_1_555' title='bbox 1334 630 1438 668; x_wconf 82' lang='lat' dir='ltr'><strong>Jesus</strong></span> <span class='ocrx_word' id='word_1_556' title='bbox 1457 630 1626 677; x_wconf 89' lang='lat' dir='ltr'><strong>populum</strong></span> <span class='ocrx_word' id='word_1_557' title='bbox 1643 631 1688 668; x_wconf 92' lang='lat' dir='ltr'><strong>de</strong></span> <span class='ocrx_word' id='word_1_558' title='bbox 1714 636 1812 667; x_wconf 89' lang='lat' dir='ltr'><strong>terra</strong></span> <span class='ocrx_word' id='word_1_559' title='bbox 1829 631 1972 668; x_wconf 89' lang='lat' dir='ltr'><strong>salvans</strong></span> <span class='ocrx_word' id='word_1_560' title='bbox 1994 633 2156 681; x_wconf 81' lang='lat' dir='ltr'><strong>AEgypti,</strong></span> <span class='ocrx_word' id='word_1_561' title='bbox 2174 647 2233 675; x_wconf 84' lang='lat' dir='ltr'><strong>se-</strong></span> 
     </span>
     <span class='ocr_line' id='line_1_93' title="bbox 1184 691 2234 740; baseline 0.007 -13"><span class='ocrx_word' id='word_1_562' title='bbox 1184 691 1300 727; x_wconf 89' lang='lat' dir='ltr'><strong>cundo</strong></span> <span class='ocrx_word' id='word_1_563' title='bbox 1322 701 1385 728; x_wconf 92' lang='lat' dir='ltr'><strong>eos</strong></span> <span class='ocrx_word' id='word_1_564' title='bbox 1403 691 1465 736; x_wconf 90' lang='lat' dir='ltr'><strong>qui</strong></span> <span class='ocrx_word' id='word_1_565' title='bbox 1490 701 1563 727; x_wconf 87' lang='lat' dir='ltr'><strong>non</strong></span> <span class='ocrx_word' id='word_1_566' title='bbox 1581 692 1809 728; x_wconf 88' lang='lat' dir='ltr'><strong>crediderunt</strong></span> <span class='ocrx_word' id='word_1_567' title='bbox 1831 693 1997 740; x_wconf 87' lang='lat' dir='ltr'><strong>perdidit.</strong></span> <span class='ocrx_word' id='word_1_568' title='bbox 2024 693 2159 738; x_wconf 84' lang='lat' dir='ltr'><strong>Quibus</strong></span> <span class='ocrx_word' id='word_1_569' title='bbox 2177 703 2234 734; x_wconf 88' lang='lat' dir='ltr'><strong>ta-</strong></span> 
     </span>
     <span class='ocr_line' id='line_1_94' title="bbox 1183 753 2236 803; baseline 0.004 -13"><span class='ocrx_word' id='word_1_570' title='bbox 1183 764 1268 790; x_wconf 89' lang='lat' dir='ltr'><strong>men</strong></span> <span class='ocrx_word' id='word_1_571' title='bbox 1300 753 1331 789; x_wconf 91' lang='lat' dir='ltr'><strong>si</strong></span> <span class='ocrx_word' id='word_1_572' title='bbox 1364 763 1579 789; x_wconf 90' lang='lat' dir='ltr'><strong>consensum</strong></span> <span class='ocrx_word' id='word_1_573' title='bbox 1606 754 1840 800; x_wconf 80' lang='lat' dir='ltr'><strong>praebeamus,</strong></span> <span class='ocrx_word' id='word_1_574' title='bbox 1874 755 2072 800; x_wconf 88' lang='lat' dir='ltr'><strong>quamlibet</strong></span> <span class='ocrx_word' id='word_1_575' title='bbox 2095 757 2236 803; x_wconf 89' lang='lat' dir='ltr'><strong>culpam</strong></span> 
     </span>
     <span class='ocr_line' id='line_1_95' title="bbox 1183 812 2235 862; baseline 0.003 -12"><span class='ocrx_word' id='word_1_576' title='bbox 1183 813 1240 850; x_wconf 91' lang='lat' dir='ltr'><strong>bis</strong></span> <span class='ocrx_word' id='word_1_577' title='bbox 1254 812 1434 849; x_wconf 76' lang='lat' dir='ltr'><strong>ferrenon</strong></span> <span class='ocrx_word' id='word_1_578' title='bbox 1462 823 1568 859; x_wconf 90' lang='lat' dir='ltr'><strong>posse</strong></span> <span class='ocrx_word' id='word_1_579' title='bbox 1596 814 1663 850; x_wconf 89' lang='lat' dir='ltr'><strong>hoc</strong></span> <span class='ocrx_word' id='word_1_580' title='bbox 1693 819 1841 860; x_wconf 86' lang='lat' dir='ltr'><strong>peccato</strong></span> <span class='ocrx_word' id='word_1_581' title='bbox 1859 815 2055 860; x_wconf 85' lang='lat' dir='ltr'><strong>percussis,</strong></span> <span class='ocrx_word' id='word_1_582' title='bbox 2076 822 2182 862; x_wconf 87' lang='lat' dir='ltr'><strong>atque</strong></span> <span class='ocrx_word' id='word_1_583' title='bbox 2199 818 2235 853; x_wconf 92' lang='lat' dir='ltr'><strong>in</strong></span> 
     </span>
     <span class='ocr_line' id='line_1_96' title="bbox 1183 875 2235 922; baseline 0.004 -13"><span class='ocrx_word' id='word_1_584' title='bbox 1183 879 1333 920; x_wconf 85' lang='lat' dir='ltr'><strong>peccato</strong></span> <span class='ocrx_word' id='word_1_585' title='bbox 1352 884 1417 910; x_wconf 92' lang='lat' dir='ltr'><strong>suo</strong></span> <span class='ocrx_word' id='word_1_586' title='bbox 1434 875 1682 918; x_wconf 88' lang='lat' dir='ltr'><strong>morientibus,</strong></span> <span class='ocrx_word' id='word_1_587' title='bbox 1699 875 2096 922; x_wconf 87' lang='lat' dir='ltr'><strong>debetaestimari,quia</strong></span> <span class='ocrx_word' id='word_1_588' title='bbox 2109 886 2235 914; x_wconf 91' lang='lat' dir='ltr'><strong>eorum</strong></span> 
     </span>
     <span class='ocr_line' id='line_1_97' title="bbox 1184 935 2236 982; baseline 0.004 -11"><span class='ocrx_word' id='word_1_589' title='bbox 1184 936 1369 982; x_wconf 88' lang='lat' dir='ltr'><strong>percussio</strong></span> <span class='ocrx_word' id='word_1_590' title='bbox 1386 935 1444 971; x_wconf 88' lang='lat' dir='ltr'><strong>hic</strong></span> <span class='ocrx_word' id='word_1_591' title='bbox 1474 941 1613 982; x_wconf 87' lang='lat' dir='ltr'><strong>coepta,</strong></span> <span class='ocrx_word' id='word_1_592' title='bbox 1636 936 1710 972; x_wconf 90' lang='lat' dir='ltr'><strong>illic</strong></span> <span class='ocrx_word' id='word_1_593' title='bbox 1736 936 1860 973; x_wconf 77' lang='lat' dir='ltr'><strong>finitur</strong></span> <span class='ocrx_word' id='word_1_594' title='bbox 1877 949 1885 973; x_wconf 91' lang='lat'>:</span> <span class='ocrx_word' id='word_1_595' title='bbox 1905 943 1944 973; x_wconf 92' lang='lat' dir='ltr'><strong>ut</strong></span> <span class='ocrx_word' id='word_1_596' title='bbox 1964 937 2000 973; x_wconf 92' lang='lat' dir='ltr'><strong>in</strong></span> <span class='ocrx_word' id='word_1_597' title='bbox 2024 938 2236 976; x_wconf 89' lang='lat' dir='ltr'><strong>incorrectis</strong></span> 
     </span>
     <span class='ocr_line' id='line_1_98' title="bbox 1185 999 2237 1047; baseline 0.003 -13"><span class='ocrx_word' id='word_1_598' title='bbox 1185 1010 1296 1034; x_wconf 91' lang='lat' dir='ltr'><strong>unum</strong></span> <span class='ocrx_word' id='word_1_599' title='bbox 1316 999 1494 1045; x_wconf 87' lang='lat' dir='ltr'><strong>flagellum</strong></span> <span class='ocrx_word' id='word_1_600' title='bbox 1529 999 1589 1041; x_wconf 88' lang='lat' dir='ltr'><strong>sit,</strong></span> <span class='ocrx_word' id='word_1_601' title='bbox 1612 999 1707 1044; x_wconf 92' lang='lat' dir='ltr'><strong>quod</strong></span> <span class='ocrx_word' id='word_1_602' title='bbox 1733 1000 1979 1044; x_wconf 87' lang='lat' dir='ltr'><strong>temporaliter</strong></span> <span class='ocrx_word' id='word_1_603' title='bbox 2013 1000 2151 1047; x_wconf 88' lang='lat' dir='ltr'><strong>incipit,</strong></span> <span class='ocrx_word' id='word_1_604' title='bbox 2173 1001 2237 1037; x_wconf 91' lang='lat' dir='ltr'><strong>sed</strong></span> 
     </span>
     <span class='ocr_line' id='line_1_99' title="bbox 1185 1058 2238 1106; baseline 0.002 -12"><span class='ocrx_word' id='word_1_605' title='bbox 1185 1059 1222 1094; x_wconf 94' lang='lat' dir='ltr'><strong>in</strong></span> <span class='ocrx_word' id='word_1_606' title='bbox 1243 1059 1387 1094; x_wconf 86' lang='lat' dir='ltr'><strong>aeternis</strong></span> <span class='ocrx_word' id='word_1_607' title='bbox 1425 1058 1609 1103; x_wconf 85' lang='lat' dir='ltr'><strong>suppliciis</strong></span> <span class='ocrx_word' id='word_1_608' title='bbox 1639 1064 1886 1100; x_wconf 84' lang='lat' dir='ltr'><strong>consumatur,</strong></span> <span class='ocrx_word' id='word_1_609' title='bbox 1906 1065 2083 1105; x_wconf 84' lang='lat' dir='ltr'><strong>quatenus</strong></span> <span class='ocrx_word' id='word_1_610' title='bbox 2102 1060 2155 1096; x_wconf 90' lang='lat' dir='ltr'><strong>eis</strong></span> <span class='ocrx_word' id='word_1_611' title='bbox 2175 1060 2238 1106; x_wconf 88' lang='lat' dir='ltr'><strong>qui</strong></span> 
     </span>
     <span class='ocr_line' id='line_1_100' title="bbox 1185 1118 2239 1166; baseline 0.002 -12"><span class='ocrx_word' id='word_1_612' title='bbox 1185 1118 1332 1154; x_wconf 90' lang='lat' dir='ltr'><strong>omnino</strong></span> <span class='ocrx_word' id='word_1_613' title='bbox 1357 1118 1491 1165; x_wconf 83' lang='lat' dir='ltr'><strong>corrigi</strong></span> <span class='ocrx_word' id='word_1_614' title='bbox 1519 1124 1694 1161; x_wconf 88' lang='lat' dir='ltr'><strong>renuunt,</strong></span> <span class='ocrx_word' id='word_1_615' title='bbox 1713 1118 1787 1164; x_wconf 73' lang='lat' dir='ltr'><strong>Jam</strong></span> <span class='ocrx_word' id='word_1_616' title='bbox 1814 1120 2046 1164; x_wconf 83' lang='lat' dir='ltr'><strong>praesentium</strong></span> <span class='ocrx_word' id='word_1_617' title='bbox 2077 1119 2239 1166; x_wconf 84' lang='lat' dir='ltr'><strong>flagello-</strong></span> 
     </span>
    </p>
   </div>
   <div class='ocr_carea' id='block_1_11' title="bbox 55 1177 2237 1227">
    <p class='ocr_par' dir='ltr' id='par_1_11' title="bbox 55 1177 2237 1227">
     <span class='ocr_line' id='line_1_101' title="bbox 55 1177 2237 1227; baseline 0 -11"><span class='ocrx_word' id='word_1_618' title='bbox 55 1183 92 1216; x_wconf 86' lang='lat' dir='ltr'><strong>et</strong></span> <span class='ocrx_word' id='word_1_619' title='bbox 108 1177 433 1215; x_wconf 88' lang='lat' dir='ltr'><strong>circumcisionem.</strong></span> <span class='ocrx_word' id='word_1_620' title='bbox 465 1177 597 1214; x_wconf 92' lang='lat' dir='ltr'><strong>Genuit</strong></span> <span class='ocrx_word' id='word_1_621' title='bbox 625 1184 661 1213; x_wconf 87' lang='lat' dir='ltr'><strong>et</strong></span> <span class='ocrx_word' id='word_1_622' title='bbox 691 1177 927 1214; x_wconf 88' lang='lat' dir='ltr'><strong>Israeliticum</strong></span> <span class='ocrx_word' id='word_1_623' title='bbox 945 1178 1115 1224; x_wconf 76' lang='lat' dir='ltr'><strong>populum</strong></span> <span class='ocrx_word' id='word_1_624' title='bbox 1134 1177 1165 1216; x_wconf 95' lang='lat' dir='ltr'>B</span> <span class='ocrx_word' id='word_1_625' title='bbox 1186 1192 1265 1217; x_wconf 91' lang='lat' dir='ltr'><strong>rum</strong></span> <span class='ocrx_word' id='word_1_626' title='bbox 1282 1180 1481 1227; x_wconf 87' lang='lat' dir='ltr'><strong>percussio,</strong></span> <span class='ocrx_word' id='word_1_627' title='bbox 1500 1179 1728 1225; x_wconf 88' lang='lat' dir='ltr'><strong>sequentium</strong></span> <span class='ocrx_word' id='word_1_628' title='bbox 1745 1179 1793 1215; x_wconf 92' lang='lat' dir='ltr'><strong>sit</strong></span> <span class='ocrx_word' id='word_1_629' title='bbox 1811 1179 1952 1215; x_wconf 89' lang='lat' dir='ltr'><strong>initium</strong></span> <span class='ocrx_word' id='word_1_630' title='bbox 1963 1185 2237 1216; x_wconf 86' lang='lat' dir='ltr'><strong>tormentorum.</strong></span> 
     </span>
    </p>
   </div>
   <div class='ocr_carea' id='block_1_12' title="bbox 1186 1241 2244 2079">
    <p class='ocr_par' dir='ltr' id='par_1_12' title="bbox 1186 1241 2244 2079">
     <span class='ocr_line' id='line_1_102' title="bbox 1187 1241 2234 1289; baseline -0.002 -10"><span class='ocrx_word' id='word_1_631' title='bbox 1187 1243 1384 1289; x_wconf 86' lang='lat' dir='ltr'><strong>Sequitur:</strong></span> <span class='ocrx_word' id='word_1_632' title='bbox 1410 1254 1421 1275; x_wconf 85' lang='lat'><strong>‹</strong></span> <span class='ocrx_word' id='word_1_633' title='bbox 1451 1242 1615 1278; x_wconf 89' lang='lat' dir='ltr'><strong>Comedit</strong></span> <span class='ocrx_word' id='word_1_634' title='bbox 1645 1246 1782 1277; x_wconf 87' lang='lat' dir='ltr'><strong>terram</strong></span> <span class='ocrx_word' id='word_1_635' title='bbox 1819 1247 1856 1277; x_wconf 88' lang='lat' dir='ltr'><strong>et</strong></span> <span class='ocrx_word' id='word_1_636' title='bbox 1889 1242 2075 1277; x_wconf 84' lang='lat' dir='ltr'><strong>nascentia</strong></span> <span class='ocrx_word' id='word_1_637' title='bbox 2104 1241 2193 1286; x_wconf 88' lang='lat' dir='ltr'><strong>ejus.</strong></span> <span class='ocrx_word' id='word_1_638' title='bbox 2221 1254 2234 1277; x_wconf 87' lang='grc'><strong>1</strong></span> 
     </span>
     <span class='ocr_line' id='line_1_103' title="bbox 1186 1301 2241 1348; baseline 0.002 -10"><span class='ocrx_word' id='word_1_639' title='bbox 1186 1302 1334 1338; x_wconf 87' lang='lat' dir='ltr'><strong>Terram</strong></span> <span class='ocrx_word' id='word_1_640' title='bbox 1353 1301 1508 1338; x_wconf 89' lang='lat' dir='ltr'><strong>eomedit</strong></span> <span class='ocrx_word' id='word_1_641' title='bbox 1524 1307 1560 1337; x_wconf 89' lang='lat' dir='ltr'><strong>et</strong></span> <span class='ocrx_word' id='word_1_642' title='bbox 1575 1302 1761 1337; x_wconf 85' lang='lat' dir='ltr'><strong>nascentia</strong></span> <span class='ocrx_word' id='word_1_643' title='bbox 1787 1301 1875 1346; x_wconf 86' lang='lat' dir='ltr'><strong>ejus,</strong></span> <span class='ocrx_word' id='word_1_644' title='bbox 1897 1312 1978 1337; x_wconf 89' lang='lat' dir='ltr'><strong>eum</strong></span> <span class='ocrx_word' id='word_1_645' title='bbox 2000 1312 2144 1338; x_wconf 89' lang='lat' dir='ltr'><strong>earnem</strong></span> <span class='ocrx_word' id='word_1_646' title='bbox 2161 1313 2241 1348; x_wconf 89' lang='lat' dir='ltr'><strong>pec-</strong></span> 
     </span>
     <span class='ocr_line' id='line_1_104' title="bbox 1186 1360 2240 1406; baseline 0 -8"><span class='ocrx_word' id='word_1_647' title='bbox 1186 1362 1358 1398; x_wconf 85' lang='lat' dir='ltr'><strong>catricem</strong></span> <span class='ocrx_word' id='word_1_648' title='bbox 1379 1366 1526 1406; x_wconf 88' lang='lat' dir='ltr'><strong>propter</strong></span> <span class='ocrx_word' id='word_1_649' title='bbox 1550 1370 1659 1406; x_wconf 87' lang='lat' dir='ltr'><strong>opera</strong></span> <span class='ocrx_word' id='word_1_650' title='bbox 1673 1360 1846 1403; x_wconf 86' lang='lat' dir='ltr'><strong>libidinis,</strong></span> <span class='ocrx_word' id='word_1_651' title='bbox 1866 1360 2007 1396; x_wconf 85' lang='lat' dir='ltr'><strong>flamma</strong></span> <span class='ocrx_word' id='word_1_652' title='bbox 2027 1367 2170 1398; x_wconf 87' lang='lat' dir='ltr'><strong>aeternae</strong></span> <span class='ocrx_word' id='word_1_653' title='bbox 2190 1362 2240 1398; x_wconf 91' lang='lat' dir='ltr'><strong>ul-</strong></span> 
     </span>
     <span class='ocr_line' id='line_1_105' title="bbox 1186 1419 2239 1467; baseline 0.001 -11"><span class='ocrx_word' id='word_1_654' title='bbox 1186 1421 1295 1458; x_wconf 90' lang='lat' dir='ltr'><strong>tionis</strong></span> <span class='ocrx_word' id='word_1_655' title='bbox 1331 1419 1521 1456; x_wconf 89' lang='lat' dir='ltr'><strong>comburit.</strong></span> <span class='ocrx_word' id='word_1_656' title='bbox 1564 1419 1756 1456; x_wconf 88' lang='lat' dir='ltr'><strong>Nascentia</strong></span> <span class='ocrx_word' id='word_1_657' title='bbox 1789 1420 1884 1456; x_wconf 89' lang='lat' dir='ltr'><strong>enim</strong></span> <span class='ocrx_word' id='word_1_658' title='bbox 1915 1421 2057 1464; x_wconf 88' lang='lat' dir='ltr'><strong>carnis,</strong></span> <span class='ocrx_word' id='word_1_659' title='bbox 2094 1421 2239 1467; x_wconf 85' lang='lat' dir='ltr'><strong>proprie</strong></span> 
     </span>
     <span class='ocr_line' id='line_1_106' title="bbox 1186 1482 2241 1530; baseline -0.001 -11"><span class='ocrx_word' id='word_1_660' title='bbox 1186 1494 1296 1530; x_wconf 87' lang='lat' dir='ltr'><strong>opera</strong></span> <span class='ocrx_word' id='word_1_661' title='bbox 1317 1488 1401 1519; x_wconf 90' lang='lat' dir='ltr'><strong>sunt</strong></span> <span class='ocrx_word' id='word_1_662' title='bbox 1420 1482 1718 1528; x_wconf 84' lang='lat' dir='ltr'><strong>concupiscentiae</strong></span> <span class='ocrx_word' id='word_1_663' title='bbox 1744 1482 1913 1525; x_wconf 85' lang='lat' dir='ltr'><strong>carnalis,</strong></span> <span class='ocrx_word' id='word_1_664' title='bbox 1935 1494 1946 1514; x_wconf 86' lang='lat'>‹</span> <span class='ocrx_word' id='word_1_665' title='bbox 1972 1493 2051 1528; x_wconf 69' lang='lat' dir='ltr'><strong>quse</strong></span> <span class='ocrx_word' id='word_1_666' title='bbox 2067 1488 2151 1518; x_wconf 91' lang='lat' dir='ltr'><strong>sunt</strong></span> <span class='ocrx_word' id='word_1_667' title='bbox 2169 1482 2241 1518; x_wconf 83' lang='lat' dir='ltr'><strong>sor-</strong></span> 
     </span>
     <span class='ocr_line' id='line_1_107' title="bbox 1186 1542 2240 1588; baseline -0.002 -8"><span class='ocrx_word' id='word_1_668' title='bbox 1186 1544 1401 1587; x_wconf 89' lang='lat' dir='ltr'><strong>nicationes‚</strong></span> <span class='ocrx_word' id='word_1_669' title='bbox 1418 1542 1670 1586; x_wconf 59' lang='lat' dir='ltr'><strong>immunditiae,</strong></span> <span class='ocrx_word' id='word_1_670' title='bbox 1690 1542 1933 1588; x_wconf 77' lang='lat' dir='ltr'><strong>impudicitiae,</strong></span> <span class='ocrx_word' id='word_1_671' title='bbox 1951 1542 2106 1585; x_wconf 84' lang='lat' dir='ltr'><strong>luxuria,</strong></span> <span class='ocrx_word' id='word_1_672' title='bbox 2127 1542 2240 1578; x_wconf 92' lang='lat' dir='ltr'><strong>idolo-</strong></span> 
     </span>
     <span class='ocr_line' id='line_1_108' title="bbox 1186 1604 2238 1649; baseline -0.003 -6"><span class='ocrx_word' id='word_1_673' title='bbox 1186 1617 1267 1643; x_wconf 89' lang='lat' dir='ltr'><strong>rum</strong></span> <span class='ocrx_word' id='word_1_674' title='bbox 1298 1607 1451 1643; x_wconf 89' lang='lat' dir='ltr'><strong>servitus</strong></span> <span class='ocrx_word' id='word_1_675' title='bbox 1469 1632 1478 1649; x_wconf 95' lang='lat'><strong>,</strong></span> <span class='ocrx_word' id='word_1_676' title='bbox 1506 1604 1701 1647; x_wconf 88' lang='lat' dir='ltr'><strong>veneficia,</strong></span> <span class='ocrx_word' id='word_1_677' title='bbox 1731 1604 1944 1646; x_wconf 77' lang='lat' dir='ltr'><strong>inimicitiae,</strong></span> <span class='ocrx_word' id='word_1_678' title='bbox 1975 1604 2238 1647; x_wconf 88' lang='lat' dir='ltr'><strong>contentiones,</strong></span> 
     </span>
     <span class='ocr_line' id='line_1_109' title="bbox 1186 1664 2240 1710; baseline -0.007 -5"><span class='ocrx_word' id='word_1_679' title='bbox 1186 1668 1445 1709; x_wconf 84' lang='lat' dir='ltr'><strong>aemulationes,</strong></span> <span class='ocrx_word' id='word_1_680' title='bbox 1464 1666 1539 1710; x_wconf 82' lang='lat' dir='ltr'><strong>irae,</strong></span> <span class='ocrx_word' id='word_1_681' title='bbox 1552 1666 1652 1709; x_wconf 84' lang='lat' dir='ltr'><strong>rixae,</strong></span> <span class='ocrx_word' id='word_1_682' title='bbox 1672 1665 1928 1707; x_wconf 83' lang='lat' dir='ltr'><strong>dissensiones,</strong></span> <span class='ocrx_word' id='word_1_683' title='bbox 1943 1670 2064 1707; x_wconf 81' lang='lat' dir='ltr'><strong>sectae,</strong></span> <span class='ocrx_word' id='word_1_684' title='bbox 2085 1664 2240 1706; x_wconf 76' lang='lat' dir='ltr'><strong>invidiae,</strong></span> 
     </span>
     <span class='ocr_line' id='line_1_110' title="bbox 1187 1725 2242 1773; baseline -0.005 -7"><span class='ocrx_word' id='word_1_685' title='bbox 1187 1730 1392 1773; x_wconf 86' lang='lat' dir='ltr'><strong>homicidia,</strong></span> <span class='ocrx_word' id='word_1_686' title='bbox 1428 1729 1633 1772; x_wconf 87' lang='lat' dir='ltr'><strong>ebrietates,</strong></span> <span class='ocrx_word' id='word_1_687' title='bbox 1669 1727 1962 1769; x_wconf 82' lang='lat' dir='ltr'><strong>comessationes,</strong></span> <span class='ocrx_word' id='word_1_688' title='bbox 1990 1725 2109 1762; x_wconf 84' lang='lat' dir='ltr'><strong>ethis</strong></span> <span class='ocrx_word' id='word_1_689' title='bbox 2143 1725 2242 1762; x_wconf 85' lang='grc'><strong>511111-</strong></span> 
     </span>
     <span class='ocr_line' id='line_1_111' title="bbox 1187 1786 2242 1837; baseline -0.007 -9"><span class='ocrx_word' id='word_1_690' title='bbox 1187 1792 1248 1828; x_wconf 85' lang='lat' dir='ltr'><strong>lia.</strong></span> <span class='ocrx_word' id='word_1_691' title='bbox 1269 1791 1355 1836; x_wconf 82' lang='lat' dir='ltr'><strong>Quae</strong></span> <span class='ocrx_word' id='word_1_692' title='bbox 1375 1791 1436 1837; x_wconf 89' lang='lat' dir='ltr'><strong>qui</strong></span> <span class='ocrx_word' id='word_1_693' title='bbox 1463 1795 1585 1837; x_wconf 86' lang='lat' dir='ltr'><strong>agunt,</strong></span> <span class='ocrx_word' id='word_1_694' title='bbox 1612 1794 1652 1824; x_wconf 89' lang='lat' dir='ltr'><strong>ut</strong></span> <span class='ocrx_word' id='word_1_695' title='bbox 1673 1789 1807 1824; x_wconf 89' lang='lat' dir='ltr'><strong>Paulus</strong></span> <span class='ocrx_word' id='word_1_696' title='bbox 1822 1793 1988 1830; x_wconf 86' lang='lat' dir='ltr'><strong>testatur,</strong></span> <span class='ocrx_word' id='word_1_697' title='bbox 2010 1796 2159 1833; x_wconf 83' lang='lat' dir='ltr'><strong>regnum</strong></span> <span class='ocrx_word' id='word_1_698' title='bbox 2177 1786 2242 1821; x_wconf 89' lang='lat' dir='ltr'><strong>Dei</strong></span> 
     </span>
     <span class='ocr_line' id='line_1_112' title="bbox 1187 1845 2243 1897; baseline -0.009 -8"><span class='ocrx_word' id='word_1_699' title='bbox 1187 1863 1259 1889; x_wconf 91' lang='lat' dir='ltr'><strong>non</strong></span> <span class='ocrx_word' id='word_1_700' title='bbox 1282 1858 1549 1897; x_wconf 87' lang='lat' dir='ltr'><strong>consequentur</strong></span> <span class='ocrx_word' id='word_1_701' title='bbox 1570 1848 1664 1896; x_wconf 84' lang='lat' dir='ltr'><strong>(Gal.</strong></span> <span class='ocrx_word' id='word_1_702' title='bbox 1690 1849 1741 1895; x_wconf 93' lang='lat' dir='ltr'><strong>v).</strong></span> <span class='ocrx_word' id='word_1_703' title='bbox 1767 1862 1778 1883; x_wconf 86' lang='grc'><strong>1</strong></span> <span class='ocrx_word' id='word_1_704' title='bbox 1806 1860 1817 1882; x_wconf 84' lang='grc'><strong>1</strong></span> <span class='ocrx_word' id='word_1_705' title='bbox 1843 1848 1887 1883; x_wconf 86' lang='lat' dir='ltr'><strong>Et</strong></span> <span class='ocrx_word' id='word_1_706' title='bbox 1911 1847 2086 1884; x_wconf 90' lang='lat' dir='ltr'><strong>montium</strong></span> <span class='ocrx_word' id='word_1_707' title='bbox 2115 1845 2243 1881; x_wconf 63' lang='lat' dir='ltr'><strong>funda&gt;</strong></span> 
     </span>
     <span class='ocr_line' id='line_1_113' title="bbox 1187 1907 2242 1957; baseline -0.008 -7"><span class='ocrx_word' id='word_1_708' title='bbox 1187 1919 1309 1951; x_wconf 91' lang='lat' dir='ltr'><strong>menta</strong></span> <span class='ocrx_word' id='word_1_709' title='bbox 1328 1914 1528 1950; x_wconf 85' lang='lat' dir='ltr'><strong>comburet.</strong></span> <span class='ocrx_word' id='word_1_710' title='bbox 1552 1925 1565 1947; x_wconf 87' lang='grc'><strong>1</strong></span> <span class='ocrx_word' id='word_1_711' title='bbox 1583 1911 1672 1948; x_wconf 91' lang='lat' dir='ltr'><strong>Cum</strong></span> <span class='ocrx_word' id='word_1_712' title='bbox 1698 1911 1934 1957; x_wconf 90' lang='lat' dir='ltr'><strong>superborum</strong></span> <span class='ocrx_word' id='word_1_713' title='bbox 1951 1910 2074 1955; x_wconf 87' lang='lat' dir='ltr'><strong>iniqua</strong></span> <span class='ocrx_word' id='word_1_714' title='bbox 2091 1907 2242 1944; x_wconf 86' lang='lat' dir='ltr'><strong>consilia</strong></span> 
     </span>
     <span class='ocr_line' id='line_1_114' title="bbox 1189 1969 2244 2022; baseline -0.007 -11"><span class='ocrx_word' id='word_1_715' title='bbox 1189 1975 1319 2022; x_wconf 87' lang='lat' dir='ltr'><strong>quibus</strong></span> <span class='ocrx_word' id='word_1_716' title='bbox 1335 1985 1373 2011; x_wconf 90' lang='lat' dir='ltr'><strong>se</strong></span> <span class='ocrx_word' id='word_1_717' title='bbox 1397 1974 1542 2020; x_wconf 89' lang='lat' dir='ltr'><strong>impune</strong></span> <span class='ocrx_word' id='word_1_718' title='bbox 1564 1983 1669 2018; x_wconf 88' lang='lat' dir='ltr'><strong>posse</strong></span> <span class='ocrx_word' id='word_1_719' title='bbox 1695 1981 1845 2019; x_wconf 85' lang='lat' dir='ltr'><strong>peccare</strong></span> <span class='ocrx_word' id='word_1_720' title='bbox 1872 1970 2079 2014; x_wconf 85' lang='lat' dir='ltr'><strong>eredebant,</strong></span> <span class='ocrx_word' id='word_1_721' title='bbox 2098 1969 2244 2006; x_wconf 85' lang='lat' dir='ltr'><strong>aeternis</strong></span> 
     </span>
     <span class='ocr_line' id='line_1_115' title="bbox 1189 2032 2244 2079; baseline -0.008 -6"><span class='ocrx_word' id='word_1_722' title='bbox 1189 2036 1409 2072; x_wconf 88' lang='lat' dir='ltr'><strong>cruciatibus</strong></span> <span class='ocrx_word' id='word_1_723' title='bbox 1453 2039 1679 2071; x_wconf 90' lang='lat' dir='ltr'><strong>consument.</strong></span> <span class='ocrx_word' id='word_1_724' title='bbox 1714 2045 1725 2066; x_wconf 91' lang='lat'>‹</span> <span class='ocrx_word' id='word_1_725' title='bbox 1759 2032 1993 2079; x_wconf 79' lang='lat' dir='ltr'><strong>Congregabo</strong></span> <span class='ocrx_word' id='word_1_726' title='bbox 2034 2041 2142 2076; x_wconf 83' lang='lat' dir='ltr'><strong>super</strong></span> <span class='ocrx_word' id='word_1_727' title='bbox 2181 2039 2244 2066; x_wconf 88' lang='lat' dir='ltr'><strong>eos</strong></span> 
     </span>
    </p>
   </div>
   <div class='ocr_carea' id='block_1_13' title="bbox 50 2080 2243 2142">
    <p class='ocr_par' dir='ltr' id='par_1_13' title="bbox 50 2080 2243 2142">
     <span class='ocr_line' id='line_1_116' title="bbox 50 2080 2243 2142; baseline -0.005 -15"><span class='ocrx_word' id='word_1_728' title='bbox 50 2090 211 2135; x_wconf 70' lang='lat' dir='ltr'><strong>isacium,</strong></span> <span class='ocrx_word' id='word_1_729' title='bbox 240 2091 318 2137; x_wconf 86' lang='lat' dir='ltr'><strong>ejus</strong></span> <span class='ocrx_word' id='word_1_730' title='bbox 347 2091 633 2127; x_wconf 87' lang='lat' dir='ltr'><strong>misericordiam</strong></span> <span class='ocrx_word' id='word_1_731' title='bbox 654 2101 727 2127; x_wconf 92' lang='lat' dir='ltr'><strong>non</strong></span> <span class='ocrx_word' id='word_1_732' title='bbox 757 2095 955 2134; x_wconf 88' lang='lat' dir='ltr'><strong>merentur,</strong></span> <span class='ocrx_word' id='word_1_733' title='bbox 988 2090 1051 2126; x_wconf 86' lang='lat' dir='ltr'><strong>sed</strong></span> <span class='ocrx_word' id='word_1_734' title='bbox 1075 2090 1119 2126; x_wconf 85' lang='grc'><strong>311</strong></span> <span class='ocrx_word' id='word_1_735' title='bbox 1138 2080 1167 2122; x_wconf 93' lang='lat' dir='ltr'>C</span> <span class='ocrx_word' id='word_1_736' title='bbox 1190 2099 1299 2135; x_wconf 60' lang='lat' dir='ltr'><strong>mala,</strong></span> <span class='ocrx_word' id='word_1_737' title='bbox 1327 2112 1339 2133; x_wconf 89' lang='lat'><strong>,</strong></span> <span class='ocrx_word' id='word_1_738' title='bbox 1364 2097 1514 2142; x_wconf 67' lang='lat' dir='ltr'>Quando</span> <span class='ocrx_word' id='word_1_739' title='bbox 1529 2106 1601 2132; x_wconf 74' lang='lat' dir='ltr'><strong>non</strong></span> <span class='ocrx_word' id='word_1_740' title='bbox 1621 2094 1738 2132; x_wconf 73' lang='lat' dir='ltr'><strong>solum</strong></span> <span class='ocrx_word' id='word_1_741' title='bbox 1759 2093 1854 2129; x_wconf 63' lang='lat' dir='ltr'><strong>mala</strong></span> <span class='ocrx_word' id='word_1_742' title='bbox 1880 2103 2004 2138; x_wconf 67' lang='lat' dir='ltr'><strong>opem,</strong></span> <span class='ocrx_word' id='word_1_743' title='bbox 2030 2092 2094 2127; x_wconf 59' lang='lat' dir='ltr'><strong>sed</strong></span> <span class='ocrx_word' id='word_1_744' title='bbox 2119 2095 2157 2126; x_wconf 56' lang='lat' dir='ltr'><strong>et</strong></span> <span class='ocrx_word' id='word_1_745' title='bbox 2180 2099 2243 2127; x_wconf 71' lang='lat'><strong>00..</strong></span> 
     </span>
    </p>
   </div>
   <div class='ocr_carea' id='block_1_14' title="bbox 1191 2150 2250 3781">
    <p class='ocr_par' dir='ltr' id='par_1_14' title="bbox 1191 2150 2250 3781">
     <span class='ocr_line' id='line_1_117' title="bbox 1191 2150 2244 2207; baseline -0.009 -12"><span class='ocrx_word' id='word_1_746' title='bbox 1191 2159 1382 2207; x_wconf 82' lang='lat' dir='ltr'><strong>gitationes</strong></span> <span class='ocrx_word' id='word_1_747' title='bbox 1408 2164 1516 2203; x_wconf 87' lang='lat' dir='ltr'><strong>atque</strong></span> <span class='ocrx_word' id='word_1_748' title='bbox 1534 2166 1645 2203; x_wconf 91' lang='lat' dir='ltr'><strong>prava</strong></span> <span class='ocrx_word' id='word_1_749' title='bbox 1662 2165 1729 2200; x_wconf 90' lang='lat' dir='ltr'><strong>pro</strong></span> <span class='ocrx_word' id='word_1_750' title='bbox 1746 2153 1878 2200; x_wconf 88' lang='lat' dir='ltr'><strong>quibus</strong></span> <span class='ocrx_word' id='word_1_751' title='bbox 1898 2152 2095 2198; x_wconf 89' lang='lat' dir='ltr'><strong>puniantur</strong></span> <span class='ocrx_word' id='word_1_752' title='bbox 2114 2150 2151 2186; x_wconf 90' lang='lat' dir='ltr'><strong>in</strong></span> <span class='ocrx_word' id='word_1_753' title='bbox 2166 2159 2244 2186; x_wconf 91' lang='lat' dir='ltr'><strong>me-</strong></span> 
     </span>
     <span class='ocr_line' id='line_1_118' title="bbox 1191 2210 2247 2262; baseline -0.012 -3"><span class='ocrx_word' id='word_1_754' title='bbox 1191 2222 1343 2259; x_wconf 86' lang='lat' dir='ltr'><strong>moriam</strong></span> <span class='ocrx_word' id='word_1_755' title='bbox 1359 2221 1513 2257; x_wconf 86' lang='lat' dir='ltr'><strong>adducet</strong></span> <span class='ocrx_word' id='word_1_756' title='bbox 1531 2218 1655 2255; x_wconf 85' lang='lat' dir='ltr'><strong>verba.</strong></span> <span class='ocrx_word' id='word_1_757' title='bbox 1677 2216 1833 2262; x_wconf 85' lang='lat' dir='ltr'><strong>Sagittas</strong></span> <span class='ocrx_word' id='word_1_758' title='bbox 1865 2224 1948 2250; x_wconf 90' lang='lat' dir='ltr'><strong>suas</strong></span> <span class='ocrx_word' id='word_1_759' title='bbox 1968 2214 2004 2248; x_wconf 93' lang='lat' dir='ltr'><strong>in</strong></span> <span class='ocrx_word' id='word_1_760' title='bbox 2025 2212 2078 2249; x_wconf 91' lang='lat' dir='ltr'><strong>cis</strong></span> <span class='ocrx_word' id='word_1_761' title='bbox 2092 2210 2247 2258; x_wconf 86' lang='lat' dir='ltr'><strong>comple-</strong></span> 
     </span>
     <span class='ocr_line' id='line_1_119' title="bbox 1191 2273 2248 2330; baseline -0.014 -9"><span class='ocrx_word' id='word_1_762' title='bbox 1191 2285 1259 2328; x_wconf 89' lang='lat' dir='ltr'><strong>bit,</strong></span> <span class='ocrx_word' id='word_1_763' title='bbox 1280 2283 1424 2330; x_wconf 89' lang='lat' dir='ltr'><strong>quando</strong></span> <span class='ocrx_word' id='word_1_764' title='bbox 1440 2283 1531 2318; x_wconf 89' lang='lat' dir='ltr'><strong>iram</strong></span> <span class='ocrx_word' id='word_1_765' title='bbox 1557 2279 1816 2326; x_wconf 84' lang='lat' dir='ltr'><strong>indignationis</strong></span> <span class='ocrx_word' id='word_1_766' title='bbox 1851 2287 1925 2313; x_wconf 82' lang='lat' dir='ltr'><strong>suae</strong></span> <span class='ocrx_word' id='word_1_767' title='bbox 1960 2284 2025 2319; x_wconf 90' lang='lat' dir='ltr'><strong>per</strong></span> <span class='ocrx_word' id='word_1_768' title='bbox 2044 2273 2144 2309; x_wconf 91' lang='lat' dir='ltr'><strong>varia</strong></span> <span class='ocrx_word' id='word_1_769' title='bbox 2178 2277 2248 2307; x_wconf 91' lang='lat' dir='ltr'><strong>tor-</strong></span> 
     </span>
     <span class='ocr_line' id='line_1_120' title="bbox 1193 2332 2243 2383; baseline -0.016 0"><span class='ocrx_word' id='word_1_770' title='bbox 1193 2351 1315 2383; x_wconf 80' lang='lat' dir='ltr'><strong>menta</strong></span> <span class='ocrx_word' id='word_1_771' title='bbox 1353 2343 1536 2380; x_wconf 83' lang='lat' dir='ltr'><strong>ostendit:</strong></span> <span class='ocrx_word' id='word_1_772' title='bbox 1562 2353 1574 2375; x_wconf 86' lang='lat'>‹</span> <span class='ocrx_word' id='word_1_773' title='bbox 1595 2341 1863 2377; x_wconf 89' lang='lat' dir='ltr'><strong>Consumuntur</strong></span> <span class='ocrx_word' id='word_1_774' title='bbox 1891 2336 1998 2371; x_wconf 84' lang='lat' dir='ltr'><strong>same.</strong></span> <span class='ocrx_word' id='word_1_775' title='bbox 2034 2348 2045 2368; x_wconf 84' lang='lat'><strong>»</strong></span> <span class='ocrx_word' id='word_1_776' title='bbox 2070 2332 2144 2368; x_wconf 85' lang='lat' dir='ltr'><strong>Hoc</strong></span> <span class='ocrx_word' id='word_1_777' title='bbox 2174 2337 2243 2374; x_wconf 85' lang='lat' dir='ltr'><strong>est,</strong></span> 
     </span>
     <span class='ocr_line' id='line_1_121' title="bbox 1193 2396 2245 2447; baseline -0.015 -6"><span class='ocrx_word' id='word_1_778' title='bbox 1193 2415 1259 2441; x_wconf 91' lang='grc'><strong>1100</strong></span> <span class='ocrx_word' id='word_1_779' title='bbox 1273 2403 1357 2446; x_wconf 83' lang='grc'><strong>01111,</strong></span> <span class='ocrx_word' id='word_1_780' title='bbox 1388 2412 1454 2438; x_wconf 89' lang='grc'><strong>1100</strong></span> <span class='ocrx_word' id='word_1_781' title='bbox 1474 2405 1593 2447; x_wconf 89' lang='lat' dir='ltr'><strong>potus,</strong></span> <span class='ocrx_word' id='word_1_782' title='bbox 1614 2399 1676 2435; x_wconf 92' lang='lat' dir='ltr'><strong>sed</strong></span> <span class='ocrx_word' id='word_1_783' title='bbox 1690 2402 1863 2444; x_wconf 86' lang='lat' dir='ltr'><strong>perpetua</strong></span> <span class='ocrx_word' id='word_1_784' title='bbox 1891 2396 2066 2432; x_wconf 88' lang='lat' dir='ltr'><strong>bonorum</strong></span> <span class='ocrx_word' id='word_1_785' title='bbox 2095 2401 2245 2436; x_wconf 88' lang='lat' dir='ltr'><strong>operum</strong></span> 
     </span>
     <span class='ocr_line' id='line_1_122' title="bbox 1194 2450 2244 2506; baseline -0.018 -3"><span class='ocrx_word' id='word_1_786' title='bbox 1194 2464 1397 2506; x_wconf 87' lang='lat' dir='ltr'><strong>sterilitate,</strong></span> <span class='ocrx_word' id='word_1_787' title='bbox 1420 2475 1431 2496; x_wconf 88' lang='lat'>‹</span> <span class='ocrx_word' id='word_1_788' title='bbox 1452 2469 1488 2498; x_wconf 91' lang='lat' dir='ltr'><strong>et</strong></span> <span class='ocrx_word' id='word_1_789' title='bbox 1515 2458 1738 2496; x_wconf 88' lang='lat' dir='ltr'><strong>devorabunt</strong></span> <span class='ocrx_word' id='word_1_790' title='bbox 1757 2467 1819 2494; x_wconf 91' lang='lat' dir='ltr'><strong>eos</strong></span> <span class='ocrx_word' id='word_1_791' title='bbox 1839 2465 1922 2491; x_wconf 87' lang='lat' dir='ltr'><strong>aves</strong></span> <span class='ocrx_word' id='word_1_792' title='bbox 1951 2463 2073 2490; x_wconf 90' lang='lat' dir='ltr'><strong>morsu</strong></span> <span class='ocrx_word' id='word_1_793' title='bbox 2092 2450 2244 2486; x_wconf 82' lang='grc'><strong>31113115-</strong></span> 
     </span>
     <span class='ocr_line' id='line_1_123' title="bbox 1195 2513 2245 2569; baseline -0.016 -6"><span class='ocrx_word' id='word_1_794' title='bbox 1195 2527 1285 2564; x_wconf 90' lang='lat' dir='ltr'><strong>simo</strong></span> <span class='ocrx_word' id='word_1_795' title='bbox 1307 2538 1314 2560; x_wconf 93' lang='lat'>:</span> <span class='ocrx_word' id='word_1_796' title='bbox 1343 2538 1355 2559; x_wconf 86' lang='lat'><strong>›</strong></span> <span class='ocrx_word' id='word_1_797' title='bbox 1377 2522 1525 2569; x_wconf 85' lang='lat' dir='ltr'><strong>maligni</strong></span> <span class='ocrx_word' id='word_1_798' title='bbox 1542 2520 1710 2557; x_wconf 88' lang='lat' dir='ltr'><strong>videlieet</strong></span> <span class='ocrx_word' id='word_1_799' title='bbox 1729 2518 1876 2565; x_wconf 89' lang='lat' dir='ltr'><strong>spiritus</strong></span> <span class='ocrx_word' id='word_1_800' title='bbox 1897 2520 2044 2563; x_wconf 86' lang='lat' dir='ltr'><strong>peccata</strong></span> <span class='ocrx_word' id='word_1_801' title='bbox 2064 2513 2245 2559; x_wconf 62' lang='lat' dir='ltr'><strong>praeterita</strong></span> 
     </span>
     <span class='ocr_line' id='line_1_124' title="bbox 1195 2574 2245 2634; baseline -0.016 -10"><span class='ocrx_word' id='word_1_802' title='bbox 1195 2589 1480 2634; x_wconf 85' lang='lat' dir='ltr'><strong>improperantes</strong></span> <span class='ocrx_word' id='word_1_803' title='bbox 1500 2610 1510 2627; x_wconf 91' lang='lat'><strong>,</strong></span> <span class='ocrx_word' id='word_1_804' title='bbox 1539 2592 1602 2619; x_wconf 90' lang='grc'><strong>010</strong></span> <span class='ocrx_word' id='word_1_805' title='bbox 1632 2581 1794 2617; x_wconf 89' lang='lat' dir='ltr'><strong>lacerant</strong></span> <span class='ocrx_word' id='word_1_806' title='bbox 1829 2577 2040 2614; x_wconf 83' lang='lat' dir='ltr'><strong>saevissimo.</strong></span> <span class='ocrx_word' id='word_1_807' title='bbox 2070 2587 2081 2608; x_wconf 81' lang='grc' dir='ltr'><strong><em>ι</em></strong></span> <span class='ocrx_word' id='word_1_808' title='bbox 2113 2574 2245 2609; x_wconf 83' lang='lat' dir='ltr'><strong>Dentes</strong></span> 
     </span>
     <span class='ocr_line' id='line_1_125' title="bbox 1195 2634 2243 2685; baseline -0.017 0"><span class='ocrx_word' id='word_1_809' title='bbox 1195 2649 1389 2685; x_wconf 85' lang='lat' dir='ltr'><strong>bestiarum</strong></span> <span class='ocrx_word' id='word_1_810' title='bbox 1408 2644 1600 2682; x_wconf 87' lang='lat' dir='ltr'><strong>immittam</strong></span> <span class='ocrx_word' id='word_1_811' title='bbox 1621 2642 1657 2678; x_wconf 92' lang='lat' dir='ltr'><strong>in</strong></span> <span class='ocrx_word' id='word_1_812' title='bbox 1675 2652 1752 2684; x_wconf 91' lang='grc'><strong>005,</strong></span> <span class='ocrx_word' id='word_1_813' title='bbox 1774 2650 1853 2676; x_wconf 91' lang='lat' dir='ltr'><strong>cum</strong></span> <span class='ocrx_word' id='word_1_814' title='bbox 1882 2637 2005 2674; x_wconf 81' lang='lat' dir='ltr'><strong>surore</strong></span> <span class='ocrx_word' id='word_1_815' title='bbox 2022 2634 2243 2671; x_wconf 86' lang='lat' dir='ltr'><strong>trahentium</strong></span> 
     </span>
     <span class='ocr_line' id='line_1_126' title="bbox 1197 2697 2244 2756; baseline -0.017 -11"><span class='ocrx_word' id='word_1_816' title='bbox 1197 2712 1453 2756; x_wconf 84' lang='lat' dir='ltr'><strong>superterram</strong></span> <span class='ocrx_word' id='word_1_817' title='bbox 1477 2710 1584 2750; x_wconf 85' lang='lat' dir='ltr'><strong>atque</strong></span> <span class='ocrx_word' id='word_1_818' title='bbox 1599 2701 1834 2748; x_wconf 79' lang='lat' dir='ltr'><strong>serpentium.</strong></span> <span class='ocrx_word' id='word_1_819' title='bbox 1861 2712 1873 2734; x_wconf 84' lang='lat'>›</span> <span class='ocrx_word' id='word_1_820' title='bbox 1896 2697 2024 2734; x_wconf 77' lang='lat' dir='ltr'><strong>Bestiae</strong></span> <span class='ocrx_word' id='word_1_821' title='bbox 2045 2700 2153 2740; x_wconf 86' lang='lat' dir='ltr'><strong>atque</strong></span> <span class='ocrx_word' id='word_1_822' title='bbox 2169 2703 2244 2728; x_wconf 88' lang='lat' dir='ltr'><strong>ser-</strong></span> 
     </span>
     <span class='ocr_line' id='line_1_127' title="bbox 1197 2755 2244 2818; baseline -0.016 -13"><span class='ocrx_word' id='word_1_823' title='bbox 1197 2774 1337 2818; x_wconf 87' lang='lat' dir='ltr'><strong>pentes,</strong></span> <span class='ocrx_word' id='word_1_824' title='bbox 1371 2765 1516 2811; x_wconf 80' lang='lat' dir='ltr'><strong>maligni</strong></span> <span class='ocrx_word' id='word_1_825' title='bbox 1550 2763 1696 2811; x_wconf 91' lang='lat' dir='ltr'><strong>spiritus</strong></span> <span class='ocrx_word' id='word_1_826' title='bbox 1731 2765 1826 2797; x_wconf 88' lang='lat' dir='ltr'><strong>sunt.</strong></span> <span class='ocrx_word' id='word_1_827' title='bbox 1844 2758 1913 2804; x_wconf 89' lang='lat' dir='ltr'><strong>Qui</strong></span> <span class='ocrx_word' id='word_1_828' title='bbox 1933 2757 2058 2794; x_wconf 82' lang='lat' dir='ltr'><strong>bestiae</strong></span> <span class='ocrx_word' id='word_1_829' title='bbox 2078 2755 2244 2792; x_wconf 86' lang='lat' dir='ltr'><strong>dicuntur</strong></span> 
     </span>
     <span class='ocr_line' id='line_1_128' title="bbox 1197 2815 2242 2879; baseline -0.019 -11"><span class='ocrx_word' id='word_1_830' title='bbox 1197 2835 1345 2879; x_wconf 87' lang='lat' dir='ltr'><strong>propter</strong></span> <span class='ocrx_word' id='word_1_831' title='bbox 1359 2827 1596 2868; x_wconf 81' lang='lat' dir='ltr'><strong>ferocitatem,</strong></span> <span class='ocrx_word' id='word_1_832' title='bbox 1619 2827 1806 2870; x_wconf 89' lang='lat' dir='ltr'><strong>serpentes</strong></span> <span class='ocrx_word' id='word_1_833' title='bbox 1832 2825 1978 2867; x_wconf 88' lang='lat' dir='ltr'><strong>propter</strong></span> <span class='ocrx_word' id='word_1_834' title='bbox 1994 2815 2242 2853; x_wconf 86' lang='lat' dir='ltr'><strong>calliditatem.</strong></span> 
     </span>
     <span class='ocr_line' id='line_1_129' title="bbox 1200 2875 2249 2934; baseline -0.019 -4"><span class='ocrx_word' id='word_1_835' title='bbox 1200 2893 1364 2931; x_wconf 87' lang='lat' dir='ltr'><strong>Trahunt</strong></span> <span class='ocrx_word' id='word_1_836' title='bbox 1386 2889 1510 2927; x_wconf 65' lang='lat' dir='ltr'><strong>bestia}</strong></span> <span class='ocrx_word' id='word_1_837' title='bbox 1537 2893 1645 2934; x_wconf 90' lang='lat' dir='ltr'><strong>atque</strong></span> <span class='ocrx_word' id='word_1_838' title='bbox 1670 2889 1856 2930; x_wconf 88' lang='lat' dir='ltr'><strong>serpentes</strong></span> <span class='ocrx_word' id='word_1_839' title='bbox 1878 2880 2050 2928; x_wconf 90' lang='lat' dir='ltr'><strong>reprobos</strong></span> <span class='ocrx_word' id='word_1_840' title='bbox 2082 2875 2249 2913; x_wconf 86' lang='lat' dir='ltr'><strong>dentibus</strong></span> 
     </span>
     <span class='ocr_line' id='line_1_130' title="bbox 1201 2937 2250 3002; baseline -0.018 -11"><span class='ocrx_word' id='word_1_841' title='bbox 1201 2959 1461 3002; x_wconf 86' lang='lat' dir='ltr'><strong>superterram</strong></span> <span class='ocrx_word' id='word_1_842' title='bbox 1494 2960 1576 2987; x_wconf 92' lang='lat' dir='ltr'><strong>eum</strong></span> <span class='ocrx_word' id='word_1_843' title='bbox 1598 2949 1735 2991; x_wconf 83' lang='lat' dir='ltr'><strong>furore,</strong></span> <span class='ocrx_word' id='word_1_844' title='bbox 1754 2945 1898 2993; x_wconf 88' lang='lat' dir='ltr'><strong>quando</strong></span> <span class='ocrx_word' id='word_1_845' title='bbox 1927 2943 1997 2980; x_wconf 85' lang='lat' dir='ltr'><strong>hoc</strong></span> <span class='ocrx_word' id='word_1_846' title='bbox 2024 2940 2119 2987; x_wconf 89' lang='lat' dir='ltr'><strong>quod</strong></span> <span class='ocrx_word' id='word_1_847' title='bbox 2149 2937 2250 2985; x_wconf 89' lang='lat' dir='ltr'><strong>prius</strong></span> 
     </span>
     <span class='ocr_line' id='line_1_131' title="bbox 1201 3001 2247 3055; baseline -0.019 -2"><span class='ocrx_word' id='word_1_848' title='bbox 1201 3013 1418 3054; x_wconf 87' lang='lat' dir='ltr'><strong>blandiendo</strong></span> <span class='ocrx_word' id='word_1_849' title='bbox 1449 3010 1654 3050; x_wconf 91' lang='lat' dir='ltr'><strong>carnalibus</strong></span> <span class='ocrx_word' id='word_1_850' title='bbox 1675 3009 1930 3055; x_wconf 88' lang='lat' dir='ltr'><strong>persuaserant</strong></span> <span class='ocrx_word' id='word_1_851' title='bbox 1957 3008 1998 3039; x_wconf 86' lang='lat' dir='ltr'><strong>ut</strong></span> <span class='ocrx_word' id='word_1_852' title='bbox 2024 3001 2247 3041; x_wconf 84' lang='lat' dir='ltr'><strong>seducerent,</strong></span> 
     </span>
     <span class='ocr_line' id='line_1_132' title="bbox 1201 3062 2247 3123; baseline -0.02 -10"><span class='ocrx_word' id='word_1_853' title='bbox 1201 3073 1431 3123; x_wconf 87' lang='lat' dir='ltr'><strong>postmodum</strong></span> <span class='ocrx_word' id='word_1_854' title='bbox 1462 3068 1655 3108; x_wconf 78' lang='lat' dir='ltr'><strong>furibundo</strong></span> <span class='ocrx_word' id='word_1_855' title='bbox 1685 3067 1803 3104; x_wconf 88' lang='lat' dir='ltr'><strong>animo</strong></span> <span class='ocrx_word' id='word_1_856' title='bbox 1821 3076 1842 3102; x_wconf 90' lang='lat' dir='ltr'><strong>a</strong></span> <span class='ocrx_word' id='word_1_857' title='bbox 1863 3062 2111 3111; x_wconf 85' lang='lat' dir='ltr'><strong>peccatoribus</strong></span> <span class='ocrx_word' id='word_1_858' title='bbox 2139 3068 2247 3104; x_wconf 85' lang='lat' dir='ltr'><strong>expe-</strong></span> 
     </span>
     <span class='ocr_line' id='line_1_133' title="bbox 1203 3120 2248 3181; baseline -0.022 -7"><span class='ocrx_word' id='word_1_859' title='bbox 1203 3143 1296 3181; x_wconf 89' lang='lat' dir='ltr'><strong>tunt,</strong></span> <span class='ocrx_word' id='word_1_860' title='bbox 1331 3141 1371 3172; x_wconf 91' lang='lat' dir='ltr'><strong>ut</strong></span> <span class='ocrx_word' id='word_1_861' title='bbox 1396 3133 1574 3173; x_wconf 85' lang='lat' dir='ltr'><strong>crucient.</strong></span> <span class='ocrx_word' id='word_1_862' title='bbox 1597 3143 1609 3166; x_wconf 85' lang='lat'><strong>‹</strong></span> <span class='ocrx_word' id='word_1_863' title='bbox 1631 3130 1734 3168; x_wconf 88' lang='lat' dir='ltr'><strong>Foris</strong></span> <span class='ocrx_word' id='word_1_864' title='bbox 1767 3126 1921 3164; x_wconf 89' lang='lat' dir='ltr'><strong>vastabit</strong></span> <span class='ocrx_word' id='word_1_865' title='bbox 1952 3134 2012 3161; x_wconf 90' lang='lat' dir='ltr'><strong>eos</strong></span> <span class='ocrx_word' id='word_1_866' title='bbox 2044 3120 2192 3167; x_wconf 84' lang='lat' dir='ltr'><strong>gladius,</strong></span> <span class='ocrx_word' id='word_1_867' title='bbox 2212 3122 2248 3153; x_wconf 86' lang='lat' dir='ltr'><strong>ct</strong></span> 
     </span>
     <span class='ocr_line' id='line_1_134' title="bbox 1203 3177 2244 3244; baseline -0.025 -8"><span class='ocrx_word' id='word_1_868' title='bbox 1203 3198 1300 3236; x_wconf 90' lang='lat' dir='ltr'><strong>intus</strong></span> <span class='ocrx_word' id='word_1_869' title='bbox 1316 3206 1440 3244; x_wconf 88' lang='lat' dir='ltr'><strong>pavor.</strong></span> <span class='ocrx_word' id='word_1_870' title='bbox 1467 3207 1480 3230; x_wconf 86' lang='grc'><strong>1</strong></span> <span class='ocrx_word' id='word_1_871' title='bbox 1507 3192 1611 3230; x_wconf 88' lang='lat' dir='ltr'><strong>Foris</strong></span> <span class='ocrx_word' id='word_1_872' title='bbox 1629 3188 1783 3226; x_wconf 89' lang='lat' dir='ltr'><strong>vastabit</strong></span> <span class='ocrx_word' id='word_1_873' title='bbox 1811 3184 1937 3230; x_wconf 90' lang='lat' dir='ltr'><strong>impios</strong></span> <span class='ocrx_word' id='word_1_874' title='bbox 1963 3179 2114 3228; x_wconf 86' lang='lat' dir='ltr'><strong>gladius,</strong></span> <span class='ocrx_word' id='word_1_875' title='bbox 2132 3183 2168 3212; x_wconf 83' lang='lat' dir='ltr'><strong>et</strong></span> <span class='ocrx_word' id='word_1_876' title='bbox 2187 3177 2244 3212; x_wconf 86' lang='lat' dir='ltr'><strong>in-</strong></span> 
     </span>
     <span class='ocr_line' id='line_1_135' title="bbox 1203 3239 2243 3306; baseline -0.026 -8"><span class='ocrx_word' id='word_1_877' title='bbox 1203 3266 1262 3298; x_wconf 87' lang='lat' dir='ltr'><strong>tus</strong></span> <span class='ocrx_word' id='word_1_878' title='bbox 1285 3268 1410 3306; x_wconf 88' lang='lat' dir='ltr'><strong>pavor,</strong></span> <span class='ocrx_word' id='word_1_879' title='bbox 1431 3255 1574 3303; x_wconf 90' lang='lat' dir='ltr'><strong>quando</strong></span> <span class='ocrx_word' id='word_1_880' title='bbox 1591 3253 1626 3289; x_wconf 88' lang='lat' dir='ltr'><strong>in</strong></span> <span class='ocrx_word' id='word_1_881' title='bbox 1643 3255 1800 3286; x_wconf 83' lang='lat' dir='ltr'><strong>extrema</strong></span> <span class='ocrx_word' id='word_1_882' title='bbox 1818 3243 1964 3284; x_wconf 90' lang='lat' dir='ltr'><strong>ultione,</strong></span> <span class='ocrx_word' id='word_1_883' title='bbox 1981 3239 2136 3284; x_wconf 89' lang='lat' dir='ltr'><strong>undique</strong></span> <span class='ocrx_word' id='word_1_884' title='bbox 2162 3246 2243 3273; x_wconf 87' lang='lat' dir='ltr'><strong>cor-</strong></span> 
     </span>
     <span class='ocr_line' id='line_1_136' title="bbox 1201 3299 2239 3368; baseline -0.027 -10"><span class='ocrx_word' id='word_1_885' title='bbox 1201 3330 1284 3368; x_wconf 87' lang='lat' dir='ltr'><strong>pus,</strong></span> <span class='ocrx_word' id='word_1_886' title='bbox 1301 3317 1394 3365; x_wconf 81' lang='lat' dir='ltr'><strong>ignis</strong></span> <span class='ocrx_word' id='word_1_887' title='bbox 1410 3313 1534 3352; x_wconf 84' lang='lat' dir='ltr'><strong>aeterni</strong></span> <span class='ocrx_word' id='word_1_888' title='bbox 1554 3313 1695 3354; x_wconf 89' lang='lat' dir='ltr'><strong>torquet</strong></span> <span class='ocrx_word' id='word_1_889' title='bbox 1716 3303 1869 3345; x_wconf 82' lang='lat' dir='ltr'><strong>exustio,</strong></span> <span class='ocrx_word' id='word_1_890' title='bbox 1891 3306 1927 3339; x_wconf 90' lang='lat' dir='ltr'><strong>et</strong></span> <span class='ocrx_word' id='word_1_891' title='bbox 1957 3299 2052 3365; x_wconf 75' lang='lat' dir='ltr'><strong>intus</strong></span> <span class='ocrx_word' id='word_1_892' title='bbox 2082 3303 2239 3333; x_wconf 85' lang='lat' dir='ltr'><strong>mentem</strong></span> 
     </span>
     <span class='ocr_line' id='line_1_137' title="bbox 1204 3360 2245 3426; baseline -0.028 -8"><span class='ocrx_word' id='word_1_893' title='bbox 1204 3379 1377 3426; x_wconf 81' lang='lat' dir='ltr'><strong>angustiae</strong></span> <span class='ocrx_word' id='word_1_894' title='bbox 1408 3371 1576 3421; x_wconf 90' lang='lat' dir='ltr'><strong>opprimit</strong></span> <span class='ocrx_word' id='word_1_895' title='bbox 1604 3364 1825 3413; x_wconf 83' lang='lat' dir='ltr'><strong>magnitudo.</strong></span> <span class='ocrx_word' id='word_1_896' title='bbox 1845 3360 1948 3398; x_wconf 90' lang='lat' dir='ltr'><strong>Unde</strong></span> <span class='ocrx_word' id='word_1_897' title='bbox 1971 3362 2143 3404; x_wconf 79' lang='lat' dir='ltr'><strong>scriptum</strong></span> <span class='ocrx_word' id='word_1_898' title='bbox 2160 3361 2215 3421; x_wconf 74' lang='lat' dir='ltr'><strong>est</strong></span> <span class='ocrx_word' id='word_1_899' title='bbox 2237 3366 2245 3390; x_wconf 88' lang='lat'>:</span> 
     </span>
     <span class='ocr_line' id='line_1_138' title="bbox 1208 3417 2248 3476; baseline -0.028 1"><span class='ocrx_word' id='word_1_900' title='bbox 1208 3451 1221 3475; x_wconf 77' lang='grc' dir='ltr'>ι</span> <span class='ocrx_word' id='word_1_901' title='bbox 1243 3437 1385 3476; x_wconf 83' lang='lat' dir='ltr'><strong>Vermis</strong></span> <span class='ocrx_word' id='word_1_902' title='bbox 1404 3440 1529 3471; x_wconf 89' lang='lat' dir='ltr'><strong>eorum</strong></span> <span class='ocrx_word' id='word_1_903' title='bbox 1548 3438 1619 3464; x_wconf 92' lang='lat' dir='ltr'><strong>non</strong></span> <span class='ocrx_word' id='word_1_904' title='bbox 1639 3424 1826 3464; x_wconf 88' lang='lat' dir='ltr'><strong>morietur,</strong></span> <span class='ocrx_word' id='word_1_905' title='bbox 1852 3425 1888 3456; x_wconf 89' lang='lat' dir='ltr'><strong>et</strong></span> <span class='ocrx_word' id='word_1_906' title='bbox 1913 3417 2005 3466; x_wconf 80' lang='lat' dir='ltr'><strong>ignis</strong></span> <span class='ocrx_word' id='word_1_907' title='bbox 2027 3426 2100 3453; x_wconf 89' lang='lat' dir='ltr'><strong>non</strong></span> <span class='ocrx_word' id='word_1_908' title='bbox 2116 3420 2248 3452; x_wconf 78' lang='lat' dir='ltr'><strong>exstin-</strong></span> 
     </span>
     <span class='ocr_line' id='line_1_139' title="bbox 1205 3479 2247 3546; baseline -0.026 -11"><span class='ocrx_word' id='word_1_909' title='bbox 1205 3503 1346 3546; x_wconf 81' lang='lat' dir='ltr'><strong>guetur.</strong></span> <span class='ocrx_word' id='word_1_910' title='bbox 1368 3493 1540 3531; x_wconf 86' lang='lat' dir='ltr'><strong>Juvenem</strong></span> <span class='ocrx_word' id='word_1_911' title='bbox 1554 3485 1661 3524; x_wconf 85' lang='lat' dir='ltr'><strong>simul</strong></span> <span class='ocrx_word' id='word_1_912' title='bbox 1682 3494 1724 3522; x_wconf 88' lang='lat' dir='ltr'><strong>ac</strong></span> <span class='ocrx_word' id='word_1_913' title='bbox 1742 3482 1933 3529; x_wconf 80' lang='lat' dir='ltr'><strong>virginem,</strong></span> <span class='ocrx_word' id='word_1_914' title='bbox 1955 3479 2150 3516; x_wconf 88' lang='lat' dir='ltr'><strong>lactentem</strong></span> <span class='ocrx_word' id='word_1_915' title='bbox 2166 3483 2247 3540; x_wconf 77' lang='grc'><strong>0313</strong></span> 
     </span>
     <span class='ocr_line' id='line_1_140' title="bbox 1205 3535 2248 3598; baseline -0.028 -2"><span class='ocrx_word' id='word_1_916' title='bbox 1205 3556 1349 3597; x_wconf 87' lang='lat' dir='ltr'><strong>homine</strong></span> <span class='ocrx_word' id='word_1_917' title='bbox 1378 3562 1463 3590; x_wconf 90' lang='lat' dir='ltr'><strong>sene</strong></span> <span class='ocrx_word' id='word_1_918' title='bbox 1497 3548 1588 3598; x_wconf 80' lang='lat' dir='ltr'><strong>(Isa.</strong></span> <span class='ocrx_word' id='word_1_919' title='bbox 1618 3544 1728 3593; x_wconf 74' lang='lat' dir='ltr'><strong>txvi).</strong></span> <span class='ocrx_word' id='word_1_920' title='bbox 1766 3556 1777 3578; x_wconf 82' lang='lat'><strong>»</strong></span> <span class='ocrx_word' id='word_1_921' title='bbox 1812 3538 2038 3579; x_wconf 84' lang='lat' dir='ltr'><strong>Enumeratis</strong></span> <span class='ocrx_word' id='word_1_922' title='bbox 2070 3535 2248 3572; x_wconf 79' lang='lat' dir='ltr'><strong>universis</strong></span> 
     </span>
     <span class='ocr_line' id='line_1_141' title="bbox 1206 3595 2248 3658; baseline -0.028 -2"><span class='ocrx_word' id='word_1_923' title='bbox 1206 3617 1383 3658; x_wconf 84' lang='lat' dir='ltr'><strong>aetatibus,</strong></span> <span class='ocrx_word' id='word_1_924' title='bbox 1402 3609 1559 3650; x_wconf 86' lang='lat' dir='ltr'><strong>ostendit</strong></span> <span class='ocrx_word' id='word_1_925' title='bbox 1582 3606 1669 3644; x_wconf 91' lang='lat' dir='ltr'><strong>nulli</strong></span> <span class='ocrx_word' id='word_1_926' title='bbox 1690 3603 1788 3642; x_wconf 89' lang='lat' dir='ltr'><strong>aetati</strong></span> <span class='ocrx_word' id='word_1_927' title='bbox 1811 3603 1846 3638; x_wconf 92' lang='lat' dir='ltr'><strong>in</strong></span> <span class='ocrx_word' id='word_1_928' title='bbox 1867 3604 1990 3639; x_wconf 87' lang='lat' dir='ltr'><strong>exerta</strong></span> <span class='ocrx_word' id='word_1_929' title='bbox 2016 3595 2151 3633; x_wconf 85' lang='lat' dir='ltr'><strong>ultione</strong></span> <span class='ocrx_word' id='word_1_930' title='bbox 2168 3600 2248 3629; x_wconf 79' lang='lat' dir='ltr'><strong>esse</strong></span> 
     </span>
     <span class='ocr_line' id='line_1_142' title="bbox 1206 3651 2249 3727; baseline -0.026 -12"><span class='ocrx_word' id='word_1_931' title='bbox 1206 3675 1438 3727; x_wconf 87' lang='lat' dir='ltr'><strong>parcendum,</strong></span> <span class='ocrx_word' id='word_1_932' title='bbox 1466 3679 1556 3717; x_wconf 87' lang='lat' dir='ltr'><strong>qnos</strong></span> <span class='ocrx_word' id='word_1_933' title='bbox 1589 3667 1683 3704; x_wconf 88' lang='lat' dir='ltr'><strong>idem</strong></span> <span class='ocrx_word' id='word_1_934' title='bbox 1719 3660 1928 3701; x_wconf 65' lang='lat' dir='ltr'><strong>idololatriae</strong></span> <span class='ocrx_word' id='word_1_935' title='bbox 1958 3657 2158 3695; x_wconf 74' lang='lat' dir='ltr'><strong>foedaverat</strong></span> <span class='ocrx_word' id='word_1_936' title='bbox 2173 3651 2249 3690; x_wconf 87' lang='lat' dir='ltr'><strong>cnl-</strong></span> 
     </span>
     <span class='ocr_line' id='line_1_143' title="bbox 1208 3711 2247 3781; baseline -0.027 -5"><span class='ocrx_word' id='word_1_937' title='bbox 1208 3746 1276 3777; x_wconf 89' lang='lat' dir='ltr'><strong>tus.</strong></span> <span class='ocrx_word' id='word_1_938' title='bbox 1296 3732 1492 3781; x_wconf 80' lang='lat' dir='ltr'><strong>Allegorice</strong></span> <span class='ocrx_word' id='word_1_939' title='bbox 1530 3733 1647 3765; x_wconf 89' lang='lat' dir='ltr'><strong>autem</strong></span> <span class='ocrx_word' id='word_1_940' title='bbox 1671 3725 1706 3762; x_wconf 92' lang='lat' dir='ltr'><strong>in</strong></span> <span class='ocrx_word' id='word_1_941' title='bbox 1735 3723 1877 3769; x_wconf 86' lang='lat' dir='ltr'><strong>juvene,</strong></span> <span class='ocrx_word' id='word_1_942' title='bbox 1896 3717 2068 3756; x_wconf 89' lang='lat' dir='ltr'><strong>lascivum</strong></span> <span class='ocrx_word' id='word_1_943' title='bbox 2083 3722 2120 3752; x_wconf 83' lang='lat' dir='ltr'><strong>et</strong></span> <span class='ocrx_word' id='word_1_944' title='bbox 2136 3711 2247 3752; x_wconf 84' lang='lat' dir='ltr'><strong>libidi-</strong></span> 
     </span>
    </p>
   </div>
   <div class='ocr_carea' id='block_1_15' title="bbox 1209 3771 2251 3842">
    <p class='ocr_par' dir='ltr' id='par_1_15' title="bbox 1209 3771 2251 3842">
     <span class='ocr_line' id='line_1_144' title="bbox 1209 3771 2251 3842; baseline -0.028 -4"><span class='ocrx_word' id='word_1_945' title='bbox 1209 3794 1409 3842; x_wconf 88' lang='lat' dir='ltr'><strong>nosum;in</strong></span> <span class='ocrx_word' id='word_1_946' title='bbox 1437 3790 1596 3838; x_wconf 80' lang='lat' dir='ltr'><strong>virgine,</strong></span> <span class='ocrx_word' id='word_1_947' title='bbox 1625 3797 1646 3824; x_wconf 88' lang='lat' dir='ltr'><strong>a</strong></span> <span class='ocrx_word' id='word_1_948' title='bbox 1682 3783 1784 3823; x_wconf 86' lang='lat' dir='ltr'><strong>bonis</strong></span> <span class='ocrx_word' id='word_1_949' title='bbox 1811 3779 1979 3830; x_wconf 83' lang='lat' dir='ltr'><strong>operibus</strong></span> <span class='ocrx_word' id='word_1_950' title='bbox 2002 3774 2182 3820; x_wconf 73' lang='lat' dir='ltr'><strong>sterilem3</strong></span> <span class='ocrx_word' id='word_1_951' title='bbox 2214 3771 2251 3810; x_wconf 81' lang='lat' dir='ltr'><strong>in</strong></span> 
     </span>
    </p>
   </div>
  </div>
 </body>
</html>
