2540 4016
68 164 159 231 aas

645 182 1002 221 EXPOSITIONES
1027 181 1073 218 ΙΝ
1099 160 1364 219 LEvi'riGUM.
1392 199 1438 205 —-
1464 180 1550 216 LlB.
1578 183 1637 218 vl.

2183 187 2252 225 466

68 269 112 301 ‘et
122 262 336 300 adulterium
356 235 626 311 perpetraverit
629 271 707 295 cum
723 260 871 306 conjuge
883 257 1036 305 proximi
1051 257 1130 300 sui,
1150 257 1188 297 A
1202 256 1335 291 minem
1368 254 1601 296 contendenS,
1633 235 1833 300 corrumpit
1863 255 1999 293 Christi
2027 269 2140 306 opus,
2170 273 2255 309 gre.

76 330 188 360 morte
196 325 379 361 moriatur
397 329 430 360 et
448 322 598 359 moecltus
621 326 653 356 et
673 319 857 362 adultera,
878 319 962 355 hoc
968 323 1044 362 est,
1070 317 1132 363 qui

76 385 350 421 adulteraverit
356 389 393 420 et
414 366 704 442 quaeadulterata
722 385 790 416 est.
814 377 887 426 (Ex
903 377 1112 424 Aaqustino.
1118 377 1131 424 )

75 444 143 480 Hic
157 443 294 490 aliquid
302 443 436 479 distare
443 431 576 478 voluit
566 446 662 478 mter
660 420 867 489 quemlihet
874 439 994 474 virum
1006 442 1043 473 et
1052 447 1134 483 pro-

73 504 226 546 ximum,
242 503 408 550 quamvis
421 502 545 538 multis
558 502 648 538 locis
661 501 865 547 proximum
878 510 945 546 pro
957 499 1057 536 omni
1066 499 1133 534 ho-

73 565 172 601 mine
184 565 299 611 ponit.
323 563 394 600 Sed
411 568 562 610 quaeest
581 564 651 599 ista
667 563 814 606 locutio,
831 569 871 597 ut
891 571 973 597 cum
986 559 1063 605 jam
1077 561 1131 596 di-

73 625 187 660 xisset
199 625 244 659 de
257 625 349 668 viro,
359 625 428 660 hoc
441 625 535 660 idem
549 623 732 670 repetierit
746 623 790 659 de
802 622 980 668 proximo,
992 634 1075 659 cum
1085 622 1132 659 sit

74 693 313 728 consequens,
335 689 377 718 ut
391 684 506 719 multo
523 683 638 729 magis
654 683 699 718 ab
716 692 830 718 uxore
843 683 1000 728 proximi
1019 682 1131 718 absti-

73 742 231 778 nendum
251 746 320 786 est,
341 742 374 778 si
393 743 440 778 ab
459 753 572 778 uxore
588 742 779 787 cuiuslibet
791 742 860 777 viri
879 741 1130 777 abstinendum

74 803 152 838 est?
172 801 263 837 Nam
279 802 310 838 si
329 802 430 848 prius
450 803 494 838 de
513 804 680 848 proximo
698 803 859 844 dixisset,
881 812 926 837 nc
942 807 1131 847 putaretur

74 873 225 899 uxorem
255 863 364 899 licere
395 864 611 906 adulterare,
642 875 713 900 non
738 863 893 909 proximi
922 862 1129 911 addendum

76 923 145 959 fuit
166 924 210 958 de
239 923 400 969 quolibet
422 925 514 960 viro.
539 924 642 960 Nunc
665 933 750 959 vero
768 923 798 958 si
819 922 912 968 quod
933 922 1052 957 minus
1074 927 1129 958 est

75 994 148 1019 non
169 983 266 1026 licet,
302 989 438 1029 quanto
467 984 586 1018 minus
616 983 700 1026 licet
724 982 819 1027 quod
848 982 965 1027 majus
992 982 1129 1018 malum

72 1045 153 1080 est?
177 1044 268 1079 Nam
287 1044 318 1079 si
343 1054 414 1078 non
435 1043 520 1078 licet
539 1034 741 1077 adulterare
763 1053 913 1078 uxorem
935 1041 1128 1087 cujuslibet

71 1104 156 1147 viri,
185 1108 321 1148 quanto
347 1103 464 1149 magis
485 1103 663 1148 proximi?
681 1102 737 1137 An
758 1102 852 1138 sorte
870 1103 938 1138 ista
958 1104 1127 1148 repetitio

1202 322 1374 362 gemque
1392 313 1567 361 dispergit
1583 339 1593 357 ‚
1627 319 1777 359 propter
1809 315 1907 360 quod
1939 317 2060 353 socius
2091 321 2170 366 ejus
2199 323 2254 360 ef.

1201 376 1322 412 ficitur
1359 384 1476 422 poenae
1489 383 1515 420 ,'
1533 374 1741 421 quicunque
1763 374 1809 410 ab
1833 383 1878 411 eo
1897 378 2089 427 corrumpi
2113 389 2152 430 se
2183 392 2250 427 pa-

1199 437 1302 472 titurss
1319 441 1323 443 ”
1815 475 1818 477 Α

1211 494 1214 497 ’
1248 497 1318 540 Qui
1332 498 1516 533 dormierit
1535 508 1615 533 cum
1631 507 1779 533 noverca
1795 506 1876 539 sua,
1894 501 1927 531 et
1941 495 2143 532 revelaverit
2157 497 2258 544 iquo-

1199 561 1343 597 miniam
1358 561 1471 607 patris
1491 561 1570 603 sui,
1597 565 1708 595 morte
1728 559 1928 594 moriantur
1952 559 2053 594 ambo
2075 567 2089 593 .·
2113 562 2258 606 sanquis

1199 631 1319 657 eorum
1336 620 1382 655 sit
1401 630 1506 666 super
1522 630 1594 655 eos.
1617 617 1659 655 Si
1673 619 1751 665 quis
1768 618 1950 654 dormierit
1967 629 2046 653 cum
2066 629 2158 654 nuru
2177 630 2256 660 sua,

1198 687 1343 728 uterque
1361 681 1574 723 moriantur,
1591 680 1676 726 quia
1695 679 1807 715 scelus
1827 679 1965 725 operati
1982 684 2087 721 sunt,·
2111 681 2257 726 sanquis

1198 753 1317 778 eorum
1334 742 1380 777 sit
1391 752 1495 787 super
1504 752 1561 776 eos
1574 739 1753 786 (Ibidem).
1766 739 1839 787 [Ex
1848 739 1884 775 H
1885 738 2054 786 esychio.]
2065 739 2168 776 Dicta
2176 745 2260 776 sunt

1198 803 1274 838 haec
1288 803 1323 838 in
1338 803 1406 838 hoc
1415 803 1566 839 Levitici
1577 802 1667 838 libro
1680 801 1912 848 alegislatore
1924 802 2105 847 superius,
2116 801 2178 837 sed
2188 801 2261 837 illic

1197 865 1358 909 quidem,
1389 876 1456 900 non
1476 863 1643 900 revelabis
1667 864 1917 910 turpitudinem
1940 864 2050 910 patris
2071 865 2123 899 tui
2137 870 2170 899 et
2187 874 2261 899 ma-

1197 925 1274 966 tris,
1295 934 1362 960 nec
1375 935 1447 960 non
1463 926 1597 961 sororis
1611 931 1648 961 et
1661 935 1774 961 nurus
1787 930 1824 961 et
1843 924 2065 970 reliquorum
2081 935 2146 971 per
2161 925 2260 961 ordi-

1196 993 1279 1017 nem
1298 984 1403 1026 dixit,
1420 985 1564 1029 quando
1579 990 1615 1020 et
1629 994 1695 1020 nos
1708 985 1784 1020 haec
1798 990 2035 1029 exponentes,
2052 995 2123 1020 non
2141 985 2258 1022 solum

1196 1042 1312 1087 turpis
1333 1049 1568 1088 cognatorum
1594 1049 1630 1079 et
1649 1043 1799 1079 nefariae
1817 1045 2082 1081 commistionis
2108 1054 2258 1081 aversa-

1197 1102 1335 1137 tionem
1362 1102 1478 1148 legem
1502 1103 1723 1148 praecipere,
1755 1102 1817 1138 sed
1837 1107 1873 1138 et
1893 1103 1937 1139 de
1951 1114 2025 1139 non
2052 1103 2259 1140 revelandis
2295 1094 2302 1109 ³

76 1170 247 1210 tanquam
276 1165 423 1210 exponit
445 1165 531 1209 quid
552 1167 652 1209 prius
672 1164 808 1200 dictum
839 1165 886 1200 sit
908 1170 947 1200 ut
968 1165 1049 1201 ideo
1072 1166 1128 1201 in-
1145 1150 1178 1190 Β
1198 1172 1278 1207 quae
1302 1162 1551 1207 cognovimus,
1568 1172 1685 1207 neque
1703 1172 1783 1206 quae
1805 1161 2035 1198 diffamandis
2057 1163 2258 1199 carnalium

70 1227 206 1272 telligat
233 1226 341 1262 homo
367 1231 539 1271 quantum
571 1226 704 1261 malum
741 1227 788 1262 sit
810 1226 1015 1264 adulterare
1035 1237 1127 1263 uxo-

69 1298 148 1323 rem
167 1288 248 1331 viri,
272 1288 356 1334 quia
375 1289 405 1324 si
425 1288 493 1324 hoc
511 1287 652 1332 fecerit,
678 1299 828 1325 uxorem
848 1289 1006 1336 proximi
1027 1290 1128 1326 adul-

69 1354 176 1385 terat.

118 1409 189 1457 (Ex
220 1408 425 1458 Hesychio.)
458 1410 648 1447 Proximus
675 1417 732 1447 est
758 1411 854 1447 enim
880 1412 997 1447 omnis
1017 1412 1127 1448 homo

66 1468 237 1506 hominis.
276 1470 457 1513 Quantum
488 1480 572 1517 ergo
607 1472 778 1507 sensibile
811 1472 1030 1507 adulterium
1055 1482 1128 1506 ma-

69 1528 170 1573 lum,
217 1535 358 1565 tantum
391 1536 445 1566 est
483 1531 706 1578 intelligibile
740 1532 931 1567 deterius:
962 1542 1044 1567 nam
1077 1532 1127 1568 illi

71 1591 190 1633 carni,
215 1591 251 1626 hi
276 1595 396 1626 autem
417 1591 559 1637 spiritui
588 1592 845 1628 contumeliam
863 1593 1015 1635 faciunt,
1037 1593 1128 1628 ethi

73 1651 223 1694 homini,
247 1651 300 1686 illi
321 1658 440 1688 autem
464 1654 532 1699 ipsi
554 1653 642 1690 Deo.
664 1655 714 1690 De
736 1654 866 1700 quibus
884 1653 995 1690 Oseas
1012 1654 1098 1690 dicit
1117 1666 1124 1688 ε

72 1710 202 1747 Omnes
234 1713 470 1750 adulterantes
500 1715 600 1761 quasi
627 1715 787 1751 clibanus
820 1727 1007 1750 succensus
1030 1727 1051 1750 α
1070 1727 1127 1750 co-

69 1777 194 1816 quente
215 1772 331 1819 (Osece
345 1773 423 1820 vn),
451 1774 488 1808 in
515 1775 625 1810 corde
651 1785 716 1810 suo
743 1775 961 1810 aiulterium
990 1775 1126 1810 intelli-

66 1832 175 1882 gibile
207 1843 398 1870 accusans.
423 1832 478 1868 Ab
506 1833 604 1868 omni
636 1834 731 1868 enim
760 1835 892 1879 populo
919 1833 1126 1869 Judaeorum

67 1895 136 1930 hoc
167 1891 480 1934 committebatur,
520 1898 773 1937 corrumpente
817 1893 932 1938 legem
966 1892 1127 1937 legisque

67 1955 245 1999 dogmata.
270 1952 482 1997 Quicunque
495 1962 581 1998 ergo
599 1952 696 1988 illius
711 1952 794 1994 viri,
818 1953 861 1988 de
880 1963 950 1998 quo
972 1952 1023 1987 ait
1037 1951 1127 1986 Pau-

67 2013 155 2048 lus:
173 2012 349 2058 Despondi
371 2023 428 2047 vos
446 2013 506 2047 uni
529 2013 601 2047 viro
631 2013 796 2057 virginem
816 2018 948 2046 castam
965 2011 1125 2046 exhibere

1196 1222 1460 1269 spiritaliumve
1473 1227 1711 1269 cognatorum
1733 1214 1906 1269 peccatis,
1934 1223 2030 1259 dicta
2048 1233 2129 1259 esse
2149 1233 2259 1270 expo-

1196 1283 1351 1318 suimus.

1243 1342 1307 1379 His
1327 1348 1450 1379 autem
1468 1345 1577 1387 Deus,
1611 1343 1651 1380 Si
1675 1343 1856 1379 dormierit
1876 1343 2029 1387 addidit,
2058 1343 2156 1379 illum
2173 1353 2260 1388 pro-

1199 1403 1261 1438 cul
1278 1403 1385 1439 dubio
1408 1404 1588 1440 deducens
1608 1405 1654 1441 ad
1677 1405 1851 1448 medium,
1878 1405 1939 1449 qui
1958 1405 2124 1441 eamdem
2143 1405 2257 1441 actio-

1196 1473 1278 1498 nem
1294 1474 1442 1509 pravam
1462 1475 1570 1510 quam
1589 1466 1793 1510 proximum
1814 1465 1932 1511 egisse
1951 1465 2131 1511 cognovit,
2149 1465 2257 1500 nihil-

1196 1526 1338 1561 ominus
1368 1526 1439 1572 agit
1452 1554 1460 1570 ‚
1492 1536 1558 1562 nec
1590 1527 1728 1572 peccati
1762 1526 1973 1562 societatem
2010 1526 2231 1562 erubescens
2244 1553 2253 1569 ,

1196 1586 1307 1621 etiam
1337 1586 1390 1621 sic
1420 1586 1544 1622 existit
1571 1586 1735 1631 proditor
1755 1587 1791 1621 in
1812 1596 1884 1631 quo
1901 1591 1937 1622 et
1957 1586 2086 1621 mortis
2108 1594 2255 1631 poenam

1196 1647 1381 1694 legislator
1412 1652 1511 1684 recte
1537 1647 1712 1683 definivit.
1743 1647 1840 1682 Bene
1859 1652 1982 1682 autem
2002 1655 2168 1682 novercae
2187 1656 2255 1680 nu-

1198 1719 1278 1744 rum
1312 1708 1519 1755 conjunxit,
1554 1708 1639 1753 quia
1672 1708 1740 1743 hoe
1770 1707 1915 1753 quidem
1947 1706 1983 1741 in
2014 1710 2118 1751 patre
2139 1715 2160 1739 a
2180 1703 2254 1739 filio

1196 1769 1432 1816 delinquitur,
1462 1770 1549 1806 illud
1581 1774 1701 1804 autem
1730 1769 1768 1804 in
1801 1768 1914 1804 filium
1931 1777 1951 1803 a
1970 1771 2084 1812 patre.
2120 1764 2257 1802 Similis

1197 1835 1316 1865 autem
1337 1830 1503 1875 impietas
1519 1835 1575 1865 est
1593 1828 1706 1864 filium
1722 1829 1852 1875 patris,
1869 1832 1932 1863 aut
1949 1833 2091 1873 patrem
2111 1826 2174 1861 filii
2193 1826 2255 1862 de-

1196 1890 1334 1925 nudare
1353 1891 1428 1925 sive
1448 1889 1635 1926 diffamare
1651 1896 1852 1936 peccatum,
1884 1899 1967 1925 cum
1986 1894 2023 1924 et
2049 1888 2119 1934 ipsi
2143 1888 2179 1922 in
2207 1887 2255 1922 si-

1196 1949 1343 1984 miihus
1369 1949 1611 1994 deliquerunt.
1634 1949 1689 1984 Ad
1708 1960 1800 1995 quos
1817 1949 1952 1985 Paulus
1975 1947 2143 1984 dicebat:
2164 1945 2255 1981 Pro—

1196 2014 1272 2054 pter
1284 2009 1377 2055 quod
1396 2009 1647 2044 inexcusabilis
1660 2021 1709 2053 es,
1727 2021 1746 2044 o
1763 2011 1866 2044 homo
1881 2010 1992 2044 omnis
2014 2009 2073 2053 qui
2085 2008 2256 2053 judicas:

67 2072 202 2108 Christo
229 2072 285 2120 (ΙΙ
305 2073 385 2108 Cor.
413 2072 480 2119 xi),
503 2073 708 2108 moechatur
732 2073 863 2107 multet
866 2083 936 2114 em
955 2071 1126 2108 videlicet
1143 2052 1173 2095 C
1194 2069 1310 2122 inquo
1325 2070 1416 2105 enim
1433 2069 1542 2104 altum
1551 2070 1708 2116 judicas
1721 2070 1868 2116 teipsum
1882 2069 2106 2104 condemnas.
2118 2067 2255 2103 Eadem

65 2133 277 2175 Ecclesiam,
307 2133 350 2168 de
379 2143 447 2178 qua
469 2132 563 2167 idem
579 2132 654 2167 ait:
678 2131 768 2174 Viri,
799 2131 934 2177 diligite
959 2131 1124 2167 mulieres

66 2199 210 2236 vestras,
240 2194 330 2228 sicut
344 2199 375 2227 et
390 2191 550 2227 Christus
567 2191 687 2227 dilexit
703 2191 898 2227 Ecclesiam
916 2191 1121 2239 (Ephes.v).

67 2254 268 2290 Moechatur
300 2259 419 2289 autem
453 2254 573 2290 verbis
599 2254 763 2299 turpibus
785 2254 1023 2289 disseminans
1051 2264 1123 2289 non

68 2325 146 2350 eam
180 2315 380 2350 doctrinam
407 2304 590 2360 propriam
611 2320 647 2350 et
669 2326 740 2350 non
769 2314 917 2357 Christi,
953 2316 1046 2351 sicut
1074 2316 1125 2351 ait

67 2374 198 2410 Paulus
218 2387 224 2409 :
247 2374 374 2420 Turpis
394 2374 484 2410 lucri
501 2376 630 2422 qratia.
659 2375 773 2411 Morte
790 2377 966 2411 moriatur
985 2382 1018 2411 et
1035 2387 1120 2411 moe—

68 2436 151 2469 chus
181 2440 213 2469 et
241 2434 416 2477 adultera,
442 2435 478 2470 id
499 2441 567 2478 est,
597 2436 659 2481 qui
678 2436 835 2471 alienum
857 2436 1123 2482 superseminat

67 2496 231 2538 verbum,
249 2501 286 2530 et
303 2496 465 2531 Ecclesia
482 2498 612 2542 quaein
627 2508 666 2534 se
683 2498 766 2532 talia
785 2498 920 2543 patitur
935 2498 1121 2533 seminari.

67 2554 168 2590 Hanc
203 2556 300 2591 enim
337 2557 431 2592 sicut
465 2558 624 2593 diximus
660 2568 810 2593 uxorem
851 2557 1119 2602 intelligamus:

67 2614 229 2650 Primum
268 2612 412 2659 quidem
449 2617 527 2650 veri
570 2616 733 2660 conjugis
766 2615 934 2650 videlicet
964 2615 1120 2657 Christi,

68 2674 196 2709 deinde
216 2678 251 2708 et
282 2674 472 2720 conjugem
505 2673 597 2718 ejus,
626 2674 684 2708 cui
706 2683 726 2708 a
744 2673 889 2710 Christo
910 2674 1047 2709 credita
1068 2679 1124 2710 est

68 2733 243 2776 Ecclesia,
283 2735 482 2770 sacerdotis
513 2739 572 2770 aut
602 2734 695 2770 forte
726 2735 897 2771 doctoris.
939 2735 1124 2781 Quotquot

68 2795 165 2829 enim
207 2794 407 2830 aemulando
443 2794 654 2838 Christum,
694 2800 731 2831 et
773 2797 817 2831 ad
858 2806 962 2832 suum
999 2797 1123 2832 odium

67 2854 217 2890 verbum
241 2859 500 2900 corrumpunt,
529 2855 625 2890 circa
649 2854 757 2890 tidem
778 2855 1048 2902 naufragantes.

115 2913 216 2949 Sicut
257 2914 471 2960 Hymenaeus
512 2919 547 2950 et
585 2914 813 2958 Alexander,
850 2925 940 2961 quos
974 2916 1123 2951 tradidit

67 2971 200 3008 Paulus
238 2973 407 3017 Satanae,
448 2980 488 3010 ut
529 2974 710 3010 discerent
752 2985 825 3011 non
866 2975 1120 3020 blasphemare

69 3032 104 3079 (I
125 3033 215 3069 Tim.
235 3034 262 3081 1)
286 3046 296 3078 ;
323 3035 453 3070 horum
481 3035 697 3071 adulterium
717 3035 754 3070 in
773 3044 967 3080 personam
986 3035 1121 3072 Christi

67 3100 255 3140 reputatur
290 3108 298 3131 :
337 3096 541 3141 quicunque
577 3102 698 3131 autem
733 3097 962 3134 aemulatione
994 3098 1116 3133 homi-

68 3165 154 3190 num
195 3155 256 3200 qui
300 3157 477 3202 regendas
515 3156 695 3192 Ecclesias
739 3161 824 3192 sunt
862 3158 1007 3202 sortiti,
1047 3159 1122 3195 tale

71 3214 254 3259 quippiam
285 3214 444 3258 faciunt,
482 3219 521 3251 ut
553 3226 676 3252 eorum
711 3215 913 3252 doctrinam
945 3218 1122 3254 subruant

70 3274 164 3319 quod
182 3274 315 3311 Paulus
335 3274 582 3311 Alexandrum
603 3275 733 3312 secisse
757 3276 847 3312 dixit
872 3277 1054 3313 aerarium.

116 3332 177 3369 Ait
206 3334 303 3369 enim
325 3333 553 3370 :Alexander
584 3335 732 3371 aerarius
762 3335 873 3371 multa
907 3336 1003 3372 mala
1034 3336 1120 3372 mini

73 3395 234 3439 ostendit,
267 3395 392 3432 reddat
425 3397 458 3432 ei
483 3396 655 3433 Dominus
680 3398 871 3434 secundum
903 3410 1007 3446 opera
1039 3411 1119 3444 sua,

75 3464 172 3490 auem
189 3461 220 3491 et
239 3461 278 3491 tu
294 3455 422 3492 devita.
439 3456 592 3493 Multum
614 3459 707 3494 enim
723 3459 847 3495 restitit
865 3460 975 3495 verbis
991 3461 1120 3496 nostris

79 3510 133 3559 ΙΙ
151 3511 239 3550 Tim.
257 3514 322 3563 xv).
347 3515 483 3552 Horum
505 3517 748 3571 adulterium
739 3529 777 3555 ιιι
794 3519 999 3565 proximum
1017 3529 1122 3564 repu-

77 3576 186 3618 tatur,
213 3566 300 3613 'cum
327 3579 552 3616 sacerdotem
578 3566 746 3617 videlicet
763 3581 841 3618 sive
860 3572 1119 3618 conductorem

75 3638 219 3679 pmpter
235 3636 336 3683 cuius
365 3640 630 3677 aemulationem
652 3642 698 3678 ad
722 3642 830 3678 talem
844 3641 1020 3688 justitiam
1038 3652 1123 3688 pro-

77 3691 265 3739 ςιιὲιὶἱῑιιικ·1
277 3695 350 3734 Sed
375 3703 412 3735 et
437 3699 544 3747 hujus
569 3712 668 3738 mors
684 3706 740 3739 est
755 3712 877 3749 poena,
906 3713 1015 3749 quam
1033 3708 1071 3740 et
1089 3702 1124 3740 si

79 3763 152 3790 nnn
181 3747 393 3800 specialiter
399 3766 525 3797 eontra
548 3761 748 3806 Christum,
766 3768 890 3801 tamen
907 3768 1036 3801 contra
1054 3764 1124 3800 ho-

1194 2131 1286 2166 enim
1302 2131 1376 2177 aqis
1389 2143 1466 2177 quse
1479 2131 1623 2177 judicas
1640 2130 1754 2178 (Rom.
1772 2130 1828 2178 ιι).

1243 2191 1314 2234 Qui
1331 2192 1513 2228 dormierit
1541 2204 1620 2228 cum
1638 2192 1794 2228 masculo
1813 2193 1908 2227 coitu
1927 2192 2092 2238 femineo,
2112 2196 2257 2236 uterque

1193 2259 1356 2300 operatus
1376 2261 1426 2289 est
1443 2254 1557 2299 nefas,
1572 2259 1683 2290 morte
1704 2254 1926 2289 moriantur:
1947 2253 1992 2288 sit
2020 2251 2168 2297 sanquis
2201 2260 2258 2284 eo-

1194 2327 1272 2351 rum
1292 2327 1397 2362 super
1414 2328 1484 2351 eos.
1507 2316 1579 2363 (Ex
1600 2315 1808 2362 Hesychia.)
1839 2315 1931 2359 Quia
1958 2314 2092 2360 injuria
2114 2318 2256 2348 natura}

1193 2381 1248 2411 est
1268 2377 1337 2411 hoc
1360 2381 1550 2420 peccatum
1582 2376 1756 2419 ostendit,
1785 2381 1859 2411 tam
1887 2375 2029 2411 novitas
2048 2372 2125 2417 ejus
2147 2382 2255 2416 quam

1193 2436 1334 2472 facinus
1355 2448 1362 2470 :
1385 2446 1472 2481 ergo
1505 2445 1578 2471 non
1603 2435 1740 2472 frustra
1773 2445 1921 2482 poenam
1956 2436 1993 2470 in
2031 2434 2092 2469 illo
2127 2433 2254 2469 mortis

1192 2497 1251 2532 lex
1269 2496 1444 2531 decernit.
1465 2494 1538 2530 Nos
1555 2501 1677 2531 autem
1698 2495 1905 2540 hujusmodi
1924 2500 1960 2531 et
1975 2495 2138 2530 auditum
2154 2503 2255 2528 aver·-

1194 2567 1330 2592 samur.
1344 2555 1546 2591 Caveamus
1560 2560 1683 2591 autem
1699 2561 1736 2592 et
1749 2566 1832 2592 eum
1849 2556 1909 2601 qui
1926 2555 2031 2590 fortis
2046 2559 2104 2590 est
2116 2554 2252 2597 animo,

1193 2621 1302 2661 atque
1321 2616 1401 2651 ideo
1421 2615 1620 2661 appellatur
1634 2614 1833 2651 masculus.
1854 2615 1919 2651 Vir
1942 2615 2040 2650 enim
2060 2614 2195 2660 ubique
2214 2614 2254 2649 in

1194 2676 1315 2711 divina
1351 2675 1539 2722 Scriptura
1572 2675 1755 2722 perfectus
1789 2676 1985 2711 virtutibus
2015 2675 2226 2711 nominatur
2239 2700 2251 2717 ,

1192 2736 1288 2772 unde
1306 2739 1344 2771 et
1364 2735 1500 2772 Paulus
1518 2736 1570 2771 ait
1588 2747 1596 2771 :
1616 2736 1735 2771 Donec
1757 2747 1984 2771 occurramus
2007 2746 2125 2771 omnes
2142 2735 2179 2771 in
2197 2735 2251 2770 vi—

1193 2807 1271 2832 rum
1304 2796 1495 2842 perfectum
1512 2823 1522 2840 ‚
1559 2797 1596 2831 in
1630 2807 1831 2832 mensuram
1870 2797 1984 2832 oetatis
2023 2795 2251 2843 plenitudinis

1193 2858 1323 2895 Christi
1353 2859 1497 2906 (Ephes.
1529 2860 1593 2908 iv).
1622 2860 1823 2898 Caveamus
1854 2872 1941 2908 ergo
1972 2862 2094 2898 verbis
2120 2862 2250 2897 incon-

1192 2921 1292 2966 gruis
1319 2919 1529 2956 effeminare
1556 2921 1614 2956 vel
1643 2922 1847 2959 actionibus
1866 2928 1902 2959 et
1923 2923 2121 2959 dissolvere
2143 2922 2251 2968 hujus
2272 2916 2274 2921 ’

1192 2980 1322 3016 animae
1352 2980 1540 3024 virtutem,
1560 2981 1643 3017 dum
1673 2991 1756 3017 cum
1782 2993 1825 3019 eo
1851 2983 2021 3020 videlicet
2037 2989 2074 3019 et
2094 2994 2161 3020 nos
2177 2985 2252 3020 dis·
2276 3026 2278 3029 y

1191 3040 1388 3084 solvamur,
1418 3041 1608 3087 utriusque
1627 3042 1725 3078 enim
1745 3043 1838 3080 sicut
1855 3044 1990 3088 cernis,
2016 3053 2123 3091 poena
2151 3055 2250 3082 mors
2271 3066 2278 3078 ⁴.

1191 3104 1258 3136 est.
1282 3099 1478 3146 Sequitur:

1239 3160 1309 3203 Qui
1325 3172 1433 3207 supra
1450 3173 1596 3198 uxorem
1611 3163 1724 3208 filiam
1738 3163 1878 3199 duxerit
1896 3170 2043 3199 matrem
2063 3165 2154 3209 ejus,
2173 3174 2248 3199 sce-

1190 3220 1246 3256 lus
1263 3226 1425 3267 operatus
1446 3227 1509 3265 est,
1537 3223 1633 3258 vivus
1654 3222 1789 3258 ardebit
1808 3233 1887 3257 cum
1906 3223 1968 3264 eis,
1986 3234 2046 3257 nec
2066 3233 2247 3267 permane-

1191 3283 1239 3318 bit
1258 3289 1393 3318 tantum
1413 3283 1512 3328 nefas
1529 3284 1566 3319 in
1588 3283 1701 3318 medio
1725 3283 1840 3318 vestri.
1861 3281 1934 3330 (Ex
1953 3281 2158 3328 Hesychia)
2181 3282 2244 3318 Ni-

1187 3344 1256 3380 mis
1264 3349 1364 3380 recte
1377 3344 1431 3379 sic
1447 3354 1579 3379 saevam
1593 3351 1736 3388 poenam
1753 3343 1837 3377 huic
1846 3342 2002 3377 minatus
2017 3346 2074 3376 est
2088 3341 2242 3379 delicto:

1186 3414 1249 3440 eos
1268 3405 1363 3440 enim
1380 3404 1440 3449 qui
1460 3413 1505 3438 ex
1520 3408 1634 3438 matre
1661 3402 1772 3448 geniti
1793 3407 1889 3443 sunt,
1906 3401 1950 3436 ab
1969 3400 2026 3437 his
2045 3401 2107 3446 qui
2123 3411 2145 3437 a
2164 3400 2240 3438 fllia

1188 3464 1301 3511 geniti
1322 3468 1420 3506 sunt,
1442 3472 1525 3498 cum
1545 3471 1638 3496 unus
1655 3461 1696 3495 fit
1710 3467 1827 3505 pater,
1847 3460 2027 3497 incertum
2047 3466 2104 3498 est
2118 3468 2242 3499 utrum

1191 3522 1324 3557 fratres
1350 3531 1393 3556 an
1423 3519 1619 3556 avunculos
1637 3523 1803 3563 oporteat
1826 3519 1999 3565 appellari
2016 3531 2125 3557 :nam
2158 3532 2243 3559 cum

1191 3586 1295 3627 pater
1319 3590 1413 3615 unus
1439 3580 1498 3621 sit,
1529 3578 1662 3615 fratres
1677 3588 1740 3614 eos
1759 3579 1855 3626 cogit
1871 3581 2057 3618 aestimari.
2078 3582 2134 3620 Ex
2152 3583 2241 3619 dua-

1191 3641 1259 3677 bus
1279 3645 1400 3675 autem
1418 3639 1631 3684 parentibus
1657 3649 1740 3675 cum
1759 3650 1831 3675 una
1847 3640 1895 3676 sit
1910 3647 2039 3686 mater,
2061 3643 2131 3679 alia
2149 3643 2238 3692 filia,

1194 3699 1389 3738 avunculos
1413 3701 1480 3736 hos
1500 3699 1562 3746 qui
1580 3700 1624 3736 de
1642 3705 1758 3737 matre
1779 3707 1865 3738 sunt
1884 3703 2011 3749 geniti,
2031 3704 2078 3741 ab
2096 3704 2155 3742 his
2176 3705 2240 3752 qui

1191 3761 1268 3799 nati
1286 3765 1370 3803 sunt
1388 3760 1433 3797 de
1449 3758 1521 3796 iilia
1545 3759 1728 3806 compellit
1751 3761 1949 3800 necessitas
1979 3763 2166 3809 appellari.
2192 3764 2240 3802 Bt
