2540 4016
246 228 317 274 551

243 362 412 403 videlicet
426 359 611 403 Christum
622 383 633 403 ,
655 354 871 400 intelligens,
891 359 1018 388 mense
1033 348 1129 386 enim
1147 348 1302 396 septimo

245 423 362 465 aetatis
377 421 504 468 mundi
525 418 643 462 venit,
670 416 770 463 quus
789 421 952 449 mensem
969 410 1128 458 primum
1146 411 1300 449 dicimus

247 499 330 527 eum
347 487 409 538 qui
426 485 494 522 fuit
511 484 548 523 in
565 479 751 530 paradiso;
779 474 990 519 secundum,
1010 484 1126 522 usque
1144 474 1190 517 ad
1208 474 1300 511 dilu-

245 549 364 593 viu1n3
388 545 545 586 tertium,
564 549 676 585 usque
696 537 741 573 ad
759 536 961 579 Abraham3
982 540 1166 582 quartum,
1184 546 1299 583 usque

246 606 292 644 ad
311 613 450 652 tempus
466 612 537 648 quo
556 601 766 640 descensum
784 600 839 632 est
862 595 900 631 in
916 594 1094 644 AEgypt0;
1116 596 1294 643 quintum,

243 676 358 714 usque
374 666 419 702 ad
434 661 673 709 captivitatem
689 658 726 693 in
742 656 996 703 Babyloniam;
1013 662 1168 702 sextum,
1184 669 1298 705 usquc

244 727 290 763 ad
312 727 501 763 adventum
522 720 675 762 Christi;
702 718 914 764 septimum,
935 717 1052 765 ipsum
1074 717 1217 755 Domini
1236 719 1298 755 ad-

243 793 402 824 ventum.
421 786 509 822 Nam
525 783 590 819 etsi
609 792 678 817 non
695 789 821 816 omnes
836 779 893 825 hae
912 779 1150 823 differentiam
1169 791 1296 828 quam-

243 849 325 883 dam
346 848 437 884 inter
457 855 494 881 se
512 849 635 880 :etates
654 842 809 884 habent,
829 847 951 878 tamen
970 847 1173 888 temporum
1194 843 1297 887 signa

242 910 335 946 sicut
367 918 507 945 menses
533 907 688 949 habent;
725 905 787 941 sed
819 905 996 941 decimam
1027 905 1123 941 diem
1150 910 1299 952 propter

240 969 545 1015 imperfectionem
565 966 679 1009 addit,
699 966 883 1013 perfectus
903 967 1033 1013 quippe
1050 976 1224 1003 numerus
1243 971 1298 1003 est

239 1028 397 1064 decimus
416 1037 425 1062 :
446 1027 739 1074 propitiationem
760 1033 921 1064 nostram
942 1039 1007 1074 per
1024 1038 1168 1065 crucem
1190 1035 1297 1075 atque

237 1092 439 1139 passionem
472 1091 637 1130 Christus
669 1091 824 1138 peregit,
857 1091 952 1128 unde
983 1098 1019 1127 et
1053 1101 1158 1129 ovem
1189 1103 1296 1139 quam

237 1153 377 1200 Moyses
397 1153 559 1200 praecipit
579 1154 772 1197 immolari,
794 1152 992 1200 perfectam
1009 1164 1089 1191 esse
1104 1160 1140 1190 et
1157 1156 1296 1192 decima

678 208 726 255 Β.
751 210 920 253 RABANI
945 209 1094 253 naum
1119 207 1336 253 ARCHIEP.
1365 205 1572 275 ttoGUNT-
1599 205 1792 255 OPERUM
1815 207 1937 254 PARS
1959 206 1992 249 1.
2309 261 2315 265 -
2365 259 2369 269 ί

244 313 320 344 tem
342 305 506 345 mensem
532 300 570 335 et
595 294 772 333 decimam
794 290 907 335 diem,
928 296 1011 325 eum
1031 287 1095 338 qui
1116 288 1195 325 haec
1212 289 1300 336 egit,
1319 288 1356 339 Α
1371 287 1440 335 hac
1463 287 1537 332 vita
1561 297 1636 326 non
1665 288 1950 339 conquisivimus
1977 288 2016 326 in
2043 284 2178 331 saeculo
2202 284 2342 350 sumto,
2365 288 2432 338 sed

2352 211 2430 262 5252

1369 349 1440 387 frui
1457 349 1514 387 his
1533 360 1614 401 quae
1629 349 1690 387 hic
1707 349 1850 398 operati
1866 349 2056 388 fuerimus.
2079 349 2252 399 Sequitur
2269 363 2279 388 ε

1347 453 1354 456 ζ
1384 466 1387 467 ⁷
1417 412 1568 460 Quando
1586 411 1709 450 vendes
1728 411 1910 461 quidpiam
1936 412 2003 449 civi
2025 417 2100 457 tuo,
2119 412 2173 450 oet
2197 423 2288 450 emes
2311 412 2355 463 ab
2374 425 2430 468 eo,

1367 488 1410 518 ne
1423 478 1605 514 contristes
1625 478 1772 525 fratrem
1791 483 1907 523 tuum,
1923 476 1984 512 sed
1995 475 2101 525 juxta
2119 486 2305 515 nanterum
2321 487 2432 525 anno-

1367 548 1446 579 rum
1463 537 1604 584 jubitoei
1623 548 1713 573 emes
1733 537 1776 574 ab
1795 548 1848 582 eo,
1874 543 1907 576 et
1919 532 2025 584 juxta
2046 539 2330 590 supputationem
2354 538 2432 591 sru-

1365 609 1448 644 ¹qum
1474 597 1596 641 vendet
1619 597 1695 635 tibi.
1727 596 1866 641 Quanto
1893 597 1971 649 plus
1994 598 2078 642 anni
2102 600 2334 644 remanserint
2355 606 2434 649 post

1361 659 1561 706 jubiloeum,
1581 665 1679 695 tanto
1703 660 1826 700 crescit
1842 661 1990 709 pretium
2002 672 2014 704 ;
2035 666 2068 696 et
2084 667 2214 707 quanto
2233 663 2350 704 atinus
2369 674 2434 699 nu-

1365 721 1552 758 meraveris
1570 715 1749 768 temporis,
1769 726 1865 759 tanto
1882 721 2028 758 minoris
2046 727 2077 756 et
2095 723 2222 773 emptio
2242 723 2430 768 constabit,

1365 790 1497 831 tempus
1519 783 1611 819 enim
1631 782 1773 829 frugum
1791 782 1912 818 vende-t
1932 782 2005 818 tibi.
2035 781 2151 827 Nolite
2171 784 2320 836 affll'flere
2346 795 2429 825 con·

1364 845 1507 882 tribules
1530 850 1673 888 vestros,
1699 845 1759 880 sed
1781 845 1899 879 timeat
1921 844 2156 891 unusquisque
2173 843 2287 888 Deum
2309 857 2430 891 suum,

1364 907 1447 954 quia
1471 917 1532 953 eqo
1558 906 1730 947 Dominus
1758 904 1852 941 Deus
1872 909 1994 940 vester.
2021 903 2110 940 Esse
2130 899 2288 952 aliquam
2306 904 2431 941 vendi-

1365 969 1520 1013 tionem,
1560 966 1662 1014 cujus
1703 967 1780 1003 sinc
1818 971 1968 1013 argento
2005 970 2213 1007 contractus
2249 964 2428 1013 provenit,

1365 1036 1489 1078 aperte
1514 1040 1580 1069 nos
1605 1028 1715 1065 isaias
1741 1028 1877 1070 docuit,
1905 1037 1987 1062 cum
2014 1025 2092 1061 ait:
2123 1025 2249 1061 Omnes
2275 1025 2430 1060 sitientes

1364 1094 1473 1131 venite
1497 1094 1542 1130 act
1560 1087 1684 1140 aquas,
1708 1091 1818 1138 etqui
1847 1101 1917 1125 non
1947 1088 2079 1125 habetis
2100 1095 2283 1133 arpentum
2308 1097 2431 1134 prope-

1365 1162 1454 1200 rate,
1489 1155 1590 1193 emite
1621 1160 1651 1189 et
1671 1152 1839 1189 comedite
1867 1150 1957 1197 (Isa.
1978 1149 2052 1196 ιν).
2080 1149 2234 1196 Propter
2257 1148 2352 1194 quod
2377 1147 2431 1185 sic

239 1215 295 1251 die
313 1216 471 1260 separari
495 1216 685 1262 praecepit,
704 1216 810 1262 liujus
830 1222 1015 1265 gerentem
1039 1217 1233 1264 imaginem
1253 1218 1296 1254 de
1315 1202 1346 1242 Β
1366 1216 1508 1257 dicebat
1536 1215 1666 1270 Petrus
1682 1213 1927 1250 condemnans
1950 1211 2135 1247 Simonem
2157 1221 2166 1245 ε
2189 1209 2347 1245 Pecunia
2367 1215 2430 1244 tua

238 1288 307 1324 quo
323 1279 424 1315 nohis
442 1289 538 1315 nunc
555 1288 673 1316 sermo
687 1285 753 1315 est.
772 1279 865 1324 Quid
879 1285 998 1315 autem
1017 1280 1073 1323 his
1088 1281 1249 1317 addidit?

285 1340 595 1388 Sanctificabisque
616 1352 747 1377 annum
773 1342 1121 1388 quinquaqesimum,
1145 1349 1175 1377 et
1196 1353 1297 1377 roca-

238 1401 288 1437 bis
316 1402 547 1438 remissionem
567 1401 698 1437 cunctis
726 1401 978 1439 habitatoribus
998 1408 1101 1437 terrte
1127 1407 1209 1436 tute.
1234 1400 1297 1437 Se-

236 1463 421 1510 ptuaginta
444 1469 563 1499 autem
582 1463 729 1505 addunt,
752 1474 866 1499 annus
885 1463 1098 1498 remissionis
1119 1463 1183 1497 erit
1204 1463 1296 1498 vobis

237 1526 443 1572 significatio
471 1525 558 1568 boec,
585 1530 616 1561 et
639 1524 928 1571 sanctificabitur,
952 1524 987 1560 id
1010 1528 1086 1567 est,
1108 1523 1145 1559 in
1166 1523 1298 1559 sancti-

238 1587 357 1622 monia
372 1587 468 1623 hunc
487 1591 707 1631 exspectate,
723 1591 759 1621 et
780 1590 903 1621 sancta
925 1585 968 1621 de
985 1594 1028 1620 co
1050 1584 1219 1630 cogitate,
1236 1584 1299 1620 sed

238 1650 274 1680 et
289 1645 565 1681 sanctimoniam
583 1645 619 1681 in
639 1655 680 1681 eo
699 1645 880 1691 corrigite,
900 1644 1175 1684 reminiscentes
1197 1644 1297 1684 illum

239 1706 300 1752 qui
322 1706 425 1749 dixit,
444 1704 573 1742 Pacem
592 1707 772 1753 sequimini
789 1718 866 1743 cum
885 1708 1042 1744 omnibus
1060 1714 1091 1745 et
1111 1709 1299 1745 sanctimo-

240 1768 350 1810 niam,
373 1767 446 1803 sine
466 1779 534 1814 qua
556 1767 672 1803 nutius
692 1768 815 1804 videbit
833 1769 957 1815 Deum.
984 1768 1055 1805 Sed
1079 1775 1115 1805 et
1132 1770 1299 1806 omnibus

241 1827 304 1874 qui
325 1832 407 1863 sunt
425 1828 460 1864 in
482 1833 577 1864 terra
607 1829 857 1865 remissionem
876 1831 1131 1867 annuntiemus
1150 1831 1299 1881 prolatoe

241 1894 366 1925 contra
385 1899 450 1925 nos
468 1895 615 1935 propter
631 1890 745 1926 Adam
765 1891 966 1934 sementim,
987 1891 1204 1938 significatio
1223 1892 1300 1928 haec

242 1955 315 1993 est;
333 1950 474 1996 signum
493 1955 548 1986 est
570 1950 665 1986 enim
683 1956 908 1986 mortuorum
928 1950 1146 1985 resurrectio
1164 1949 1300 1986 Christi

241 2009 416 2054 victoriae,
435 2020 500 2056 per
516 2021 623 2056 quam
642 2010 728 2045 vicit
744 2010 944 2053 inimicum,
966 2010 1088 2045 onmia
1105 2010 1300 2055 subjiciens

243 2068 326 2113 sibi,
355 2074 392 2104 et
420 2070 608 2105 destruens
637 2074 811 2113 mortem,
834 2069 1136 2115 quemadmodum
1169 2069 1299 2105 Paulus

1366 1284 1478 1317 tecum
1507 1277 1551 1313 sit
1569 1277 1604 1312 in
1629 1274 1873 1322 perditionem,
1894 1273 1976 1320 quia
1997 1272 2128 1313 donum
2158 1269 2222 1305 Dei
2249 1268 2431 1306 a‘stimasti

1365 1339 1511 1387 pecunia
1532 1337 1715 1385 possideri.
1740 1336 1876 1378 Bonum
1897 1341 1933 1371 ct
1951 1344 2035 1371 vere
2061 1334 2206 1370 beatum
2231 1331 2432 1378 est,-quod

1366 1399 1526 1446 spiritale
1555 1405 1624 1439 cst,
1647 1408 1716 1435 non
1741 1403 1861 1435 tamen
1883 1395 1984 1441 eujus
2014 1394 2278 1442 possessionem
2312 1392 2365 1430 sas
2385 1393 2432 1430 sit

1365 1460 1519 1507 pecunia
1540 1458 1703 1505 adipisci.
1724 1456 1848 1497 Talem
1868 1462 1904 1492 ct
1924 1465 2018 1496 inune
2035 1455 2281 1492 venditionem
2298 1460 2334 1492 et
2355 1463 2432 1499 pos-

1367 1521 1567 1558 sessionem
1582 1517 1782 1566 spiritalem
1796 1517 1855 1557 lex
1871 1515 2052 1563 proponit.
2068 1514 2129 1550 Ait
2144 1514 2263 1554 cnimz
2281 1514 2432 1557 Quando

1367 1581 1490 1618 vendes
1505 1579 1685 1628 quidpiam
1705 1577 1770 1617 civi
1791 1583 1866 1620 tue,
1887 1575 1939 1614 vel
1959 1585 2048 1615 entes
2069 1573 2182 1617 abeo,
2211 1573 2245 1611 id
2273 1578 2342 1616 est,
2369 1572 2435 1613 ali-

1368 1651 1478 1690 quam
1494 1639 1718 1684 doctrina1n;
1750 1644 1811 1674 ant
1835 1636 1985 1679 dederis,
2012 1641 2073 1677 atti
2101 1635 2286 1681 acceperis,
2306 1634 2340 1672 id
2361 1638 2432 1678 est,

1369 1711 1429 1741 aut
1448 1702 1630 1747 docueris,
1648 1707 1710 1738 aut
1728 1700 1878 1737 edoctus
1899 1698 2012 1735 l'ueris
2031 1710 2038 1733 ;
2057 1698 2135 1734 haze
2151 1702 2207 1733 cst
2221 1696 2316 1733 enim
2338 1697 2432 1733 hona

1368 1766 1548 1814 possessio
1579 1774 1658 1813 quae
1699 1763 1743 1800 ad
1776 1760 2043 1809 possessionem
2073 1758 2184 1800 futuri
2218 1756 2434 1795 transmittit

1369 1829 1503 1867 saeculi.
1525 1827 1622 1864 Bene
1642 1831 1762 1862 autem
1780 1823 1966 1870 conjunxit
1984 1832 1994 1858 ι
2019 1821 2168 1865 Quando
2188 1820 2314 1856 vendes
2330 1819 2433 1867 qaid-

1368 1892 1462 1938 piam
1482 1891 1548 1926 civi
1567 1897 1643 1933 tuo,
1663 1887 1714 1924 vel
1737 1898 1827 1923 emes
1846 1886 1888 1922 ab
1911 1897 1974 1929 eo;
1994 1885 2210 1925 alterutrum
2229 1883 2326 1920 enim
2347 1888 2432 1919 sunt

1371 1952 1516 1995 divitiae,
1536 1951 1752 1987 alterutrum
1771 1947 1967 1994 possessio,
1990 1945 2156 1993 discipuli
2185 1949 2293 1991 atque
2309 1944 2433 1980 docto-

1370 2012 1434 2055 ris,
1468 2012 1564 2058 quod
1593 2010 1818 2047 demonstrat
1847 2007 1980 2045 Paulus
2008 2005 2206 2043 Corinthiis
2234 2004 2430 2043 scribens:

1373 2074 1465 2117 Quia
1484 2074 1598 2120 (μοι-ἔα
1618 2080 1730 2109 vestra
1761 2082 1895 2115 santus,
1927 2070 2015 2106 sicut
2038 2075 2070 2105 et
2098 2080 2157 2105 vos
2184 2074 2303 2104 nostra
2321 2067 2358 2102 in
2377 2066 2434 2102 dte

243 2128 322 2163 ait:
347 2126 532 2173 Oportebat
555 2129 646 2163 enim
674 2139 751 2163 eum
770 2140 914 2174 reqnare
934 2130 1040 2165 donec
1059 2137 1165 2177 ponat
1185 2130 1302 2166 inimi-
1321 2119 1349 2160 C
1372 2134 1501 2170 Christi
1530 2134 1617 2169 Jesu
1643 2133 1697 2180 (11
1723 2131 1806 2169 Cor.
1836 2130 1879 2178 ι).
1914 2129 1966 2166 Ne
1995 2129 2185 2166 contristet
2213 2137 2298 2173 ergo
2325 2127 2433 2163 honlo

244 2199 302 2226 cos
331 2188 395 2225 sub
428 2189 571 2236 pedibus
592 2190 676 2233 suis,
707 2190 893 2226 novissima
924 2199 1038 2227 sunem
1070 2193 1212 2228 inimica
1244 2193 1303 2228 de-

244 2255 398 2286 struetur
423 2261 515 2286 mors
542 2250 577 2296 (I
599 2250 679 2286 Cor.
703 2251 777 2298 xv).
806 2250 877 2287 Sed
901 2251 1114 2297 significatio
1140 2254 1216 2289 haec
1238 2263 1304 2298 per

244 2311 489 2358 evangelicam
518 2313 810 2358 praedicationem
833 2311 997 2356 efficitur,
1020 2312 1186 2350 Christus
1206 2314 1303 2349 enim

244 2371 440 2408 adveniens
462 2382 542 2408 eam
567 2373 786 2419 significavit
812 2379 919 2418 atque
944 2373 1155 2419 praedicavit
1182 2386 1188 2408 :
1219 2379 1303 2411 tunc

243 2439 430 2469 revertetur
446 2434 548 2469 bomo
565 2434 611 2469 ad
627 2434 876 2479 possessionem
891 2445 1006 2478 suam,
1021 2441 1052 2469 et
1069 2435 1304 2481 mzusquisque

243 2495 367 2532 redibit
396 2495 441 2531 ad
470 2495 643 2541 familiam
670 2495 974 2542 pristinam-Vel,
1002 2496 1095 2533 sicut
1118 2496 1236 2540 LXX,
1258 2496 1303 2533 ad

243 2559 395 2605 patriam
413 2568 534 2601 suam;
561 2559 740 2605 possessio
760 2559 856 2594 enim
882 2564 1007 2595 nostra
1026 2565 1082 2595 est
1107 2565 1143 2595 et
1167 2560 1305 2596 indem-

244 2620 319 2665 ptio
340 2619 510 2667 [adeptio]
533 2619 644 2656 futuri
664 2619 796 2662 saecun,
818 2618 903 2665 quia
922 2619 1020 2656 illam
1047 2629 1119 2655 non
1146 2619 1191 2654 ad
1216 2625 1305 2657 tem-

243 2691 327 2729 pus,
346 2682 410 2717 sed
428 2682 465 2717 in
486 2686 698 2726 perpetuum
712 2680 951 2726 possidemus,
971 2687 1006 2717 et
1027 2691 1094 2718 nec
1113 2691 1207 2718 nunc
1226 2681 1306 2727 qui-
1332 2700 1336 2705 2

248 2741 331 2776 dem
353 2739 475 2785 hujus,
501 2750 596 2776 nunc
623 2746 742 2776 autem
768 2741 876 2784 illius,
898 2742 960 2778 sed
984 2752 1126 2787 semper
1145 2742 1306 2787 ejusdem

248 2806 299 2837 est
323 2800 440 2844 firma,
469 2805 506 2836 et
531 2811 610 2847 quae
637 2810 710 2836 non
739 2802 852 2846 possit
878 2801 1011 2838 auferri
1037 2803 1233 2847 possessio,
1261 2803 1306 2839 de

248 2871 319 2907 qua
343 2861 516 2898 Dominus
535 2861 676 2897 dicebat
701 2872 711 2896 ι
740 2860 767 2895 T
769 2862 987 2898 besauriz-ate
1007 2862 1100 2897 vobis
1125 2862 1305 2898 thesauros

247 2922 287 2959 ‘in
306 2921 403 2965 coelo,
421 2922 478 2957 ubi
498 2933 558 2957 nee
579 2922 671 2958 tinea
689 2931 750 2957 nee
770 2931 886 2966 ceruqo
907 2926 1145 2966 corrumpunt,
1165 2932 1226 2956 nec
1247 2921 1306 2965 fu-

248 2993 304 3018 res
322 2982 491 3027 effodiunt
506 2987 538 3017 et
553 2982 719 3028 [urantur
735 2980 877 3028 (Matth.
893 2979 958 3027 vi).
981 2980 1053 3017 Sed
1067 2981 1113 3016 ad
1132 2979 1305 3020 familiam

247 3041 439 3089 pristinam
454 3041 627 3084 redimus,
643 3040 700 3076 vel
717 3040 811 3076 sicut
829 3039 1075 3085 Septuaginta,
1093 3039 1138 3074 ad
1154 3040 1303 3085 patriam

250 3110 407 3141 nostram
431 3103 710 3145 ambulabimus;
736 3101 927 3141 manifesta
950 3106 1005 3137 est
1028 3101 1123 3137 enim
1143 3101 1305 3146 quaedam

250 3165 450 3203 amantium
480 3163 759 3209 hospitalitatem
791 3162 921 3209 patria,
953 3162 1028 3199 sive
1058 3161 1211 3205 familia,
1247 3161 1306 3198 cui

249 3228 433 3265 Abraham
458 3232 610 3273 proeest3
637 3224 829 3263 manifesta
857 3230 1060 3267 castorum,
1088 3224 1145 3261 oui
1173 3223 1305 3268 Joseph

249 3289 418 3336 princeps
437 3292 514 3332 est;
535 3286 726 3324 manifesta
747 3286 960 3329 zelatorum,
982 3285 1039 3323 cui
1058 3285 1156 3322 Elias
1171 3284 1307 3329 prima-

251 3355 331 3385 tum
347 3354 468 3386 tenet:
484 3358 638 3395 quarum
650 3347 897 3385 haereditatem
915 3345 1146 3392 percipimus,
1163 3345 1307 3390 quando

251 3411 383 3448 horum
400 3422 480 3457 quae
497 3411 558 3446 hic
580 3415 664 3447 sunt
692 3409 858 3450 remissio
875 3413 914 3444 et
932 3405 1162 3453 significatio,
1182 3410 1307 3441 contra

252 3475 410 3508 mortem
435 3470 585 3506 victoria
613 3474 760 3516 peracta
789 3468 916 3511 suerit,
943 3466 981 3504 in
1011 3464 1308 3511 quinquagesimo

255 3540 364 3575 anno,
382 3531 445 3577 qui
463 3536 544 3576 post
559 3529 819 3566 hebdomadem
838 3526 1161 3568 hebdomadarum,
1182 3523 1219 3561 id
1237 3528 1308 3568 est,

254 3597 339 3639 post
353 3601 582 3629 communem
603 3591 711 3629 tinem
727 3591 860 3634 veniet,
879 3589 973 3627 sicut
993 3586 1104 3624 semel
1122 3590 1309 3624 ostensum

258 3655 334 3694 est;
357 3654 445 3687 tunc
462 3660 534 3686 non
555 3654 706 3697 possunt
730 3649 916 3692 seminari,
932 3657 1050 3694 noque
1073 3645 1160 3685 meti
1178 3650 1307 3692 sponte

260 3709 300 3744 in
317 3720 404 3756 agro
427 3712 632 3754 nascentia;
657 3720 726 3747 nec
747 3710 926 3756 primitias
949 3709 1139 3747 vindemiae
1163 3707 1309 3756 colligis

261 3778 379 3814 neque
401 3771 498 3808 enim
516 3776 662 3818 ,tempus
683 3776 739 3809 est
761 3772 800 3807 iu
821 3781 895 3818 quo
915 3770 1028 3807 nobis
1044 3779 1110 3818 per
1128 3768 1312 3817 operatios

263 3839 349 3869 nem
371 3832 805 3880 conquiramus-aliqum
827 3833 1251 3884 metimnnnurqm-
1265 3831 1312 3871 h

1371 2196 1536 2238 fratrem,
1561 2195 1596 2230 id
1616 2199 1685 2237 cst,
1703 2200 1743 2231 ut
1763 2204 1834 2230 non
1851 2202 1960 2239 super
1977 2191 2149 2228 virtutem
2171 2187 2358 2235 discipulis
2375 2188 2432 2224 in-

1372 2267 1553 2304 geramus,
1577 2255 1638 2292 sed
1656 2266 1735 2301 qua-z
1750 2257 1803 2292 eis
1822 2261 1906 2293 sunt
1923 2253 2122 2301 possibilia,
2144 2252 2179 2293 id
2201 2257 2270 2293 est.
2289 2250 2436 2297 virgini-

1372 2323 1482 2354 tatem
1500 2317 1533 2353 ci
1561 2317 1619 2353 cui
1640 2317 1822 2362 possibilis
1852 2321 1926 2360 ost,
1959 2315 2010 2353 illi
2029 2314 2202 2355 videlieet
2219 2313 2263 2350 de
2291 2322 2364 2359 quo
2385 2310 2436 2348 ait

1372 2378 1504 2414 Paulus
1525 2390 1534 2413 ε
1559 2377 1628 2420 Qm·
1647 2378 1767 2415 statuit
1788 2378 1824 2413 in
1852 2379 1955 2413 corde
1972 2387 2035 2412 suo
2055 2376 2192 2421 firmus,
2217 2385 2284 2410 non
2305 2372 2434 2409 babens

1373 2440 1625 2480 necessitatem,
1655 2443 1860 2483 potestatem
1887 2442 2003 2474 autem
2022 2435 2122 2474 babet
2141 2445 2215 2474 sita:
2233 2433 2433 2475 voluntatis,

1373 2504 1404 2535 et
1425 2501 1490 2536 noc
1510 2497 1677 2535 indicavit
1697 2497 1733 2534 in
1749 2496 1851 2537 corde
1872 2507 1935 2537 suo
1953 2494 2128 2533 custodire
2147 2493 2313 2539 viraincm
2333 2503 2435 2528 suam

1374 2559 1409 2606 (Ι
1429 2559 1510 2595 Cor.
1527 2558 1615 2605 vn);
1650 2556 1856 2603 conjugium
1877 2557 1910 2592 ci
1938 2556 1999 2602 qui
2017 2565 2089 2592 non
2108 2554 2204 2600 capit
2219 2553 2436 2601 virginitatis

1373 2621 1543 2663 verbunn
1573 2620 1669 2656 idem
1694 2620 1792 2659 enim
1813 2619 1931 2660 dixit:
1953 2618 1997 2654 Et
2016 2618 2075 2664 qui
2094 2617 2201 2654 tradit
2223 2618 2346 2664 nuptui
2363 2618 2434 2653 vir-

1374 2684 1488 2729 qinein
1505 2692 1606 2718 suam
1626 2679 1818 2726 benefacit,
1839 2685 1871 2717 et
1894 2679 1954 2725 qui
1975 2689 2044 2714 non
2060 2677 2167 2718 tradit
2185 2676 2309 2715 meiius
2326 2677 2435 2722 [acin

1375 2750 1411 2781 ct
1440 2755 1564 2781 rursus
1584 2756 1592 2779 :
1614 2743 1654 2779 Si
1673 2742 1750 2787 quis
1767 2747 1882 2777 atatem
1912 2746 2046 2789 turpem
2075 2751 2112 2777 se
2129 2739 2237 2776 videri
2258 2739 2433 2775 existimat

1374 2816 1478 2851 super
1497 2805 1630 2850 virqine
1648 2815 1727 2846 sua,
1753 2802 1845 2849 quod
1863 2802 1906 2838 sit
1921 2799 2161 2848 superadulta,
2183 2806 2215 2836 et
2232 2800 2283 2835 ita
2301 2804 2434 2845 oportet

1374 2866 1452 2912 fieri
1464 2877 1476 2908 ,·
1495 2864 1589 2911 quod
1609 2863 1679 2900 vult
1698 2863 1820 2909 saciat,
1839 2874 1908 2899 non
1929 2867 2046 2909 peccat
2076 2862 2106 2901 si
2134 2861 2271 2897 nubat:
2292 2859 2338 2897 Et
2355 2870 2435 2896 rur-

1376 2935 1464 2962 sus:
1486 2924 1615 2962 Melius
1635 2929 1685 2960 est
1714 2924 1841 2962 nubere
1860 2935 1966 2971 quam
1983 2924 2053 2960 uri.
2085 2922 2182 2961 Idem
2202 2927 2238 2959 et
2263 2922 2308 2959 de
2337 2922 2435 2958 omni

1374 2986 1509 3022 virtute
1534 2995 1615 3023 eam
1634 2996 1714 3031 quae
1742 2985 1940 3022 seeundum
1965 2983 2241 3030 possibilitatem
2267 2989 2338 3026 est,
2367 2992 2434 3019 nos

1375 3047 1451 3092 ipsc
1481 3047 1575 3082 Deus
1604 3047 1729 3092 exigit,
1763 3052 1799 3082 et
1826 3046 1863 3083 in
1890 3046 2074 3083 alterutris
2103 3045 2308 3082 ministrare
2335 3044 2430 3087 vult;

1374 3117 1457 3143 nam
1484 3107 1687 3143 Pharisaeos
1707 3107 1992 3152 reprehendebat
2020 3111 2061 3142 ut
2087 3111 2170 3152 pote
2199 3105 2320 3152 gravia
2353 3104 2434 3141 aliis

1373 3168 1646 3214 praecipientes,
1678 3167 1728 3203 ait
1752 3167 1850 3203 enim
1881 3179 1890 3203 :
1926 3166 2082 3213 Alliqant
2111 3177 2218 3202 onera
2251 3166 2372 3212 qravia
2401 3171 2432 3201 et

1373 3227 1610 3274 importabilia
1626 3255 1636 3271 ,
1680 3223 1863 3273 imponunt
1901 3238 1942 3262 ea
1979 3228 2017 3262 in
2054 3226 2216 3262 humeros
2254 3227 2433 3262 bominum

1377 3286 1520 3334 (Manli.
1542 3286 1665 3332 xxm).
1697 3286 1812 3325 Nimis
1837 3296 1924 3332 ergo
1955 3293 2220 3331 consequenter
2250 3286 2433 3334 legislator

1376 3346 1524 3389 addidit,
1550 3346 1611 3381 sed
1633 3346 1740 3391 juxta
1767 3356 1950 3381 numerum
1970 3356 2141 3381 annorum
2158 3345 2310 3391 jubilaei,
2341 3357 2433 3382 emes

1377 3408 1419 3443 ab
1438 3417 1501 3450 eo‚·
1521 3406 1591 3449 vel,
1613 3406 1706 3442 sicut
1722 3404 1834 3448 Lxx,
1851 3405 2040 3441 secundum
2057 3415 2241 3441 nanterum
2258 3416 2431 3446 annorum

1375 3473 1451 3514 post
1473 3465 1762 3513 siqnificationem
1779 3464 1970 3511 possidebis
1997 3475 2020 3500 a
2045 3465 2204 3510 proximo
2220 3473 2233 3499 .*
2250 3465 2432 3512 significa-
2494 3455 2495 3458 Ἰ

1375 3528 1512 3569 tionem
1526 3554 1536 3571 ,
1554 3526 1752 3566 seeundum
1770 3525 1867 3572 quod
1888 3523 1965 3570 iam
1982 3525 2116 3562 dictum
2138 3530 2215 3569 est,
2234 3526 2431 3564 advenum

1377 3588 1603 3626 Dominicum
1622 3586 1840 3633 intelligens.
1857 3589 1895 3623 et
1910 3595 1991 3632 quae
2006 3586 2051 3622 ad
2066 3596 2149 3624 eum
2165 3586 2430 3632 pertinens-en-

1377 3651 1540 3689 nuntiata
1558 3654 1616 3686 est
1631 3647 1838 3697 evangelica
1859 3648 2081 3695 praedicatio,
2105 3658 2186 3694 qum
2207 3646 2313 3685 nobi·
2328 3645 2428 3684 fum-

1379 3710 1458 3750 ra‘m
1485 3715 1614 3748 eontra
1641 3716 1795 3747 mutem
1814 3709 2025 3754 victoriam,
2057 3709 2290 3756 requiemque
2316 3706 2431 3745 futui

1378 3772 1500 3813 senati
1517 3771 1750 3819 significavit.
1777 3770 1831 3809 En
1857 3776 1930 3818 quo
1952 3777 2039 3819 ergo
2059 3767 2460 3819 significantem-emi.

1377 3834 1630 3877 numinum
1652 3833 1940 3886 petavium-‘4
1964 3842 2037 3872 me
2057 3841 2154 3871 onus
2173 3829 2449 3886 qna-m
