2540 4016
87 68 159 108 135

725 34 1062 105 conmeantum
1085 63 1133 101 lN
1157 63 1367 102 uxonuu.
1389 85 1437 94 -
1462 65 1548 103 Lm.
1574 31 1633 104 ιῗι.

2205 71 2276 110 ¹54

86 154 221 186 terram
241 148 439 187 2sraelitieo
455 145 587 197 populo
601 148 642 183 se
655 145 823 182 daturum
837 141 1019 189 promisit,
1036 136 1143 178 simul
1164 145 1200 186 Α
1216 140 1408 176 struentia.
1427 136 1712 178 Iustitlcationes
1731 147 1818 180 sane
1833 142 1956 182 Latini
1976 146 2197 194 interpretes
2213 155 2276 187 eas

85 209 217 257 ejicere
237 210 352 247 noluit
372 221 382 246 z
402 209 526 256 utique
542 211 584 243 ut
611 205 839 252 experiretur
864 207 902 240 et
926 202 1086 240 erudiret
1106 201 1141 238 in

84 271 138 308 eis
153 271 284 315 lsrael;
314 275 354 307 ut
369 273 490 308 essent
511 267 573 314 qui
595 270 790 313 peccantes
806 269 1019 312 arguerent,
1039 268 1077 299 et
1098 264 1142 300 ad

83 331 283 368 timendum
298 331 412 367 Deum
426 327 610 374 improbos
627 325 899 372 compellerent.
918 323 1067 371 Mystice
1083 331 1144 358 au-

84 398 171 436 tem,
189 392 324 429 ‘electos
340 398 425 427 suos
441 387 485 425 de
503 386 805 434 corruptibilitate
825 385 960 428 earnis,
982 383 1142 431 expulsis

82 453 206 490 multis
227 451 396 490 vitiorum
417 446 546 494 turbis,
567 448 747 495 aliquibus
771 447 947 484 Dominus
964 445 1143 494 permittit

82 512 296 562 impugnari,
326 515 505 558 quatenus
529 509 689 547 habeant
716 518 859 556 semper
887 508 923 544 in
952 508 1084 555 quibus
1103 517 1143 545 se

82 577 287 616 exerceant,
306 582 353 609 ne
368 572 461 608 sorte
480 581 547 619 per
563 571 732 608 inertiam
750 571 787 607 in
805 569 979 616 majorem
998 569 1142 606 ruinam

80 639 311 681 peccatorum
323 633 467 669 cadant.
487 631 589 668 Unde
605 637 641 667 et
657 630 796 668 doctori
812 631 972 678 gentium
989 630 1141 676 petenti,

81 701 120 733 ut
143 695 315 732 Dominus
344 704 364 730 a
385 704 424 731 se
444 693 611 741 angelum
631 692 775 730 Satanae
796 693 857 739 qui
877 702 959 729 eum
980 691 1143 737 colaphi-

80 756 185 792 zabat
199 755 370 799 auferret,
387 765 599 802 responsum
615 759 671 790 est
687 766 695 790 :
712 753 843 802 Sufficit
861 753 922 789 tibi
936 754 1050 800 yratia
1064 763 1141 788 mea

80 816 139 864 (11
156 816 237 853 Cor.
260 816 341 865 xn).
376 816 466 852 Nam
494 816 610 851 virtus
642 815 679 851 in
708 814 918 850 infirmitate
939 812 1138 860 perficitur.

79 874 217 919 Ponam
242 882 358 912 autem
379 876 544 911 terminos
564 881 642 910 tuos
668 885 689 909 a
709 874 799 908 mari
821 871 940 908 Rubro
969 883 1077 918 usqae
1094 872 1140 907 ad

79 949 175 973 mare
204 936 501 979 Palcrst-inorum;
531 942 562 971 et
588 946 610 970 a
637 934 771 970 deserto
793 941 902 980 usque
921 934 967 968 ad
994 934 1140 979 fluvium

78 1000 219 1036 tradam
242 999 401 1036 manibus
425 998 546 1034 vestris
573 997 786 1033 habitatores
806 1002 929 1039 terrim
949 1002 981 1031 et
997 996 1139 1042 ejiciam

77 1070 135 1095 eos
154 1059 197 1094 de
211 1062 395 1105 conspectu
413 1063 485 1093 tuo.
518 1057 600 1093 Non
627 1057 729 1093 inibis
748 1068 826 1092 cam
847 1058 895 1092 eis
925 1056 1050 1102 soedus,
1080 1067 1140 1092 nec

75 1131 154 1156 cum
173 1119 241 1155 diis
265 1130 398 1155 eorum.
430 1118 515 1154 Non
539 1118 691 1154 habitent
711 1118 747 1153 in
767 1124 860 1153 terra
881 1124 955 1161 tua,
987 1128 1028 1154 ne
1047 1117 1136 1163 forte

74 1194 216 1230 peccare
236 1188 267 1218 te
285 1181 418 1227 faciant
431 1182 467 1217 in
483 1193 551 1225 nze,
570 1182 600 1217 si
616 1182 777 1217 servieris
793 1180 860 1216 diis
876 1191 995 1216 eorum
1013 1189 1026 1215 :
1044 1180 1137 1227 qnod

74 1246 135 1281 tibi
155 1251 246 1281 certo
266 1246 331 1280 erit
348 1245 383 1280 in
409 1243 630 1280 scandalum.
660 1243 698 1280 Si
719 1243 891 1280 servieris
908 1243 975 1280 diis
993 1253 1134 1287 eorum,

73 1312 180 1343 erunt
197 1306 260 1342 tibi
276 1305 544 1342 offendiculum.
566 1305 632 1342 Hic
650 1305 797 1342 Graecus
815 1305 1009 1346 δουλεύσεις
1028 1305 1136 1342 habet

73 1378 144 1403 non
163 1366 374 1415 λατρεύσεις.
401 1366 502 1403 Unde
525 1367 749 1414 intelligitur,
774 1369 858 1414 quia
885 1372 920 1403 et
949 1367 1045 1403 dulia
1075 1367 1136 1403 de-

71 1427 180 1463 betur
199 1427 273 1463 Deo
306 1433 476 1473 tanquam
494 1427 660 1463 Domino.
686 1427 809 1463 Latria
839 1437 926 1464 vero
960 1438 1031 1463 non
1065 1428 1136 1463 nisi

73 1486 160 1530 Deo,
180 1492 351 1534 tanquam
371 1488 458 1523 Deo.
482 1487 596 1534 Moysi
616 1499 749 1535 qaoque
771 1489 858 1524 dixit
880 1501 887 1523 :
912 1488 1068 1524 Ascende
1090 1489 1135 1523 ad

76 1547 263 1582 Dominam
282 1554 319 1582 tu
338 1555 368 1583 et
385 1547 517 1590 Aaron,
540 1549 668 1583 Nadab
685 1556 715 1584 et
732 1549 821 1583 Abia
837 1561 848 1584 .·
865 1556 896 1584 et
917 1550 1135 1596 septuayinla

75 1621 171 1645 senes
189 1620 231 1645 ex
248 1608 377 1652 Israel,
392 1615 422 1644 et
443 1610 636 1645 adorabitis
658 1610 779 1655 procul
794 1619 805 1643 .·
821 1610 982 1657 solasque
998 1610 1135 1657 Moyses

75 1673 233 1708 ascendet
260 1672 304 1708 ad
328 1671 518 1707 Dominum
537 1681 547 1706 .·
567 1679 598 1707 et
618 1672 667 1708 illi
697 1683 765 1708 non
792 1673 1132 1719 appropinquabant,

75 1745 135 1770 nec
155 1733 303 1780 populus
323 1734 482 1769 ascendet
501 1745 579 1768 cum
607 1745 646 1768 eo
670 1732 799 1780 (Esod.
824 1734 938 1781 xxiv).
968 1734 1059 1778 Quid
1080 1740 1136 1770 est

75 1794 168 1840 quod
183 1795 355 1831 Dominus
370 1794 527 1840 primum
542 1795 717 1840 praecipit,
735 1800 773 1829 ut
791 1795 930 1841 Moyses
945 1802 980 1830 et
997 1795 1133 1838 Aaron,

75 1855 196 1891 Nadab
214 1861 249 1892 et
267 1854 373 1898 Abiu,
393 1859 429 1890 et
447 1855 673 1902 septuaginta
694 1866 799 1891 senes
818 1867 863 1892 ex
880 1856 991 1893 Israel
1011 1867 1135 1893 asceu-

74 1917 160 1953 dant
180 1917 225 1952 ad
244 1916 457 1959 Dominum,
480 1922 515 1951 et
538 1917 659 1952 statim
681 1915 884 1962 subjungit,
913 1918 1008 1963 quod
1035 1917 1133 1954 solus

1211 209 1293 238 esse
1314 201 1499 244 dixerunt,
1519 210 1600 246 quae
1617 201 1736 238 Graeci
1755 201 1972 251 δικαιώματα
1986 207 2183 254 appellent.
2200 208 2276 248 NO-

1209 261 1360 298 tandum
1388 266 1446 298 est
1476 261 1573 307 quod
1603 261 1736 298 iterum
1766 263 1921 308 populus
1949 265 2018 301 ista
2049 269 2246 316 respondet
2263 279 2277 308 ε

1211 322 1342 360 Omnia
1362 322 1466 360 verba
1490 333 1570 370 quoe
1599 322 1816 359 locutas-ost
1842 323 2028 369 Dominus,
2057 328 2227 372 faciemus
2243 337 2278 370 st

1210 381 1410 427 audiemus,
1428 393 1512 420 cum
1527 384 1696 420 videatur
1712 384 1804 439 ordo
1821 383 2007 432 postulare
2025 390 2065 422 ut
2081 387 2276 438 diceretur,

1210 439 1399 480 audiemus
1416 449 1452 480 et
1469 442 1657 481 faciemus.
1678 443 1751 482 Sed
1768 441 1902 482 mirum
1916 445 1988 483 nisi
2005 445 2135 494 aliquis
2151 458 2278 489 sensus

1209 504 1270 542 hie
1283 505 1383 541 latet.
1403 505 1493 542 Nam
1514 506 1544 542 si
1564 506 1763 550 audiemus,
1779 515 1848 552 pro
1866 514 1910 543 eo
1925 507 2085 553 positum
2097 513 2168 552 est,
2181 513 2278 556 quod

1209 570 1266 603 est
1285 565 1533 613 intelliyemus,
1561 567 1663 613 prius
1690 571 1876 613 oporteret
1891 568 2016 604 verbis
2041 568 2106 605 Dei
2127 569 2279 607 neddere

1210 626 1366 664 faciendi
1384 628 1620 671 servitutem,
1643 631 1682 663 ut
1700 627 1746 663 ad
1769 627 2047 675 intelligentiam
2065 636 2194 666 earum
2217 639 2277 666 re-

1210 699 1292 726 rum
1317 699 1399 736 quae
1427 690 1505 736 ipso
1537 689 1772 736 praecipiente
1797 689 1888 726 flunt
1913 691 2047 728 merito
2074 691 2280 731 devotionis

1211 761 1283 798 qua
1310 761 1383 787 uon
1409 756 1619 798 contempta
1641 751 1706 788 sed
1732 751 1830 788 sacta
1857 757 1963 797 sunt,
1993 753 2072 800 ipse
2097 755 2277 801 perducit.

1211 811 1284 847 Sed
1299 811 1491 848 videndum
1511 818 1567 848 est
1586 817 1709 848 utrum
1728 812 1797 849 iste
1815 813 1968 859 populus
1984 813 2036 850 illi
2055 814 2131 852 lilio
2150 815 2280 853 similis

1210 874 1430 917 inveniatur,
1447 874 1508 920 qui
1528 875 1623 920 patri
1639 874 1781 920 jubenti
1799 875 1892 912 dixit
1911 888 1919 911 :
1942 875 2008 912 1110
2023 877 2060 912 in
2078 877 2228 922 vineam,
2246 884 2279 914 et

1209 945 1278 969 non
1296 935 1357 969 ivit
1380 934 1525 981 (Manli.
1547 935 1640 982 xxi).
1662 935 1797 973 Gentes
1817 936 1915 973 enim
1934 946 2015 983 qua‘,
2040 934 2155 974 Deum
2174 938 2279 983 peni-

1210 999 1270 1031 tus
1300 1000 1613 1041 contempserunt,
1645 988 1772 1043 postea
1803 1006 1869 1044 per
1900 999 2007 1034 unius
2035 999 2278 1036 obedientiarii

1160 1053 1192 1091 B
1206 1055 1431 1102 justificatae,
1464 1066 1544 1102 quae
1572 1067 1645 1093 non
1674 1059 1907 1095 sectabantur
1929 1058 2122 1107 iustitiam,
2150 1069 2280 1108 appre-

1208 1117 1413 1154 henderunt
1430 1115 1661 1163 iniustitiam,

1625 1179 1780 1230 esem*
1806 1192 1868 1229 vt.

1205 1254 1259 1291 De
1272 1265 1311 1290 eo
1322 1264 1413 1302 quoa
1427 1254 1614 1300 [edificavit
1625 1254 1764 1302 Moyses
1778 1255 1891 1291 altare
1904 1255 1950 1291 ad
1965 1254 2120 1291 radicem
2134 1255 2279 1301 montis,

1438 1308 1469 1337 et
1491 1303 1533 1338 de
1558 1301 1733 1338 oblatione
1753 1303 1791 1338 in
1809 1314 1849 1338 eo
1871 1301 2055 1338 holocasti.

1254 1363 1405 1410 Scripsit
1426 1369 1543 1399 autem
1564 1363 1702 1410 Moyses
1720 1364 1900 1399 universos
1916 1374 2092 1399 sermones
2110 1362 2278 1408 Domini,-

1205 1430 1238 1461 οε
1254 1436 1358 1461 mane
1377 1436 1589 1471 consuryens
1610 1425 1799 1471 a’dificavit
1814 1425 1939 1470 altare,
1962 1425 2008 1461 ad
2026 1425 2161 1462 radices
2179 1436 2279 1462 mon-

1205 1487 1265 1529 tis,
1296 1492 1327 1521 et
1356 1486 1542 1520 duodecim
1571 1486 1692 1522 titulos
1722 1497 1784 1532 per
1811 1486 1995 1522 duodecim
2022 1486 2132 1523 tribus
2163 1486 2278 1524 Israel

1206 1546 1340 1594 (Eoeod.
1362 1546 1477 1593 xxiv).
1499 1545 1707 1582 Notandum
1728 1548 1825 1593 quod
1844 1547 1987 1594 Moyses
2011 1547 2206 1584 aedificavit
2225 1548 2277 1584 al-

1206 1613 1285 1643 tare
1306 1607 1372 1643 sub
1395 1612 1529 1649 monte,
1561 1612 1597 1643 et
1629 1607 1820 1644 duodecim
1851 1608 1989 1654 lapides
2020 1609 2056 1644 in
2086 1609 2277 1646 duodecim

1206 1666 1322 1703 tribus
1342 1667 1467 1703 lsrael.
1493 1666 1712 1712 Intelligitur
1739 1668 1838 1703 enim
1866 1678 1911 1703 ex
1936 1668 2126 1706 duodecim
2148 1669 2278 1716 lapidi-

1203 1728 1271 1765 bus
1293 1728 1406 1763 altare
1429 1728 1672 1771 aedificatum,
1704 1727 1931 1774 significasse
1959 1729 2078 1774 ipsum
2104 1729 2276 1776 populum

1204 1799 1285 1825 esse
1311 1789 1426 1824 altare
1451 1789 1540 1832 Dei,
1568 1789 1662 1825 sicut
1686 1794 1741 1825 est
1760 1790 1934 1836 templum
1954 1789 2032 1826 Dei.
2059 1790 2175 1827 Aliter
2194 1803 2202 1827 ε
2221 1790 2278 1828 Ad

1205 1850 1348 1886 radices
1374 1850 1508 1886 montis
1533 1850 1674 1896 Moyses
1692 1849 1808 1886 altare
1825 1850 2001 1894 aedificat,
2029 1856 2066 1888 et
2086 1852 2277 1890 duodecim

1204 1911 1329 1948 titulos
1347 1921 1413 1958 per
1432 1911 1623 1948 duodecim
1645 1912 1761 1949 tribus
1777 1913 1878 1959 ponit
1895 1913 2021 1957 Israel,
2042 1923 2123 1951 cum
2143 1914 2204 1952 lex
2222 1916 2277 1952 di-

74 1977 213 2026 Moyses
230 1978 400 2014 ascendat
420 1978 464 2013 ad
485 1978 690 2022 Dominum,
708 1980 828 2015 caeoerj
847 1985 967 2015 autem
986 1990 1057 2015 non
1076 1990 1136 2026 ap-
1153 1964 1182 2005 C
1204 1973 1286 2007 vina
1312 1976 1395 2007 ante
1414 1982 1606 2009 ascensum
1623 1972 1801 2009 virtutum
1819 1982 1919 2009 aram
1939 1973 2022 2010 tidei
2046 1974 2084 2011 in
2103 1975 2275 2013 cordibus

73 2040 329 2086 propinquent,
359 2039 421 2074 sed
442 2039 593 2075 adorent
612 2039 758 2085 procul,
782 2040 851 2076 nisi
872 2040 967 2086 quod
987 2040 1134 2076 morali-

73 2106 127 2138 ter
154 2111 220 2136 nos
241 2099 406 2143 instruit,
429 2105 469 2135 ut
488 2100 734 2146 unusquisque
760 2101 960 2146 perpendat
979 2101 1135 2137 discrete

75 2162 167 2199 vires
187 2171 284 2205 suas,
307 2166 345 2197 et
365 2161 525 2207 vigorem
541 2161 665 2204 animi,
687 2167 727 2196 ut
744 2161 839 2197 ultra
858 2171 966 2208 quam
986 2172 1023 2198 se
1042 2172 1135 2208 prze-

75 2224 193 2261 valere
214 2222 390 2269 conspicit
417 2222 462 2258 ad
483 2223 658 2258 virtutum
682 2232 803 2259 arcem
817 2250 826 2265 ,
846 2223 903 2259 vel
926 2223 970 2259 ad
990 2223 1134 2259 culmen

75 2283 387 2329 contemplationis
404 2293 442 2318 se
460 2283 600 2328 erigere
618 2293 688 2318 non
703 2289 898 2329 przesumat
913 2294 921 2327 ;
942 2283 1006 2319 sed
1022 2294 1136 2330 quan-

75 2350 149 2380 tum
175 2343 295 2379 divina
315 2343 505 2380 clementia
534 2354 616 2380 eum
644 2350 839 2390 provocat,
859 2345 916 2381 vel
946 2344 1135 2391 Scriptura

74 2416 176 2442 saera
192 2405 332 2449 edocet,
349 2410 489 2441 tantum
503 2405 780 2452 progrediatur?
800 2405 902 2450 Quod
919 2412 1040 2442 autem
1057 2406 1137 2452 qui-

74 2467 156 2503 dam
174 2467 225 2503 ait
246 2479 254 2502 ;
275 2467 315 2503 ln
331 2467 571 2513 praecipitium
589 2467 716 2513 pedem
735 2467 848 2514 ponit,
869 2468 930 2514 qui
948 2478 1135 2504 mensura-

74 2538 154 2564 rum
174 2539 322 2564 suarum
343 2528 494 2565 limitem
521 2529 676 2565 discrete
703 2539 775 2565 non
803 2531 956 2567 attendit
976 2543 984 2565 :
1007 2530 1136 2576 Sequi-

74 2593 132 2622 tur
151 2600 159 2622 :
182 2586 338 2634 Populus
358 2595 474 2623 autem
500 2599 571 2623 non
597 2589 762 2624 ascendat
788 2601 866 2624 cum
883 2584 1136 2635 eo.*Populum

75 2648 239 2684 infirmos
257 2648 441 2684 auditores
468 2649 640 2694 appellat,
671 2659 733 2685 seu
761 2650 824 2695 qui
842 2650 960 2686 adhuc
982 2651 1136 2687 terrenis

75 2708 333 2755 cupiditatibus
362 2708 606 2756 implicantur.
637 2707 775 2752 Quibus
802 2710 985 2746 interdicit
1009 2720 1136 2746 asceu-

75 2769 161 2807 dere
176 2779 258 2806 cum
282 2770 417 2816 Moyse,
438 2770 523 2816 quia
543 2769 589 2805 ad
611 2779 733 2806 arcem
754 2770 915 2806 scientiae
933 2771 1065 2808 divinae
1084 2771 1135 2808 le-

74 2829 130 2877 gis
143 2830 350 2877 pertingere
365 2839 438 2866 non
461 2834 653 2876 poterunt,
678 2840 769 2877 quos
790 2841 893 2867 amor
910 2835 1077 2869 terrenus
1095 2832 1133 2868 in

74 2892 305 2930 inferioribus
324 2897 433 2928 tenet.

126 2954 227 2990 Venit
252 2965 331 3001 erqo
358 2954 513 3000 Moyses,
538 2961 570 2990 et
596 2956 752 2991 narravit
774 2955 864 3002 plebi
889 2957 1007 2993 omnia
1031 2957 1134 2993 verba

75 3015 215 3053 Domini
239 3023 342 3063 atque
361 3016 514 3062 judicia.
540 3015 795 3063 Responditque
815 3023 959 3053 cunctus
984 3017 1133 3065 populus

74 3089 145 3114 una
166 3089 247 3114 voce
269 3088 281 3114 .·
305 3076 432 3113 Omnia
451 3077 553 3114 verba
578 3076 719 3112 Domini
739 3089 818 3124 quoe
837 3077 974 3114 locutus
993 3084 1058 3122 est,
1079 3079 1135 3125 sa-

36 3150 37 3153 ’
73 3139 202 3174 ciemus
213 3144 246 3174 et
263 3138 445 3174 audiemus
458 3138 530 3185 (Ex
547 3137 774 3185 Auyustino.)
785 3138 907 3184 Usque
918 3139 964 3174 ad
973 3139 1131 3176 hunelo-

71 3206 156 3236 'eum
167 3199 376 3246 Scrsp'turae,
383 3199 664 3245 justificationes
679 3199 931 3246 intelliguntur
948 3210 1029 3246 quae
1039 3201 1131 3237 datae

73 3265 155 3295 sunt
172 3260 305 3306 nopulo
319 3260 364 3295 ad
381 3260 648 3297 observandum
665 3271 673 3296 :
692 3259 869 3306 incipiunt
883 3266 1003 3296 autem
1017 3270 1132 3307 quan-

7 3366 11 3369 ⁷
31 3339 53 3364 vg,
73 3325 148 3357 tum
167 3322 245 3366 ipsa
260 3322 372 3358 verba
389 3320 586 3366 Scripturae
602 3321 778 3364 indicant,
799 3321 894 3358 unde
912 3321 981 3358 hoc
998 3332 1132 3358 nomen

35 3382 43 3400 ³
73 3379 370 3427 iustificationum
397 3389 567 3418 exorsum
595 3387 670 3426 est,
693 3383 739 3419 ab
765 3382 828 3418 illo
853 3391 959 3419 servo
981 3382 1133 3419 Hebraeo

39 3449 53 3477 t
66 3441 134 3478 Qui
151 3442 251 3478 auris
273 3443 319 3479 ad
332 3448 474 3490 postem
489 3443 733 3489 pertunditur.
753 3440 793 3480 ln
812 3443 943 3491 quibus
964 3445 1134 3483 omnihus

51 3610 54 3611 ⁷
71 3607 85 3613 ‚.
237 3572 239 3574 ’
267 3567 392 3610 vitam,
413 3572 450 3604 et
464 3576 607 3605 morum
622 3569 802 3605 bonorum
819 3569 1133 3606 conversationem

117 3662 146 3665 ε,
169 3627 341 3673 munt.
361 3627 473 3666 Multa
498 3631 630 3678 quippe
648 3631 685 3667 in
715 3631 768 3668 eis
795 3635 880 3668 sunt
902 3635 1132 3667 sacramenta

39 3669 318 3777 Ἢ
334 3688 457 3741 petius
473 3691 623 3740 asquia,
645 3700 755 3740 quam
769 3693 883 3730 vitam
899 3691 1059 3731 nostum
1077 3693 1134 3729 in-

1204 2033 1340 2069 nostris
1366 2032 1469 2078 jubet
1499 2043 1565 2070 nos
1592 2039 1766 2077 statuere,
1787 2039 1823 2070 et
1849 2034 2049 2071 seeundum
2068 2037 2274 2073 doctrinam

1204 2093 1394 2130 duodecim
1425 2094 1672 2140 apostolorum
1695 2121 1705 2138 ,
1739 2095 1850 2130 ritum
1880 2095 2066 2142 religionis
2098 2096 2272 2135 formare.

1204 2155 1372 2202 nisuque
1386 2156 1532 2202 juvenes
1553 2156 1596 2192 de
1616 2156 1701 2202 filiis
1722 2155 1854 2199 Israel,
1885 2163 1918 2193 et
1946 2157 2146 2194 obtulerunt
2177 2159 2275 2195 holo-

1204 2224 1327 2254 causta
1348 2227 1360 2251 .·
1382 2218 1720 2266 immolaveruntque
1746 2220 1906 2255 victimas
1935 2221 2102 2267 pacificas
2124 2221 2274 2258 Domino

1202 2278 1343 2314 vitulos.
1366 2278 1624 2316 Holocaustum
1645 2280 1799 2317 Domino
1817 2281 1923 2317 offert
1938 2281 1999 2328 qui
2020 2282 2179 2329 seipsum
2199 2282 2274 2319 Deo

1203 2340 1358 2376 dedicat.
1394 2340 1438 2376 Et
1469 2340 1562 2378 bene
1589 2341 1741 2388 juvenes
1774 2341 1818 2378 de
1850 2341 1934 2378 filiis
1961 2342 2074 2379 lsrael
2105 2343 2274 2380 dicuntur

1203 2399 1332 2436 offerre
1360 2401 1587 2445 holocausta,
1610 2402 1696 2448 quia
1725 2413 1797 2439 non
1829 2403 1899 2439 nisi
1930 2403 2078 2439 fortium
2108 2409 2165 2441 est
2188 2405 2272 2442 vitae

1203 2460 1464 2506 perfectionem
1487 2469 1673 2508 appetere.
1703 2463 1883 2499 Caeterum
1909 2464 1970 2509 qui
2001 2464 2122 2500 adhuc
2152 2465 2272 2502 infans

1203 2530 1279 2567 est,
1303 2524 1371 2560 hoe
1389 2530 1445 2561 est
1469 2527 1571 2562 rudis
1590 2527 1625 2561 iu
1647 2526 1730 2572 fide,
1750 2527 1808 2563 vel
1825 2537 1933 2572 quem
1956 2532 2123 2564 senectus
2142 2528 2272 2565 debili-

1204 2593 1280 2632 tat,
1306 2587 1341 2624 id
1367 2595 1444 2632 est,
1470 2599 1579 2636 quem
1600 2591 1823 2627 consuetudo
1843 2591 2001 2629 carnalis
2019 2593 2175 2640 premit,
2197 2605 2271 2632 non

1204 2655 1260 2687 est
1293 2651 1424 2688 habilis
1456 2652 1500 2687 ad
1533 2652 1746 2690 holocausta
1781 2650 1935 2693 Domino
1968 2654 2174 2702 offerenda,
2206 2661 2272 2698 sed

1203 2711 1375 2748 insudate
1405 2712 1495 2759 legis
1524 2713 1697 2750 inferiora
1729 2720 1861 2759 servet,
1890 2726 1955 2762 per
1983 2727 2063 2764 quae
2096 2719 2267 2757 salvetur.

1204 2771 1308 2808 Unde
1329 2773 1407 2819 ipsa
1428 2773 1573 2810 Veritas
1595 2774 1631 2810 in
1657 2773 1853 2822 Evangelio
1873 2772 2073 2816 sciscitanti
2092 2779 2137 2817 de
2153 2780 2271 2818 salute

1205 2843 1283 2877 sua,
1300 2834 1461 2880 primum
1483 2836 1669 2882 respondit
1689 2847 1698 2872 :
1723 2835 1763 2873 Si
1784 2837 1848 2882 vis,
1868 2838 2007 2885 inquit,
2029 2839 2075 2876 ad
2092 2840 2200 2878 vitam
2217 2843 2272 2879 in·

1204 2895 1316 2942 yredi,
1342 2906 1441 2932 serva
1458 2896 1641 2932 mandata.
1667 2889 1713 2934 Et
1739 2898 1846 2945 paulo
1874 2905 1956 2945 post
1978 2899 2023 2936 de
2048 2898 2271 2948 perfectione

1205 2957 1327 2993 taliter
1350 2956 1455 2993 docet
1476 2967 1486 2992 :
1509 2957 1550 2994 Si
1573 2959 1639 3001 vis,
1660 2958 1798 3005 inquit,
1823 2959 1998 3006 perfectus
2017 2972 2111 3006 esse,
2133 2963 2219 2999 vade
2238 2970 2271 3000 et

1203 3019 1312 3056 vende
1330 3021 1449 3056 omnia
1470 3032 1548 3068 quoe
1569 3021 1689 3066 habes,
1714 3027 1746 3058 et
1765 3022 1812 3058 da
1830 3023 2056 3071 pauperibus,
2077 3031 2110 3061 et
2128 3025 2270 3062 habebis

1205 3081 1408 3117 thesauram
1426 3083 1461 3117 in
1482 3081 1566 3118 coelo
1582 3092 1594 3116 :
1612 3089 1645 3118 et
1662 3084 1751 3127 veni,
1770 3095 1911 3131 sequere
1934 3096 1988 3121 me
2009 3084 2154 3133 (Maeui.
2177 3085 2268 3133 xix).

1205 3141 1379 3179 victimas
1410 3153 1497 3190 ergo
1525 3144 1696 3191 pacificas
1717 3137 1870 3182 Domino
1889 3145 1995 3183 offert
2023 3146 2176 3190 vitulos,
2209 3147 2270 3192 qui

1201 3203 1421 3249 compressis
1441 3203 1631 3240 incentivis
1649 3205 1842 3250 vitiorum,
1862 3205 2128 3252 jucunditatem
2151 3207 2266 3242 bono-

1199 3273 1351 3310 operum
1363 3265 1516 3311 pacifica
1534 3270 1655 3302 mente
1676 3266 1823 3303 exhibet
1839 3266 1927 3303 Deo.
1938 3266 2020 3314 (Ex
2038 3266 2270 3314 Auyustino.s

1200 3325 1407 3364 Notandum
1436 3332 1558 3364 autem
1585 3327 1683 3374 quod
1709 3328 1908 3365 secundum
1937 3327 2044 3363 aliam
2071 3325 2267 3364 editionem

1200 3387 1251 3424 ita
1267 3387 1400 3436 legitur
1420 3399 1431 3426 ι
1451 3388 1499 3425 Et
1524 3389 1795 3426 immolaverunt
1817 3389 1968 3424 hostiam
1991 3386 2159 3424 salutaris
2176 3386 2265 3425 Deo.

1200 3442 1280 3486 Non
1300 3443 1392 3487 dixit
1407 3450 1574 3489 hostiam
1587 3450 1804 3493 salutarem,
1826 3449 1890 3486 sed
1908 3448 2062 3485 hostiam
2080 3448 2266 3495 salutaris,

1202 3509 1297 3556 quod
1314 3509 1461 3547 Graecus
1481 3511 1593 3546 habet
1610 3510 1792 3562 σωτηρίου.
1814 3500 1920 3545 Unde
1940 3509 1977 3546 in
1998 3509 2139 3557 psalmo
2162 3523 2171 3548 ε
2194 3511 2265 3548 Ca-

1201 3569 1318 3613 licem,
1338 3570 1469 3616 inquit,
1488 3570 1655 3606 salutaris
1671 3569 1843 3616 accipiam
1857 3560 1975 3618 (Psal.
1993 3570 2092 3620 cxv).
2111 3571 2191 3610 Non
2210 3573 2266 3610 di-

1202 3629 1256 3666 xit
1278 3630 1426 3666 calicem
1447 3629 1657 3665 salutarem.
1685 3627 1755 3666 Ubi
1779 3620 1974 3668 'videndum
1992 3637 2073 3677 est,
2098 3643 2145 3669 ne
2169 3632 2265 3671 forte

1202 3687 1264 3728 ille
1283 3682 1518 3738 significetur,
1538 3689 1584 3728 de
1605 3696 1678 3737 quo
1699 3683 1795 3729 'dixit
1812 3689 1961 3730 Simeon
1979 3705 1989 3730 :
2009 3691 2186 3738 Quoniam
2205 3694 2264 3736 vi-

2107 3754 2126 3770 U
