2540 4016
298 200 366 239 785

734 200 776 238 Β.
804 199 977 238 RABANI
1001 200 1150 240 MAURI
1170 201 1385 240 ARCHIEP.
1411 203 1616 243 MOGUNT.
1642 204 1833 244 OPERUM
1857 205 1979 244 PARS
2002 207 2030 243 1.

2392 211 2463 248 '184
2523 196 2527 203 '

291 266 423 315 tricensi
441 279 607 320 dommo,
621 281 692 314 etc.
714 277 913 315 Neomenia
945 284 1067 316 autem
1102 280 1235 316 dicitur
1249 290 1345 317 nova
1361 282 1398 323 A
1413 281 1578 320 fidelibus
1607 289 1804 322 ostensam.
1825 284 1939 321 Offert
1964 293 2050 330 ergo
2073 283 2228 330 quisque
2246 283 2363 322 fidelis
2386 286 2463 324 Deo

287 339 385 375 luna.
412 337 477 374 Est
494 347 582 384 ergo
603 343 640 374 et
662 338 733 374 ista
754 339 948 384 festivitas,
966 350 1049 376 cum
1074 339 1162 375 luna
1194 340 1346 377 innova-

286 404 358 435 tur.
378 395 478 433 Nova
511 402 634 433 autem
648 393 804 440 dicitur,
827 409 911 434 cum
948 398 1015 435 soli
1043 399 1210 445 proxima
1231 400 1343 437 fuerit

286 458 426 500 effecta,
459 462 496 493 et
522 457 628 494 valde
647 457 681 494 ei
711 457 919 503 conjuncta,
950 458 1000 495 ita
1025 465 1065 496 ut
1086 460 1152 497 sub
1177 460 1343 499 claritate

284 520 363 566 ejus
383 519 508 556 lateat.
532 519 604 556 Sed
633 519 767 556 mirum
801 519 958 557 fortasse
986 522 1165 566 videatur,
1188 523 1262 559 imo
1285 533 1343 559 su-

285 580 462 627 perfluum
479 579 538 616 lex
567 580 689 616 divina
707 582 894 618 mandare.
914 581 1008 626 Quid
1025 583 1122 619 enim
1153 583 1340 629 religionis

285 641 456 678 conducit
471 641 565 676 lunae
581 651 704 685 novae,
720 642 756 678 id
774 647 850 684 est,
870 653 951 679 cum
972 643 1204 691 conjungitur
1218 645 1285 680 soli
1304 649 1341 681 et

286 704 446 739 adhaeret
466 703 510 744 ei,
534 704 730 740 observare
762 696 1119 742 festivitatem?'Haee
1150 707 1180 742 si
1211 716 1343 742 secun-

287 765 372 801 dum
386 765 545 801 litteram
562 766 850 810 considerentur,
870 773 1031 803 nontam
1050 768 1217 814 religiosa
1231 777 1340 814 quam

286 827 539 873 superstitiosa
558 827 789 863 videbuntur.
810 827 882 864 Sed
897 828 1034 864 sciebat
1049 828 1232 874 apostolus
1245 827 1340 863 Pau-

285 888 341 924 lus
360 888 443 934 quia
467 899 537 924 non
558 889 614 925 his
645 888 806 934 loquitur
830 889 900 933 lex,
930 899 1048 934 neque
1083 888 1182 924 illum
1213 888 1340 931 ritum,

285 948 346 993 qui
367 958 388 984 a
420 948 552 985 Judaeis
582 949 768 985 observari
804 948 963 992 videtur,
1002 947 1157 993 Spiritus
1195 951 1342 983 sanctus

283 1010 461 1056 praecipit,
489 1015 526 1046 et
543 1010 623 1047 ideo
640 1010 686 1046 ad
720 1020 782 1046 eos
806 1010 869 1056 qui
889 1009 997 1045 fidem
1024 1009 1089 1044 Dei
1107 1011 1341 1054 susceperant

283 1070 428 1106 dicebat
449 1082 458 1105 ε
479 1069 591 1105 Nemo
625 1081 706 1117 erqo
735 1081 793 1105 vos
807 1070 960 1115 judicet,
978 1075 1038 1104 aut
1066 1070 1103 1103 in
1119 1069 1209 1111 cibo,
1228 1068 1340 1102 autin

284 1136 384 1176 pota,
402 1137 463 1166 aut
490 1137 588 1176 parte
611 1130 680 1166 diei
692 1131 783 1176 festi,
807 1136 867 1165 aut
883 1129 1077 1173 neomenia,
1093 1135 1153 1164 aut
1169 1129 1336 1164 sabbato:

1411 348 1486 381 tres
1502 344 1662 382 decimas
1675 345 1802 382 simila²
1815 345 1897 380 oleo
1919 354 2125 390 conspersae
2139 345 2176 382 in
2194 345 2374 382 sacrificio
2397 357 2464 393 per

1411 403 1569 451 singulos
1587 404 1734 447 vitulos,
1748 413 1831 440 cum
1854 403 2043 440 scientiam
2063 404 2261 450 spiritalem
2275 405 2313 441 in
2330 410 2466 443 sancta

1411 463 1598 501 Trinitatis
1614 464 1699 508 fide,
1719 464 1799 501 oleo
1814 463 1948 501 laetitiae
1958 464 2196 509 illuminatus,
2215 466 2355 513 pariter
2379 478 2464 504 cum

1410 524 1505 561 bono
1521 535 1630 572 opere
1648 524 1807 561 exhibet.
1825 523 1938 562 Offert
1957 526 2046 563 duas
2065 527 2225 565 decimas
2243 528 2370 565 similae
2385 529 2466 566 oleo

1411 593 1614 630 conspersae
1637 594 1704 630 per
1722 584 1883 631 singulos
1906 585 2055 631 arietes,
2085 597 2168 623 cum
2185 589 2307 625 studet
2323 588 2465 625 decalo-

1411 655 1494 691 gum
1514 645 1604 691 legis
1618 644 1740 681 sobrio
1751 645 1936 682 intellectu
1951 647 1990 683 in
2013 648 2154 685 duobus
2170 649 2361 696 praeceptis
2376 650 2464 686 cha-

1411 706 1542 750 ritatis,
1571 706 1615 741 ad
1638 717 1739 743 suam
1756 708 2075 755 proximorumque
2091 710 2287 747 utilitatem
2307 716 2465 755 vertere,

1412 776 1454 802 ac
1470 776 1535 812 per
1562 777 1644 803 eum
1678 773 1792 804 totam
1821 770 1933 805 vitam
1967 781 2067 807 suam
2096 771 2133 807 in
2149 782 2295 810 suavem
2317 773 2466 810 odorem

1412 826 1564 862 Domino
1597 827 1778 865 dedicare.
1812 829 1926 866 Oss'ert
1941 841 2085 877 quoque
2105 833 2282 869 decimam
2316 834 2466 870 decimae

1411 887 1540 923 similae
1557 898 1601 923 cx
1632 888 1712 924 olco
1736 890 1774 925 in
1793 890 2014 927 sacrificium
2047 902 2114 938 per
2141 903 2252 939 agnos
2289 894 2464 940 singulm,

1411 959 1493 984 cum
1517 948 1783 995 simplicitatem
1813 961 1956 987 morum
1979 962 2126 988 suorum
2151 953 2348 989 secundum
2370 953 2469 990 Scri-

1410 1013 1596 1054 pturarum
1612 1015 1820 1045 sanctarum
1844 1011 2022 1056 regulam,
2038 1013 2154 1058 gratia
2176 1012 2334 1058 Spiritus
2352 1014 2468 1050 sancti

1411 1069 1449 1105 in
1482 1080 1521 1106 se
1553 1076 1739 1116 operante,
1760 1072 1951 1108 instituere
1980 1073 2112 1119 satagit
2130 1079 2166 1110 et
2196 1084 2339 1110 ornare.
2370 1073 2468 1110 Bene

1411 1141 1498 1178 ergo
1530 1132 1566 1168 in
1586 1133 1834 1169 holocaustum
1861 1135 1938 1170 haec
1959 1135 2081 1170 omnia
2115 1136 2268 1172 Domino
2298 1136 2470 1183 jubentur

284 1204 363 1239 qaae
381 1199 461 1228 sunt
487 1193 611 1227 ambra
628 1191 827 1238 futurorum
843 1191 993 1239 (Coloss.
1011 1192 1067 1238 ιι).
1089 1191 1128 1227 Si
1148 1201 1233 1237 ergo
1262 1201 1341 1226 um·
1357 1187 1390 1226 Β
1408 1192 1544 1237 offerri,
1560 1195 1644 1240 quia
1660 1205 1703 1230 ea
1717 1195 1792 1231 sola
1807 1195 2005 1232 intentione
2019 1197 2140 1232 omnia
2158 1197 2330 1233 debemus
2347 1207 2467 1244 agere,

284 1253 349 1288 bra
378 1252 581 1288 futurorum
598 1258 655 1288 est
671 1253 875 1296 sabbatum,
893 1252 936 1288 de
955 1262 1026 1297 quo
1044 1262 1111 1298 pro
1130 1252 1269 1288 viribus
1286 1263 1342 1289 su-

283 1323 350 1359 pra
371 1313 651 1360 explicavimus,
680 1319 716 1349 et
747 1315 937 1350 neomenia
976 1316 1103 1350 umbra
1138 1315 1341 1350 futurorum

283 1379 352 1416 cst,
376 1379 516 1410 certum
544 1378 600 1408 est
618 1373 702 1418 quia
723 1378 759 1407 et
776 1379 916 1408 caeterae
936 1373 1153 1408 festivitates
1173 1372 1341 1408 similiter

282 1433 421 1468 umbrae
449 1438 533 1469 sunt
551 1432 769 1468 futurorum.
794 1432 865 1468 Sed
887 1443 982 1467 nunc
1002 1433 1047 1468 de
1073 1433 1263 1468 neomenia
1283 1433 1339 1468 vi-

284 1495 445 1531 deamus.
467 1494 629 1530 Diximus
653 1494 749 1539 quod
767 1494 967 1530 neomeniae
984 1494 1162 1530 festivitas
1180 1493 1340 1539 appella-

284 1560 353 1598 tur,
383 1566 465 1592 cum
499 1555 585 1591 luna
617 1555 783 1590 innovari
816 1555 980 1600 coeperit,
1017 1561 1054 1590 et
1087 1555 1154 1591 soli
1175 1555 1340 1600 proxima

283 1617 379 1661 sieri,
416 1617 632 1663 penitusque
656 1615 862 1660 conjuncta.
897 1615 958 1651 Sol
987 1614 1136 1660 justitiae
1173 1615 1340 1651 Christus

283 1683 352 1714 cst.
372 1677 463 1712 Huic
495 1677 525 1712 si
558 1677 656 1719 luna,
679 1677 714 1712 id
734 1682 803 1719 est,
827 1677 989 1712 Ecclesia
1007 1687 1085 1719 sua,
1106 1686 1184 1722 quae
1205 1676 1341 1711 lumine

283 1739 444 1786 repletur
474 1738 598 1783 ipsius,
618 1738 743 1783 juncta
762 1737 885 1780 suerit,
901 1743 937 1774 et
960 1738 1104 1784 penitus
1133 1738 1338 1780 adhaeserit,

283 1800 333 1835 ita
367 1805 406 1835 ut
438 1799 636 1835 secundum
668 1799 817 1834 verbum
851 1798 1027 1844 Apostoli,
1064 1798 1125 1843 qui
1160 1807 1198 1834 se
1221 1798 1341 1843 jungit

283 1859 370 1902 Deo,
392 1869 484 1895 unus
521 1870 604 1896 cum
636 1869 678 1895 co
714 1859 862 1904 spiritus
898 1858 972 1900 liat,
997 1865 1082 1895 tunc
1104 1858 1340 1894 festivitatem

282 1923 483 1959 neomeniae
500 1922 586 1969 agit.
609 1922 710 1957 Tunc
727 1922 824 1958 enim
846 1931 937 1957 nova
961 1920 1127 1963 efficitur,
1144 1930 1224 1956 cum
1241 1919 1340 1965 abje-

284 1986 374 2022 cerit
389 1992 550 2022 veterem
568 1986 766 2028 hominem,
788 1990 823 2020 et
839 1985 963 2020 induta
983 1983 1092 2018 suerit
1110 1993 1254 2025 novum,
1278 1981 1339 2027 qui

283 2047 480 2082 secundum
496 2045 609 2081 Deum
624 2051 766 2080 creatus
781 2050 837 2080 est
852 2054 861 2079 ι
880 2045 929 2079 ita
946 2044 1077 2079 merito
1093 2042 1339 2078 innovationis

284 2106 563 2148 solemnitatem,
582 2115 661 2149 quae
691 2110 746 2140 est
776 2104 975 2140 neomeniae
1006 2104 1198 2146 festivitas,
1232 2103 1338 2149 gerit.
1360 2085 1388 2127 C

285 2164 386 2201 Tunc
403 2164 556 2210 denique
576 2170 645 2206 est,
668 2164 811 2210 quando
831 2173 947 2208 neque
967 2164 1084 2199 videri
1105 2173 1221 2209 neque
1243 2173 1342 2198 com-

282 2223 460 2271 prehendi
482 2224 653 2260 humanis
681 2223 886 2269 aspectibus
910 2228 1039 2268 potest.
1078 2223 1207 2257 Anima
1244 2222 1342 2257 enim

285 2296 368 2322 cum
385 2291 497 2322 totam
527 2294 566 2322 se
589 2285 781 2321 sociaverit
800 2284 966 2327 Domino,
997 2289 1033 2319 et
1056 2283 1093 2318 in
1111 2283 1342 2329 splendorem

285 2346 375 2383 lucis
400 2345 478 2391 ejus
506 2350 582 2382 tota
612 2345 844 2387 concesserit,
879 2344 1040 2389 nihilque
1066 2344 1212 2379 omniuo
1229 2348 1343 2379 terre-

283 2417 370 2443 num
397 2406 542 2451 cogitat,
569 2405 660 2441 nihil
691 2405 915 2441 mundanum
947 2403 1113 2449 requirit,
1136 2412 1203 2438 nec
1221 2402 1342 2438 homi-

284 2468 390 2503 nibus
406 2467 549 2513 placere
571 2465 704 2508 studet,
724 2465 788 2500 sed
805 2470 919 2499 totam
939 2473 977 2499 se
992 2462 1179 2508 sapientiae
1199 2461 1341 2506 lumini,

284 2535 396 2565 totam
432 2528 544 2564 calori
576 2527 691 2563 sancti
710 2525 866 2572 Spiritus
896 2525 1174 2570 mancipaverit,
1197 2523 1343 2561 subtilis

284 2596 321 2626 et
346 2588 519 2636 spiritalis
544 2587 687 2631 effecta,
723 2586 903 2632 quomodo
921 2585 1022 2622 cerni
1040 2585 1085 2620 ab
1116 2583 1337 2626 hominibus,

286 2656 348 2686 aut
364 2649 532 2686 humanis
562 2652 680 2694 potest
698 2647 904 2692 aspectibus
931 2644 1177 2691 apprehendi?
1195 2643 1344 2678 Anima-

287 2712 331 2747 lis
359 2719 513 2754 namque
543 2708 650 2744 homo
670 2708 884 2753 intelligere,
905 2707 1111 2743 discernere
1128 2716 1200 2742 non
1219 2708 1342 2751 potest

288 2771 507 2818 spiritalem;
530 2775 567 2805 et
593 2769 674 2805 ideo
690 2769 899 2814 dignissime
918 2769 1012 2804 diem
1043 2767 1175 2804 festum
1197 2768 1284 2813 agit,
1308 2771 1345 2802 et

287 2833 444 2870 hostiam
465 2829 664 2867 neomeniae
678 2828 844 2871 Domino,
866 2837 903 2863 ut
922 2834 1005 2874 pote
1018 2839 1084 2874 per
1102 2829 1220 2873 ipsum
1242 2830 1345 2865 inno·

287 2899 383 2936 vata,
414 2891 605 2938 jugulabit.
636 2889 675 2926 Si
703 2894 826 2925 autem
845 2890 1041 2925 secundum
1062 2891 1270 2936 tropologiae
1287 2900 1345 2926 re·

290 2952 410 2998 gulam
434 2950 515 2996 quis
543 2950 637 2985 scire
664 2948 818 2983 voluerit
835 2948 921 2993 quid
941 2949 1147 2994 significent
1179 2950 1234 2984 hae
1254 2950 1344 2986 tales

288 3011 490 3050 oblationes
519 3019 598 3056 quae
618 3008 819 3044 offeruntur
841 3008 995 3043 Domino
1014 3008 1051 3043 in
1077 3008 1341 3052 holocaustum,

290 3073 360 3108 hoc
386 3075 456 3114 est,
478 3069 630 3106 duorum
654 3066 863 3109 vitulorum,
885 3066 1009 3102 arietis
1025 3067 1145 3110 unius,
1167 3077 1343 3114 agnorum

291 3131 541 3170 anniculorum
558 3132 709 3174 septem,
737 3131 775 3162 et
800 3131 1015 3162 caeterarum
1037 3127 1238 3172 specierum
1263 3139 1344 3174 quae

291 3193 399 3231 simul
422 3190 641 3236 jubebantur
670 3185 805 3229 offerri,
833 3191 952 3232 potest
970 3186 1167 3222 secundum
1197 3198 1343 3224 sensum

291 3251 574 3291 orthodoxorum
591 3248 629 3284 in
643 3245 782 3284 duobus
799 3245 922 3281 vitulis
937 3244 1102 3291 accipere
1121 3245 1206 3281 boni
1224 3247 1344 3291 operis

288 3312 566 3359 jucunditatem,
586 3317 652 3354 per
670 3306 829 3342 animam
856 3304 934 3341 sive
955 3314 1020 3351 per
1051 3314 1198 3350 corpus,
1230 3307 1344 3352 magi-

293 3375 444 3411 sterium
452 3371 605 3408 duorum
614 3368 941 3410 'testamentorum
952 3365 991 3402 in
1001 3366 1141 3403 duobus
1153 3368 1345 3413 praeceptis

295 3433 485 3472 charitatis
504 3432 674 3468 decenter
689 3429 764 3466 Deo
777 3428 949 3465 oblatam.
964 3427 1004 3464 In
1019 3427 1134 3465 ariete
1147 3439 1235 3466 vero
1254 3440 1342 3474 uno,

296 3495 458 3542 regimen
477 3491 675 3539 disciplinae
704 3489 903 3527 secundum
930 3489 1108 3526 unitatem
1144 3489 1242 3534 fidei,
1271 3500 1345 3527 non

297 3556 492 3598 enerviter,
508 3553 571 3590 sed
586 3552 734 3589 sortiter.
755 3556 865 3599 atque
889 3550 1058 3587 nobiliter
1075 3550 1289 3587 exhibitum.
1306 3550 1346 3588 ln

298 3619 400 3667 agnis
432 3625 574 3663 quoque
607 3614 785 3651 anniculis
818 3619 954 3659 septem
985 3613 1238 3657 immaculatis,
1265 3613 1350 3650 sim-

297 3678 496 3724 plicitatem
510 3681 619 3722 atque
637 3673 952 3711 mansuetudinem
975 3683 1118 3710 morum
1135 3684 1202 3721 pro
1226 3673 1348 3711 futura

301 3739 339 3773 in
363 3737 465 3774 coelis
494 3735 619 3781 requie
638 3744 705 3782 per
733 3734 885 3781 gratiam
917 3732 1140 3780 septiformis
1174 3734 1342 3781 Spiritus,

303 3803 378 3836 tam
402 3796 468 3832 sibi
486 3795 531 3831 ad
545 3795 695 3831 salutem
713 3804 822 3839 quam
843 3793 923 3830 aliis
946 3792 991 3829 ad
1010 3794 1211 3840 exemplum
1239 3796 1308 3832 rite
1323 3805 1346 3832 a

1410 1264 1482 1290 non
1501 1260 1541 1289 ut
1556 1254 1699 1291 laudem
1714 1256 1925 1300 humanam,
1941 1257 1998 1292 vel
2016 1257 2293 1293 retributionem
2311 1267 2470 1303 praeseu-

1411 1321 1484 1349 tem
1503 1324 1722 1358 quaeramus,
1740 1316 1802 1351 sed
1817 1322 1856 1351 ut
1870 1317 2031 1352 omnium
2051 1318 2228 1354 bonorum
2247 1318 2364 1354 datori
2380 1319 2468 1362 Deo,

1408 1382 1473 1417 per
1489 1374 1610 1408 omnia
1628 1374 1847 1419 placeamus,
1864 1382 2080 1422 aeternaeque
2093 1378 2176 1414 vitae
2194 1378 2470 1414 retributionem

1409 1432 1454 1466 ab
1472 1432 1550 1476 ipso
1568 1442 1840 1470 remuneratore
1862 1434 2064 1479 justissimo
2082 1437 2118 1472 in
2136 1437 2258 1474 futuro
2277 1439 2465 1485 percipere

1408 1500 1627 1527 mereamur.

1457 1552 1577 1589 Mense
1614 1560 1730 1590 autem
1757 1556 1882 1602 primo,
1923 1559 2188 1604 quartadecima
2221 1560 2277 1596 die
2324 1562 2471 1607 mensis,

1411 1612 1528 1650 Pliase
1550 1615 1692 1650 Domini
1712 1617 1790 1660 erit,
1813 1624 1845 1652 et
1871 1619 2131 1664 quintadecima
2169 1620 2225 1656 die
2243 1620 2444 1659 solemnitas
2456 1635 2471 1667 ;

1408 1681 1539 1721 septem
1559 1676 1679 1712 diebus
1701 1684 1880 1713 vescentur
1906 1681 2039 1725 azymis
2060 1690 2071 1714 .·
2091 1692 2239 1727 quarum
2266 1682 2338 1718 dies
2357 1684 2472 1729 prima

1410 1736 1615 1772 venerabilis
1646 1744 1678 1773 et
1711 1745 1846 1774 sancta.
1871 1739 1982 1776 Omne
2014 1752 2100 1787 opas
2120 1742 2242 1778 servile
2264 1754 2334 1779 non
2361 1744 2471 1788 sacie-

1409 1797 1452 1831 tis
1473 1798 1509 1832 in
1530 1808 1593 1840 ea;
1624 1799 1843 1845 offeretisque
1866 1801 1903 1836 in
1923 1801 2103 1837 incensam
2137 1802 2380 1839 holocaustum
2400 1804 2472 1839 Do-

1409 1858 1516 1900 mino,
1540 1858 1664 1894 vitulos
1685 1859 1728 1894 de
1749 1867 1907 1896 armento
1929 1861 2032 1905 duos,
2055 1863 2199 1898 arietem
2220 1875 2343 1908 anum,
2361 1876 2470 1911 aqnos

1410 1918 1593 1954 anniculos
1607 1919 1852 1956 immaculatos
1868 1928 2011 1968 septem,
2024 1930 2055 1958 et
2064 1924 2240 1970 sacrificia
2251 1925 2470 1972 singulorum

1409 1989 1451 2013 ex
1470 1979 1585 2015 simila
1613 1992 1691 2027 qam
1711 1992 1898 2028 conspersa
1926 1984 1972 2018 sit
2000 1983 2075 2019 oleo
2097 1995 2108 2020 :
2138 1991 2208 2020 tres
2228 1987 2383 2022 decimas
2408 1998 2470 2033 per

1411 2040 1566 2086 singulos
1587 2042 1726 2086 vitulos,
1749 2050 1781 2078 et
1800 2045 1890 2079 duas
1915 2045 2067 2080 decimas
2097 2057 2158 2092 per
2182 2047 2340 2091 arielem,
2362 2053 2393 2083 et
2413 2048 2473 2084 de-

1412 2103 1539 2137 cimam
1554 2104 1698 2139 decima»
1707 2116 1770 2150 per
1778 2117 1886 2151 agnos
1896 2105 2066 2152 sinqalos,
2085 2107 2122 2142 id
2131 2113 2195 2151 est,
2205 2114 2336 2152 septem
2348 2119 2472 2155 aynos‚·

1411 2168 1443 2197 et
1461 2162 1595 2198 hircum
1614 2175 1675 2209 pro
1697 2172 1839 2211 peccato
1855 2178 1979 2211 unum,
1992 2174 2031 2203 ut
2047 2169 2160 2214 expiet
2178 2180 2241 2215 pro
2257 2170 2365 2214 vobis,
2381 2181 2473 2217 prae-

1411 2229 1464 2258 ter
1496 2223 1739 2260 holocaustum
1779 2229 1991 2263 matutinam
2042 2229 2135 2275 quod
2170 2241 2303 2277 semper
2345 2231 2471 2276 offere-

1412 2286 1468 2320 tis.
1501 2285 1558 2321 Ita
1590 2287 1726 2331 facietis
1753 2299 1815 2334 per
1840 2289 1996 2336 singulos
2026 2291 2099 2327 dies
2117 2297 2246 2338 septem
2268 2292 2473 2336 dierum‚in

1412 2346 1568 2391 fomitem
1593 2347 1696 2394 ignis,
1735 2355 1767 2384 et
1802 2350 1839 2384 in
1879 2350 2020 2387 odorem
2040 2352 2284 2388 suavissimum
2306 2353 2471 2398 Domino,

1410 2407 1470 2452 qui
1505 2414 1622 2452 surget
1659 2408 1701 2442 de
1738 2408 1943 2444 holocausto
1983 2417 2016 2446 et
2055 2412 2204 2447 victimis
2235 2412 2469 2458 sinyaloram.

1410 2467 1494 2503 Dies
1550 2479 1686 2515 quoque
1701 2465 1711 2468 “
1734 2470 1899 2514 septimas
1949 2470 2192 2507 celeberrimas
2245 2479 2278 2507 et
2326 2480 2471 2510 sanctus

1410 2529 1477 2563 erit
1512 2529 1622 2564 vobis.
1659 2528 1771 2565 Omne
1801 2542 1887 2577 opus
1919 2531 2041 2567 servile
2078 2543 2147 2567 non
2176 2532 2313 2577 facietis
2346 2533 2383 2569 in
2417 2545 2470 2569 eo.

1412 2589 1549 2633 Quarto
1573 2590 1609 2625 in
1634 2591 1703 2626 hoc
1730 2590 1810 2627 loco
1845 2593 1992 2637 ponitur
2026 2593 2121 2628 inter
2157 2593 2373 2630 festivitates
2406 2594 2472 2631 Dei

1412 2649 1559 2685 Paschae
1580 2649 1804 2694 solemnitas,
1823 2650 1860 2686 in
1896 2661 1967 2696 qua
1985 2651 2182 2687 festivitate
2202 2663 2317 2699 agnus
2334 2654 2471 2690 occidi-

1413 2718 1484 2749 tur.
1505 2712 1542 2748 Si
1563 2712 1719 2755 videtur,
1753 2723 1885 2759 agnum
1917 2723 2058 2757 verum,
2088 2709 2219 2761 agnum
2238 2715 2317 2758 Dei,
2338 2726 2470 2762 agnum

1412 2773 1475 2818 qui
1508 2772 1601 2808 tollit
1630 2778 1778 2817 peccata
1799 2773 1936 2816 mundi,
1959 2778 1996 2809 et
2027 2774 2136 2810 dicito
2156 2775 2239 2820 quia
2255 2774 2390 2820 pascha
2406 2785 2471 2810 no-

1415 2837 1531 2868 strum
1559 2832 1765 2868 immolatus
1787 2838 1842 2868 est
1867 2832 2044 2870 Christus.
2063 2833 2177 2870 Judaei
2207 2834 2344 2870 carnali
2361 2845 2470 2872 sensu

1414 2893 1606 2929 comedant
1621 2902 1750 2929 carnes
1775 2894 1858 2940 agni
1879 2906 1887 2930 :
1912 2905 1978 2930 nos
1997 2901 2118 2930 autem
2136 2895 2367 2933 comedamus
2385 2906 2468 2933 car-

1415 2961 1498 2987 nem
1507 2951 1607 2987 verbi
1615 2952 1692 2987 Dei.
1703 2952 1781 2998 lpse
1791 2954 1888 2989 enim
1899 2954 1990 2990 dixit
2002 2966 2010 2989 :
2023 2954 2105 2990 Nisi
2121 2955 2338 2992 comederitis
2347 2967 2470 2994 carnes

1415 3021 1523 3054 meas,
1535 3013 1787 3049 nonhabebitis
1798 3015 1904 3050 vitam
1917 3015 1955 3050 in
1971 3015 2064 3050 vobis
2078 3015 2163 3061 ipsis
2179 3014 2302 3064 (Ioan.
2315 3018 2381 3064 vi).
2393 3016 2470 3056 noc

1415 3072 1511 3117 quod
1530 3073 1636 3110 modo
1651 3073 1832 3119 loquimur
1848 3083 1976 3111 carnes
1991 3080 2074 3112 sunt
2087 3075 2189 3112 verbi
2202 3075 2282 3120 Dei,
2302 3075 2333 3112 si
2348 3080 2468 3113 tamen

1415 3142 1487 3168 non
1496 3133 1599 3179 quasi
1612 3133 1765 3171 infirmis
1777 3134 1889 3178 olera,
1901 3141 1963 3171 aut
1976 3136 2079 3181 quasi
2091 3136 2213 3182 pueris
2224 3135 2330 3173 laetis
2343 3136 2470 3177 alimo-

1416 3195 1515 3230 niam
1531 3195 1779 3240 praeferemus.
1798 3196 1836 3232 Si
1850 3196 2010 3242 perfecta
2026 3198 2223 3243 loquimur,
2245 3198 2277 3235 si
2302 3199 2467 3242 robusta,

1417 3253 1448 3288 si
1461 3253 1583 3295 sortia,
1605 3255 1635 3288 si
1653 3264 1783 3290 carnes
1802 3255 1906 3291 nobis
1920 3255 2021 3290 verbi
2038 3256 2104 3291 Dei
2119 3257 2334 3302 apponimus
2348 3265 2469 3293 eome-

1416 3311 1555 3347 dentes.
1575 3312 1643 3347 Ubi
1674 3312 1771 3347 enim
1797 3314 1971 3358 mysticus
1999 3323 2132 3356 sermo,
2162 3315 2225 3350 ubi
2244 3314 2467 3361 dogmaticus

1415 3376 1452 3406 et
1477 3370 1665 3407 Trinitatis
1693 3370 1763 3407 fide
1782 3372 1942 3416 repletus
1966 3371 2151 3418 profertur
2170 3383 2214 3409 ac
2238 3373 2386 3416 solidus,
2404 3375 2466 3412 uhi

1415 3431 1528 3468 futuri
1541 3432 1661 3468 saeculi
1681 3437 1801 3468 amoto
1816 3432 1992 3469 velamine
2017 3433 2158 3475 litterae,
2185 3434 2274 3480 legis
2294 3435 2467 3480 spiritalis

1416 3498 1643 3530 sacramenta
1676 3493 1894 3539 panduntur,
1928 3493 1990 3529 ubi
2018 3503 2100 3539 spes
2123 3494 2252 3530 animae
2276 3494 2400 3531 avulsa
2420 3496 2466 3532 de
2516 3533 2523 3542 ,

1416 3554 1525 3591 terris
1547 3554 1706 3600 jactatur
1724 3553 1763 3590 in
1779 3553 1904 3597 coelos,
1924 3559 1962 3590 et
1990 3555 2028 3590 in
2054 3555 2126 3591 illis
2141 3555 2354 3599 collocatur,
2383 3566 2463 3603 quae

1415 3615 1537 3652 ocutus
1550 3626 1619 3652 non
1631 3614 1729 3658 vidit,
1747 3625 1809 3651 nec
1823 3615 1920 3650 auris
1938 3614 2086 3659 audivit,
2105 3626 2166 3651 nec
2179 3615 2216 3651 in
2234 3627 2295 3651 cor
2313 3614 2463 3651 hominis

1414 3675 1571 3712 ascendit
1597 3673 1635 3722 (Ῑ
1651 3673 1735 3711 Gor.
1768 3673 1828 3722 ιι),
1849 3675 1927 3712 haec
1944 3675 2066 3712 omnia
2085 3685 2214 3712 earnes
2234 3680 2320 3712 sunt
2351 3674 2463 3711 verba

1413 3735 1491 3772 Dei.
1521 3735 1589 3779 Qui
1610 3740 1732 3782 potest
1759 3735 1923 3782 perfecto
1944 3735 2127 3775 intellectu
2153 3737 2252 3773 vesci
2287 3741 2325 3773 et
2350 3735 2460 3774 cordo

1412 3796 1617 3846 purificato,
1636 3795 1697 3834 ille
1715 3806 1811 3834 verae
1829 3796 2034 3836 festivitatis
2051 3797 2200 3836 Paschae
2221 3795 2384 3836 immolat
2397 3804 2458 3834 82·
