2540 4016
289 246 360 286 w

287 321 386 358 niam
418 311 495 360 fieri
528 305 799 346 obsecrationes,

287 377 482 427 gratiarum
498 370 664 409 actiones,
682 373 744 411 pro
762 358 918 396 omnibus
944 347 1161 388 hominibus,
1191 353 1254 391 pro
1282 352 1336 377 re-

286 438 386 485 qums
417 440 448 470 et
478 429 645 468 omnibus,
675 423 734 470 qui
757 422 793 455 in
821 414 1031 454 sublimitate
1054 412 1133 444 sunt
1163 404 1198 452 (1
1239 403 1331 438 Tim.

287 500 342 543 ιι).
378 496 470 541 Quid
502 493 532 530 si
564 491 600 527 in
629 484 798 534 pontifice
827 487 936 525 quem
961 475 1152 511 consecrat
1179 468 1335 515 Moyses,

285 560 476 597 Dominum
506 553 718 589 salvatorem
749 539 1009 586 intelligimus,
1035 533 1117 579 jnre
1146 531 1183 567 in
1210 528 1337 565 habitu

286 630 351 656 suo
379 616 486 652 totius
510 609 631 647 mundi
657 605 807 651 figuram
833 597 938 636 simul
957 602 994 632 et
1011 592 1185 634 hominis,
1214 589 1336 626 habet.

285 679 362 724 lpse
375 679 429 711 est
447 671 540 708 enim
557 673 596 704 ut
615 662 806 711 Apostolus
826 659 888 702 ait,
911 655 1084 703 Splendor
1103 651 1224 699 yloriae
1242 655 1273 684 et
1291 648 1336 693 fi-

284 747 372 783 qum
390 729 590 769 substantiae
609 725 673 761 Dei
691 721 831 770 prioris,
855 723 1065 765 portansque
1095 712 1213 748 omnia
1239 708 1338 744 verbo

283 795 437 833 veritatis
463 802 536 828 suat
564 787 697 836 (Hebr.
731 795 762 826 1,·
796 780 903 816 Joan.
933 789 977 821 1;
1005 774 1105 812 Psal.
1138 771 1233 818 ctx).
1260 770 1340 815 lpse

288 867 396 904 aqnus
424 854 512 895 Dei,
542 849 601 896 qui
627 845 713 882 tollit
739 848 879 890 peccata
904 838 1040 874 mundi.
1075 835 1153 880 lpse
1177 830 1339 868 sacerdos

287 921 325 955 in
350 924 527 957 (eternum,
554 910 650 948 omni
673 905 873 944 sanctitatis
893 905 1024 939 ornatu
1041 896 1250 945 praeclarus,
1270 902 1342 928 non

289 989 395 1026 quem
413 981 516 1012 natus
536 973 572 1008 in
590 977 697 1007 carne
712 977 777 1014 per
796 962 1009 1001 exercitium
1024 957 1159 996 laboris
1176 954 1343 999 accipere

289 1041 431 1083 meruit,
452 1038 515 1074 sed
532 1044 637 1082 quem
662 1033 697 1067 in
714 1035 819 1065 utero
840 1024 989 1071 virginis
1008 1022 1233 1058 incarnatus,
1253 1024 1345 1061 prae-

290 1102 455 1138 veniente
471 1096 625 1143 Spiritus
646 1090 762 1128 sancti
786 1087 899 1134 gratia
927 1088 1041 1119 totum
1065 1078 1171 1115 simul
1191 1074 1343 1120 accepit,

291 1161 393 1207 cujus
422 1154 660 1194 sacerdotium
684 1146 1006 1194 interpellationem
1034 1150 1099 1187 pro
1133 1137 1234 1174 nobis
1263 1134 1344 1180 pul-

294 1220 471 1258 cherrime
497 1212 753 1253 commendans
786 1205 977 1253 Apostolus
995 1231 1004 1246 ,
1038 1202 1071 1237 ai

295 1282 436 1329 eoquod
457 1282 592 1315 maneat
612 1276 646 1311 in
666 1279 832 1310 (eternum
853 1268 1096 1313 sempiternum
1115 1261 1215 1297 habet
1234 1269 1348 1294 sacer-

297 1343 441 1382 dotium,
458 1338 547 1374 unde
564 1342 596 1371 et
616 1333 749 1370 salvare
768 1331 804 1365 in
824 1332 1026 1375 perpetuum
1043 1328 1163 1370 potest,
1184 1319 1348 1355 accedens

298 1413 354 1437 oet·
372 1393 598 1443 semetipsum}
611 1394 655 1428 ad
689 1390 898 1429 Dominum,
922 1395 1053 1430 semper
1075 1383 1187 1417 virens
1214 1379 1258 1414 ad
1293 1378 1349 1412 in-

298 1458 545 1507 terpellandum
573 1465 634 1501 pro
662 1452 711 1487 eis
739 1449 862 1497 (Hebr.
887 1446 965 1493 vn).
993 1442 1102 1487 Cujus
1119 1442 1227 1477 etiam
1250 1448 1350 1484 {eque

298 1521 503 1555 indumenta
519 1522 556 1552 et
570 1516 779 1551 ornamenta
795 1510 969 1543 virtutum
992 1501 1266 1542 commendans,
1290 1498 1352 1532 ad-

299 1577 539 1624 ‚unxitffatis
553 1577 643 1612 enim
659 1572 798 1608 decebat
815 1576 850 1604 ut
864 1568 960 1603 nobis
976 1571 1062 1601 esset
1081 1563 1251 1610 pontifex,
1275 1571 1354 1596 san-

298 1648 388 1682 ctus,
404 1641 582 1678 innocens,
600 1632 818 1679 impollutus,
836 1632 1033 1674 seqreyatus
1057 1637 1077 1659 a
1100 1621 1353 1669 peccatoribus,

299 1708 329 1735 et
351 1698 517 1734 excelsior
537 1694 627 1730 coelis
649 1693 775 1738 factus,
797 1689 856 1733 qui
882 1696 964 1721 vere
985 1684 1111 1720 habuit
1131 1682 1300 1716 laminam
1319 1680 1354 1713 in

301 1760 418 1806 capite
445 1767 508 1793 suo
540 1762 701 1794 auream,
733 1750 770 1785 in
800 1757 870 1793 qua
899 1751 994 1782 esset
1022 1748 1185 1779 sanctum
1214 1738 1356 1775 Domini

302 1819 493 1865 sculptum,
514 1814 596 1861 quia
612 1811 710 1848 venit
729 1810 765 1845 in
791 1807 934 1844 nomine
959 1804 1090 1846 Patris,
1118 1802 1239 1837 dicens
1256 1812 1262 1834 :
1280 1799 1356 1844 qu

302 1882 338 1916 in
359 1879 477 1920 Patre,
504 1882 535 1911 et
562 1874 667 1908 Pater
691 1873 727 1906 in
750 1881 802 1905 me
828 1874 891 1911 est,
916 1872 947 1901 et
974 1865 1032 1912 qui
1057 1863 1147 1899 videt
1172 1872 1240 1903 me,
1268 1859 1358 1894 videt

301 1947 333 1975 et
359 1938 501 1973 Patrem
523 1934 642 1982 (Joan.
669 1932 758 1978 xiv).
795 1930 977 1965 Hactenus
1001 1926 1121 1960 Aaron
1145 1931 1181 1958 et
1203 1921 1360 1955 filiorum

303 2002 380 2047 eius
404 1997 546 2034 habitus
569 1995 685 2041 qualis
709 2001 788 2028 esse
814 1991 957 2030 debeat,
986 1985 1124 2022 coelesti
1150 1983 1362 2028 designatur

304 2060 464 2099 oraculo.
503 2056 672 2101 Sequitur
698 2058 817 2088 autem
843 2050 928 2085 hinc
951 2047 1062 2082 etiam
1085 2043 1212 2079 modus
1238 2051 1363 2077 conse-

308 2121 478 2159 crationis
493 2146 502 2161 ,
524 2127 594 2163 quo
611 2115 667 2150 vel
687 2115 782 2160 ipsos
799 2111 855 2147 vel
880 2106 1151 2145 tabernaculum
1167 2116 1248 2141 cum
1263 2104 1362 2140 omni

309 2179 529 2227 supellectile
555 2187 629 2217 sua,
660 2173 817 2210 dedicari
844 2174 1022 2217 oporteat,
1045 2167 1177 2203 oblatis
1197 2164 1368 2202 videlicet

311 2243 464 2280 Domino
481 2239 591 2276 vitulo
610 2243 646 2273 et
669 2236 806 2272 duobus
832 2232 1024 2274 arietibus,
1055 2230 1206 2276 panibus
1226 2236 1369 2273 quoque

313 2303 463 2339 triticeis
480 2314 550 2338 non
572 2301 686 2337 solum
707 2298 842 2345 azymis
862 2297 925 2333 sed
944 2300 980 2332 et
999 2294 1079 2330 oleo
1098 2291 1314 2338 conspersis,
1340 2290 1370 2325 si

313 2363 447 2405 velitis,
468 2362 627 2397 adhibito
644 2360 753 2396 etiam
771 2358 850 2394 oleo
870 2355 1063 2391 unctionis.

361 2424 446 2468 Quae
484 2423 653 2459 nimirum
686 2426 815 2457 cuncta
848 2419 923 2454 sive
959 2426 1107 2462 operum
1144 2413 1372 2450 devotionem

314 2487 490 2523 bonorum
522 2495 565 2521 ac
592 2483 804 2520 munditiam
831 2480 927 2523 fidei,
962 2489 1025 2515 seu
1055 2477 1210 2523 gratiam
1243 2475 1373 2510 divinae

315 2546 564 2583 illustrationis
595 2545 670 2582 sola
696 2543 902 2581 consecrari
922 2546 1077 2587 oportet,
1102 2538 1310 2575 sacerdotes
1333 2536 1374 2572 fi-

317 2615 440 2656 gurate
467 2609 728 2643 demonstrant.
755 2604 842 2648 Quis
863 2602 958 2638 enim
987 2600 1127 2636 nesciat
1152 2596 1373 2634 immolatio-

319 2679 401 2704 nem
439 2678 482 2703 ac
519 2667 727 2712 sanguinem
764 2664 906 2699 illorum
943 2661 1151 2697 animalium
1171 2686 1181 2703 ,
1222 2663 1375 2695 mortem

322 2727 636 2773 aspersionemque
664 2725 854 2770 designare
877 2722 1061 2768 sanguinis
1084 2720 1226 2756 Domini
1245 2718 1374 2760 nostri,

324 2797 388 2832 per
404 2796 512 2832 quam
532 2790 568 2820 et
586 2795 606 2819 a
627 2783 785 2829 peccatis
804 2781 1023 2823 absolvendi,
1046 2786 1083 2814 et
1109 2781 1146 2814 in
1168 2779 1272 2815 honis
1293 2787 1378 2823 ope-

325 2848 425 2884 ribus
445 2855 568 2882 sumus
582 2842 846 2881 confirmandi?
871 2841 985 2876 Panes
1004 2850 1145 2885 quoque
1162 2840 1277 2885 azymi
1293 2837 1380 2884 quid

326 2906 491 2953 mysterii
522 2904 689 2941 salutaris
721 2902 942 2942 contineant,
976 2900 1081 2935 docet
1111 2899 1303 2945 Apostolus
1331 2897 1382 2933 di-

329 2975 415 3002 cens
435 2977 444 3000 :
465 2965 587 3012 Itaque
609 2962 799 3009 epulemur,
822 2972 890 2996 non
918 2961 955 2995 in
983 2959 1150 3004 fermento
1181 2958 1296 3000 veteri,
1328 2967 1384 2992 ne·
1403 2979 1439 3018 D
1456 2956 1526 2991 mis
1537 2954 1789 2996 incedendam,
1810 2954 1938 2989 crebro
1954 2962 2122 2989 sermone
2133 2949 2403 2999 praedicationis
2419 2948 2468 2984 in

331 3035 396 3072 que
425 3024 462 3059 in
492 3023 658 3073 fermento
685 3020 829 3055 malitioe
851 3025 882 3054 et
910 3018 1085 3064 nequitioe,
1119 3017 1178 3052 sed
1198 3018 1234 3051 in
1254 3017 1386 3062 azymis

331 3084 542 3121 sinceritatis
558 3089 590 3118 et
603 3082 757 3117 veritatis
774 3078 808 3127 (1
824 3078 905 3113 Cor.
922 3078 974 3125 v).
1007 3077 1209 3123 Conspersa
1230 3082 1311 3111 sunt
1327 3087 1390 3111 au-

333 3149 424 3187 tem,
442 3143 518 3179 sive
535 3141 598 3177 lita
614 3140 694 3176 oleo
712 3138 870 3175 crustula
891 3143 926 3173 et
946 3136 1074 3184 lagana
1086 3163 1096 3179 ,
1117 3142 1157 3172 ut
1175 3136 1389 3171 admonere-

335 3214 419 3242 mur
434 3212 544 3250 opera
563 3201 709 3243 habere,
729 3209 800 3236 non
821 3198 935 3234 solum
954 3208 975 3232 a
996 3196 1172 3232 fermento
1192 3196 1337 3231 malitiae
1357 3200 1394 3231 et

337 3265 506 3312 nequitia
531 3262 725 3309 castigata,
750 3259 813 3296 sed
832 3265 870 3295 et
887 3257 1180 3305 pinguetudinem
1203 3256 1394 3292 charitatis

337 3325 469 3364 divinis
486 3324 630 3372 dignam
647 3320 910 3368 conspectibus.
937 3318 1001 3355 Vel
1023 3323 1121 3355 certe
1139 3317 1299 3355 crustula
1314 3317 1393 3353 oleo

338 3394 535 3432 conspersa
557 3383 604 3420 ad
621 3381 932 3420 consecrationem
951 3384 1112 3415 nostram
1135 3378 1288 3414 Domino
1304 3376 1395 3413 offe-

341 3445 470 3488 rimus,
500 3454 583 3481 cum
613 3443 783 3479 universa
815 3450 896 3487 quae
923 3438 1088 3482 fecimus,
1120 3447 1186 3485 per
1216 3438 1397 3474 internam

344 3505 461 3542 uncti
479 3503 636 3552 Spiritus
668 3503 822 3550 gratiam
851 3502 890 3538 in
918 3500 1039 3539 cordis
1065 3499 1181 3536 nostri
1209 3499 1402 3536 devotione

344 3565 596 3613 pinguescunt.
628 3564 774 3610 hagana
789 3562 870 3600 oleo
888 3561 953 3598 lita
969 3559 1168 3604 offerimus,
1187 3569 1272 3597 cum
1288 3558 1398 3596 etiam

346 3624 438 3664 foris
453 3626 659 3664 hominibus
673 3624 874 3672 spiritualia
888 3633 970 3661 esse
986 3633 1068 3671 quae
1083 3622 1240 3671 agimus,
1257 3620 1402 3660 indubi-

347 3691 468 3726 tum·
484 3687 523 3726 in
538 3686 740 3735 exemplum
757 3686 903 3726 vivendi
916 3685 1154 3724 ostendimus.
1186 3684 1326 3731 Quibus
1341 3683 1401 3722 ni-

350 3748 485 3787 num
503 3747 751 3810 'emtionib-
779 3746 1008 3788 eonnoeratio
1034 3752 1161 3787 nostra
1183 3741 1403 3796 pendunt,

354 3803 1404 3863 hummawumeum-mdm
1468 3798 1588 3856 'aque
1621 3803 1670 3845 ad
1689 3798 1961 3858 suscipiendum
1993 3804 2115 3855 imm
2165 3804 2174 3814 ·

711 230 752 266 Β.
780 219 949 264 RABANl
972 212 1120 254 mutu
1144 206 1360 246 Ancumt’.
1387 201 1597 242 noc-UNT.
1624 195 1817 238 OPERUM
1841 191 1962 232 PARS
1987 190 2015 226 l.
2390 183 2464 222 208
2496 200 2505 225 ‚3

835 296 1030 334 orationes,
1069 282 1331 335 postulationes,
1351 277 1508 329 Anobis
1544 273 1793 312 sanctimoniae
1826 270 1980 307 Domino
2012 265 2171 302 donante
2201 261 2466 317 conquirimus,
2523 284 2528 286 ψ

1075 1207 1087 1236 t
1106 1212 1113 1235 :
1133 1198 1200 1234 Hie
1231 1202 1346 1231 autem
1365 1179 1397 1218 B
1417 1193 1530 1229 altare
1549 1192 1594 1227 ad
1615 1188 1830 1225 adolendum
1852 1186 2051 1232 thymiama
2075 1183 2223 1224 factum,
2250 1183 2319 1218 nisi
2346 1181 2488 1227 speeia-
2519 1197 2531 1205 κ

1381 2084 1413 2126 C
1438 2111 1474 2146 in
1491 2110 1622 2146 vicinia
1640 2107 1709 2144 veli
1725 2113 1761 2143 et
1781 2117 1875 2142 areae
1894 2103 1978 2140 illud
2002 2114 2096 2139 arcae
2117 2102 2391 2139 tabernaculum
2414 2101 2502 2139 foris

1405 337 1566 384 Expletis
1591 341 1713 372 autem
1735 331 1917 369 mandatis
1946 325 2194 374 huiuscemodi
2221 323 2469 361 consecratio-

1405 399 1462 435 nis
1476 398 1598 434 Aaron
1613 401 1650 433 et
1669 395 1832 431 filiorum·
1843 392 1937 438 eius,
1957 389 2052 426 redit
2068 387 2256 432 Scriptura
2275 383 2473 431 praecipere

1405 459 1515 495 etiam
1530 459 1575 494 de
1594 457 1736 493 factura
1756 453 1881 490 altaris
1899 451 2038 488 incensi
2059 463 2067 485 ε
2087 449 2126 485 in
2143 457 2215 494 quo
2235 446 2331 483 idem
2349 444 2474 482 Aaron
2530 468 2532 474 f

1407 518 1657 565 quotidianum
1675 514 1820 551 adolere
1837 511 2039 559 thymiama
2057 509 2218 546 deberet.

1814 572 1967 610 CAPUT
2005 570 2067 608 IX.

1563 642 1616 678 De
1633 640 1740 677 altari
1754 639 1888 675 incensi
1914 642 1948 672 et
1967 634 2209 672 instrumentis
2235 633 2325 679 ejus.

1456 702 1584 739 Facies
1608 711 1764 748 quoque,
1789 697 1920 743 inquit,
1948 695 2061 731 altare
2085 694 2132 730 ad
2157 692 2370 729 adolendum
2396 691 2476 738 thy·

1409 766 1540 801 miama
1556 791 1565 807 ,
1593 763 1635 798 de
1661 761 1765 807 liquis
1791 759 1915 795 sethim
1938 757 2068 792 habens
2101 753 2256 789 cubitum
2287 751 2480 799 lonqitudi-

1411 827 1478 870 nis,
1514 832 1545 861 et
1566 824 1716 860 alterum
1740 820 1959 862 latitudinis,
1985 817 2022 853 id
2047 822 2111 860 est,
2140 813 2424 863 quadranyulum
2449 818 2480 849 et

1412 888 1500 923 duos
1530 884 1663 921 cubitos
1689 884 1726 918 in
1759 879 1945 917 altitudine
1980 877 2112 926 (Exod.
2149 875 2252 924 xxx).
2292 875 2331 912 Si
2366 874 2481 910 altare

1411 945 1614 984 holocausti
1638 944 1682 979 de
1700 952 1773 988 quo
1798 950 1907 987 supra
1936 939 2072 974 dictum
2098 941 2167 981 est,
2193 935 2410 984 generaliter
2428 935 2482 970 vi-

1413 1015 1488 1045 tam
1521 1007 1687 1052 designat
1709 1005 1905 1051 justorum,
1931 1001 1994 1047 qui
2022 1009 2169 1036 carnem
2195 1008 2298 1035 suam
2321 996 2485 1044 quotidie
2520 1032 2523 1035 ,

1413 1069 1626 1116 crucifigere
1657 1077 1739 1103 cum
1763 1065 1862 1101 vitiis
1890 1068 1926 1099 et
1957 1061 2275 1107 concupiscentiis,
2306 1065 2415 1105 atque
2446 1058 2486 1094 in

1414 1133 1570 1169 hostiam
1599 1131 1745 1166 vivente
1773 1129 1847 1164 Deo
1872 1124 2002 1161 offerre
2036 1128 2271 1164 consuerunt,
2300 1121 2386 1167 quid
2417 1120 2487 1156 hoc

1417 1254 1487 1289 lem
1506 1250 1746 1298 quorumdam
1765 1246 2022 1293 perfectiorum
2043 1244 2155 1279 vitam
2174 1243 2353 1290 signifieat
2369 1242 2384 1277 ¹?
2417 1241 2488 1278 Nen
2517 1264 2530 1287 «ξ-

1418 1324 1487 1360 que
1508 1312 1643 1348 frustra
1664 1310 1698 1345 in
1724 1308 1785 1345 illo
1806 1317 1934 1343 carnes
1954 1306 2164 1342 animalium
2186 1303 2487 1347 incendebantur,
2518 1293 2525 1342 ἓ

1418 1380 1455 1410 et
1475 1373 1512 1409 in
1534 1373 1603 1408 boc
1624 1369 1835 1406 adolebatur
1853 1368 2053 1408 incensum,
2083 1364 2151 1400 nisi
2172 1363 2256 1409 quia
2275 1362 2335 1398 illo
2354 1362 2490 1408 figura·
2513 1347 2531 1395 1ss

1418 1438 1552 1473 bantur
1568 1435 1618 1477 hi,
1637 1433 1697 1479 qui
1716 1442 1787 1467 non
1807 1429 2005 1466 secundum
2025 1426 2202 1463 desideria
2226 1424 2347 1460 carnis
2364 1424 2492 1459 ambu-
2516 1423 2530 1454 ζ’

1420 1499 1509 1540 lant,
1532 1496 1595 1532 sed
1613 1493 1715 1539 quasi
1734 1493 1810 1528 haec
1840 1490 1994 1527 Domino
2018 1486 2262 1528 immolantes,
2288 1493 2414 1520 omnes
2435 1483 2489 1520 sui
2520 1514 2525 1515 a

1422 1557 1584 1603 corporis
1610 1564 1738 1591 sensus
1756 1562 1822 1598 per
1844 1551 1964 1597 ignem
1993 1549 2107 1585 sancti
2130 1547 2300 1592 Spiritus,
2321 1545 2399 1590 ejus
2426 1556 2493 1582 vo-
2535 1543 2536 1548 ’

1422 1618 1553 1653 luntati
1577 1615 1758 1656 dedicant,
1779 1613 1817 1647 in
1843 1612 1913 1647 isto
1939 1615 2060 1645 autem
2084 1609 2228 1643 illorum
2249 1612 2355 1653 typus
2374 1605 2496 1652 expri-

1424 1682 1547 1722 mitur,
1588 1678 1648 1724 qui
1687 1674 1824 1719 majore
1863 1673 1995 1709 mentis
2029 1670 2272 1717 perfectione,
2305 1668 2497 1706 exstinctis
2513 1667 2521 1669 ”

1423 1751 1573 1788 prorsus
1607 1749 1649 1774 ac
1683 1737 1810 1783 sopitis
1846 1734 2026 1771 illecebris
2057 1732 2226 1768 omnibus
2254 1731 2388 1774 carnis,
2420 1715 2531 1767 sola?

1426 1799 1579 1836 Domino
1607 1798 1813 1834 orationum
1840 1800 1924 1830 vota
1958 1793 2117 1829 offerunt
2146 1805 2154 1827 z
2183 1792 2234 1828 nil
2272 1791 2419 1838 quidem
2453 1791 2498 1827 de

1428 1873 1538 1898 carne
1563 1860 1660 1906 quod
1683 1869 1722 1894 se
1752 1858 1952 1902 impugnet,
1979 1855 2069 1890 nihil
2093 1855 2137 1890 de
2164 1854 2387 1891 conscientia
2415 1859 2534 1899 pec-2

1429 1924 1515 1966 cati,
1543 1922 1640 1957 unde
1664 1919 1925 1956 conturbentur
1952 1927 1994 1952 ac
2015 1921 2183 1962 paveant,
2210 1916 2387 1951 habentes
2407 1924 2416 1949 :
2437 1911 2500 1950 sed

1430 1983 1588 2020 dulcium
1604 1981 1814 2029 profusione
1842 1979 2100 2025 lacrymarum,
2121 1981 2289 2022 optantes
2318 1975 2442 2010 venire
2464 1977 2502 2010 et

1431 2055 1560 2092 parere
1578 2049 1662 2079 ante
1686 2042 1815 2078 faciem
1838 2041 1914 2076 Dei.
1943 2039 2046 2075 Unde
2068 2043 2151 2084 apte
2170 2039 2238 2073 hoc
2262 2036 2377 2072 altare
2402 2036 2502 2073 intus

1438 2171 1597 2217 positum
1620 2174 1686 2210 est,
1718 2168 1801 2214 quia
1827 2167 1998 2203 nimirum
2017 2166 2070 2201 illi
2094 2165 2130 2200 in
2151 2168 2346 2210 conspectu
2368 2168 2503 2199 sanctoe

1440 2231 1613 2267 Ecclesiae
1636 2230 1777 2266 eunctis
1801 2229 1837 2264 in
1864 2227 2028 2273 exemplo
2056 2226 2231 2261 virtutum
2260 2223 2501 2270 praefulgent:

1440 2291 1500 2327 isti
1522 2290 1659 2326 altioris
1683 2289 1814 2324 ardore
1841 2287 2025 2329 desiderii,
2052 2284 2356 2330 contemplatione
2375 2282 2452 2318 futu
2468 2303 2483 2313 -.

1441 2352 1688 2394 beatitudinis,
1724 2350 1807 2385 licet
1837 2357 1990 2394 corpore
2019 2346 2175 2390 detenti,
2207 2355 2280 2381 non
2313 2343 2466 2383 minimu
2491 2357 2493 2373 ι

1441 2411 1697 2457 propinquant.
1731 2409 1895 2454 Apteque
1926 2407 2015 2443 illud
2047 2416 2131 2449 aere,
2164 2406 2233 2441 hoc
2267 2403 2395 2440 vestiri
2418 2413 2461 2438 au
2493 2418 2505 2447 ;

1442 2471 1660 2516 praecipitur.
1692 2468 1758 2505 AEs
1780 2477 1936 2514 namque
1958 2467 2038 2513 plus
2059 2466 2138 2502 aliis
2157 2464 2313 2501 metallis
2334 2473 2483 2500 sonoru

1444 2545 1486 2570 ac
1502 2534 1563 2569 diu
1579 2532 1743 2569 durabile
1768 2537 1846 2567 est:
1864 2540 1992 2565 aurum
2016 2539 2104 2565 vero
2123 2532 2298 2574 quantum
2320 2518 2408 2562 sono
2427 2535 2468 2561 su
2479 2523 2496 2555 ι

1443 2594 1604 2636 eumbit,
1635 2597 1736 2628 tanto
1770 2591 1959 2637 splendore
1987 2594 2136 2635 praestat
2166 2591 2376 2623 aeramento.
2409 2584 2503 2623 Unst

1444 2659 1542 2690 recte
1560 2661 1699 2689 aeneum
1724 2652 1836 2686 altare
1854 2651 1890 2685 in
1911 2660 1983 2695 quo
2006 2658 2136 2685 carnes
2158 2647 2458 2689 incendebantur,
2497 2631 2506 2643 ⁶

1445 2715 1591 2762 sanguis
1610 2713 1829 2749 fundebatur
1851 2711 2082 2747 victimarum
2100 2737 2110 2753 ,
2140 2709 2285 2746 illorum
2311 2711 2430 2755 gestat
2457 2710 2491 2742 t

1444 2788 1547 2823 pum,
1571 2775 1632 2820 qui
1652 2773 1820 2810 edomitis
1843 2777 1880 2808 et
1904 2771 2003 2807 velut
2029 2771 2102 2807 Deo
2125 2769 2322 2806 immolatis
2349 2767 2456 2813 volup

1449 2838 1543 2873 tibus
1580 2835 1723 2877 carnis,
1762 2838 2039 2879 perseveranter
2074 2830 2170 2867 viam
2204 2828 2370 2866 veritatis
2405 2837 2466 2874 qu

1450 2896 1562 2933 semel
1587 2895 1819 2936 inchoavere,
1851 2899 2042 2938 peragunt,
2061 2898 2098 2928 et
2118 2892 2213 2928 hanc
2236 2899 2380 2938 quoque
2397 2897 2463 2935 pro
2480 2903 2487 2913 ³

1458 3021 1560 3052 nant.
1580 3015 1692 3051 Porro
1711 3024 1860 3051 aureum
1882 3014 1995 3050 altare
2018 3014 2089 3050 illis
2119 3011 2378 3050 convenienter
2416 3010 2477 3055 ap

1460 3080 1532 3118 tur,
1554 3074 1616 3120 qui
1635 3074 1809 3120 ampliore
1827 3073 1943 3120 gratia
1958 3083 2123 3119 supernae
2140 3070 2316 3108 claritatis
2334 3069 2454 3113 illustr
2474 3088 2476 3091 v

1462 3142 1534 3178 tur,
1573 3136 1635 3171 sed
1674 3135 1793 3170 minus
1837 3133 1917 3170 aliis
1953 3143 2031 3179 quae
2063 3134 2099 3169 in
2135 3137 2279 3170 secreto
2312 3131 2358 3168 de
2377 3129 2452 3165 inte

1463 3196 1642 3233 suavitate
1660 3200 1819 3241 wstent,
1847 3194 2010 3231 dicentes
2046 3194 2226 3241 aperiunt,
2266 3199 2399 3229 munus
2443 3204 2473 3228 2>

1465 3259 1565 3295 ctare
1587 3255 1838 3304 proloquendo
1857 3255 2065 3298 sufficiunt;
2085 3261 2222 3301 quanta
2239 3253 2309 3303 ipsi
2326 3252 2427 3289 intus
2450 3264 2454 3280 ·

1467 3318 1595 3355 cedine
1614 3318 1650 3353 in
1670 3317 1793 3353 abdito
1816 3315 1936 3352 vultus
1965 3315 2030 3352 Dei
2047 3315 2271 3351 reficiantur.
2303 3313 2397 3360 Apte
2412 3319 2435 3348 e
2457 3305 2470 3317 “

1469 3380 1583 3416 altare
1603 3377 1850 3424 thymiamatis
1866 3381 2043 3423 quantum
2061 3374 2199 3412 metalli
2223 3374 2364 3422 fulgore
2378 3383 2404 3421 p
2431 3387 2454 3402 ⁹-

1469 3439 1581 3483 lebat,
1603 3442 1705 3474 tanto
1741 3446 1912 3473 mensura
1935 3436 2057 3472 miuus
2073 3434 2156 3480 fuit,
2176 3435 2262 3482 qui'a
2282 3444 2354 3482 quo
2375 3459 2399 3465 -s
2447 3447 2456 3460 ι

1471 3509 1533 3537 res
1552 3508 1698 3547 quoque
1725 3498 1763 3534 in
1799 3496 1978 3541 Ecclesia,
2002 3506 2047 3533 eo
2073 3502 2159 3534 sunt
2188 3495 2392 3544 pauciores.
2415 3524 2422 3535 .
2454 3491 2459 3505 ’“

1473 3562 1519 3599 de
1531 3560 1671 3599 eisdem
1697 3557 1806 3606 liguis
1824 3557 1958 3595 sethim
1980 3567 2062 3605 quae
2080 3557 2172 3596 alboe
2194 3556 2356 3606 spina*
2430 3554 2439 3576 '³'

1471 3633 1554 3661 esse
1573 3612 1862 3669 innon-inpunita
1885 3619 2055 3664 diximus,
2090 3624 2294 3668 utrumque,
2316 3606 2439 3669 ᾗ,

1471 3675 1699 3740 precipitur,
1730 3681 2025 3730 quianimirum
2044 3692 2119 3720 una
2139 3687 2199 3720 est
2229 3680 2337 3732 stibi
2380 3697 2386 3723 z
2417 3671 2432 3697 ³*

1474 3738 1747 3802 firmitasququi'a
1765 3742 1931 3797 omnium
1960 3743 2073 3783 eorda
2095 3743 2212 3783 electo
2334 3768 2341 3783 -,
