2540 4016
93 227 135 265 61
741 229 1072 268 COMMENTARJA
1096 228 1143 266 IN
1166 229 1373 268 ExomJM.
1400 251 1448 259 —-
1470 231 1558 269 LIB.
1585 230 1629 269 11.
2196 242 2248 281 ω

94 316 174 344 csse
192 307 429 350 crediderunt,
463 306 559 353 quod
588 306 710 344 divina
737 309 854 355 gratia
875 308 1138 355 dispensatorie
1155 307 1191 347 A

93 367 239 414 agitur:
260 377 306 403 ne
321 365 551 403 inchoatione
570 376 635 403 sua
669 368 912 404 tentationum
940 368 1137 414 asperitate

93 429 308 472 tangantur-3
334 424 421 470 quia
451 425 482 461 si
500 434 625 461 eorum
647 426 748 461 initia
786 426 989 464 amaritudo
1020 432 1138 463 tenta-

92 485 202 522 tionis
224 483 418 530 exciperet,
439 485 549 521 etiam
566 485 671 522 facile
693 487 738 523 ad
756 497 799 524 ea
816 498 898 534 quae
915 488 1137 534 reliquerant

93 545 274 589 redirent;
296 556 317 581 a
348 546 478 591 quibus
504 557 573 584 nec
597 547 740 595 longius
772 549 1030 593 discesserunt,
1053 561 1136 586 cum

93 607 217 644 tentati
244 607 344 653 prius
363 607 459 644 vitiis
480 610 583 655 quasi
600 610 701 656 juxta
721 611 861 656 positis,
897 612 1131 658 replicantur.

90 665 192 703 Unde
220 667 392 713 scriptum
416 673 495 705 est:
515 669 603 705 Cum
638 671 825 707 dimisisset
861 671 1003 708 Pharao
1021 685 1132 719 popu-

89 726 172 769 lum,
195 738 264 762 nou
279 739 335 763 eos
354 729 454 764 duxit
485 730 655 767 Dominus
676 743 738 777 per
756 733 849 768 viam
886 739 987 768 terrae
1021 733 1134 768 Phili-

86 787 202 822 stiliim
217 799 294 834 quse
312 789 422 825 vicina
439 796 504 834 est,
522 798 683 838 reputans
699 803 740 827 ne
755 792 845 837 sorte
860 793 1035 838 poeniteret
1054 803 1132 829 eum

86 848 117 883 si
137 849 275 884 vidisset
294 850 474 886 adversum
500 863 535 887 se
562 851 652 886 bella
688 863 905 897 consurgere,
933 859 965 888 et
988 859 1133 889 reverte-

87 914 184 943 retur
202 910 239 944 in
267 909 473 956 AEqyptum.
498 911 551 946 Ex
570 911 726 958 AEgypto
763 913 884 957 itaque
916 914 1131 951 exeuntibus

85 979 106 1005 e
130 970 248 1006 vicino
274 970 366 1006 bella
387 971 658 1015 subtrahuntur,
691 974 778 1018 quia
797 974 1130 1021 derelinquentibus

84 1029 267 1072 saeculum,
290 1030 453 1075 quaedam
468 1031 567 1076 prius
587 1033 826 1078 tranquillitas
842 1035 1066 1078 ostenditur;
1086 1045 1130 1071 ne

81 1087 118 1124 in
138 1088 215 1134 ipsa
239 1098 303 1124 sua
337 1090 577 1126 teneritudine
600 1097 706 1138 atque
732 1093 957 1130 inchoatione
978 1095 1126 1137 turbati,

81 1149 126 1184 ad
146 1149 214 1185 hoc
232 1150 349 1186 territi
370 1151 531 1196 redeant,
566 1154 660 1199 quod
691 1160 896 1190 evaserunt.
921 1155 1026 1191 Prius
1040 1166 1126 1202 ergo

79 1211 285 1248 securitatis
299 1213 512 1250 suavitatem
527 1215 687 1250 sentiunt
703 1227 712 1259 ;
731 1216 830 1262 prius
849 1217 947 1262 pacis
963 1218 1024 1262 qui
1039 1228 1127 1253 enu-
1145 1209 1177 1248 B

1173 1296 1178 1301 ·
1196 1277 1258 1323 ligi
1280 1280 1374 1323 apud
1403 1279 1571 1315 Hebraeos
1611 1280 1754 1316 tradunt
1797 1281 2015 1326 interpretes
2046 1281 2245 1316 nominum.

81 1272 262 1316 triuutur;
284 1279 365 1319 post
382 1275 568 1320 'cognitam
588 1286 674 1312 vero
701 1277 921 1313 dnlcedinem
938 1284 1036 1313 tanto
1050 1277 1126 1322 jam

80 1332 299 1370 tolerabilius
319 1336 555 1372 tentationum
571 1339 767 1374 certamina
784 1340 976 1382 sustinent,
994 1346 1127 1385 quanto

78 1389 190 1427 Deum
211 1392 318 1429 alfius
333 1403 589 1440 cognoverunt.
612 1397 659 1432 Et
676 1399 803 1434 armati
822 1400 1049 1436 ascenderunt
1062 1401 1127 1445 filii

77 1449 190 1486 Israel
205 1452 246 1488 de
261 1459 352 1489 terra
361 1454 519 1501 AEqypli.
540 1457 611 1503 (Ex
621 1457 865 1506 Hieronymo.)
881 1459 1010 1504 Aquila
1026 1471 1127 1496 nam-

78 1519 162 1555 que,
196 1511 266 1556 qui
290 1523 361 1549 non
381 1516 638 1552 contentiosius
662 1523 702 1552 ut
716 1518 862 1562 quidam
895 1524 1036 1563 putant,
1066 1520 1128 1555 sed

80 1571 279 1607 studiosius
299 1575 451 1609 verbum
482 1576 741 1621 interpretatur
762 1579 807 1613 ad
833 1579 995 1622 verbum,
1029 1581 1065 1616 in
1085 1591 1128 1616 eo

79 1629 159 1667 loco
175 1632 237 1668 ubi
260 1631 491 1681 Septuaginta
510 1643 722 1682 posuerunt,
739 1638 870 1681 Quinta
889 1647 1004 1676 autem
1022 1653 1126 1687 qene-

79 1694 215 1728 ratione
229 1694 458 1730 ascenderunt
475 1695 542 1740 filii
568 1696 684 1731 Israel
700 1698 743 1732 de
773 1705 866 1734 terra
896 1700 1052 1746 AE'qypti.
1074 1701 1127 1737 Ita

80 1755 264 1790 transtulit
285 1767 293 1790 z
315 1755 361 1790 Et
385 1757 513 1791 armati
533 1758 764 1793 ascenderunt
781 1759 847 1804 filii
873 1759 988 1796 Israel
1003 1763 1044 1796 de
1059 1768 1128 1797 ter-

81 1825 122 1849 ra
142 1815 289 1861 AEyypti
308 1823 321 1848 .·
343 1815 425 1851 licet
444 1826 509 1861 pro
542 1827 586 1852 eo
601 1818 695 1862 quod
718 1819 848 1854 armati
872 1830 938 1855 nos
971 1821 1126 1857 diximus

76 1874 275 1910 secundum
307 1874 422 1911 Graeci
450 1877 626 1913 sermonis
651 1878 936 1925 ambiguitatem,
958 1880 1125 1916 instructi

76 1933 151 1969 sive
170 1934 312 1978 muniti,
331 1942 480 1982 propter
496 1938 753 1983 supellectilem
769 1950 838 1985 qua
859 1941 1047 1988 AEgyptios
1061 1953 1125 1978 ex-

75 1995 330 2041 spoliaverant,
347 1998 463 2043 possit
478 1998 642 2045 intelligi.
654 2000 787 2036 Verum
798 2002 857 2037 ubi
877 2001 1123 2050 Septuaginta,

75 2053 200 2099 quinta
235 2056 468 2102 generatione
502 2064 710 2104 posuerunt,
738 2060 867 2106 illiqui
890 2061 1123 2099 chraeorum

74 2115 188 2153 libros
213 2117 403 2164 diligenter
435 2120 682 2165 inspexerunt,
722 2133 794 2158 non
822 2124 947 2169 quinta
974 2135 1124 2171 genera·
1142 2106 1172 2148 C

76 2176 187 2221 tione,
208 2178 271 2216 sed
296 2179 421 2226 quinta
447 2186 585 2217 tantum
606 2183 654 2219 ibi
674 2183 847 2230 scriptum
866 2192 1033 2222 asserunt
1055 2199 1062 2220 :
1084 2192 1124 2223 ut

75 2238 123 2274 sit
151 2240 255 2284 quasi
293 2250 431 2282 sensus.
478 2242 608 2285 Quinta
647 2251 762 2280 autem
798 2247 1026 2283 ascenderunt
1056 2248 1124 2294 filii

76 2298 191 2334 Israel
209 2299 251 2335 de
269 2306 364 2336 terra
384 2301 542 2349 AEqypti.
575 2303 676 2347 Quod
694 2306 777 2351 quia
798 2306 918 2342 minus
936 2307 1125 2344 videbatur

74 2357 240 2406 intelligi,
264 2361 431 2408 adjuncta
453 2365 637 2409 generatio
654 2371 720 2401 est.
745 2365 914 2411 Aquilam
930 2378 1016 2404 vero
1033 2374 1069 2404 et
1086 2369 1122 2405 in

76 2420 218 2456 caeteris
234 2426 270 2456 et
290 2421 326 2458 in
342 2423 412 2459 hoc
437 2425 592 2461 maxime
619 2426 698 2463 loco
717 2427 862 2473 propria
880 2429 1120 2474 transtulisse,

74 2479 190 2515 omnis
208 2479 330 2518 Judaea
353 2483 566 2527 conclamat,
588 2491 626 2521 et
645 2496 908 2534 synagogarum
922 2493 1124 2524 consonant

73 2539 242 2576 universa
263 2542 447 2579 subsellia.
468 2543 507 2580 Si
522 2551 643 2581 autem
674 2547 870 2583 secundum
887 2547 1123 2594 Septuaginta

74 2597 157 2644 quis
176 2600 269 2636 seire
284 2602 437 2638 voluerit
457 2606 634 2649 quomodo
668 2606 794 2651 quinta
813 2607 1044 2653 generatione
1058 2607 1122 2643 filii

74 2657 184 2695 lsrael
199 2661 428 2698 ascenderint
453 2662 498 2698 de
523 2662 695 2710 AEgypto,
723 2674 789 2710 per
819 2666 949 2702 horum
971 2676 1122 2712 genera-

75 2718 193 2757 tiones
207 2721 394 2767 supputari
410 2722 528 2766 debet,
545 2724 580 2759 id
600 2729 669 2768 est,
700 2729 741 2760 ut
757 2726 801 2761 ab
819 2726 897 2771 ipso
913 2727 1038 2771 Jacob,
1058 2728 1120 2774 qui

73 2778 221 2815 intravit
252 2780 290 2817 in
316 2780 526 2829 AEgyptum,
566 2794 681 2829 usque
715 2785 761 2820 ad
777 2785 923 2833 Moysen
947 2789 1007 2833 qui
1038 2799 1120 2826 cum

72 2839 204 2887 populo
218 2851 383 2888 egressus
417 2849 484 2888 est,
507 2849 546 2880 ut
567 2845 676 2891 aliqui
705 2847 844 2891 volunt,
868 2851 1119 2895 generationes

72 2901 232 2948 quinque
245 2909 494 2940 numerentur.
510 2904 623 2942 Jacob
642 2907 739 2943 enim
762 2908 914 2954 primus,
939 2913 1119 2948 secundus

71 2957 173 3004 Levi,
197 2961 322 2998 tertius
346 2961 474 3007 Caath,
504 2969 653 3010 quartus
674 2966 836 3012 Amram,
855 2969 1002 3015 quintus
1023 2971 1121 3018 Moy-

73 3028 131 3056 ses
157 3019 351 3056 invenitur.
380 3022 453 3069 llas
477 3029 597 3059 autem
626 3025 714 3061 dicit
746 3029 937 3074 progenies
968 3030 1119 3067 Latinus

72 3078 250 3127 interpres
265 3091 355 3128 quas
375 3085 493 3132 γενεὰς
515 3083 631 3121 Graeci
658 3092 815 3123 vocant:
835 3098 915 3134 quae
944 3090 982 3125 in
1003 3091 1120 3126 Evan-

72 3139 166 3195 gelio
205 3142 456 3189 generationes
495 3145 719 3192 appellantur
745 3159 755 3182 :
790 3158 858 3185 nec
881 3157 1120 3188 numerantur

55 3197 143 3251 ,nisi
156 3209 223 3247 per
241 3203 486 3241 successiones
514 3205 714 3250 hominum,
740 3218 814 3244 non
833 3219 900 3256 per
930 3220 1120 3248 numerum

52 3251 263 3310 Qomm.
281 3261 353 3301 Alii
375 3269 496 3302 antem
512 3275 585 3303 non
605 3265 716 3304 Jacob
749 3278 815 3315 per
829 3269 918 3307 Levi
939 3281 1056 3318 usque
1071 3273 1119 3309 ad

63 3314 96 3359 i'·
117 3331 232 3368 ‘ae-11,
249 3324 312 3362 sed
339 3335 406 3372 per
431 3320 564 3364 tribum
579 3326 682 3366 Judae
697 3338 904 3378 numerant,
931 3344 1012 3380 quae
1048 3334 1119 3372 suit

53 3377 158 3420 salv·
176 3396 181 3411 2
212 3383 373 3432 ,ragalim
391 3386 444 3424 ita
460 3392 502 3425 ut
520 3398 547 3426 a
564 3388 700 3427 Phares
727 3390 802 3428 filio
816 3391 934 3438 Judae,
954 3395 1016 3440 qui
1035 3405 1120 3432 cum

158 3478 174 3499 Α,
187 3447 295 3495 patre
322 3455 389 3484 suo
420 3447 605 3496 ingressus
626 3455 682 3488 est
701 3449 912 3500 AEgyptum,
934 3464 1048 3500 usque
1070 3455 1120 3492 ad

163 3518 165 3532 ἰ
184 3520 211 3535 ··=
224 3531 236 3549 ,
252 3506 315 3554 qui
335 3508 373 3544 in
390 3508 468 3555 ipsa
483 3510 579 3548 tribu
594 3511 680 3556 dux,
711 3518 847 3550 terram
865 3515 1118 3561 repromissio-

175 3580 177 3594 ·
288 3592 301 3613 ,
319 3568 395 3605 sint
409 3570 568 3619 quinque
597 3573 861 3620 generationes.
894 3573 1033 3612 Phares
1052 3586 1118 3623 ge—

161 3651 164 3654 -
188 3662 250 3678 ,τι
328 3637 349 3673 ,ς
372 3626 502 3670 esrom
532 3632 659 3679 *genua
695 3631 830 3678 Aram;
850 3633 963 3671 Aram
994 3635 1121 3682 genuit

264 3693 304 3713 ν’
345 3684 350 3691 '
392 3686 400 3696 “
437 3703 512 3741 ¹¹4³
534 3695 653 3730 auem
668 3693 1122 3742 genuitNaassomNaas-

1201 367 1255 405 De
1270 369 1424 406 munda
1444 371 1638 414 mansione,
1659 371 1724 407 hoc
1759 377 1811 407 est
1827 371 1873 408 de
1891 370 2020 409 Soootioe
2045 375 2083 411 in
2101 377 2247 428 tte-ham,

1435 422 1470 453 et
1482 417 1528 457 de
1543 417 1707 454 columna
1736 418 1839 455 uubis
1854 425 1890 455 et
1911 420 2014 466 ienis.

1247 489 1470 539 Prosectique
1482 492 1526 528 de
1545 492 1689 537 Socoth,
1704 495 1942 548 castrametati
1956 501 2039 532 cunt
2051 496 2088 533 in
2103 497 2249 545 Etiam,

1199 552 1239 588 iu
1257 554 1419 589 extremis
1441 554 1570 599 finibus
1590 555 1802 592 solitudinis.
1838 555 2010 594 Dominus
2029 565 2143 595 aetem
2159 570 2252 606 prae-

1201 613 1341 650 cedebat
1377 626 1434 651 eos
1460 616 1506 651 ad
1535 617 1785 653 ostendendam
1816 619 1907 654 viam
1933 631 1996 665 per
2029 620 2122 656 diem
2138 621 2175 657 in
2194 633 2252 657 co-

1199 674 1320 710 lumna
1340 676 1454 718 uubis,
1470 682 1503 711 et
1521 687 1581 723 per
1601 683 1734 712 noctem
1747 679 1785 713 in
1804 678 1967 715 columna
1988 680 2102 726 ignis:
2120 687 2158 716 ut
2177 682 2251 717 dux

1199 741 1285 769 esset
1310 735 1443 771 itineris
1459 742 1603 782 utroque
1633 742 1797 783 tempore.
1821 737 2013 784 Nunquam
2046 740 2159 786 defuit
2191 752 2249 776 co-

1200 793 1320 830 lumna
1336 795 1435 830 nubis
1448 807 1509 842 per
1525 797 1628 840 diem,
1652 809 1714 833 nec
1737 797 1899 834 columna
1926 799 2017 846 iynis
2032 811 2096 846 per
2117 807 2250 836 noctem

1200 864 1317 889 coram
1341 855 1481 902 populo.
1504 856 1722 904 Locutusque
1748 865 1799 894 est
1816 858 1988 896 Dominus
2024 861 2070 896 ad
2102 861 2249 908 Moysen

1199 915 1342 950 diceus:
1362 916 1518 962 Loquere
1544 917 1628 961 filiis
1658 917 1771 954 lsrael
1791 927 1804 952 .·
1829 918 1968 954 Reversi
2004 926 2250 956 castmmeten-

1198 982 1256 1011 tur
1280 987 1298 1011 e
1314 977 1451 1022 reqione
1475 976 1722 1021 Phihahiroth,
1743 990 1820 1024 quoe
1853 986 1902 1014 est
1926 981 2016 1015 inter
2042 980 2249 1027 Maqdalum

1197 1042 1229 1071 et
1245 1047 1341 1072 mare
1363 1043 1483 1072 contra
1508 1037 1733 1083 Beelsephon.
1761 1037 1807 1073 In
1837 1046 2019 1085 conspectu
2037 1042 2113 1086 ejus
2133 1048 2250 1077 castra

1196 1098 1330 1143 ponetis
1344 1109 1447 1144 super
1461 1110 1557 1134 mare
1595 1098 1726 1145 (Exod.
1745 1099 1840 1146 xm).
1875 1100 1928 1135 Ex
1959 1100 2146 1143 Ramesse,
2165 1112 2244 1146 quae

1197 1157 1455 1203 interpretatur
1484 1160 1677 1195 commotio
1709 1161 1816 1195 tineae
1849 1161 1907 1196 vel
1939 1161 2102 1204 tonitrui,
2134 1171 2244 1197 vene-

1196 1224 1292 1262 runt,
1313 1219 1442 1265 iuquit,
1465 1220 1502 1254 in
1538 1219 1685 1256 Socoth.
1715 1219 1849 1257 Socoth
1881 1221 2111 1256 tabernacula
2143 1221 2248 1257 intel-

1197 1338 1268 1387 (Em
1286 1339 1446 1388 Oriqen.)
1468 1340 1558 1376 Cum
1578 1351 1665 1387 ergo
1686 1351 1774 1377 voce
1791 1341 1975 1388 Evangelii
1995 1343 2247 1383 commonitus,

1195 1399 1448 1444 derelinquens
1475 1400 1689 1446 AEgyptum,
1728 1402 1942 1438 discusseris
1975 1402 2039 1438 abs
2071 1407 2105 1438 te
2133 1403 2248 1438 tineas

1198 1462 1309 1496 totius
1335 1462 1560 1506 corruptelae,
1589 1468 1626 1497 et
1644 1463 1813 1498 vitiorum
1847 1463 2082 1499 incitamenta
2115 1464 2249 1509 reJece·

1196 1522 1261 1565 ris,
1285 1523 1465 1558 habitabis
1485 1523 1521 1557 in
1538 1524 1792 1559 tabernaculis.
1812 1524 2000 1560 Habitabis
2014 1524 2163 1559 enimin
2191 1529 2247 1559 ta-

1195 1583 1414 1625 bernaculis,
1439 1593 1485 1618 ex
1519 1584 1649 1629 quibus
1677 1585 1844 1620 nolumus
1866 1584 2076 1630 exspoliari,
2109 1585 2172 1621 sed
2189 1595 2248 1620 su-

1194 1642 1398 1688 pervestiri.
1432 1642 1615 1678 Habitatio
1639 1647 1759 1678 autem
1791 1642 2117 1685 tabernaculorum,
2137 1652 2248 1688 expe-

1195 1703 1309 1739 ditum
1342 1709 1379 1739 et
1416 1705 1551 1749 absque
1582 1704 1666 1740 ullis
1697 1705 1962 1750 impedimentis
1997 1704 2133 1740 indicat
2168 1714 2248 1740 esse

1195 1773 1290 1805 euni,
1311 1763 1373 1808 qui
1394 1763 1542 1799 festinat
1559 1764 1604 1799 ad
1630 1765 1754 1799 Deum.
1779 1763 1850 1800 Sed
1867 1774 1933 1800 nec
1963 1764 2000 1800 in
2016 1765 2086 1800 hoc
2100 1764 2246 1810 quidem

1195 1825 1363 1863 standum
1378 1830 1435 1860 est
1452 1837 1461 1860 ;
1482 1825 1641 1871 urgenda
1659 1830 1715 1861 est
1743 1825 1931 1871 profectio,
1970 1826 2146 1862 movenda
2163 1831 2248 1862 sunt

1194 1889 1313 1920 castra
1349 1885 1459 1919 etiam
1478 1886 1521 1920 de
1548 1884 1695 1927 Socoth,
1725 1890 1761 1920 et
1787 1884 2033 1921 festinandum
2059 1890 2115 1921 est
2130 1890 2171 1920 ut
2183 1895 2247 1921 ve·

1193 1946 1369 1983 niaturin
1404 1947 1551 1982 Etham.
1575 1947 1705 1982 Etbam
1739 1947 1816 1983 sive
1850 1947 1984 1991 Othon,
2011 1948 2048 1983 in
2082 1953 2246 1984 nostram

1193 2007 1352 2055 linguam
1376 2009 1468 2045 verti
1497 2008 1636 2052 dicunt,
1656 2008 1831 2045 fortitudo
1851 2009 1927 2045 sive
1947 2010 2048 2055 signa
2073 2008 2164 2054 ejus.
2199 2008 2247 2044 Et

1194 2069 1336 2104 merito.
1375 2069 1440 2105 Hic
1458 2070 1554 2105 enim
1575 2069 1677 2105 audis
1698 2070 1783 2113 dici,
1817 2070 1902 2115 quia
1933 2069 2029 2106 Deus
2055 2069 2246 2105 antecede-

1192 2128 1254 2164 bat
1269 2138 1330 2164 eos
1349 2138 1414 2174 per
1431 2129 1525 2164 diem
1554 2129 1591 2164 in
1612 2129 1778 2165 columna
1807 2130 1914 2166 nubis
1936 2157 1945 2174 ‚
1964 2135 2001 2166 et
2015 2140 2080 2176 per
2099 2134 2243 2166 noctem

1192 2189 1230 2225 in
1245 2189 1412 2226 columna
1429 2190 1535 2236 ignis.
1555 2189 1633 2226 Non
1652 2190 1722 2227 hoc
1747 2190 1887 2228 invenis
1908 2190 2044 2227 sactum
2061 2191 2154 2238 apud
2172 2190 2243 2226 Ra·

1191 2260 1324 2294 messe,
1347 2261 1415 2288 nec
1431 2251 1525 2298 apud
1546 2250 1694 2295 Socoth,
1721 2262 1800 2297 quae
1821 2252 1978 2288 secunda
2008 2251 2244 2298 proticiscen-

1192 2312 1289 2349 tibus
1324 2319 1442 2349 castra
1481 2313 1650 2349 dicuntur
1668 2323 1678 2356 ;
1696 2313 1759 2349 sed
1792 2313 1898 2348 tertia
1931 2318 2051 2349 castra
2081 2316 2180 2355 sunt,
2203 2311 2243 2347 in

1195 2372 1325 2418 quibus
1343 2372 1434 2408 fiunt
1449 2373 1551 2419 signa
1567 2372 1701 2408 divina.
1738 2371 1944 2408 Recordare
1974 2382 2054 2417 qnae
2079 2370 2244 2416 superius

1189 2430 1282 2467 lecta
1301 2436 1384 2467 sunt
1405 2442 1485 2467 cum
1505 2431 1648 2467 dicebat
1663 2430 1804 2478 Moyses
1823 2431 1869 2466 ad
1892 2430 2119 2466 Pharaonem
2139 2440 2147 2463 :
2167 2427 2243 2463 Iter

1190 2490 1296 2524 trium
1311 2489 1447 2524 dierum
1464 2490 1591 2524 ibimus
1610 2490 1646 2524 in
1677 2489 1823 2531 deserto,
1844 2495 1876 2524 et
1890 2488 2147 2523 immolabimus
2168 2486 2242 2522 Do-

1189 2548 1283 2584 mino
1306 2547 1380 2583 Deo
1399 2553 1531 2583 nostro.
1553 2547 1629 2583 Hoc
1646 2557 1731 2594 ergo
1754 2552 1835 2582 erat
1866 2547 2037 2589 triduum,
2065 2546 2111 2582 ad
2144 2546 2241 2591 quod

1189 2607 1386 2643 festinabat
1427 2607 1568 2654 Moyses
1596 2619 1606 2642 ι
1640 2613 1678 2643 et
1702 2607 1974 2643 contradicebat
2008 2606 2164 2643 Pharao.
2182 2605 2237 2641 Illi

1187 2667 1285 2702 enim
1303 2666 1456 2702 dicebat.
1497 2666 1582 2702 Non
1613 2667 1700 2702 eatis
1717 2666 1871 2713 lonqius.
1899 2665 1979 2702 Non
2008 2666 2242 2712 permittebat

1189 2726 1330 2762 Pharao
1355 2726 1400 2762 ad
1412 2726 1532 2762 locum
1551 2727 1736 2773 signorum
1771 2726 1962 2772 pervenire
1978 2725 2072 2763 filios
2097 2726 2236 2769 Israel;

1187 2797 1259 2823 non
1277 2787 1506 2832 permittebat
1541 2797 1604 2824 eos
1631 2788 1779 2824 interim
1810 2787 2006 2834 proticisci,
2027 2793 2067 2823 ut
2099 2787 2243 2833 possint

1188 2847 1287 2884 tertii
1322 2847 1392 2882 diei
1419 2847 1603 2893 mysteriis
1635 2846 1786 2894 perfrui.
1815 2846 1908 2883 Audi
1946 2847 2041 2883 enim
2062 2847 2239 2893 propheta

1188 2907 1273 2953 quid
1291 2907 1375 2942 dicit
1394 2917 1403 2942 :
1426 2906 1658 2942 Resuscitabit
1673 2907 1769 2943 Deus
1790 2918 1852 2942 nos
1882 2913 1958 2954 post
1975 2907 2133 2950 biduum,
2153 2911 2186 2942 et
2205 2907 2242 2942 in

1138 2967 1246 3034 Ddie
1263 2969 1365 3003 tertia
1395 2979 1626 3015 resurqemus,
1661 2976 1694 3004 et
1713 2969 1863 3004 vivemus
1891 2969 1929 3004 in
1958 2976 2142 3016 conspectu
2167 2968 2242 3015 ejus

1193 3028 1289 3077 (Ose.
1309 3029 1379 3076 ιιι).
1401 3029 1523 3065 Prima
1557 3029 1635 3066 dies
1670 3029 1776 3066 nobis
1794 3029 1915 3076 passio
1940 3028 2138 3066 Salvatoris
2155 3035 2210 3066 est
2229 3040 2240 3073 ;

1191 3090 1348 3126 secunda
1378 3100 1448 3135 qua
1479 3089 1665 3126 descendit
1696 3089 1733 3125 in
1761 3089 1968 3134 infernum;
1995 3089 2102 3126 tertia
2123 3095 2241 3125 autem

1190 3148 1467 3186 resurrectionis
1500 3153 1557 3185 est
1575 3148 1666 3200 dies.
1701 3149 1748 3185 Et
1762 3149 1844 3186 ideo
1882 3149 1918 3186 in
1942 3149 2000 3186 die
2017 3149 2123 3184 tertia
2143 3148 2238 3183 Deus

1191 3209 1429 3245 antecedebat
1452 3219 1514 3246 eos
1546 3219 1612 3256 per
1631 3209 1741 3246 fidem
1761 3210 1798 3246 in
1832 3211 1999 3246 columna
2018 3208 2138 3249 nubis,
2175 3216 2242 3252 per

1190 3275 1335 3308 noctem
1355 3275 1478 3306 autem
1492 3269 1531 3306 in
1554 3269 1722 3306 columna
1742 3270 1848 3317 ignis.
1870 3269 1971 3314 Quod
1989 3269 2021 3304 si
2041 3265 2241 3303 secundum

1188 3341 1232 3368 ea
1246 3341 1327 3377 quae
1346 3332 1512 3378 superius
1534 3331 1707 3375 diximus,
1741 3331 1780 3367 in
1812 3331 1870 3366 his
1892 3329 2012 3364 verbis
2047 3331 2146 3363 recte
2172 3336 2240 3363 nos

1186 3392 1381 3440 Apostolus
1396 3392 1504 3429 docet
1525 3391 1696 3438 baptismi
1712 3389 1888 3437 mysteria
1899 3387 2094 3432 contineri,
2112 3396 2240 3424 neces-

1188 3453 1324 3490 sarium
1341 3457 1397 3489 est
1410 3456 1452 3488 ut
1478 3451 1540 3497 qui
1556 3450 1788 3496 baptizantur
1808 3447 1847 3483 in
1873 3447 2034 3492 Christo,
2057 3447 2097 3484 in
2121 3452 2239 3484 morte

1188 3511 1302 3557 ipsius
1337 3509 1585 3557 baptizentur,
1607 3512 1645 3543 et
1662 3506 1732 3552 ipsi
1751 3506 2057 3554 consepeliantur,
2088 3512 2126 3545 et
2152 3518 2235 3544 eum

1189 3570 1268 3616 ipso
1285 3569 1343 3605 die
1365 3568 1472 3605 tertia
1491 3569 1685 3613 resurgant
1704 3575 1726 3602 a
1746 3567 1912 3606 mortuis.
1935 3566 2034 3612 Quos
2054 3572 2092 3604 et
2106 3575 2237 3604 secun-

1189 3631 1273 3668 dum
1302 3630 1374 3666 hoc
1391 3628 1488 3675 qnod
1511 3627 1600 3664 dicit
1612 3627 1822 3674 Apostolus,
1844 3628 1953 3667 simul
1985 3628 2239 3667 secumsusci-

1187 3690 1291 3734 tavit‚
1330 3687 1507 3735 simulque
1539 3686 1627 3725 fecit
1655 3688 1783 3727 sedere
1813 3689 1853 3727 in
1871 3739 1874 3742 ἢ
1891 3689 2114 3729 coelestibus.
2145 3689 2238 3728 Cum

1187 3760 1274 3799 ergo
1298 3749 1364 3788 tibi
1393 3747 1492 3789 tertii
1520 3746 1593 3785 diei
1617 3748 1830 3795 mysterium
1861 3748 1974 3788 ruerit
2007 3753 2236 3803 sinicepmm²

1188 3811 1334 3860 incipiet
1364 3814 1399 3848 te
1421 3802 1602 3848 deducere
1629 3809 1741 3858 Deus,
1767 3815 1806 3849 et
1839 3809 1918 3861 ipse
1944 3816 2028 3861 post
2042 3811 2142 3865 *baec
2165 3809 2235 3860 tibi
