2540 4016
243 3085 248 3094 ·
306 3071 396 3107 mihi
422 3082 431 3105 :

241 3136 243 3140 '
304 3137 426 3167 tamen
441 3140 511 3166 nec
534 3130 604 3166 hoc
620 3130 776 3165 otiosum
798 3129 939 3164 videtur
973 3129 1069 3174 quod
1089 3140 1160 3164 non
1186 3135 1259 3165 tres
1276 3129 1365 3165 inte-

309 215 402 254 1007

303 297 366 335 qui
388 295 455 332 per
475 285 591 332 legem
614 285 828 333 placuerunt
853 288 945 331 Deo,
974 287 1119 333 requies
1137 295 1210 322 non
1231 285 1352 326 datur,
1371 283 1408 323 A

302 347 372 386 nisi
398 347 569 396 adiuvent
593 347 630 383 in
649 347 784 393 praeliis
808 349 940 383 iratres
967 358 1063 384 suos.
1086 346 1253 382 Mulieres
1275 353 1354 381 tan-

302 411 378 442 tum
397 411 434 441 et
457 404 613 442 infantes
636 405 819 451 accipiunt
834 406 993 452 quietem
1020 415 1084 451 per
1107 404 1266 452 Moysen,
1287 415 1355 440 cae-

303 466 370 502 teri
386 470 507 502 autem
529 475 601 502 non
620 465 866 511 requiescunt,
885 466 947 502 sed
965 470 1098 501 exeunt
1117 466 1162 501 ad
1181 466 1355 501 auxilium

298 525 454 562 fratrum
473 536 633 562 suorum.
650 525 739 562 Vide
755 526 934 562 laboranti
953 527 1042 563 mihi
1061 528 1170 564 hodie
1187 528 1224 563 in
1242 537 1356 574 agone

300 588 384 624 vitae
403 587 522 634 hujus,
544 594 581 624 et
598 589 747 625 habenti
767 594 952 625 certamen
977 589 1150 626 adversus
1173 590 1353 633 inimicos,

300 651 337 688 id
353 656 422 695 est,
441 650 644 687 contrarIas
670 656 880 696 potestates,
908 653 1088 697 quomodo
1116 652 1152 686 in
1181 652 1354 686 auxilium

299 713 447 749 veniunt
473 711 525 748 illi
545 712 606 759 qui
628 717 711 748 ante
737 712 932 748 adventum
949 712 1036 748 Jesu
1056 712 1190 748 Christi
1210 712 1354 747 Domini

299 774 371 811 mei
404 774 440 810 in
468 774 546 821 lege
573 772 762 818 justificati
797 779 892 809 sunt.
926 773 1015 809 Vide
1037 773 1217 819 quomodo
1246 772 1356 808 isaias

297 841 446 882 praestet
471 835 659 878 auxilium,
690 844 733 870 ac
758 844 816 870 me
836 834 1063 870 sermonibus
1095 845 1168 870 suae
1191 834 1356 869 lectionis

298 897 487 933 illuminet.
505 896 594 932 Vide
608 895 810 931 accinctum
823 900 859 930 et
875 894 1081 940 expeditum
1094 894 1278 939 juvantem
1296 893 1356 929 Je-

300 958 448 993 remiam
465 958 510 994 ad
524 957 698 994 auxilium
713 962 891 1000 nostrum,
905 962 941 992 et
952 956 1146 992 voluminis
1159 957 1213 992 sui
1224 955 1357 1001 jaculis

298 1019 420 1054 hostes
438 1018 635 1054 acerrimos
647 1045 656 1061 ‚
676 1018 712 1054 id
727 1023 782 1054 est
794 1045 803 1061 ,
825 1018 991 1053 tenebras
1010 1017 1129 1053 cordis
1146 1017 1240 1060 mei,
1265 1017 1355 1052 effu-

297 1086 455 1126 gantem.
466 1080 679 1126 Accingitur
696 1086 732 1116 et
748 1081 873 1116 Daniel
889 1082 933 1116 ad
951 1080 1122 1115 auxilium
1138 1090 1219 1115 cum
1231 1090 1296 1114 nos
1312 1078 1356 1114 de

296 1140 431 1176 Christi
462 1141 655 1187 praesentia
686 1146 723 1177 et
752 1151 863 1187 regno
876 1168 885 1184 ‚
916 1145 952 1177 et
985 1140 1201 1176 Antichristi
1236 1139 1356 1174 futura

296 1200 423 1236 fraude
445 1201 594 1237 instruit
611 1208 647 1237 et
666 1202 849 1237 admonet.
867 1201 979 1236 Adest
995 1207 1031 1236 et
1046 1199 1213 1236 Ezechiel
1234 1210 1357 1236 sacra-

295 1268 418 1296 menta
451 1262 553 1298 nobis
586 1261 749 1297 coelestia
787 1262 823 1296 in
858 1260 1166 1306 quadriformibus
1195 1265 1357 1295 rotarum

296 1321 441 1357 circulis
460 1322 624 1368 signans,
641 1326 676 1356 et
699 1325 815 1355 rotam
836 1321 873 1355 in
897 1326 975 1356 rota
996 1321 1228 1355 concludens.
1252 1320 1359 1355 Ducit

296 1386 336 1415 et
354 1380 446 1416 Osee
477 1380 533 1415 bis
565 1389 671 1415 senas
692 1379 894 1424 prophetici
934 1379 1087 1424 agminis
1120 1384 1259 1413 turmas
1281 1389 1288 1411 :
1323 1383 1359 1413 et

297 1440 498 1486 procedunt
516 1449 643 1475 omnes
665 1439 838 1475 succincti
870 1439 1010 1474 lumbos
1031 1438 1067 1473 in
1083 1438 1235 1473 veritate
1250 1447 1358 1483 quam

295 1500 496 1546 praedicant
517 1499 552 1534 in
578 1498 751 1534 auxilium
779 1497 933 1532 fratrum
965 1507 1125 1539 suorum,
1161 1503 1199 1532 ut
1232 1507 1359 1532 eorum

296 1559 539 1595 voluminibus
570 1559 737 1595 instructi
754 1585 764 1602 ‚
799 1558 1005 1597 ,diabolicas
1044 1568 1113 1593 non
1151 1559 1358 1604 ignoremus

298 1621 463 1656 astutias.
480 1620 542 1655 Isti
563 1629 649 1664 ergo
668 1620 728 1665 qui
747 1619 817 1654 viri
832 1618 944 1655 fortes
962 1625 1057 1662 sunt,
1069 1620 1200 1654 armati
1218 1624 1253 1655 et
1268 1628 1359 1665 prae-

298 1679 407 1715 cincti
441 1679 583 1715 lumbos
618 1679 655 1714 in
692 1680 860 1722 veritate,
884 1685 1017 1715 exeunt
1044 1679 1080 1715 in
1102 1679 1274 1715 auxilium
1295 1690 1359 1715 no·-

296 1744 412 1774 strum
432 1751 440 1773 ε
461 1749 633 1774 numerus
650 1738 881 1784 adimpletur,
906 1744 941 1774 et
960 1744 1122 1785 pugnant
1146 1740 1351 1775 nobiscum.

293 1798 453 1834 Infantes
474 1802 595 1833 autem
613 1803 649 1833 et
671 1798 842 1834 mulieres
867 1809 939 1834 non
957 1804 1090 1834 exeunt
1116 1799 1161 1835 ad
1196 1799 1359 1845 praelium

295 1863 475 1894 nostrum.
493 1858 567 1894 Nec
580 1859 727 1901 mirum,
746 1869 817 1894 non
843 1859 938 1894 enim
972 1858 1103 1894 dicitur
1131 1859 1186 1894 vir
1202 1868 1281 1894 esse
1297 1858 1357 1904 qui

294 1930 368 1956 non
388 1920 560 1966 loquitur.
583 1919 676 1964 Quid
703 1930 761 1955 me
780 1930 866 1966 ergo
881 1919 1009 1966 juvare
1025 1921 1142 1966 potuit.
1176 1920 1237 1966 qui
1269 1920 1359 1955 nihil

298 1980 440 2016 locutus
460 1985 536 2024 est;
560 1979 666 2026 cujus
682 1980 772 2015 nihil
801 1980 945 2015 invenio
980 1981 1075 2025 quod
1105 1980 1237 2027 legam,
1258 1980 1359 2026 cujus

298 2051 357 2076 me
377 2051 591 2086 responsum
619 2051 691 2076 non
721 2040 895 2076 instruit?
926 2040 1113 2076 Mulierem
1148 2051 1235 2076 vero
1269 2040 1359 2076 dixit

296 2101 481 2147 apostolus
515 2099 703 2135 infirmum
727 2110 790 2135 vas
814 2110 893 2136 esse
920 2100 953 2147 (Ι
988 2099 1084 2135 Petr.
1121 2101 1188 2147 111).
1222 2101 1306 2136 Inde
1326 2105 1362 2135 et
1379 2088 1410 2130 C

299 2166 566 2206 consequenter
588 2160 772 2195 infirmum
804 2171 868 2195 vas
901 2161 946 2195 ad
979 2159 1183 2196 conflictum
1212 2171 1284 2195 non
1299 2171 1361 2197 ve-

298 2224 394 2267 niat,
415 2234 461 2259 ne
478 2221 728 2268 confringatur
748 2227 783 2257 et
803 2226 941 2268 pereat.
978 2220 1036 2257 Sic
1067 2232 1223 2267 namque
1250 2227 1285 2257 et
1317 2221 1361 2257 de

297 2283 386 2320 Jesu
407 2283 560 2318 Domino
582 2282 618 2317 in
638 2281 843 2327 Evangeliis
865 2281 1021 2316 dicitur:
1043 2294 1055 2314 ‹
1071 2281 1162 2323 Quia
1182 2280 1359 2315 calamum

301 2348 513 2390 quassatum
530 2351 600 2376 non
619 2340 823 2386 confringet
844 2339 987 2386 (Mattio.
1010 2339 1089 2385 xli).
1115 2353 1127 2372 ›
1165 2339 1255 2382 Quia
1275 2349 1360 2384 ergo

298 2403 468 2439 mulieres
484 2413 503 2437 a
522 2402 610 2437 viris
625 2401 701 2436 suis
718 2400 813 2436 domi
840 2399 962 2436 doceri
978 2399 1166 2445 jubentur,
1185 2405 1220 2435 et
1240 2399 1358 2444 magis

301 2464 340 2500 in
357 2463 618 2509 discipulorum
637 2471 745 2508 quam
766 2461 802 2496 in
825 2461 1031 2497 docentium
1048 2471 1203 2506 persona
1221 2471 1361 2506 ponun-

301 2531 374 2569 tur,
387 2525 424 2560 in
442 2524 616 2560 auxilium
633 2534 754 2560 meum
775 2534 847 2559 non
869 2523 1060 2559 conveniat
1079 2523 1140 2568 qui
1159 2533 1215 2558 me
1231 2523 1362 2559 docere

302 2597 374 2622 non
394 2590 526 2631 potest.
545 2585 641 2631 Ergo
659 2585 745 2631 quid
766 2585 890 2620 dicunt
912 2584 956 2619 ad
978 2583 1101 2619 Jesum
1130 2584 1190 2619 isti
1215 2584 1277 2630 qui
1298 2594 1361 2620 ve-

304 2650 408 2684 niunt
425 2659 470 2685 ex
493 2649 564 2684 ista
585 2655 680 2684 terra
697 2659 805 2694 quam
823 2648 1006 2684 distribuit
1034 2647 1197 2694 Moyses?
1223 2661 1234 2681 «
1260 2647 1362 2684 Sicut

305 2707 524 2750 audivimus,
557 2719 568 2740 i
590 2707 705 2749 aiunt,
730 2720 740 2739 ‹
767 2706 928 2752 Moysen,
947 2706 997 2741 ita
1012 2706 1199 2741 audiemus
1218 2711 1255 2741 et
1272 2711 1319 2741 te.
1346 2718 1358 2739 i

302 2768 401 2804 Nihil
416 2773 490 2804 tam
502 2777 628 2803 verum
644 2777 754 2812 quam
765 2768 860 2813 quod
874 2767 993 2803 omnis
1010 2767 1072 2812 qui
1086 2768 1185 2803 audit
1198 2767 1360 2813 Moysen,

301 2829 425 2864 audiat
438 2833 474 2864 et
490 2826 613 2863 Jesum
624 2827 816 2862 Dominum
831 2832 994 2862 nostrum
1008 2838 1017 2870 ;
1037 2827 1081 2863 de
1098 2825 1183 2863 Jesu
1193 2827 1289 2861 enim
1305 2825 1363 2861 ille

304 2890 463 2936 scripsit.
487 2889 590 2926 Unde
611 2894 648 2926 et
662 2888 836 2924 Dominus
858 2889 893 2924 in
913 2889 1107 2935 Evangelio
1126 2897 1282 2934 arguens
1301 2896 1363 2922 eos

1378 1191 1410 1232 B

242 2977 247 2993 ,
303 2951 365 2996 qui
384 2960 429 2986 ex
445 2960 488 2986 eo
510 2950 606 2995 quod
625 2950 694 2985 sibi
713 2960 785 2985 non
803 2951 967 2992 credunt,
984 2960 1052 2985 nec
1067 2949 1180 2995 Moysi
1199 2950 1360 2993 credant,

1380 2988 1416 3027 D

301 3012 423 3048 dicit:
450 3023 463 3044 ‹
485 3011 524 3046 Si
554 3011 670 3056 Moysi
704 3011 914 3051 crederetis,
953 3010 1148 3044 crederetis
1175 3010 1298 3055 utique
1328 3016 1363 3045 et

463 3070 508 3106 de
535 3080 592 3105 me
627 3069 724 3105 enim
757 3068 815 3103 ille
850 3068 994 3113 scripsit
1023 3067 1144 3115 (Joccn.
1166 3068 1215 3115 v).
1241 3082 1252 3102 ι
1277 3069 1363 3104 Mihi

246 3186 249 3189 ’
305 3200 378 3237 grae
402 3189 519 3226 trihus
547 3189 619 3225 sint
645 3189 723 3224 istae
741 3197 820 3234 quae
838 3198 904 3233 per
922 3187 1066 3234 Moysen
1092 3189 1360 3233 dispensantur,

306 3262 376 3287 nec
399 3251 470 3287 illae
485 3251 637 3297 integrae
657 3259 790 3285 novem
804 3259 883 3294 quae
895 3258 960 3294 per
974 3247 1096 3284 Jesum
1116 3249 1362 3284 haereditatem

306 3312 521 3358 potiuntur;
542 3311 607 3347 sed
626 3311 705 3347 duae
731 3315 769 3345 et
803 3309 911 3345 semis
931 3309 1005 3352 hic,
1032 3315 1068 3344 et
1099 3308 1149 3344 ibi
1182 3318 1308 3344 novem
1329 3314 1366 3343 et

305 3372 419 3410 semis
441 3383 449 3407 :
468 3371 571 3407 etita
588 3380 660 3407 una
677 3369 848 3406 dividitur
865 3369 979 3405 trihus
998 3369 1035 3404 in
1051 3369 1140 3404 duas
1154 3373 1289 3415 partes,
1300 3378 1364 3414 per

304 3441 415 3480 quam
433 3441 550 3478 neque
568 3432 628 3467 hic
655 3431 786 3467 tertius
802 3440 975 3467 numerus
995 3429 1224 3476 adimpletur,
1247 3438 1364 3475 neque

303 3494 358 3531 ibi
377 3494 501 3530 decem
521 3491 691 3539 perfectae
722 3497 758 3528 et
789 3492 938 3538 integrae
974 3495 1288 3528 consummantur.
1324 3489 1365 3526 ln

305 3564 379 3601 quo
395 3545 554 3590 arbitror
571 3554 657 3590 illud
675 3554 842 3597 indicari,
860 3553 945 3599 quia
959 3552 1030 3590 illis
1042 3552 1224 3599 prioribus
1238 3552 1299 3598 qui
1313 3551 1364 3588 le·

305 3625 389 3664 gem
407 3617 562 3662 agebant
578 3615 771 3663 contigerit
796 3615 942 3660 quidem
972 3613 1124 3650 scientia
1153 3613 1361 3657 Trinitatis,

305 3687 376 3715 uec
399 3685 521 3715 tamen
541 3678 680 3726 integre
695 3681 732 3714 et
749 3676 922 3723 perfecte,
941 3675 1005 3711 sed
1023 3684 1070 3712 ex
1091 3679 1208 3722 parte.
1232 3674 1364 3712 Deerat

310 3739 407 3774 enim
424 3739 495 3776 illis
509 3739 547 3776 in
565 3738 758 3782 Trinitate,
779 3737 889 3774 etiam
920 3736 964 3773 de
985 3735 1167 3782 Unigeniti
1194 3735 1361 3772 incarna-

313 3798 410 3834 tione
421 3809 648 3845 cognoscere.
660 3799 749 3837 Nam
766 3799 850 3837 licet
869 3799 911 3836 de
926 3798 1082 3836 adventu
1099 3798 1176 3846 ejus
1192 3808 1265 3835 non
1279 3802 1360 3852 tan-

734 215 774 250 B.
801 213 972 251 RABANl
998 214 1146 252 MAURI
1168 210 1383 250 ARCHIEP.
1411 210 1618 250 MOGUNT.
1645 212 1835 252 OPERUM
1857 214 1977 252 PARS
2008 212 2036 250 1.

2378 208 2470 247 “RB

1423 289 1500 323 tum
1537 288 1740 332 crederent,
1766 289 1829 326 sed
1845 289 1955 325 etiam
1975 285 2230 333 praedicarent,
2258 291 2332 319 non
2351 286 2475 321 tamen

1422 347 1530 383 etiam
1552 349 1676 385 videre
1696 354 1734 384 et
1748 349 1900 395 adipisci
1918 358 1960 385 ea
1979 357 2059 394 quae
2092 343 2324 381 crediderant
2348 347 2478 389 potue-
2538 371 2540 382 2

1423 412 1520 451 runt,
1541 408 1635 444 sicut
1652 413 1688 444 et
1703 409 1879 444 Dominus
1894 407 2081 453 discipulis
2099 403 2296 441 suis-dixit
2311 404 2355 440 de
2385 403 2443 440 his
2461 412 2475 440 t

1426 478 1438 500 t
1458 466 1550 511 Quia
1568 467 1672 503 multi
1685 467 1774 511 ,iusti
1805 472 1843 503 et
1856 468 2042 512 prophetae
2057 465 2248 511 cupierunt
2261 464 2381 500 videre
2397 473 2479 510 quae

1421 537 1486 563 vos
1501 528 1643 570 videtis,
1666 532 1703 562 et
1722 537 1794 563 non
1812 526 2000 571 viderunt3
2025 531 2063 563 et
2090 525 2215 561 audire
2231 535 2312 571 quae
2327 534 2392 560 vos
2411 534 2478 560 au·
2538 519 2540 522 ’

1422 587 1519 630 ditis,
1540 593 1576 622 et
1595 597 1667 621 non
1684 587 1877 623 audierunt
1895 586 1997 634 (Luc.
2033 587 2086 634 x).
2120 600 2133 622 »
2161 587 2239 624 Non
2275 588 2371 623 enim
2401 592 2480 623 erat
2513 574 2540 632 „¹

1423 646 1513 682 fides
1532 657 1657 682 eorum
1672 647 1827 694 integra,
1843 657 1909 692 pro
1929 658 1972 684 eo
1987 648 2086 694 quod
2103 649 2261 684 nondum
2279 648 2314 683 in
2333 647 2479 684 Christo
2515 639 2529 668 ·''

1423 707 1540 743 fuerat
1561 707 1782 752 dispensatio
1802 709 1924 744 carnis
1939 709 2100 755 impleta.
2120 709 2166 745 Et
2185 708 2282 755 quod
2300 720 2396 745 nunc
2413 719 2479 744 nos

1420 766 1495 812 jam
1513 767 1648 804 factum
1666 770 1847 805 eredimus
1866 775 1902 805 et
1932 769 2132 816 impletum,
2155 770 2203 805 illi
2229 770 2479 805 tantummodo

1424 830 1586 865 futurum
1606 831 1814 866 credebant.
1834 831 2030 877 Propterea
2043 841 2128 878 ergo
2143 832 2258 866 trihus
2278 830 2346 866 illae
2364 840 2482 876 neque

1426 890 1504 926 duae
1520 895 1615 933 sunt,
1633 901 1750 936 neque
1768 896 1871 926 extra
1895 891 2004 928 fidem
2020 897 2104 928 suut
2133 891 2342 934 Trinitatis;
2366 901 2483 936 neque

1424 955 1499 987 tres
1520 952 1668 997 integrae
1688 957 1724 987 et
1738 952 1921 997 perfectae,
1944 963 1991 988 ne
2004 954 2121 989 beatae
2141 953 2331 988 Trinitatis
2358 952 2395 987 in
2413 951 2483 988 illis

1424 1011 1498 1058 jam
1521 1017 1788 1048 sacramentum
1818 1012 2003 1048 videretur
2035 1012 2235 1058 impletum,
2256 1013 2320 1048 sed
2340 1011 2483 1048 contin-

1426 1078 1550 1119 gerent
1568 1071 1711 1117 quidem
1731 1072 1879 1107 tertium
1898 1082 2101 1107 numerum.
2121 1072 2166 1107 Et
2187 1072 2281 1108 sicut
2299 1072 2391 1107 dixit
2412 1072 2483 1107 Do-

1426 1134 1559 1176 minus,
1580 1135 1768 1180 cupierant
1782 1134 1904 1168 videre
1925 1143 2004 1178 quae
2023 1133 2194 1176 vidimus,
2215 1138 2251 1169 et
2269 1133 2393 1169 audire
2405 1143 2484 1178 quae

1428 1195 1650 1238 audivimus;
1686 1195 1746 1230 sed
1780 1194 1928 1229 minime
1956 1198 2151 1238 potuerunt
2167 1219 2176 1236 ‚
2209 1194 2293 1238 quia
2324 1192 2486 1228 nondum

1430 1255 1542 1290 Filius
1556 1254 1714 1289 hominis
1733 1252 1851 1288 fuerat
1866 1251 2060 1294 exaltatus,
2080 1260 2148 1286 nec
2180 1255 2383 1296 temporum
2407 1249 2483 1294 jam

1429 1320 1578 1350 venerat
1598 1314 1797 1359 plenitudo.
1832 1311 1898 1347 Hic
1928 1321 1986 1346 me
2022 1311 2132 1346 etiam
2158 1311 2294 1356 aliquid
2331 1311 2487 1357 amplius

1427 1378 1627 1419 permovet.
1665 1372 1739 1416 Ego
1772 1377 1859 1416 puto
1893 1372 1989 1417 quod
2016 1370 2171 1407 fortasse
2186 1381 2252 1406 nec
2272 1371 2307 1406 in
2331 1371 2487 1406 adventu

1427 1435 1511 1470 Jesu
1533 1441 1568 1470 et
1585 1433 1834 1468 incarnatione
1865 1431 1941 1477 ejus
1966 1433 2001 1467 id
2035 1432 2131 1477 quod
2157 1432 2358 1478 perfectum
2379 1437 2433 1467 est
2453 1436 2490 1467 et

1428 1497 1610 1541 integrum
1637 1495 1804 1530 diximus.
1831 1493 1903 1530 Sed
1929 1504 1996 1530 nec
2022 1493 2051 1530 si
2073 1494 2117 1530 ad
2141 1504 2288 1530 crucem
2323 1494 2486 1535 ducant,

1429 1563 1464 1592 et
1485 1561 1757 1591 consummetur
1773 1556 1808 1590 in
1828 1555 2009 1598 omnibus,
2025 1565 2091 1590 nec
2111 1554 2141 1590 si
2162 1565 2182 1590 a
2203 1556 2355 1591 mortuis
2370 1565 2489 1591 resur-

1429 1619 1580 1661 rexerit,
1601 1623 1731 1654 cuncta
1748 1618 1853 1653 nobis
1867 1628 1931 1663 per
1951 1617 2186 1663 semetipsum
2218 1628 2297 1663 quae
2327 1617 2490 1663 perfecta

1430 1686 1514 1715 sunt
1531 1679 1669 1717 pandit.
1687 1678 1794 1714 Aliud
1810 1680 1927 1714 adhuc
1955 1690 2044 1725 opus
2063 1679 2250 1722 habemus,
2273 1680 2367 1725 quod
2383 1680 2490 1716 nobis

1430 1742 1568 1788 aperiat
1584 1747 1620 1777 et
1640 1741 1775 1777 revelet
1794 1741 1978 1776 universa.
2010 1741 2102 1776 Audi
2146 1741 2261 1786 ipsum
2296 1740 2490 1776 Dominum
2532 1730 2537 1735 ’

1431 1803 1608 1838 dicentem
1630 1814 1637 1837 z
1663 1814 1675 1834 ‹
1697 1801 1804 1836 Multa
1829 1802 1944 1837 adhuc
1964 1801 2079 1837 habeo
2107 1812 2187 1847 qnae
2220 1802 2322 1838 vohis
2348 1802 2488 1849 loq-tar,

1431 1863 1542 1905 dixit,
1563 1863 1626 1899 sed
1650 1873 1721 1898 non
1739 1862 1892 1907 potestis
1915 1862 1975 1897 illa
1994 1862 2099 1897 modo
2123 1861 2259 1897 audire.
2279 1862 2407 1897 Veniet
2427 1873 2490 1898 au-

1432 1930 1502 1959 tem
1547 1924 1703 1970 Spiritus
1737 1923 1901 1959 veritatis
1937 1923 1996 1968 qui
2042 1934 2062 1958 a
2102 1922 2209 1958 Patre
2248 1923 2423 1969 procedit,
2454 1929 2490 1959 et

1431 1983 1474 2018 de
1518 1993 1598 2019 meo
1632 1983 1807 2028 accipiet,
1837 1988 1872 2018 et
1909 1982 1968 2018 ille
2013 1982 2114 2018 vohis
2157 1983 2331 2018 indicabit
2367 1981 2488 2018 omnia

1433 2042 1555 2089 (Joan.
1577 2042 1666 2090 xvl).
1692 2056 1704 2076 ι
1726 2043 1835 2078 Vides
1851 2042 1936 2087 quia
1971 2053 2042 2077 non
2066 2042 2182 2077 solum
2215 2042 2309 2087 apud
2341 2042 2489 2089 Moysen

1434 2104 1500 2138 iste
1518 2102 1648 2138 tertius
1664 2113 1836 2137 numerus
1853 2112 1924 2138 non
1945 2103 2213 2137 demonstratur
2233 2090 2413 2147 impletus,
2427 2103 2489 2138 sed
2533 2135 2537 2142 ‚

1432 2165 1549 2200 adhuc
1565 2171 1602 2200 et
1614 2164 1718 2201 Jesus
1737 2164 1822 2200 dicit
1858 2164 2041 2209 discipulis
2062 2165 2159 2199 suis:
2188 2176 2199 2196 ‹
2236 2163 2400 2199 Nondum
2425 2173 2490 2210 po-

1432 2226 1536 2261 testis
1556 2226 1695 2268 audire,
1714 2225 1781 2260 nisi
1800 2225 1860 2260 ille
1875 2224 2086 2259 Paracletus
2100 2223 2237 2266 veniat,
2255 2223 2414 2269 Spiritus
2427 2234 2488 2259 ve-

1433 2287 1572 2328 ritatis3
1601 2298 1612 2319 ι
1634 2285 1717 2331 quia
1733 2295 1796 2330 per
1814 2286 1930 2331 ipsum
1951 2291 1986 2320 et
2007 2285 2041 2319 in
2059 2284 2134 2330 ipso
2167 2285 2382 2331 adimpletur
2404 2295 2488 2330 per-

1431 2345 1540 2382 fectio
1558 2345 1758 2381 Trinitatis.
1781 2345 1870 2380 Nam
1887 2347 1982 2390 quod
2012 2356 2142 2381 novem
2175 2352 2211 2381 et
2246 2346 2354 2382 semis
2373 2346 2489 2382 tribus

1433 2413 1516 2443 sunt
1535 2418 1616 2453 quae
1635 2407 1700 2442 sub
1720 2406 1805 2442 Jesu
1825 2407 1915 2442 duce
1931 2412 2098 2453 aguntur,
2117 2412 2153 2442 et
2173 2417 2244 2442 non
2262 2407 2410 2452 integrae
2427 2407 2488 2442 de-

1431 2479 1523 2511 cem,
1547 2468 1607 2513 qui
1627 2477 1800 2502 numerus
1821 2467 1857 2501 in
1873 2467 2037 2501 omnibus
2058 2470 2327 2501 consummatus
2357 2464 2488 2500 dicitur

1431 2535 1467 2565 et
1500 2527 1704 2574 perfectus3
1724 2527 1848 2562 eadem
1880 2526 1957 2561 sine
1977 2525 2084 2561 dubio
2105 2525 2198 2560 ratio
2232 2524 2429 2566 invenitur,
2448 2529 2488 2559 ut

1430 2591 1500 2626 hoc
1516 2589 1611 2635 quod
1640 2599 1660 2623 a
1694 2586 1846 2622 Domino
1882 2592 2003 2621 nostro
2033 2585 2118 2620 Jesu
2139 2584 2317 2620 reservari
2341 2583 2485 2626 dicitur,

1433 2650 1584 2697 Spiritui
1622 2653 1746 2685 sancto
1774 2646 2011 2692 semiplenum
2049 2645 2214 2681 videatur
2248 2655 2290 2680 ac
2314 2644 2485 2680 medium.

1432 2710 1604 2755 Quamvis
1637 2709 1733 2745 enim
1763 2718 1828 2753 per
1857 2707 2047 2742 Dominum
2066 2711 2102 2741 et
2135 2704 2357 2740 Salvatorem
2373 2702 2491 2750 poeni-

1434 2771 1547 2808 tentia
1563 2770 1792 2816 praedicetur,
1811 2772 1848 2803 et
1862 2766 2051 2803 conversio
2080 2776 2100 2801 a
2121 2765 2226 2800 malis
2265 2765 2310 2800 ad
2327 2764 2436 2807 bona,
2451 2767 2488 2799 et

1434 2831 1539 2877 detur
1561 2829 1727 2865 omnibus
1742 2827 1972 2864 credentibus
1998 2826 2163 2862 remissio
2182 2829 2427 2870 peccatorum,
2450 2827 2486 2858 et

1434 2890 1555 2925 omnia
1571 2899 1651 2935 quac
1669 2888 1713 2924 ad
1728 2887 1988 2934 perfectionem
2008 2887 2050 2922 de
2079 2886 2205 2921 eodem
2221 2885 2390 2920 videntur
2410 2889 2487 2918 ten-

1433 2950 1519 2985 dere
1536 2949 1786 2994 compleantur
1813 2961 1820 2983 :
1840 2953 1959 2983 tamen
1979 2945 2153 2992 perfectio
2173 2950 2209 2981 et
2239 2954 2378 2981 summa
2399 2954 2488 2979 cun-
2538 2979 2540 2982 ,

1436 3016 1577 3047 ctorum
1592 3009 1770 3045 bonorum
1786 3009 1822 3044 in
1840 3009 1907 3044 hoe
1924 3007 2101 3048 consistit,
2125 3006 2154 3040 si
2174 3009 2255 3051 post
2275 3005 2352 3040 haec
2366 3003 2487 3040 omnia
2514 2998 2540 3021 ⁴·

1436 3071 1552 3107 sancti
1590 3070 1746 3115 Spiritus
1784 3069 1864 3114 quis
1893 3067 2049 3114 gratiam
2088 3070 2272 3101 mereatur
2307 3063 2486 3109 accipere.
2508 3049 2540 3128 ἱ.

1435 3123 1605 3177 Alioqtiin
1625 3131 1715 3166 nihil
1745 3131 1781 3165 in
1806 3141 1848 3166 eo
1867 3129 2065 3175 perfectum
2083 3127 2281 3173 putabitur,
2299 3125 2356 3162 cui
2374 3123 2488 3170 Spiri-
2515 3127 2540 3136 ''

1435 3198 1494 3228 tus
1507 3196 1653 3228 sanctus
1668 3191 1779 3232 deest,
1795 3200 1859 3235 per
1876 3199 1983 3235 quem
2005 3187 2216 3234 mysterium
2230 3187 2345 3221 heatae
2370 3182 2485 3219 l'rini-

1435 3253 1521 3288 tatis
1542 3252 1722 3297 impletur.
1750 3251 1813 3286 Vis
1830 3256 1870 3284 ut
1888 3249 2005 3284 adhuc
2021 3247 2087 3283 tibi
2106 3245 2307 3284 evidentius
2320 3244 2485 3289 probem,

1437 3312 1531 3358 apud
1545 3311 1702 3357 priorem
1718 3308 1904 3354 populum,
1932 3307 2032 3342 illum
2050 3315 2157 3351 quem
2184 3303 2324 3349 Moyses
2342 3303 2378 3338 in
2401 3303 2487 3338 dua-

1434 3373 1502 3409 bus
1515 3376 1553 3407 et
1573 3369 1682 3406 semis
1701 3367 1865 3404 tribubus
1879 3365 2131 3408 adumbrabat,
2151 3375 2222 3400 non
2238 3362 2348 3398 fuisse
2365 3361 2486 3397 omnia

1435 3433 1573 3478 integra
1594 3436 1630 3466 et
1646 3428 1832 3477 perfecta?
1848 3427 2015 3464 Declarat
2035 3426 2144 3462 etiam
2159 3424 2218 3460 illa
2237 3422 2388 3459 historia
2407 3431 2486 3468 quae

1435 3492 1473 3528 in
1506 3492 1576 3528 hoc
1604 3490 1696 3526 libro
1713 3489 1797 3525 Jesu
1827 3487 1926 3524 Nave
1953 3486 2089 3532 scripta
2130 3490 2186 3522 est
2214 3497 2222 3520 ε
2261 3484 2345 3530 quia
2373 3483 2486 3518 altare

1437 3552 1582 3599 quidem
1599 3559 1723 3587 verum
1738 3554 1817 3585 erat
1837 3548 1873 3584 in
1893 3547 1953 3583 illa
1973 3553 2070 3584 terra
2089 3556 2199 3593 quam
2225 3545 2328 3582 Jesus
2342 3543 2487 3589 dispen-

1435 3612 1559 3655 sabat3
1578 3610 1637 3648 isti
1662 3614 1778 3645 tamen
1796 3607 1858 3654 qui
1876 3614 1982 3643 erant
2011 3611 2110 3643 trans
2126 3605 2334 3646 Jordanem,
2357 3601 2394 3637 id
2413 3606 2483 3644 est,

1434 3670 1560 3707 Ruhen
1581 3674 1618 3706 et
1639 3668 1730 3712 Gad,
1749 3673 1785 3704 ct
1805 3668 1951 3704 dimidia
1982 3667 2099 3704 tribus
2116 3664 2296 3707 Manasse,
2318 3661 2466 3698 fecerun

1433 3730 1501 3768 sibi
1517 3729 1644 3773 altare,
1664 3728 1726 3765 sed
1744 3738 1814 3764 non
1831 3738 1957 3764 verum
1979 3727 2108 3770 altare,
2139 3724 2203 3762 sed
2235 3722 2331 3770 quod
2362 3725 2422 3769 typ
2444 3771 2446 3777 .
2472 3720 2475 3721 ⁷

1432 3792 1581 3831 haberet
1594 3794 1630 3828 et
1643 3788 1798 3827 formam
1820 3788 1895 3826 veri
1913 3787 2050 3832 altaris,
2081 3784 2175 3833 quod
2202 3791 2281 3821 erat
2298 3780 2403 3832 „apud
2418 3778 2447 3822 ὃ,
