2540 4016
124 231 193 268 115

123 312 251 349 vivens
288 305 513 357 perstiterit,

123 372 262 410 illatum
285 380 351 417 per
371 367 623 415 poenitentiam
647 368 818 404 restituat
842 367 1040 405 seeundum
1064 368 1183 404 Evan-

122 432 206 480 gelii
235 429 480 477 magisterium
508 437 657 464 neeesse
684 428 846 465 habebit.
884 429 923 465 Si
952 434 1075 466 autem
1104 430 1182 476 ipsa

122 492 243 530 anima
269 499 334 536 per
359 497 523 524 errorem
551 493 682 524 necata
699 515 709 532 ,
752 494 835 535 post
864 489 1047 535 prolatum
1077 490 1183 526 abor-

121 553 248 594 tivum,
265 550 334 586 hoc
360 554 416 584 est
443 559 535 594 opus
551 548 794 593 mortiferum,
811 549 847 585 in
872 549 1086 585 infidelitate
1102 559 1183 596 per-

119 612 351 655 severaverit,
385 612 463 647 sine
490 610 600 647 dubio
629 612 799 648 seductor
824 612 935 655 illius,
954 613 1055 658 quasi
1074 621 1183 648 verus

117 672 320 717 homicida,
352 677 487 709 :eterna
517 678 636 709 morte
664 683 748 709 reus
779 674 861 710 erit.
896 673 1077 721 (Auqnst.)
1108 673 1182 710 No-

115 734 263 771 tandum
291 740 411 771 autem
439 735 535 780 quod
562 734 631 770 alia
658 734 769 770 editio
798 735 850 771 sic
875 736 1009 771 habet:
1043 735 1083 771 Si
1112 735 1183 770 liti-

116 796 244 844 gabunt
275 796 345 832 duo
375 797 460 839 viri,
493 802 524 831 et
554 797 764 842 percusserit
798 795 978 831 mulierem
1015 796 1052 831 in
1082 802 1181 832 utero

116 859 324 901 habentem,
356 863 389 894 et
419 858 544 894 exierit
575 858 694 903 infans
728 858 804 903 ejus
836 869 905 893 non
934 858 1152 903 deformatus
1171 885 1181 902 ,

116 920 362 955 detrimentum
378 918 544 965 patietur,
561 924 731 964 quantum
749 917 916 953 indixerit
933 918 980 952 vir
998 917 1180 953 mulieris:

116 988 149 1017 et
179 981 277 1017 dabit
304 992 382 1016 cum
410 979 656 1026 postulatione.
703 979 770 1015 Hie
802 980 846 1015 de
878 980 999 1015 anima
1030 981 1180 1025 quaestio

116 1043 210 1079 solet
238 1042 390 1088 agitari,
421 1047 544 1077 utrum
573 1042 670 1086 quod
704 1041 900 1077 formatum
932 1052 1001 1077 non
1034 1047 1103 1084 est,
1136 1052 1182 1077 ne

116 1104 236 1138 anima
259 1102 403 1148 quidem
426 1101 540 1147 possit
565 1101 742 1148 intelligi:
775 1106 811 1137 et
836 1102 916 1137 ideo
943 1112 1014 1137 non
1040 1102 1087 1137 sit
1116 1102 1181 1137 ho-

114 1164 323 1205 micidium,
364 1162 450 1209 quia
479 1172 546 1198 nec
576 1162 825 1198 exanimatum
860 1163 933 1198 dici
967 1168 1086 1209 potest
1106 1190 1115 1206 ‚
1149 1163 1179 1199 si

759 226 1098 266 COMMENTARlA
1123 225 1171 266 ΙΝ
1195 223 1405 266 EXODUM.
1432 248 1480 256 —-
1503 230 1590 267 ΠΒ.
1617 231 1675 268 nt.

556 314 752 352 percussor
780 311 904 343 tamen
936 311 977 342 ut
1009 306 1182 343 damnum
1200 304 1236 346 A
1251 303 1442 351 patientia,
1471 305 1566 341 sieut
1586 305 1783 352 Apostolus
1804 306 1916 344 dicit:
1940 308 2029 346 Cum
2047 315 2317 364 mansuetudine

2187 236 2194 244 ’
2243 239 2314 280 tlt

1253 367 1477 412 corripientes
1498 377 1557 402 eos
1583 367 1644 414 qui
1669 368 1836 404 resistunt
1857 367 1915 415 (ΙΙ
1930 368 2024 406 Tim.
2045 373 2103 419 ιι),
2130 385 2206 413 non
2232 387 2315 415 cum

1250 425 1335 467 lite,
1366 426 1461 462 sieut
1489 427 1657 472 superius
1685 437 1768 464 cum
1795 427 2006 468 scandalum
2037 430 2171 469 intulit.
2212 435 2316 480 Quod

1251 486 1283 522 si
1312 485 1491 524 formatus
1513 488 1591 535 jam
1624 487 1735 525 fuerit
1768 488 1905 534 infans,
1934 489 2036 527 dabit
2067 492 2226 530 animam
2251 507 2318 543 pro

1250 549 1386 586 anima.
1418 550 1613 587 Formatus
1631 550 1752 588 infans
1767 557 1889 598 potest
1904 552 2023 589 videri
2049 563 2170 592 sermo
2195 556 2259 593 Dei
2281 559 2317 595 in

1251 611 1359 648 eorde
1384 611 1463 659 ejus
1489 612 1620 649 animae
1643 624 1725 660 quae
1747 614 1903 660 gratiam
1927 614 2099 662 baptismi
2125 626 2318 657 consecuta

1250 679 1319 718 est,
1335 674 1392 711 vel
1417 675 1619 712 evidentius
1646 681 1684 712 et
1701 676 1852 721 clarius,
1868 678 2019 715 verbum
2038 678 2121 715 fidei
2137 683 2316 728 concepit.

1251 735 1335 773 Haee
1350 747 1436 784 ergo
1458 738 1487 773 si
1505 738 1640 782 anima,
1661 739 1896 775 contentione
1923 740 2113 777 doctorum
2131 752 2317 788 percussa,

1251 798 1426 843 abjecerit
1442 799 1592 834 verbum
1623 804 1660 835 et
1688 800 1834 836 inventa
1857 799 1967 836 fuerit
1993 811 2075 838 esse
2103 802 2148 838 de
2174 803 2245 839 illis
2276 804 2319 840 de

1252 858 1382 903 quibus
1413 859 1554 896 dicebat
1582 859 1804 906 Apostolus:
1828 861 1911 897 Jam
1933 862 2027 898 enim
2047 863 2210 909 quaedam
2233 875 2319 900 con·

1251 932 1358 956 versoe
1384 927 1464 957 sunt
1491 929 1583 958 retro
1610 928 1687 969 post
1714 923 1888 959 Satanam
1909 923 1945 970 (I
1969 923 2059 959 Tim.
2082 924 2134 972 v),
2159 925 2319 962 animam

1250 990 1316 1026 pro
1346 981 1468 1016 anima
1497 982 1626 1025 dabit,
1658 983 1715 1019 vel
1749 983 1786 1018 in
1820 984 1877 1019 dle
1907 983 2034 1029 judicii
2067 986 2317 1031 accipiendum

1251 1045 1318 1084 est,
1338 1042 1431 1086 apud
1458 1051 1540 1077 eum
1563 1041 1738 1087 judicem,
1764 1044 1826 1089 qui
1849 1050 1969 1088 potest
1990 1046 2149 1081 animam
2176 1053 2214 1083 et
2238 1058 2319 1084 cor-

1250 1110 1318 1146 pus
1335 1101 1486 1146 perdere
1511 1101 1546 1136 in
1571 1102 1795 1147 gehennam;
1827 1103 1884 1138 vel
1901 1109 2000 1139 certe
2016 1110 2136 1150 potest
2154 1106 2319 1145 fortassis

1251 1161 1362 1196 etiam
1390 1161 1477 1198 illud
1506 1164 1635 1208 aptari,
1658 1168 1698 1198 ut
1725 1163 1787 1208 qui
1814 1162 1883 1199 sibi
1906 1165 2074 1200 conscius
2100 1167 2190 1202 tanti
2214 1178 2320 1205 sean-

115 1226 234 1262 adhuc
263 1225 421 1260 animam
445 1234 517 1260 non
542 1223 709 1259 habebat.
745 1223 917 1270 Sequitur
940 1224 1037 1259 enim
1066 1229 1102 1259 et
1127 1223 1181 1259 di·
1199 1211 1231 1250 Β
1253 1221 1322 1257 dati
1349 1220 1471 1263 suerit,
1503 1228 1614 1268 ponat
1643 1223 1802 1259 animam
1832 1234 1936 1260 suam
1967 1235 2033 1270 pro
2061 1227 2180 1262 anima
2206 1228 2319 1273 illius,

114 1287 189 1323 cit:
222 1286 262 1323 Si
291 1292 407 1321 autem
439 1285 630 1331 formatum
659 1285 781 1330 suerit,
813 1284 909 1319 dabit
937 1286 1092 1319 animam
1118 1296 1180 1330 pro

115 1347 247 1383 anima.
277 1346 345 1382 Ubi
370 1345 456 1392 quid
479 1344 577 1380 aliud
602 1344 828 1390 intelligitur,
850 1344 920 1379 nisi
945 1349 985 1379 ut
1008 1344 1084 1390 ipse
1105 1355 1183 1380 mo-

114 1408 260 1445 riatur?
294 1407 386 1443 Nam
415 1408 484 1443 hoc
515 1413 551 1442 et
582 1406 618 1441 in
646 1406 789 1442 caeteris
820 1415 864 1442 ex
894 1406 963 1441 hae
989 1406 1182 1442 occasione

113 1470 188 1518 jam
208 1471 379 1517 praecepit
397 1482 406 1506 ε
434 1471 586 1506 Oculum
607 1482 670 1516 pro
692 1469 808 1513 oculo,
830 1469 966 1505 dentem
986 1480 1048 1516 pro
1066 1469 1180 1512 dente,

116 1543 258 1568 manum
284 1543 347 1578 pro
373 1542 495 1574 manu,
528 1531 648 1578 pede-m
680 1542 742 1576 pro
773 1530 874 1576 pede,
910 1529 1181 1564 combustionem

116 1603 178 1638 pro
199 1592 448 1635 combustione,
472 1591 596 1627 vulnus
617 1602 679 1636 pro
705 1590 860 1632 vulnere,
890 1589 1032 1625 livorem
1051 1600 1114 1635 pro
1135 1588 1181 1623 li-

116 1661 223 1687 vore:
255 1651 397 1686 talionis
430 1651 587 1687 videlicet
621 1651 784 1697 a’quitate
807 1650 938 1697 (Exest.
961 1650 1052 1696 xxi).
1095 1649 1182 1693 Quae

117 1712 174 1748 lex
205 1713 285 1748 ideo
310 1713 518 1756 constituit,
552 1718 590 1747 ut
623 1713 892 1748 demonstraret
917 1721 997 1757 quae
1023 1711 1183 1747 vindicta

118 1774 304 1811 debeatur.
338 1774 413 1810 Nisi
442 1775 538 1810 enim
569 1784 634 1819 per
665 1774 781 1820 legem
811 1774 967 1809 sciretur
993 1773 1079 1819 quid
1103 1773 1182 1808 vin-

116 1834 221 1870 dietae
246 1833 454 1876 deberetur,
484 1833 579 1869 unde
612 1834 769 1869 sciretur
797 1834 883 1879 quid
909 1834 1014 1869 venia
1041 1833 1183 1869 relaxa-

115 1900 183 1937 ret,
216 1899 255 1930 ut
282 1895 353 1931 dici
380 1899 502 1941 posset
520 1906 528 1929 :
558 1894 704 1929 Dimitte
725 1894 822 1930 nobis
843 1894 960 1929 debita
980 1901 1115 1938 nostra,
1135 1895 1182 1930 si-

115 1961 172 1990 cut
192 1961 224 1991 et
243 1966 305 1991 nos
329 1956 539 1990 dimittimus
561 1955 773 1991 debitoribus
794 1957 921 1991 nostris
939 1954 1082 2002 (Manli.
1099 1955 1150 2003 vt)
1167 1956 1181 1990 ?

115 2019 306 2056 Debitores
337 2019 445 2065 igitur
470 2020 549 2065 lege
571 2024 833 2062 monstrantes,
854 2024 895 2054 ut
916 2018 1060 2064 quando
1079 2018 1181 2064 igno-

115 2081 242 2124 scitur,
259 2086 433 2127 appareat
449 2080 535 2126 quid
553 2080 769 2116 dimittatur.
800 2079 925 2125 Neque
944 2079 1040 2115 enim
1059 2078 1179 2115 debita

116 2141 397 2183 dimitteremus,
427 2141 499 2177 nisi
529 2138 615 2186 quid
644 2140 749 2177 nobis
779 2140 985 2184 deberetur,
1016 2140 1095 2187 lege
1125 2140 1181 2176 in-

117 2202 195 2238 dice
217 2202 452 2238 disceremus.
472 2202 555 2238 ldeo
581 2212 667 2248 ergo
691 2201 847 2237 informe
869 2201 1103 2247 puerperium
1121 2200 1179 2236 lex

117 2263 233 2299 noluit
263 2264 307 2298 ad
331 2262 567 2300 homicidium
591 2263 789 2309 pertinere,
814 2262 899 2308 quia
924 2262 1085 2298 nondum
1110 2261 1181 2298 dici

116 2328 238 2369 potest
264 2323 382 2358 anima
400 2323 484 2358 viva
513 2323 550 2359 in
575 2333 618 2359 eo
644 2333 797 2369 corpore
822 2323 919 2369 quod
938 2333 1046 2359 sensu
1064 2328 1180 2369 earet,

117 2385 148 2421 si
172 2384 252 2420 talis
275 2390 330 2420 cst
351 2384 386 2419 in
412 2394 520 2420 earne
546 2384 707 2420 nondum
730 2384 898 2427 formata,
925 2388 961 2420 et
986 2383 1068 2420 ideo
1094 2393 1183 2420 non-

117 2446 202 2483 dum
230 2447 397 2483 sensibus
425 2446 588 2492 praedita.
623 2445 755 2494 (Oriq.)
780 2446 856 2483 Duo
885 2451 1006 2483 autem
1033 2446 1093 2483 isti
1111 2447 1182 2482 viri

117 2507 178 2552 qui
207 2506 375 2553 litigant,
411 2507 480 2543 duo
510 2506 736 2553 disputantes
767 2512 850 2543 sunt
880 2507 924 2543 de
952 2506 1182 2554 dogmatibus

117 2565 173 2602 vel
196 2566 458 2612 quaestionibus
481 2567 584 2612 legis.
617 2567 710 2611 Quia
737 2577 824 2614 ergo
847 2567 909 2603 isti
933 2568 995 2613 qui
1020 2567 1060 2602 inv
1084 2578 1182 2613 quae-

119 2628 296 2665 stionibus
321 2629 489 2674 litigant,
522 2634 649 2665 contra
675 2628 839 2674 Apostoli
873 2628 1093 2664 sententiam
1124 2628 1179 2664 fa-

120 2690 221 2725 ciunt
247 2699 318 2734 qua
346 2689 465 2724 dicit:
496 2688 583 2723 Noti
613 2689 723 2723 verbis
758 2688 994 2731 contendere;
1021 2688 1067 2723 ad
1094 2689 1180 2724 nihil

119 2749 210 2784 enim
236 2747 321 2783 utile
347 2753 417 2791 est,
445 2748 512 2783 nisi
537 2747 582 2783 ad
608 2747 864 2783 subversionem
883 2746 1102 2783 audientium
1123 2747 1181 2794 (II

120 2807 212 2844 Tim.
230 2807 288 2855 11),
319 2808 455 2844 idcirco
472 2807 680 2854 percutiunt
701 2806 891 2843 mulierem
915 2811 1179 2854 praegnantem,

121 2876 156 2907 et
183 2870 333 2916 ejiciunt
361 2870 539 2906 infantem
569 2869 660 2915 ejus,
693 2869 751 2905 vel
778 2868 974 2905 formatum
996 2868 1093 2914 jam,
1122 2869 1181 2905 vel

119 2933 280 2970 nondum
298 2931 507 2969 formatum.
543 2930 671 2966 Mulier
685 2940 878 2978 praegnans
894 2930 1027 2966 dicitur
1043 2930 1177 2973 anima,

121 3006 201 3042 quae
227 3004 342 3042 nuper
366 2993 532 3040 concepit
552 2993 729 3028 verbum:
742 2996 784 3027 ut
807 2997 892 3037 pote
909 2991 1176 3036 catechumeni,
1197 3013 1234 3053 D

121 3056 182 3102 qui
207 3055 308 3091 rudis
335 3059 391 3090 est
418 3053 564 3089 adhuc·
556 3063 593 3088 m
615 3052 698 3088 fide
729 3050 815 3088 Haee
841 3061 928 3097 ergo
954 3051 1075 3088 anima
1097 3061 1181 3088 eum

120 3125 185 3162 per
208 3114 479 3152 contentionem
506 3113 710 3160 aliquorum
732 3111 1050 3155 scandalizabitur,
1072 3112 1123 3148 ita
1142 3117 1182 3148 ut

121 3177 275 3212 verbum
302 3174 387 3211 fidei
418 3174 514 3221 quod
541 3173 700 3209 tenuiter
725 3176 956 3218 conceperat,
981 3172 1128 3218 abjiciat
1146 3177 1182 3209 et

122 3237 252 3284 perdat
274 3235 436 3272 nondum
461 3233 673 3277 formatum,
703 3233 736 3269 is
760 3232 823 3278 qui
851 3231 1061 3269 scandalum
1079 3231 1178 3276 feeit,

124 3297 256 3334 dieitur
281 3295 452 3331 damnum
476 3294 566 3340 pati.
597 3293 704 3329 Dabit
730 3297 865 3336 autem,
894 3291 1024 3338 inquit,
1052 3301 1182 3328 secun-

125 3358 212 3396 dum
239 3358 334 3405 quod
360 3357 532 3394 indixerit
556 3355 614 3392 vel
642 3354 855 3402 imposuerit
879 3353 937 3389 vir
961 3353 1052 3400 ejus.
1087 3353 1182 3400 Ergo

126 3419 184 3456 vir
203 3419 354 3464 iste‚vel
375 3418 556 3460 Christus,
573 3416 636 3463 qui
658 3415 820 3452 omnium
844 3413 1019 3460 magister
1038 3417 1108 3456 est,
1125 3413 1183 3449 vel

128 3479 190 3526 qui
205 3489 272 3526 pro
285 3479 431 3516 Christo
451 3477 624 3515 Ecclesiae
639 3479 791 3524 praeest,
815 3475 944 3512 doctor
962 3473 1178 3509 animarum.

126 3536 191 3576 tlte
220 3539 282 3586 qui
314 3539 360 3576 ad
391 3538 663 3576 subversionem
691 3534 914 3573 audientium
941 3533 1064 3571 verbis
1091 3543 1186 3570 eon*

85 3597 259 3664 tendit,
282 3598 440 3646 patiatur
461 3599 632 3634 damnum
659 3605 726 3643 pro
754 3594 874 3632 anima
900 3593 960 3629 illa
986 3602 1067 3639 quae
1092 3603 1184 3629 non-

85 3640 216 3697 *hm
241 3659 436 3698 formatum
459 3659 582 3707 abjicit
606 3657 797 3702 infantem,
823 3658 895 3694 hoc
921 3660 978 3693 est
1001 3654 1184 3702 poeniten-

232 3716 353 3767 ἰιμις
381 3725 419 3756 et
443 3729 589 3757 rursum
618 3723 770 3756 conetur
794 3717 872 3764 ipse
899 3717 963 3764 qui
991 3715 1110 3760 laesit,
1142 3719 1184 3751 ut

138 3760 304 3825 Q
323 3774 481 3828 reparet,
501 3776 683 3819 restituat
693 3774 823 3817 animae
843 3787 887 3816 ea
909 3788 989 3826 quae
1009 3774 1182 3825 perdidit.

172 3933 191 3949 ³-

139 3834 189 3882 Et
205 3824 500 3893 haefflfiwheiat'
521 3850 608 3881 ιιιιιιι
624 3841 777 3888 honore,
790 3849 876 3880 eum
886 3835 1084 3887 modestia,
1100 3847 1189 3880 eum.

1252 1291 1361 1327 quem
1391 1282 1722 1327 scandalizaverit;
1769 1289 1806 1320 et
1843 1294 1958 1330 usque
1990 1285 2036 1321 ad
2073 1292 2227 1324 mortem
2259 1288 2320 1325 det

1251 1353 1399 1390 operam
1423 1345 1605 1389 quomodo
1630 1345 1770 1390 redeat,
1796 1348 1978 1391 quomodo
2007 1355 2210 1394 reparetur,
2231 1360 2320 1397 quo-

1251 1405 1358 1440 modo
1376 1406 1590 1442 restituatur
1617 1407 1661 1442 ad
1680 1406 1801 1442 fidem.
1831 1407 1946 1444 Ponat
1963 1410 2073 1446 etiam
2091 1411 2235 1447 oculum
2253 1421 2319 1458 pro

1252 1466 1370 1501 oculo.
1404 1466 1443 1502 Si
1471 1467 1615 1502 oculum
1644 1468 1736 1503 laesit
1766 1469 1909 1513 animae,
1939 1470 1973 1506 id
2005 1477 2075 1515 est,
2095 1472 2319 1509 intellectum

1252 1524 1329 1570 ejus
1358 1526 1543 1569 turbavit,
1580 1526 1769 1564 auferatur
1796 1529 1923 1565 oculus
1958 1530 2071 1576 ipsius
2109 1533 2155 1568 ab
2184 1542 2228 1569 eo
2257 1533 2319 1579 qui

1251 1585 1422 1622 Ecclesiae
1438 1592 1591 1632 praeest;
1613 1593 1650 1623 et
1667 1588 1873 1625 intellectus
1897 1590 1990 1636 ejus,
2008 1591 2068 1627 ille
2089 1593 2321 1634 turbulentus

1251 1652 1287 1682 et
1318 1646 1443 1689 ferox,
1473 1647 1534 1692 qui
1561 1648 1772 1684 scandalum
1799 1656 1976 1694 generat,
2009 1651 2213 1690 desecetur.
2246 1653 2318 1692 Sed

1250 1714 1288 1745 et
1315 1709 1346 1744 si
1376 1710 1521 1745 dentem
1544 1709 1637 1746 laesit
1662 1710 1853 1754 auditoris,
1876 1721 1949 1758 quo
1972 1714 2174 1760 suscipiens
2198 1715 2319 1754 cibum

1251 1770 1351 1806 verbi
1382 1771 1468 1814 Dei,
1495 1771 1552 1806 vel
1584 1772 1851 1818 comminuere,
1884 1776 1941 1812 vel
1971 1778 2170 1815 molaribus
2199 1784 2321 1817 terere

1252 1830 1379 1867 solitus
1401 1837 1492 1874 erat,
1519 1836 1555 1867 et
1581 1832 1751 1869 subtilem
1778 1843 1822 1869 ex
1847 1834 1903 1871 his
1932 1837 1977 1872 ad
1999 1844 2164 1876 ventrem
2189 1841 2321 1878 animae

1252 1890 1500 1927 transmittere
1530 1901 1691 1934 sensum,
1724 1893 1753 1929 si
1787 1893 1883 1931 hunc
1911 1896 2058 1933 dentem
2087 1898 2147 1935 ille
2174 1902 2320 1939 vexavit

1253 1956 1289 1986 ct
1317 1950 1463 1994 evellit,
1504 1957 1545 1987 ιιι
1572 1963 1639 1998 pro
1672 1956 1908 1992 contentione
1946 1957 2060 2003 ipsius
2096 1970 2168 1996 non
2203 1962 2319 2006 possit

1251 2011 1372 2047 anima
1402 2012 1587 2048 subtiliter
1619 2019 1656 2049 et
1684 2015 1923 2060 spiritualiter
1951 2018 2138 2065 suscipere
2163 2022 2319 2060 verbum

1251 2071 1340 2116 Dei,
1373 2073 1561 2110 auferatur
1592 2075 1680 2112 dens
1708 2076 1810 2123 ejus,
1841 2079 1901 2124 qui
1930 2090 2003 2116 non
2034 2081 2126 2119 bene
2154 2082 2319 2131 Scriptu-

1251 2143 1375 2170 rarum
1405 2135 1619 2172 comminuit
1647 2142 1684 2173 et
1711 2139 1840 2175 dividit
1866 2141 1979 2178 cibos.
2016 2142 2198 2182 Fortassis
2218 2147 2319 2183 enim

1249 2199 1398 2240 propter
1425 2196 1494 2231 hoe
1527 2201 1563 2231 et
1600 2197 1686 2233 alibi
1721 2198 1854 2235 dieitur
1883 2210 1892 2235 ι
1931 2200 2061 2238 Dentes
2092 2210 2319 2250 peccatorum

1251 2257 1446 2292 contrivisti
1463 2256 1580 2304 (Psat.
1598 2259 1668 2306 ιιι).
1697 2259 1742 2295 Ει
1757 2261 1842 2296 alibi
1859 2261 2098 2301 nihilominus
2118 2266 2317 2307 scribitur:

1253 2316 1323 2359 Qui
1351 2318 1543 2354 manducat
1573 2331 1675 2355 uvam
1704 2321 1892 2366 acerbam,
1927 2323 2168 2371 obstupescent
2197 2326 2319 2367 dente:

1251 2378 1328 2424 ejus
1343 2378 1471 2426 (Eccli.
1489 2379 1590 2427 xxx).
1621 2381 1666 2416 Et
1694 2381 1779 2417 alibi
1797 2394 1804 2417 ε
1826 2381 1942 2419 Molas
1961 2383 2100 2420 leonum
2120 2387 2319 2435 confringet

1251 2437 1425 2474 Dominus
1446 2437 1560 2485 (Psal.
1580 2439 1681 2487 ιιίι).
1718 2440 1757 2476 Si
1788 2451 1875 2488 ergo
1899 2452 1966 2489 per
1992 2444 2158 2480 membra
2182 2444 2319 2485 dieitur

1250 2498 1332 2534 laedi
1360 2500 1481 2535 anima
1509 2505 1544 2536 et
1570 2501 1732 2546 percuti,
1764 2512 1894 2538 manus
1923 2513 2066 2550 quoque
2094 2513 2161 2549 pro
2188 2515 2316 2551 manu,

1250 2563 1288 2594 et
1313 2568 1378 2604 pes
1402 2569 1467 2604 pro
1491 2560 1583 2605 pede
1611 2560 1832 2606 deposcitur.
1867 2562 1994 2598 Manus
2016 2568 2072 2599 est
2095 2565 2227 2602 animae
2244 2567 2319 2605 vir-

1250 2625 1334 2660 tus,
1378 2629 1459 2665 quse
1490 2624 1613 2655 tenere
1641 2619 1778 2665 aliquid
1813 2625 1851 2656 et
1885 2622 2135 2669 constringere
2164 2629 2315 2670 potest:

1249 2679 1349 2715 velut
1379 2680 1407 2715 si
1436 2679 1601 2715 dicamus
1632 2685 1735 2716 actus
1766 2680 1845 2727 ejus
1875 2686 1912 2717 et
1941 2681 2139 2727 fortitudo,
2178 2690 2218 2723 et
2252 2695 2318 2732 pes

1250 2749 1323 2786 quo
1346 2739 1482 2775 incedit
1498 2739 1541 2775 ad
1557 2740 1651 2776 bona
1667 2739 1724 2776 vel
1740 2740 1784 2776 ad
1803 2740 1911 2776 mala.
1947 2741 2038 2786 Quia
2055 2753 2144 2791 ergo
2159 2745 2190 2780 si
2211 2755 2317 2782 scan-

1250 2800 1371 2837 dalum
1395 2801 1555 2846 patiatur
1579 2801 1725 2844 anima,
1757 2812 1829 2838 non
1857 2802 1972 2839 solum
1998 2804 2033 2839 in
2059 2805 2151 2849 fide,
2182 2807 2247 2844 sed
2277 2807 2316 2844 in

1250 2860 1477 2906 actibus,qui
1498 2870 1563 2906 per
1583 2870 1714 2896 manus
1733 2861 1985 2908 significantur
2005 2869 2041 2900 et
2062 2865 2186 2911 pedes,
2208 2867 2315 2904 aufe—

1250 2927 1382 2959 runtur
1401 2922 1497 2959 illius
1517 2923 1578 2969 qui
1601 2921 1856 2960 offendiculum
1875 2925 2032 2970 praebuit
2058 2936 2208 2972 manuS‚
2229 2917 2318 2974 qui-¹

1250 2984 1320 3022 bus
1346 2994 1417 3021 non
1442 2983 1534 3020 bene
1559 2989 1744 3030 operatur,
1769 2989 1807 3020 et
1830 2985 1942 3030 pedes
1966 2986 2098 3031 quibus
2123 2997 2198 3025 non
2220 2989 2315 3029 bene

1251 3045 1402 3082 incedit.
1423 3044 1588 3091 Recipiet
1600 3045 1709 3081 etiam
1725 3046 1998 3082 combusturam
2012 3058 2085 3094 qua
2102 3049 2314 3095 combussit,

1252 3111 1289 3143 et
1311 3106 1486 3153 gehennae
1507 3106 1666 3141 animam
1685 3105 1860 3142 tradidit:
1888 3116 1954 3152 per
1972 3118 2052 3154 quae
2078 3109 2219 3157 singula
2244 3111 2315 3147 hoc

1252 3166 1471 3210 ostenditur,
1503 3169 1543 3201 ut
1572 3166 1642 3202 iste
1671 3175 1867 3212 percussor
1891 3167 2059 3205 omnibus
2090 3169 2314 3205 detruncatis

1253 3225 1439 3269 membris,
1468 3235 1489 3261 a
1513 3235 1666 3271 corpore
1690 3225 1881 3262 excidatur
1898 3226 2096 3263 Ecclesiae:
2123 3232 2163 3261 ut
2180 3228 2313 3276 coeteri,

1253 3286 1384 3332 inquit,
1402 3285 1568 3329 videntes,
1589 3285 1748 3321 timorem
1767 3285 1931 3330 babeant,
1960 3291 1996 3323 et
2012 3295 2085 3321 non
2104 3285 2242 3323 faciant
2260 3288 2314 3324 si-¹

1251 3348 1388 3385 militer
1411 3346 1448 3396 (Ι
1472 3345 1554 3383 Gor.
1573 3345 1626 3394 v).
1664 3345 1705 3382 si
1728 3347 1938 3392 percusserit
1966 3344 2141 3391 quispiam
2170 3346 2313 3383 oculum

1252 3409 1344 3446 servi
1366 3409 1422 3445 sui
1447 3408 1509 3443 aut
1535 3405 1688 3449 ancittae,
1713 3412 1747 3441 et
1771 3405 1886 3440 tuscos
1911 3414 1969 3439 eos
1996 3403 2134 3449 lecerit,
2159 3405 2313 3444 dimittet

1253 3470 1380 3509 liberos
1402 3481 1467 3519 pro
1485 3467 1592 3505 oculo
1618 3476 1721 3514 quem
1745 3465 1850 3500 eruit.
1875 3463 2023 3499 Dentem
2042 3475 2178 3512 quoque
2195 3467 2226 3502 si
2249 3477 2312 3502 ex-

1217 3538 1221 3541 *
1252 3530 1399 3566 eusserit
1423 3537 1520 3563 servo
1543 3524 1595 3561 vel
1617 3514 1757 3558 ancittoe
1779 3531 1868 3565 suoe,
1893 3520 2055 3559 similiter
2077 3523 2227 3560 dimittet
2250 3536 2312 3561 eos

1252 3589 1393 3626 liberos.
1421 3588 1460 3624 Si
1478 3587 1560 3633 quis
1575 3593 1664 3621 vero
1690 3581 1895 3620 auditorem
1926 3593 2032 3621 suum
2063 3585 2108 3621 ad
2136 3585 2311 3622 intuitum

1251 3648 1344 3685 recti
1359 3646 1564 3683 intellectus
1582 3641 1904 3688 debilemteeerit,
1924 3647 1988 3680 aut
2005 3643 2149 3680 dentem
2168 3642 2310 3682 ‹lisere-

1251 3710 1361 3746 tionis
1382 3717 1449 3755 per
1471 3715 1581 3753 quem
1605 3700 2010 3741 subtilitefsententias
2037 3701 2310 3750 Scripturamm

1252 3770 1502 3810 comminuens
1518 3766 1541 3811 ‚'
1561 3765 1607 3802 ad
1628 3768 1775 3812 paetum
1800 3758 1932 3801 animae
1952 3762 2119 3812 redigere
2134 3755 2282 3812 poterat
2296 3790 2309 3809 ,

1250 3843 1318 3882 per
1329 3825 1550 3882 proterviam
1567 3831 1672 3868 suam
1687 3823 1904 3884 excusserit,
1915 3823 2053 3867 benum
2069 3828 2128 3867 est
2138 3826 2187 3867 ei·
2197 3831 2243 3866 ut
2255 3823 2312 3871 itu

1325 3963 1375 3982 us,
