2540 4016
98 182 166 221 137

96 259 142 294 ad
166 257 335 296 interiora
355 259 497 298 rediens
522 261 692 307 populum
719 271 900 311 praecepta
926 267 1068 304 doceat.
1090 268 1151 305 Sic

94 323 131 353 et
147 317 184 354 in
203 319 395 368 Evangelio
415 320 598 362 Dominus,
617 331 730 358 novos
750 325 876 370 gratiae
902 336 1088 371 praecones
1112 329 1150 365 in

93 386 255 417 montem
278 391 493 423 convocan5‚
520 383 710 428 praeceptis
741 385 960 423 salutaribus
978 388 1147 432 instituit,

91 446 134 477 ut
153 451 198 477 ex
216 441 284 478 loci
309 440 418 476 etiam
439 441 510 476 situ
527 446 746 487 patesceret,
768 445 852 490 quia
879 446 1048 482 sublimia
1078 447 1149 484 illis

90 501 147 537 vel
163 501 327 538 mandata
360 501 516 545 vivendi,
549 502 606 538 vel
637 505 818 549 promissa
851 506 955 542 daret
979 518 1149 544 remune-

91 562 208 598 randi.
229 561 275 597 Et
293 561 382 609 legis
400 571 488 607 ergo
514 568 551 599 et
567 563 754 610 Evangelii
773 571 952 612 praecepta
972 567 1147 606 Dominus

90 620 127 655 in
145 626 266 657 monte
285 621 396 664 dedit,
427 627 467 657 ut
498 622 756 659 sublimitatem
778 635 843 670 per
863 626 932 662 hoc
958 628 1146 674 utriusque

89 679 310 716 Testamenti
331 683 613 719 commendaret.
635 684 767 720 Verum
784 686 868 731 quia
888 686 1076 734 Scriptura
1090 689 1145 725 le-

85 740 140 786 gis
154 742 216 776 uni
233 748 318 778 tunc
337 743 469 788 populo
486 743 597 780 lsrael
624 746 906 792 committenda,
922 750 1038 795 gratia
1056 761 1143 787 vero

84 800 270 847 Evangelii
301 805 348 840 ad
366 815 492 841 omnes
522 815 587 851 per
612 807 736 843 orbem
770 809 937 846 nationes
969 812 1142 856 apostolis

82 863 364 908 praedicantibus
389 870 477 907 ,erat
491 872 722 912 perventura,
742 874 841 904 recte
859 869 905 904 ad
930 870 1141 938 discendam

81 923 400 970 accipiendamque
426 925 566 971 legem,
599 926 697 962 selus
736 927 877 973 Moyses
909 930 1073 965 ascendit
1101 942 1139 966 m

79 988 238 1018 montem
258 995 265 1018 :
287 984 488 1019 doctrinam
516 995 600 1021 vero
628 986 827 1032 Evangelii,
849 990 1002 1033 apostoli
1030 991 1137 1027 simul

77 1050 203 1077 omnes
218 1042 254 1077 in
275 1048 396 1078 monte
415 1053 497 1079 cum
521 1044 673 1081 Domino
696 1046 817 1090 positi,
845 1049 1136 1087 anscultanmzus

75 1102 185 1137 etiam
208 1103 322 1139 turbis
344 1104 548 1142 audierunt.
585 1105 657 1143 Sed
677 1113 714 1143 et
744 1109 938 1146 audierunt
961 1122 1027 1158 per
1051 1124 1133 1160 gra-

74 1162 161 1209 giam
180 1165 294 1202 sancti
324 1164 492 1210 Spiritus,
512 1177 583 1213 quo
600 1169 677 1207 haec
694 1171 821 1209 eadem
837 1174 953 1219 gratia
975 1180 1012 1212 et
1037 1177 1133 1213 veri-

73 1225 129 1258 tas
155 1223 339 1270 Evangelii
374 1226 601 1265 manifestius
637 1230 811 1268 Ecclesice
841 1233 925 1271 data
961 1241 1030 1279 est,
1059 1248 1131 1277 non

74 1283 227 1328 apostoli
246 1284 484 1329 solummodo,
504 1299 629 1326 verum
645 1292 752 1328 etiam
772 1293 925 1339 plurima
942 1296 1049 1333 simul
1071 1309 1131 1337 ca-

71 1346 171 1379 terva
203 1343 375 1390 fidelium,
406 1349 550 1394 quando
584 1351 621 1386 in
650 1354 838 1390 coenaculo
872 1358 1005 1394 montis
1042 1358 1128 1396 Sion

68 1403 263 1441 constituta
295 1409 474 1454 susceptu
506 1416 542 1446 et
565 1411 634 1451 hoc
667 1413 703 1448 in
736 1416 922 1454 variarum
951 1419 1128 1458 divisione

67 1462 283 1510 linguarum,
315 1473 352 1503 ut
383 1470 444 1506 tali
472 1472 647 1509 miraculo
679 1475 882 1515 Ecclesiam
912 1486 1126 1521 cunctarum

66 1533 131 1568 per
153 1525 277 1561 orbem
298 1530 473 1573 gentium,
504 1531 636 1578 linguis
659 1535 773 1575 Deum
808 1538 1055 1577 collaudatura
1077 1543 1126 1578 si-

66 1591 249 1630 gnaretnr.
272 1588 443 1635 Daboque
463 1593 524 1628 tibi
545 1595 685 1631 tabulas
701 1596 876 1642 lapideas,
896 1606 933 1636 ct
948 1601 1062 1648 legem
1081 1614 1124 1641 ac

64 1647 232 1682 mandata
252 1659 332 1694 quse
350 1652 492 1698 scripsi,
518 1660 556 1690 ut
575 1657 705 1694 doceas
728 1669 802 1696 eos.
820 1660 912 1698 lluic
931 1664 1047 1701 simile
1066 1671 1123 1703 est

62 1703 152 1741 illud
173 1707 356 1756 Evangelii
386 1713 481 1758 quod
512 1725 621 1761 supra
642 1719 830 1762 posuimus
848 1734 855 1756 :
876 1722 1045 1760 Docentes
1064 1737 1120 1762 eos

61 1774 199 1803 servare
213 1770 330 1807 omnia
345 1782 557 1820 quaecunque
575 1778 737 1814 mandavi
754 1780 848 1816 vobis
865 1782 916 1828 (M
922 1785 1008 1820 aeth.
1022 1786 1117 1834 alh).

60 1823 139 1861 Non
157 1837 242 1874 ergo
266 1829 419 1876 Moyses,
443 1843 513 1868 non
543 1838 708 1881 apostoli,
732 1850 803 1875 non
825 1842 977 1887 quilibet
994 1845 1119 1883 docto-

59 1894 139 1922 rum
161 1888 230 1923 alia
261 1889 366 1926 debet
390 1895 559 1939 populum
580 1897 643 1933 Dei
665 1900 794 1937 docere
813 1913 920 1948 quam
941 1917 1020 1951 quae
1040 1908 1117 1954 ipse

58 1945 231 1985 Dominus
256 1950 391 1996 docuit,
413 1964 563 2001 qumque
593 1961 735 1997 consilii
753 1963 808 1998 sui
841 1965 991 2003 decreto
1010 1969 1115 2007 nobis

57 2005 277 2045 observanda
318 2015 594 2062 prcoscripserit,
629 2025 665 2055 et
696 2022 732 2058 in
764 2033 916 2068 quorum
943 2027 1115 2067 observa-

55 2131 127 2163 tem
145 2128 220 2164 haec
242 2130 278 2166 iu
303 2133 433 2171 tabulis
453 2135 615 2182 lapideis,
639 2142 723 2186 quia
740 2144 774 2179 in
791 2147 961 2185 cordibus
979 2150 1113 2189 electo-

54 2197 134 2225 rum
167 2188 236 2226 fide
264 2189 428 2238 sortibus,
453 2195 522 2234 lixa
553 2198 755 2240 intentione
781 2208 1016 2247 custodienda
1050 2212 1111 2249 fir-

51 2250 189 2287 mavit:
209 2261 362 2298 quorum
384 2259 547 2304 exempla
568 2271 651 2298 cum
681 2265 785 2302 nobis
819 2268 865 2304 ad
891 2270 1109 2311 imitandum

50 2315 232 2358 proponit,
264 2318 367 2362 quasi
386 2321 519 2366 scripta
548 2323 585 2359 in
613 2325 732 2372 lapide
761 2335 895 2368 statuta
927 2345 1000 2372 suae
1018 2336 1108 2384 legis

50 2374 220 2409 ostendit.
238 2375 327 2412 Nam
351 2384 387 2414 et
407 2380 530 2418 Daniel
549 2384 639 2421 vidit
657 2387 847 2427 Dominum
866 2393 901 2429 in
920 2394 1032 2442 figura
1055 2398 1107 2434 la-

49 2433 141 2478 pidis
168 2437 279 2474 excisi
311 2440 354 2476 de
385 2445 568 2482 montibus
589 2447 667 2484 sinc
694 2452 860 2490 manibus
888 2457 1106 2496 contrivisse

47 2501 212 2542 pompam
240 2500 340 2545 regni
371 2505 579 2550 mundialis,
611 2515 651 2546 ut
681 2521 829 2558 regnum
852 2515 964 2563 ipsius
987 2518 1103 2555 solum

47 2552 124 2591 sine
147 2555 217 2593 tine
235 2568 446 2605 permaneat
458 2564 567 2612 (Dan.
590 2569 644 2616 ιι).
667 2571 710 2608 Et
730 2572 859 2613 Petrus
881 2576 1006 2615 fideles
1036 2580 1102 2616 ad-

49 2621 171 2650 monet
201 2617 350 2656 dicens:
369 2622 414 2658 Et
441 2635 500 2661 vos
530 2634 698 2674 tanquam
718 2632 852 2680 lapides
869 2636 948 2679 vivi,
977 2649 1101 2684 super-

45 2673 273 2718 oedificamini
293 2679 416 2722 domus
443 2685 644 2730 spirituales
665 2689 699 2736 (Ι
716 2690 814 2728 Petr.
849 2695 903 2741 ιι).
939 2695 1101 2735 Surrexit

43 2731 195 2780 Moyses,
210 2744 241 2774 et
259 2739 367 2776 Josue
381 2743 538 2781 minister
552 2748 641 2794 ejus.
660 2749 769 2789 Josne
786 2755 952 2792 minister
970 2758 1098 2807 Moysi,

27 2790 233 2834 inominum
248 2801 479 2850 salvatorem,
500 2813 536 2843 et
550 2811 695 2850 nomine
710 2813 875 2862 designat
887 2823 924 2854 et
940 2821 1095 2860 actione.

23 2851 109 2899 ‹Qui
125 2857 291 2898 minister
308 2861 420 2913 Moysi
447 2874 546 2907 recte
572 2878 723 2909 vocatur
752 2876 836 2921 quia
861 2887 1039 2927 apparens
1059 2883 1095 2919 in

24 2923 160 2959 imme,
186 2918 352 2958 Mosaicce
366 2923 455 2971 legis
480 2927 517 2963 in
540 2939 579 2966 se
593 2933 819 2974 caerimonias
837 2939 1023 2987 suscipere
1042 2943 1096 2982 di-

22 2981 168 3021 flgnatus
185 2985 253 3023 est,
273 2983 357 3028 quia
379 2995 450 3023 non
471 2988 610 3026 solvere
629 2991 743 3039 legem
759 2997 873 3040 venit,
891 3001 954 3036 sed
979 3003 1095 3038 adim-

21 3033 148 3083 aplere.
165 3038 282 3089 Moysi
302 3043 338 3082 in
365 3048 533 3085 omnibus
553 3053 706 3100 vestigia
738 3058 903 3102 sequitur
922 3073 930 3097 :
953 3063 1037 3109 quia
1055 3065 1092 3102 in

21 3098 176 3134 tcunctis
204 3111 283 3148 quae
303 3103 463 3153 loquitur
480 3110 534 3146 vel
562 3114 689 3150 scribit
707 3116 863 3166 Moyses,
883 3121 944 3158 ille
967 3124 1022 3160 vel
1041 3131 1093 3172 ty-

37 3153 127 3201 pice,
149 3159 205 3196 vel
226 3165 413 3205 manifeste
433 3169 654 3218 designatus,
687 3179 791 3223 quasi
814 3190 937 3219 comes
961 3185 1091 3224 indivi-

107 3225 126 3254 s
147 3218 284 3260 sibene
299 3227 486 3273 quaeritur,
505 3231 702 3275 invenitur.
730 3237 822 3277 Hinc
841 3243 974 3280 etenim
1001 3247 1089 3286 dicit

56 3262 164 3332 pzdaeis
183 3291 192 3314 ε
211 3280 253 3316 Si
284 3286 469 3324 crederetis
503 3291 630 3339 Moysi,
666 3299 852 3338 crederetis
879 3303 1031 3349 forsitan
1053 3314 1086 3346 et

67 3371 75 3379 κ
110 3333 131 3370 '.
144 3335 198 3372 De
220 3350 274 3376 me
288 3343 379 3381 enim
398 3345 456 3382 ille
474 3350 612 3399 scripsit
635 3353 756 3400 (Joan.
778 3358 827 3405 v).

74 3404 340 3466 {mentiensque
372 3420 509 3468 Moyses
535 3426 574 3463 in
599 3438 750 3470 'nentem
782 3435 862 3480 Dei,
888 3441 1082 3480 senioribus

32 3466 35 3468 ’
52 3521 61 3528 “
71 3466 336 3533 ῥ’ςῖἶβπφεειαιε
363 3479 435 3524 laic,
453 3482 563 3520 donec
579 3495 793 3528 revertamur
809 3497 856 3532 ad
870 3509 942 3535 vos.
963 3501 1082 3538 Habe-

41 3697 53 3707 Ί
368 3667 387 3693 r
419 3658 512 3708 ignis
539 3665 616 3704 sive
651 3669 773 3710 lumen
801 3678 928 3714 :unde
955 3679 1079 3720 Aaron

58 3721 68 3734 ⁴
202 3707 230 3748 s}
253 3708 476 3768 Meum,
496 3722 574 3762 flur
597 3727 764 3777 designat
790 3734 967 3782 Spiritum
993 3751 1078 3780 san-

133 3784 143 3797 ·
182 3787 187 3796 »
215 3770 235 3773 ’
493 3779 637 3830 Moyses
659 3789 706 3827 ad
730 3790 939 3839 Dominum,
952 3797 1075 3840 Aaron

238 3822 421 3875 Pernen..
449 3835 595 3885 cvm.

744 189 1082 231 coafflENTARtA
1107 194 1154 232 IN
1169 183 1389 237 'Exonmt
1415 221 1464 230 —
1488 202 1574 240 LlB.
1603 205 1664 243 111.

57 2064 154 2102 tione
173 2067 281 2104 vitam
300 2082 365 2107 nos
386 2073 520 2112 habere
535 2084 709 2117 :eternam
726 2084 850 2123 voluit.
872 2086 1026 2135 Scripsit
1045 2102 1113 2128 au-
1133 2073 1162 2114 C

1113 2967 1147 3006 D
1161 2942 1271 2990 justis
1291 2961 1334 2986 ex

2212 223 2283 263 ¹58

1167 274 1203 313 A
1219 277 1256 308 et
1276 271 1368 318 flur,
1386 275 1456 311 hoc
1478 282 1533 313 est
1547 284 1708 316 montem
1732 278 1956 323 fortitudinis
1968 293 2006 324 et
2029 289 2151 332 tumen
2171 296 2280 345 ignis,

1218 331 1255 367 in
1268 334 1533 380 campestribus
1546 338 1592 374 ad
1607 339 1768 386 regimen
1787 344 1909 390 populi
1929 345 2133 396 dereliquit.
2148 355 2195 393 Et
2211 369 2280 398 nos

1218 392 1250 428 si
1267 393 1437 433 doctores
1462 404 1607 437 nostros
1635 401 1682 438 ad
1703 402 1932 442 altitudinem
1961 407 2092 447 divinae
2117 422 2280 455 contem-

1216 453 1386 500 piationis
1409 459 1510 505 sequi
1537 471 1608 498 non
1624 473 1828 510 possumus,
1847 477 2018 506 curemus
2045 472 2204 519 solliciti,
2234 490 2281 517 ne

1216 514 1336 561 aliqua
1366 527 1432 554 nos
1458 522 1612 558 tentatio
1629 533 1650 559 a
1675 524 1811 562 vicinia
1831 530 1966 566 mbntis
1993 531 2057 568 Dei
2083 536 2276 583 retrahat;

1215 574 1279 611 sed
1297 575 1400 622 juxta
1420 579 1606 618 modulum
1636 590 1802 622 nostrum
1826 588 2002 627 virtutum
2024 595 2196 640 operibus
2222 598 2279 636 in-

1215 635 1402 682 sistamus,
1422 639 1643 681 inhaerentes
1669 647 1791 684 stabili
1818 651 1928 688 corde
1956 658 2197 695 sacramentis
2214 670 2280 697 no·

1214 695 1279 730 stri
1302 695 1557 746 Redemptor-is
1581 704 1714 750 quibus
1743 706 1872 746 imbuti
1898 721 2036 759 sumus,
2059 722 2097 753 et
2118 720 2275 766 gratiam

1213 754 1363 800 spiritus
1381 759 1461 805 ejus
1477 772 1548 808 qua
1577 764 1708 812 signati
1737 779 1862 807 sumus
1881 772 2136 815 intemeratam
2156 781 2194 818 in
2210 793 2276 819 no-

1210 813 1267 850 bis
1284 826 1500 857 conservare
1523 831 1693 864 curantes
1710 839 1719 872 ;
1742 835 1779 866 et
1791 831 1821 867 si
1841 843 1912 878 qua
1930 845 1996 873 nos
2013 839 2273 881 adversitatum

1210 876 1360 918 quaestio
1377 879 1589 927 pulsaverit,
1614 896 1697 922 mox
1710 889 1929 935 adjutorium
1951 896 2161 938 invocemus
2172 903 2271 950 ejus-

1209 933 1290 970 dem
1307 941 1421 976 nostri
1441 941 1709 991 Redemptum,
1728 952 1789 996 qui
1806 953 1930 992 fideles
1951 968 2036 995 suos
2051 971 2118 1007 per
2134 964 2270 1004 donum

1207 996 1324 1031 sancti
1358 997 1516 1044 Spiritus
1539 1013 1729 1054 protegere
1753 1021 1773 1047 a
1806 1015 1911 1051 malis
1937 1021 2119 1068 omnibus,
2153 1036 2198 1063 ac
2227 1028 2272 1065 li-

1204 1053 1334 1092 berare
1354 1063 1553 1099 consuevit.
1584 1065 1739 1115 Cumque
1759 1076 1970 1112 ascendisset
1997 1079 2152 1128 Moyses,
2183 1098 2268 1132 ope-

1204 1117 1274 1151 ruit
1293 1119 1399 1156 nubes
1415 1131 1579 1160 montem.
1602 1126 1702 1164 Sicut
1726 1132 1830 1169 mons
1850 1134 1886 1170 in
1908 1147 1979 1182 quo
1995 1139 2111 1187 legem
2126 1148 2269 1193 accepit

1152 1170 1183 1211 B
1203 1173 1343 1222 Moyses
1363 1179 1588 1220 altitudinem
1616 1187 1851 1232 perfectionis
1870 1205 1950 1241 quae
1977 1198 2014 1234 in
2034 1201 2161 1239 eadem
2187 1204 2268 1253 lege

1199 1242 1278 1272 erat
1303 1242 1578 1289 conscribenda,
1615 1247 1663 1284 ita
1691 1252 1804 1291 nubes
1835 1265 1906 1301 qua
1930 1268 2035 1296 mons
2064 1267 2181 1302 tectus
2207 1274 2266 1308 est

1198 1297 1349 1342 gratiam
1372 1301 1502 1339 divinae
1518 1305 1676 1346 insinuat
1692 1316 1945 1362 protectionis,
1964 1331 2035 1366 qua
2056 1329 2157 1363 tanto
2179 1338 2260 1366 am-

1196 1357 1290 1402 plius
1324 1363 1478 1409 quisquc
1508 1367 1655 1414 fruitur,
1692 1383 1829 1420 quanto
1856 1380 1966 1419 altius
1989 1385 2035 1420 ad
2062 1394 2260 1432 scrutanda

1195 1414 1375 1452 mirabilia
1402 1421 1446 1456 de
1476 1422 1553 1470 lege
1572 1425 1635 1462 Dei
1667 1433 1836 1471 revelatis
1856 1439 1970 1476 oculis
1988 1444 2108 1483 cordis
2125 1459 2258 1488 ascen-

1194 1473 1259 1510 dit.
1278 1475 1439 1524 Namque
1456 1492 1522 1519 ncc
1544 1493 1703 1525 montem
1721 1493 1949 1535 solummodo
1970 1501 2006 1538 in
2026 1514 2098 1551 quo
2116 1508 2258 1558 Moyses

1192 1537 1368 1582 ascendit,
1391 1542 1504 1579 nubes
1521 1549 1676 1593 operuit,
1699 1554 1762 1588 sed
1782 1561 1816 1592 ct
1835 1560 2005 1604 populum
2023 1575 2090 1611 per
2112 1570 2257 1612 deserta

1191 1595 1430 1642 gradientem,
1448 1604 1509 1647 qni
1526 1615 1754 1655 nequaquam
1772 1615 1816 1650 ad
1831 1617 1959 1656 altiora
1969 1630 2110 1669 poterat
2125 1641 2254 1671 ascen-

1191 1652 1292 1698 dere,
1310 1657 1547 1701 nibilominus
1565 1668 1679 1707 nubes
1706 1673 1849 1712 coelitus
1872 1679 1983 1719 missa
2006 1685 2251 1731 obumbravit.

1192 1712 1293 1753 Unde
1312 1720 1486 1768 scriptum
1505 1731 1560 1762 est
1579 1739 1587 1762 :
1605 1729 1786 1777 Expendit
1805 1738 1929 1777 nubem
1948 1742 1985 1778 in
2002 1751 2253 1791 protectionem

1189 1783 1310 1811 eorum
1336 1777 1450 1824 (Psal.
1479 1785 1590 1833 cxiv).
1611 1789 1703 1833 Quia
1731 1794 1902 1835 nimirum
1931 1802 2106 1846 Dominus
2124 1821 2251 1853 omnes

1190 1833 1362 1876 timentes
1383 1851 1436 1886 se,
1452 1847 1602 1890 pusillos
1616 1861 1698 1888 cum
1715 1856 1926 1907 majoribus,
1939 1866 2079 1908 coelesti
2099 1872 2253 1915 henedi-

1185 1902 1305 1940 ctione
1323 1913 1493 1958 protegit.
1514 1915 1560 1950 Et
1579 1918 1748 1959 habitavit
1770 1926 1883 1971 yloria
1906 1931 2049 1973 Domini
2067 1951 2172 1988 super
2189 1943 2249 1982 Si-

1185 1968 1256 2011 nai,
1274 1975 1391 2017 teyens
1412 1975 1511 2013 illum
1533 1982 1622 2019 nube
1639 1997 1700 2022 sex
1721 1989 1854 2029 diebus.
1875 1995 2029 2044 Septimo
2050 2013 2168 2044 autem
2191 2010 2248 2047 die

1185 2028 1228 2065 de
1254 2035 1368 2072 medIo
1395 2039 1569 2087 caliyinis.
1599 2045 1675 2085 Non
1710 2056 1848 2092 tantum
1877 2061 2096 2110 sublimitas,
2120 2080 2247 2112 verum

1184 2091 1293 2129 ctiam
1317 2106 1449 2137 nomen
1475 2107 1607 2143 montis
1627 2108 1663 2145 in
1684 2122 1755 2158 quo
1775 2116 1858 2153 data
1882 2127 1939 2157 est
1966 2123 2024 2160 lex
2047 2129 2245 2175 perfectio-

1183 2160 1264 2188 nem
1288 2154 1400 2201 ipsius
1420 2160 1510 2208 legis
1538 2164 1690 2212 figurate
1725 2173 1926 2216 denuntiat.
1959 2182 2059 2223 Sinai
2088 2200 2246 2239 namque

1181 2211 1445 2261 interpretatur
1472 2234 1643 2264 mensura
1663 2242 1756 2277 mea,
1779 2236 1855 2274 sive
1875 2244 2051 2288 amphora
2069 2259 2163 2287 mea.
2184 2254 2246 2290 Di-

1179 2273 1316 2314 vinitus
1335 2289 1422 2328 ergo
1441 2294 1675 2330 procuratum
1693 2301 1748 2331 est
1767 2304 1805 2333 nt
1834 2310 1939 2339 mons
1959 2305 1994 2341 in
2015 2318 2087 2354 quo
2107 2311 2163 2349 lex
2182 2315 2244 2352 da-

1178 2341 1291 2380 retur,
1314 2343 1488 2387 ampbora
1520 2358 1599 2385 mea
1618 2361 1823 2402 vocaretur,
1847 2365 1949 2407 quasi
1974 2366 2054 2413 ipso
2088 2372 2242 2413 Domino

1174 2405 1240 2441 per
1258 2397 1327 2435 hoc
1344 2404 1558 2444 vocabulum
1578 2411 1806 2458 significante
1826 2424 1922 2466 quod
1941 2424 1999 2462 lex
2029 2439 2094 2467 sua
2118 2434 2239 2478 perse-

1176 2462 1270 2493 ctam
1290 2461 1433 2500 vivendi
1454 2470 1631 2515 regulam,
1661 2479 1830 2517 omnibus
1854 2487 2113 2535 promulgaret.
2138 2494 2238 2536 Bene

1176 2524 1297 2554 autem
1332 2523 1465 2561 dicitur
1488 2532 1598 2577 quod,
1628 2534 1750 2584 Moyse
1785 2546 2017 2594 ascendente,

1173 2578 1286 2625 gloria
1309 2582 1451 2622 Domini
1483 2599 1547 2626 sex
1567 2593 1694 2633 diebus
1720 2608 1880 2641 montem
1899 2612 2056 2658 operuit,
2077 2619 2233 2664 septimo

1172 2646 1295 2676 autem
1315 2643 1372 2680 die
1398 2646 1499 2684 illum
1530 2651 1575 2688 ad
1605 2655 1734 2695 altiora
1766 2665 1902 2702 montis
1935 2676 2129 2712 vocaverit.
2158 2679 2233 2721 Sex

1170 2709 1327 2748 namque
1351 2706 1477 2746 diebus
1497 2711 1534 2748 in
1563 2713 1642 2762 lege
1660 2724 1817 2767 operari,
1842 2725 1879 2764 in
1906 2733 2061 2778 septimo
2087 2743 2233 2787 requie-

1169 2771 1271 2799 scere
1284 2765 1469 2812 jubemur.
1492 2772 1775 2828 Ascendensque
1796 2795 1960 2828 montem
1990 2795 2143 2845 Moyses,
2164 2814 2229 2842 sex

1168 2823 1295 2863 diebus
1310 2830 1406 2869 nube
1426 2839 1463 2869 et
1482 2835 1597 2881 gloria
1625 2841 1767 2882 Domini
1780 2850 1914 2896 tegitur
1936 2866 1944 2890 :
1962 2862 2002 2893 ut
2024 2858 2231 2904 insinuetur

1166 2887 1331 2932 mystice,
1353 2893 1436 2937 quia
1466 2898 1673 2948 quicunque
1692 2910 1861 2948 mandata
1887 2914 2032 2956 Domini
2053 2926 2229 2970 operibus

1338 2956 1517 3002 sequitur,
1548 2961 1668 3000 divina
1702 2969 1828 3016 utique
1844 2980 2071 3020 protectione
2097 2986 2230 3034 diguus

1327 3011 1489 3060 Septimo
1506 3027 1627 3059 autem
1646 3026 1703 3062 die
1717 3038 1824 3068 vocat
1839 3036 1884 3071 ad
1901 3037 2029 3078 altiora
2051 3043 2229 3088 Dominus

1357 3077 1441 3120 quia
1472 3087 1552 3125 post
1577 3093 1728 3130 operum
1756 3093 2034 3146 perfectionem,
2060 3107 2225 3153 requiem

1357 3139 1540 3181 promittit
1555 3149 1728 3183 aetcrimm
1748 3161 1757 3194 ;
1774 3159 1814 3188 ut
1829 3156 1890 3201 qui
1910 3157 1947 3194 in
1962 3160 2152 3203 altitudine
2165 3179 2224 3204 re-

1159 3193 1227 3224 ctae
1255 3192 1410 3231 actionis
1434 3197 1588 3238 Domino
1615 3207 1788 3248 assistere
1818 3218 2038 3264 curavimus,
2059 3223 2137 3268 Jam
2170 3227 2219 3265 ad

1158 3247 1237 3295 eJ‘us
1258 3253 1435 3293 visionem
1466 3266 1575 3308 atque
1603 3267 1823 3316 colloquium
1851 3281 2049 3318 ascendere
2071 3294 2216 3322 merea-

1158 3320 1253 3348 ntur.
1284 3315 1439 3355 Medium
1465 3333 1622 3371 namque
1649 3330 1814 3378 caliginis
1845 3339 1940 3374 unde
1968 3347 2117 3379 vocatus
2135 3354 2217 3385 esse

1157 3371 1303 3418 dicitur,
1325 3387 1396 3414 non
1413 3379 1531 3419 inesse
1551 3386 1625 3424 Deo
1646 3392 1813 3430 tenebras
1833 3395 1921 3433 ullas
1936 3399 2129 3448 significat,
2149 3407 2214 3445 sed

1156 3432 1240 3479 quia
1257 3433 1374 3473 lucem
1397 3439 1539 3480 habitat
1557 3445 1859 3490 inaccessibilem.
1879 3457 1926 3492 Et
1943 3459 2039 3497 sicut
2058 3462 2146 3503 item
2161 3468 2212 3504 di·

1155 3491 1207 3527 dit
1222 3492 1417 3542 Apostolus
1434 3511 1443 3534 ε
1463 3501 1575 3546 Quem
1589 3507 1674 3543 vidit
1698 3510 1816 3547 nullus
1839 3513 2036 3565 hominum,
2061 3525 2123 3562 sed
2147 3539 2211 3567 neo

1151 3552 1270 3589 videre
1281 3545 1392 3602 potest
1402 3559 1438 3606 (1
1456 3561 1544 3597 Tim.
1562 3564 1627 3610 vi).
1641 3565 1764 3614 Caligo
1780 3581 1937 3621 namque
1953 3579 2029 3626 illa,
2042 3585 2206 3627 obscuri·

1151 3617 1206 3649 tas
1218 3618 1274 3650 est
1290 3625 1505 3656 arcanorum
1521 3623 1737 3672 coelestium,
1755 3635 1909 3673 terrenis
1926 3640 2074 3685 quidem
2087 3649 2207 3686 cordi·

1147 3672 1216 3709 bus
1234 3673 1509 3724 inaccessibilis,
1523 3684 1586 3720 sed
1603 3684 1718 3734 Moysi
1736 3695 1773 3728 et
1792 3699 1935 3736 caeteris
1947 3705 2083 3743 mundo
2094 3707 2207 3752 corde

1147 3733 1277 3780 beatis,
1300 3738 1422 3776 divina
1441 3750 1627 3783 reserante
1639 3750 1775 3796 gratia,
1793 3761 2043 3801 penetrabilis.

1153 3851 1158 3856 θ
1195 3802 1285 3843 Erat
1308 3810 1425 3843 autem
1446 3809 1576 3856 species
1590 3809 1712 3861 yloriae
1728 3816 1886 3865 Domini,
1905 3820 2009 3871 qnasi
2027 3830 2118 3881 ignis
2141 3845 2202 3875 ar-

1855 3882 1882 3930 ὅ

2051 2554 2167 2594 nubes
2197 2566 2236 2597 et

1165 3007 1303 3047 existit.

1163 3065 1324 3115 Moysen,

1161 3129 1267 3167 nobis
1283 3131 1338 3168 lex
