2540 4016
66 154 136 199 m

683 157 1015 200 Exposrrloms
1037 163 1086 201 IN
1109 162 1376 203 mmmm.
1398 185 1448 195 --
1471 165 1558 206 un.
1584 162 1630 207 11.

2168 177 2240 222 3³6

65 235 143 271 sive
162 236 306 283 cydaris
321 236 486 285 imponit
497 235 603 274 Dicit
637 242 787 274 autem:
808 238 1020 286 Liqabisque
1038 250 1115 275 eam
1134 242 1170 284 Α
1187 239 1306 277 forma
1339 241 1484 277 videtur
1511 243 1667 279 ostendi.
1701 244 1849 292 Sciebat
1876 259 1961 297 ergo
1989 258 2149 299 pontifex
2179 259 2240 297 ine

63 295 148 332 vitea
173 286 418 344 hyacinthino,
441 293 537 341 sive,
560 291 757 334 secundum
785 295 1043 345 Septuaginta,
1066 299 1113 334 Et

61 358 319 405 superimpones
349 369 452 405 super
480 351 667 405 hyacintho
697 363 842 395 retorto.
867 355 1112 407 Hyacinthum

60 411 236 455 retortum
262 411 526 456 'humanitatem
556 415 691 456 Christi
720 414 948 466 intelligens,
975 431 1041 467 pro
1067 431 1111 458 eo

0 479 3 527 ζ
58 480 156 524 quod
180 471 471 526 'inseparabiliter
491 479 659 524 conjunta
680 486 735 516 est
755 481 947 516 divinitati.
978 481 1023 516 Et
1043 483 1111 521 eric

56 550 162 586 super
187 541 338 576 thiaram
364 542 546 577 imminens
568 536 687 587 'fronte
709 542 900 588 pontificis.
921 543 986 579 Vel
1014 543 1107 579 sicut

56 597 311 646 Septuaginta,
332 606 364 635 et
384 601 449 635 erit
468 610 574 647 super
590 602 730 636 mitram
749 608 871 637 contra
893 601 1018 648 ‘faciem
1046 605 1110 638 mi-

0 650 1 704 ]
53 662 131 693 trae.
149 658 228 693 Erit
244 670 350 706 super
363 660 526 702 mitram,
543 661 624 705 quia
641 659 750 697 Pater
764 661 799 696 in
819 661 923 705 Filio,
939 669 975 697 et
995 662 1107 698 Filius

0 741 1 766 3
50 719 88 756 in
113 719 247 756 Patre:
271 721 316 756 Et
335 729 415 757 ante
433 722 557 767 [aciem
575 723 701 758 mitroe.
725 722 792 766 Qui
813 724 908 759 enim
929 722 1027 758 videt
1043 722 1105 758 Fi-

49 777 137 815 lium
165 780 223 816 bic
248 781 371 817 videre
397 788 435 818 et
458 782 602 818 Patrem
630 782 776 819 dicitur.
806 783 889 830 (Em
907 782 1103 831 Oriqene.)

47 840 142 888 Ergo
172 844 293 879 omnis
324 855 421 880 nunc
456 846 592 880 sanctio
624 845 810 879 evidenter
845 844 880 878 in
917 844 1101 890 Unigeniti

46 901 240 947 explanata
275 909 331 939 est
367 905 593 950 mysterium.
629 903 756 944 Aliter,
791 901 887 938 lave't
923 909 958 938 te
990 905 1101 950 igitur

47 961 208 1010 Moyses,
239 964 316 1009 ipse
344 969 378 999 te
405 957 520 1005 layet,
550 968 586 998 et
614 963 691 1008 ipse
710 968 746 997 tc
767 963 912 1006 induat,
935 963 992 998 lex
1013 972 1099 1008 ergo

46 1029 102 1059 est
128 1034 208 1070 quae
233 1028 269 1059 te
295 1023 413 1066 lavat,
444 1023 522 1069 ipsa
548 1024 672 1059 sordes
700 1029 780 1058 tuas
801 1023 925 1066 diluit,
945 1024 1044 1068 ipsa,
1068 1025 1099 1060 si

44 1083 170 1118 audias
190 1093 268 1118 eam
283 1110 292 1125 ,
307 1073 542 1128 *peccatorum
560 1089 702 1119 tuorum
723 1084 883 1119 maculas
898 1084 1094 1130 absterget.

1186 310 1294 345 quem
1315 305 1403 337 tunc
1420 302 1611 339 ordinabat
1638 303 1805 351 Moyses,
1827 309 1912 353 quia
1934 318 2030 354 esset
2049 315 2240 356 circumci-

1181 360 1249 401 sio,
1262 361 1540 400 incircumcisus
1554 365 1716 410 pontifex
1731 368 1811 404 esse
1827 379 1898 404 non
1911 376 2064 415 poterat.
2078 374 2239 415 Habebat

1179 430 1266 466 ergo
1300 422 1368 458 iste
1399 423 1489 460 duas
1513 426 1682 462 tunicas:
1709 437 1818 464 unam
1831 430 2039 468 ministerii
2068 438 2238 482 carnalis,

1179 486 1215 516 et
1234 481 1340 517 aliam
1362 482 1607 531 intelligentiae
1636 487 1823 532 spiritalis.
1855 489 2003 527 Sciebat
2023 493 2107 538 quia
2126 500 2163 530 et
2179 506 2237 532 sa-

1177 542 1312 578 crificia
1335 544 1509 588 spiritalia
1525 546 1648 583 offerri
1666 547 1799 585 debent
1815 549 1904 594 Deo,
1927 551 2102 599 offerebat
2119 560 2238 593 tamen

1177 601 1409 639 nihilominus
1425 610 1461 639 et
1478 606 1638 642 carnalia
1655 619 1664 642 :
1685 618 1757 644 non
1771 608 1869 646 enini
1888 616 2032 656 poterat
2047 624 2129 651 esse
2152 626 2237 661 pon-

1177 661 1264 697 tifex
1285 673 1411 699 eorum
1437 665 1498 710 qui
1523 670 1609 702 tunc
1631 674 1749 711 erant,
1766 669 1836 705 nisi
1860 670 2000 708 hostias
2018 673 2235 712 immolaret.

1174 721 1227 758 lta
1258 734 1344 770 ergo
1374 727 1633 763 convenienter
1652 729 1711 764 ille
1746 731 1908 776 pontifex
1931 734 2071 771 duabus
2090 736 2237 773 indutus

1174 783 1304 819 tunicis
1344 785 1500 830 dicitur;
1541 789 1693 834 apostoli
1730 791 1816 827 v'ero
1849 794 1910 838 qui
1948 795 2080 831 dicturi
2098 804 2233 834 erant:

1171 840 1253 887 quia
1273 841 1302 878 si
1329 845 1650 891 circumcidamini,
1672 847 1831 886 Christus
1863 853 1957 889 vobis
1986 855 2075 890 nihil
2108 858 2236 903 prode-

1170 902 1215 934 rit
1232 900 1326 947 (Gal.
1342 903 1402 948 v);
1421 909 1458 939 ot
1477 906 1538 951 qui
1554 906 1686 943 dicturi
1704 916 1825 954 ciant,
1844 912 1928 956 quia
1946 924 2047 951 nemo
2063 926 2122 951 vos
2134 917 2235 961 judi-

1169 965 1222 994 cet
1245 961 1280 994 in
1301 962 1376 996 cibo
1397 965 1514 998 autin
1533 972 1631 1010 potu,
1654 973 1716 1002 aut
1749 969 1785 1004 in
1814 978 1914 1015 parte
1942 972 2012 1008 diei
2044 973 2137 1019 sesti,
2172 982 2235 1012 aut

1167 1021 1363 1064 neomenia,
1377 1029 1438 1056 aut
1452 1023 1690 1069 sabbatorum,
1706 1039 1784 1073 quoe
1798 1037 1879 1066 sunt
1894 1033 2016 1070 umbra
2031 1034 2231 1079 futurorum

1167 1079 1316 1126 (Colo-ss.
1337 1081 1392 1128 n).
1412 1081 1474 1117 lsti
1494 1093 1592 1129 ergo,
1614 1090 1653 1121 ut
1684 1086 1892 1130 hujusmodi
1910 1093 2108 1129 secundum
2134 1095 2231 1132 litte-

40 1141 120 1188 lpse
138 1148 194 1178 est
211 1143 352 1190 Moyses
365 1171 374 1186 ,
395 1145 464 1179 hoc
483 1149 538 1179 cst
557 1144 613 1179 lex
625 1171 634 1187 ,
655 1154 734 1189 quse
754 1145 958 1180 sacerdotes
975 1155 1097 1180 conse·
1116 1139 1148 1179 B
1168 1141 1360 1187 ram‚legis
1370 1143 1638 1180 observantiam
1655 1148 1799 1191 penitus
1820 1151 2068 1196 repudiarent,
2083 1165 2151 1190 nec
2166 1166 2229 1193 oc-

41 1209 141 1246 crat,
163 1214 230 1239 nec
255 1210 373 1250 potest
401 1206 571 1240 sacerdos
592 1215 691 1247 esse,
713 1216 821 1250 quem
842 1217 914 1241 non
934 1205 990 1241 lex
1013 1217 1097 1241 con-

40 1263 200 1299 stituerit
229 1265 468 1300 sacerdotem.
500 1264 538 1300 Si
559 1271 595 1300 et
615 1270 652 1300 tu
673 1265 767 1301 lotus
787 1266 899 1301 fueris
918 1263 982 1312 per
1002 1266 1098 1314 Moy-

39 1334 102 1361 sen
133 1330 169 1361 et
197 1324 310 1362 fueris
343 1327 391 1362 ita
422 1328 577 1363 mundus
607 1323 786 1373 quomodo
816 1339 923 1374 quem
955 1328 1096 1374 Moyses

38 1386 188 1431 laverit,
210 1393 332 1424 tantus
364 1389 422 1423 ille
450 1399 492 1425 ac
515 1389 597 1424 talis
624 1390 741 1435 possis
769 1390 879 1425 etiam
907 1391 1097 1436 pervenire

39 1449 84 1483 ad
98 1449 175 1484 haec
192 1449 397 1485 indumenta
414 1461 493 1495 quae
508 1450 646 1496 profert
661 1451 813 1497 Moyses,
826 1458 862 1486 ct
881 1451 991 1486 stolas
1008 1451 1095 1486 istas

39 1507 168 1552 quibus
202 1509 318 1544 induit
346 1510 465 1544 Aaron
495 1510 645 1546 fratrem
675 1510 780 1545 suum
809 1515 844 1545 et
877 1511 968 1546 lilios
1001 1509 1091 1555 ejus.

38 1566 108 1603 Sed
128 1578 198 1603 non
218 1568 334 1604 solum
353 1569 573 1606 indumentis
593 1580 684 1616 opus
702 1574 756 1605 est
777 1570 821 1605 ad
849 1571 1093 1606 sacerdotales

38 1626 194 1670 infulas,
225 1639 353 1664 verum
385 1635 422 1665 et
454 1630 632 1676 cingulis:
671 1629 769 1664 Ferit
802 1625 920 1673 enim,
950 1631 1090 1676 inquit,

36 1685 131 1722 Deus
144 1714 153 1730 ,
177 1689 312 1724 tunicas
333 1689 402 1735 pell
417 1701 516 1732 cens,
537 1696 567 1725 et
588 1690 700 1725 induit
722 1690 835 1725 Adam
854 1697 885 1725 et
906 1690 1088 1726 mulierem

35 1747 112 1793 ejus
134 1746 281 1795 (Genes.
303 1749 367 1796 11).
390 1749 450 1784 Ille
470 1760 555 1795 ergo
579 1751 707 1786 tunic-ie
727 1752 770 1786 de
791 1751 943 1796 pellibus
962 1757 1088 1795 erant,

36 1819 79 1844 ex
100 1803 314 1844 animalibus
333 1815 496 1854 sumptae.
514 1810 661 1846 Talibus
676 1811 770 1846 enim
786 1813 975 1857 oportebat
991 1813 1087 1848 indui

33 1874 274 1916 peccatorem.
299 1869 458 1906 Pclliciis
474 1899 482 1914 ,
510 1871 626 1916 inquit
644 1898 653 1914 ,
681 1872 814 1907 tunicis
829 1899 839 1915 ‚
865 1883 943 1917 qua:
966 1878 1088 1908 essent

33 1931 264 1967 mortalitatis
284 1931 415 1967 indicia
438 1943 543 1978 quain
564 1943 629 1978 pro
646 1939 795 1979 peccato
817 1940 1029 1979 παρειαί.
1051 1939 1087 1970 ct

31 1990 240 2039 fragilitatis
259 1995 335 2040 ejus
358 2005 437 2051 quse
459 2005 503 2030 ex
524 1995 645 2031 carnis
666 1996 896 2042 coiiuptione
920 1996 1085 2032 veniebat

1164 1206 1340 1245 cuparent
1374 1202 1572 1249 discipulos
1590 1204 1751 1243 Iudaicis
1773 1207 1918 1253 fabulis,
1941 1216 1976 1246 et
2003 1212 2230 1258 imponerent

1163 1260 1216 1296 eis
1228 1260 1354 1306 jugum
1375 1265 1471 1308 quod
1486 1275 1602 1310 neque
1622 1266 1691 1312 ipsi
1711 1279 1828 1315 neque
1851 1277 1974 1316 patres
2002 1283 2128 1310 eorum
2145 1286 2228 1321 por-

1165 1326 1240 1356 tare
1275 1328 1483 1367 potuerunt,
1513 1328 1644 1363 merito
1664 1327 1753 1365 duas
1777 1331 1919 1367 tunicas
1943 1333 2079 1372 habere
2099 1337 2226 1380 prohi-

1162 1380 1306 1424 bentur,
1337 1383 1399 1418 sed
1432 1384 1566 1424 suflicit
1594 1386 1647 1423 eis
1680 1397 1763 1431 una,
1784 1395 1821 1425 et
1852 1391 1928 1427 lucc
1953 1392 2119 1437 interior,
2141 1406 2225 1431 nam

1163 1439 1269 1476 istam
1289 1452 1368 1487 quae
1397 1441 1484 1479 foris
1503 1450 1573 1487 est,
1595 1451 1632 1481 et
1662 1457 1742 1492 qnae
1774 1449 1928 1494 desuper
1955 1459 2117 1497 apparet,
2136 1454 2226 1500 legis

1164 1501 1321 1538 tunicam
1340 1503 1478 1547 nolunt,
1509 1515 1616 1540 unam
1636 1517 1790 1553 namque
1813 1508 1918 1546 Jesus
1932 1512 2105 1557 etipsam
2132 1514 2227 1550 inte-

1162 1559 1316 1603 riorem,
1348 1562 1482 1598 habere
1515 1566 1708 1609 permittit.
1738 1568 1895 1613 lmponit
1924 1576 2045 1609 tamen
2081 1574 2223 1620 Moyses

1158 1620 1320 1664 pontifici
1343 1621 1581 1666 humeralem,
1600 1625 1661 1670 qui
1681 1632 1738 1661 est
1757 1627 1994 1666 humerorum
2008 1632 2155 1677 quidam
2178 1644 2223 1671 ex

1158 1680 1468 1718 circumductione
1503 1685 1616 1720 vestis
1646 1692 1818 1723 ornatus:
1838 1689 1978 1725 humeri
2000 1697 2120 1740 autem
2138 1703 2224 1739 ope-

1158 1749 1237 1774 rum
1260 1746 1382 1777 tenent
1405 1752 1448 1778 ac
1465 1742 1600 1779 laboris
1619 1745 1766 1782 indicia.
1787 1747 1870 1783 Vult
1904 1760 1990 1796 ergo
2011 1752 2222 1797 pontificem

1157 1810 1236 1838 csse
1269 1803 1378 1839 etiam
1411 1804 1449 1839 in
1485 1807 1656 1850 operibus
1682 1814 1865 1852 ornatum,
1885 1821 1953 1847 nec
1974 1812 2111 1853 suflicit
2145 1815 2221 1850 sola

1156 1862 1308 1898 scientia
1329 1873 1338 1898 :
1361 1863 1452 1906 Quia
1483 1866 1543 1911 qui
1571 1866 1694 1911 fecerit
1725 1874 1758 1903 et
1790 1870 1961 1914 docuerit,
1983 1873 2039 1907 Ιιίε
2072 1885 2220 1920 maqnus

1154 1922 1336 1958 vocabitur
1364 1924 1400 1958 in
1422 1935 1527 1970 reyno
1561 1927 1739 1964 coelonum
1761 1929 1807 1964 Et
1838 1932 1961 1975 cinxit,
1982 1933 2114 1979 inquit,
2141 1947 2220 1972 eum

1153 1982 1343 2017 secundum
1360 1983 1535 2027 facturam
1553 1985 1866 2024 ltunzeralis..la1u
1883 1996 1919 2037 et
1937 1994 2103 2038 superius
2119 1995 2219 2032 dixe-

31 2047 218 2089 indic-lum
251 2053 288 2089 Si
314 2064 400 2090 vel-0
422 2054 497 2099 jam
517 2055 611 2091 lotus
632 2055 742 2091 fueris
764 2057 809 2092 ab
830 2057 886 2092 his
906 2062 942 2092 et
959 2057 1086 2103 purifi
1104 2035 1132 2077 C
1156 2046 1212 2084 tat
1246 2042 1331 2088 quia
1363 2043 1472 2078 cinxit
1504 2055 1583 2080 eum
1614 2057 1704 2082 zona
1734 2059 1838 2094 super
1860 2052 2031 2095 italicam,
2053 2059 2089 2088 ct
2113 2056 2219 2091 modo

19 2109 133 2149 =catus
155 2124 219 2160 per
241 2114 355 2161 legem
375 2115 463 2158 Dei,
493 2116 616 2152 induet
643 2122 678 2152 te
704 2117 845 2163 Moyses
873 2118 1085 2154 indumento

32 2172 334 2219 incorruptionis,
358 2176 407 2211 ita
433 2182 472 2211 ut
498 2187 673 2222 nusquam
700 2184 873 2223 appareat
901 2179 1085 2225 turpitudo

33 2239 91 2270 tua
107 2261 117 2278 ‚
141 2232 185 2270 et·
205 2241 245 2284 ut
276 2235 514 2272 absorbeatur
544 2235 695 2273 mortale
723 2239 791 2274 hoc
810 2249 829 2273 a
848 2240 935 2274 vita.
960 2239 1085 2275 Videa-

33 2293 113 2331 mus
132 2306 218 2342 ergo
239 2297 335 2341 quali
357 2298 483 2334 ordine
503 2298 662 2343 pontifex
683 2300 927 2335 constituitur.
950 2301 1085 2336 Convo-

18 2356 148 2399 cavit,
182 2357 318 2409 inquit,
340 2358 480 2405 Moyses
507 2350 749 2406 synagogam,
773 2367 808 2397 et
827 2363 914 2398 dicit
937 2363 979 2398 ad
995 2374 1083 2400 eos:

18 2415 106 2453 *Hoc
125 2423 178 2453 est
198 2418 346 2453 verbum
369 2421 463 2465 quod
482 2422 652 2466 precepit
671 2421 857 2458 Dominus.
880 2424 981 2459 Licet
999 2435 1084 2471 ergo

18 2475 201 2514 lDominus
223 2479 268 2515 de
292 2478 545 2517 constituendo
576 2483 744 2527 pontifice
771 2486 1028 2531 praecepissct,
1050 2492 1085 2522 et

18 2536 203 2572 lDoininus
223 2528 412 2605 elegisset,
434 2545 556 2576 tamen
578 2548 799 2577 convocatur
828 2549 863 2578 ct
890 2555 1082 2590 synagoga.

16 2595 243 2651 tRequiritur
271 2599 385 2633 eni-m
397 2599 435 2634 ‘m
464 2602 663 2637 ordinando
695 2604 902 2647 sacerdote,
933 2611 970 2641 et
999 2617 1086 2651 pree-

0 2664 1 2698 }
33 2659 149 2695 sentia
170 2649 313 2707 populi,
337 2666 376 2696 ut
396 2651 511 2697 Sciant
529 2673 655 2699 omnes
675 2670 709 2699 et
730 2666 818 2700 certi
839 2667 911 2701 sint
925 2667 1007 2712 quia
1025 2669 1085 2713 qui

0 2709 260 2766 ²1praestaiitior
285 2726 340 2757 est
365 2732 406 2757 ex
436 2723 534 2758 omni
560 2725 714 2770 populo,
744 2726 803 2771 qui
837 2727 990 2770 doctior,
1024 2728 1085 2774 qui

18 2782 208 2825 ¹sanctior,
231 2782 291 2828 qui
311 2783 409 2836 omni
431 2784 815 2828 virtuteeininentiOr,
840 2786 896 2822 ille
918 2788 1086 2833 deligitur

16 2838 76 2879 {ad
98 2843 354 2879 sacerdotium.
386 2842 490 2879 Lavit
518 2855 603 2891 crgo
630 2856 736 2889 eum,
767 2853 802 2882 et
829 2847 968 2891 induit;
987 2848 1084 2893 quali

16 2900 266 2953 lffidumento?
286 2905 418 2942 Tunica
431 2934 439 2948 ,
463 2906 600 2952 inquit,
622 2914 653 2942 et
671 2909 851 2954 pra’cinxit
870 2920 947 2945 eum
977 2920 1081 2944 zona.

13 2960 74 3001 11ιῖ
106 2955 265 3004 ioe'x‘um:
302 2965 442 3001 Vestivie
469 2977 546 3001 eum
576 2967 728 3002 tunicam
757 2966 927 3011 talarem,
961 2969 1017 3004 vel
1046 2975 1084 3004 ut

15 3022 114 3062 talibi
134 3025 312 3072 legimus,
341 3026 554 3062 interiorem.
583 3027 728 3062 Duabus
748 3028 852 3063 video
872 3029 1003 3065 timicis
1019 3040 1084 3075 per

12 3080 178 3132 lssbysen
199 3075 377 3121 ‘indutum
408 3087 630 3132 pontificem.
666 3087 737 3123 Sed
770 3089 857 3134 quid
888 3089 1083 3133 faciemus,

14 3148 23 3187 i
42 3145 128 3180 wod
148 3143 252 3182 Iesus
272 3146 479 3182 sacerdotes
498 3157 595 3190 suos,
618 3148 652 3183 id
670 3154 725 3183 est
744 3149 923 3193 apostolos
943 3155 1087 3185 nostros

16 3198 19 3199 ⁷
44 3211 56 3233 -·
67 3210 89 3235 *i
107 3205 214 3242 ibuit
229 3205 279 3242 uti
295 3206 433 3243 duabus
449 3207 602 3243 tunicis?
614 3213 651 3243 et
664 3209 870 3244 dixeramus
884 3210 980 3254 quod
994 3209 1087 3256 Moy-

98 3257 277 3309 ¹et'‘1esus,
293 3267 329 3302 id
342 3261 398 3303 est
413 3269 468 3304 lex
482 3273 519 3304 et
530 3269 720 3316 Evangelia
741 3270 808 3305 sibi
829 3271 983 3306 invicem
1001 3281 1084 3307 con-

44 3368 45 3375 *
76 3345 89 3357 ι»
217 3318 377 3364 ‘IPosset
403 3329 556 3366 sortasse
580 3330 702 3366 dicere
729 3331 841 3375 alius,
869 3332 961 3376 Quia
987 3333 1082 3378 quod

161 3403 166 3418 ι
229 3387 336 3424 lesus
352 3380 442 3426 eluas
461 3390 602 3426 tunicas
620 3395 692 3426 non
712 3390 919 3434 habendas,
938 3401 1010 3428 non
1029 3396 1085 3428 est

86 3481 96 3494 ἲ
120 3469 140 3482 .-
218 3463 234 3477 ‹·
249 3441 374 3505 (legi,
375 3439 459 3486 s'e'd
484 3443 688 3509 perfectius
704 3449 812 3497 lege3
832 3452 927 3487 sieut
945 3454 982 3487 et'
1000 3461 1083 3487 cum

123 3505 139 3548 ,1'
205 3517 244 3525 ’·
277 3506 467 3556 affinem,
478 3503 590 3549 Jes‘us
597 3515 717 3549 antem
732 3508 842 3548 etiam
858 3509 1084 3548 iracundiam

150 3576 211 3652 4*
228 3559 392 3655 Μ’
395 3562 494 3608 stez
501 3566 688 3620 p'ffi'hibet
703 3572 948 3614 adulter-ium,
964 3568 1085 3607 lesus

207 3627 210 3633 ’
264 3633 323 3657 ·.
344 3634 391 3661 ;;,
414 3639 481 3664 ἰω
501 3626 635 3668 coms
641 3631 856 3670 abscindat:
878 3638 945 3678 ego
961 3631 1084 3666 tamen

447 3698 477 3721 ,υ
506 3717 511 3721 .
528 3715 531 3721 .
557 3684 840 3738 .!ffl1m,
858 3688 1084 3737 pulliffcalix

1151 2104 1280 2140 iterum
1299 2107 1456 2153 cingitur
1474 2110 1670 2150 secundum
1687 2110 1865 2148 facturam
1882 2114 2094 2152 humeralis.
2114 2117 2218 2161 Quod

1151 2170 1206 2201 est
1217 2166 1310 2201 istud
1320 2167 1450 2212 duplex
1461 2168 1657 2215 cingulum,
1669 2180 1741 2217 quo
1751 2173 1989 2209 constrictum
2000 2175 2164 2217 vultesse
2174 2188 2219 2214 ex

1151 2230 1249 2266 omni
1268 2237 1370 2275 palte
1382 2232 1614 2276 pontificem?
1628 2233 1855 2271 Constrictus
1873 2236 1921 2273 sit
1936 2237 1971 2272 in
1988 2239 2111 2282 serbo,
2129 2250 2218 2294 con-

1152 2291 1347 2328 stinctusm
1358 2303 1480 2338 opere
1493 2296 1681 2339 expeditus
1696 2295 1741 2331 ad
1756 2297 1891 2339 omnia,
1906 2291 2212 2345 nihilremissum,

1151 2352 1239 2387 nihil
1251 2353 1353 2389 halle
1347 2359 1383 2388 it
1393 2356 1620 2398 dissolutum,
1632 2359 1816 2394 accinctus
1830 2361 1876 2395 sit
1886 2360 1998 2396 animi
2008 2361 2214 2406 virtutibus,

1152 2415 1369 2450 constrictus
1388 2417 1435 2451 sit
1449 2427 1468 2452 a
1483 2419 1730 2463 corporalibus
1745 2421 1854 2462 vitiis,
1866 2421 2003 2456 nullum
2022 2423 2216 2459 animaela-

1151 2475 1411 2519 psum‚nullum
1425 2478 1586 2522 corporis
1597 2479 1722 2514 timeat
1738 2491 1746 2514 :
1759 2485 1911 2525 utroque
1923 2482 2065 2527 cingulo
2075 2493 2217 2529 semper

1153 2541 1275 2570 utatur
1292 2542 1331 2571 ut
1349 2537 1395 2572 sit
1412 2543 1558 2574 sanctus
1575 2549 1724 2584 corpore
1738 2547 1774 2576 et
1787 2541 1930 2586 spiritu.
1952 2541 1998 2595 E?
2017 2549 2094 2588 post
2125 2543 2211 2587 koec,

1152 2596 1282 2641 inquit,
1294 2597 1456 2643 imposuit
1472 2610 1575 2644 super
1591 2611 1670 2635 eum
1684 2599 1814 2647 loqium
1833 2599 1941 2648 (quod
1956 2608 2011 2643 est
2024 2603 2213 2648 rationale,

1152 2662 1188 2691 ct
1206 2658 1376 2702 imposuit
1393 2669 1500 2703 super
1521 2660 1685 2707 logium),
1707 2661 2024 2706 manifestationem
2038 2669 2069 2698 ct
2089 2665 2216 2699 verita—

1153 2724 1234 2760 tem,
1254 2724 1286 2753 et
1306 2719 1468 2765 imposuit
1489 2721 1628 2757 ntitrum
1651 2732 1755 2766 super
1774 2727 1876 2768 capul
1894 2722 1984 2768 ejus.
2006 2722 2076 2760 Sed
2094 2724 2217 2759 videa-

1152 2790 1234 2815 mus
1251 2781 1335 2825 qnid
1353 2781 1501 2826 logium,
1522 2782 1619 2826 quod
1634 2787 1689 2817 est
1709 2782 1899 2826 rationale,
1919 2783 2118 2829 significet;
2141 2795 2214 2821 non

1152 2840 1249 2879 enim
1285 2840 1418 2876 sufficit
1453 2842 1614 2887 pontifici
1631 2842 1765 2878 habere
1805 2844 2042 2889 sapientiam,
2062 2849 2098 2879 et
2120 2845 2215 2880 scire

1152 2901 1314 2936 omnium
1337 2902 1531 2944 rationem,
1548 2903 1617 2937 nisi
1636 2903 1750 2948 possit
1767 2904 1877 2939 etiam
1908 2904 2040 2949 populo
2059 2904 2213 2941 manite-

1154 2966 1250 2997 stare
1276 2971 1356 3006 quae
1383 2963 1497 2998 novit.
1529 2963 1613 2999 ideo
1647 2973 1732 3009 ergo
1759 2964 1959 3010 imponitur
1979 2966 2146 3001 rationali
2178 2972 2214 3002 et

1152 3021 1398 3058 manifestatio
1431 3029 1470 3058 ut
1488 3024 1603 3068 possit
1623 3024 1841 3070 respondere
1873 3026 1972 3061 omni
1991 3026 2154 3072 poscenti
2175 3034 2215 3061 se

1155 3083 1332 3118 rationem
1361 3083 1405 3118 de
1427 3083 1495 3125 lide
1518 3090 1556 3120 et
1588 3085 1755 3120 veritate.
1788 3084 1940 3122 Ponitur
1965 3091 2084 3121 autem
2109 3094 2215 3129 super

1154 3141 1242 3177 illud
1255 3149 1292 3177 et.
1310 3143 1464 3187 veritas;
1485 3149 1525 3179 ut
1540 3154 1611 3180 non
1628 3144 1686 3179 illa
1700 3150 1840 3180 astruat
1855 3155 1934 3190 quae
1948 3144 2094 3190 proprio
2108 3152 2213 3177 exco-

1154 3203 1271 3249 gitare
1290 3204 1405 3249 quivit
1421 3205 1579 3250 ingenio,
1604 3205 1668 3245 sed
1693 3214 1777 3249 ⁴quae
1812 3204 1946 3256 vei-itas
1984 3203 2103 3242 habet.
2142 3201 2213 3238 Sed

1155 3263 1314 3301 nondum
1330 3263 1463 3307 finivit,
1479 3270 1515 3299 et
1533 3263 1626 3305 alius
1640 3262 1759 3306 adhuc
1771 3262 1956 3306 addendus
1973 3266 2123 3296 ornatus
2141 3266 2211 3296 est.

1153 3310 1310 3361 Necesse
1337 3331 1392 3360 est
1427 3330 1467 3360 ut
1498 3325 1651 3369 accipiat
1669 3311 1779 3361 etiam
1809 3331 2002 3363 coronam,
2021 3326 2212 3367 propterea

1151 3384 1288 3430 accipit
1314 3384 1433 3429 primo
1463 3383 1640 3429 cydarim,
1671 3380 1767 3426 quod
1787 3385 1843 3420 est
1863 3380 1919 3423 vel
1945 3379 2212 3426 operimentum

1154 3443 1336 3488 quoddam
1361 3442 1504 3488 capitis,
1518 3441 1577 3477 vel
1594 3441 2118 3493 &camerinumgtmstuaee
2152 3451 2215 3485 su-

1152 3503 1366 3549 pervenitur
1383 3501 1418 3541 ei
1436 3502 1546 3542 mit-ta
1571 3504 1656 3538 ante
1677 3498 1825 3544 [wiem-
1857 3499 1895 3548 id
1926 3505 1999 3555 με,
2034 3510 2056 3544 ³
2091 3500 2213 3539 Ῑῐθῐῑῑθ

1153 3562 1348 3610 pontificis,
1365 3561 1501 3600 lamina
1516 3558 1880 3615 aureasauotifisam.
1890 3560 1932 3604 iu
1944 3570 2018 3608 qna
2031 3560 2212 3607 sculptum

1150 3623 1288 3663 dieitur
1310 3619 1525 3662 vocabulum
1543 3619 1621 3663 Dei.
1639 3620 1782 3663 ver-m
1800 3620 1871 3664 iste
1888 3621 2018 3668 owine
2034 3625 2208 3671 ommist-

1148 3683 1215 3724 ubi
1236 3689 1376 3734 nomen
1408 3679 1477 3726 Ποῖ
1502 3680 1982 3736 immanem-mres*
2007 3679 2213 3733 {meuse

1146 3742 1288 3797 κὼς
1303 3735 1834 3796 wamma-nauhu
1846 3739 2001 3789 suarm
2009 3745 2208 3801 exosimi,
