2540 4016
293 207 363 244 823

723 210 765 246 Β.
792 207 963 248 RABANI
984 210 1132 250 MAURI
1153 213 1367 251 ARctssEP.
1393 213 1600 254 MOGUNT.
1626 216 1817 257 OPERUM
1841 212 1986 269 [PARS
2001 223 2030 259 1.

2393 229 2464 266 824

289 284 418 327 ruerit,
437 284 604 323 omnibus
623 293 758 324 carcat.
778 289 823 325 Et
841 294 960 327 tamen
978 291 1136 328 transire
1154 293 1199 327 de
1215 292 1285 327 alia
1301 292 1347 328 ad
1363 295 1400 334 A
1415 294 1460 330 de
1483 294 1605 340 Israel,
1627 301 1664 332 et
1688 298 1869 342 percutiet
1885 298 2069 343 principes
2098 296 2216 343 Moab,
2249 304 2286 336 et
2309 304 2465 347 vastabit

285 345 394 380 aliam
429 354 556 382 eorum
589 353 645 384 est
675 350 822 394 proprie
851 351 914 396 qui
944 351 1030 387 solis
1050 351 1202 397 justitiae
1221 356 1344 389 ortum

282 404 528 441 considerant.
554 405 781 455 Prosectique
794 409 838 445 de
851 409 1047 454 Jeabarim,
1067 411 1177 456 fixere
1194 414 1344 450 tentoria

281 465 318 498 in
333 463 533 510 Dibonqad.
569 466 770 513 Trigesima
790 479 885 505 nona
902 472 1057 514 mansio,
1082 472 1342 519 interpretatur

281 524 421 570 sortiter
436 524 612 562 intellecta
625 530 783 564 tentatio.
804 529 875 566 Pro
893 530 963 566 hac
981 532 1018 567 in
1035 532 1162 569 ordine
1180 533 1341 571 historiae

282 584 388 619 aliter
405 585 579 630 scriptum
599 589 732 633 reperi.
765 588 961 636 Postquam
976 591 1071 628 enim
1090 595 1339 631 castrametati

279 649 364 679 sunt
383 644 420 679 in
437 644 636 691 Jeabarim,
658 649 694 684 in
716 649 848 686 finibus
866 651 971 687 Moab
990 659 1116 689 contra
1133 660 1255 690 ortum
1276 665 1339 691 so-

278 703 337 747 lis,
357 704 488 751 legitur
507 717 516 741 :
538 707 628 743 Inde
646 709 793 755 profecti
813 717 907 754 sunt,
929 717 960 746 et
980 712 1195 748 diverterunt
1210 714 1255 748 ad
1271 720 1340 748 tor-

278 772 410 801 rentem
427 766 568 803 Zaretlt.
600 768 647 804 Et
667 771 709 805 de
727 771 791 806 ltoc
809 771 883 806 loco
902 773 1173 818 proficiscentes,
1200 779 1336 810 castra-

277 827 397 861 metati
417 834 496 862 sunt
515 834 610 864 trans
629 829 762 874 Arnon,
791 843 868 877 quae
885 839 935 868 est
953 833 989 868 in
1006 833 1192 869 solitudine
1210 835 1336 879 finium

275 885 487 932 Amorrltoei,
508 900 547 923 eo
579 891 671 936 quod
705 890 826 927 Arnon
852 893 889 927 in
914 895 1071 929 terminis
1091 897 1136 930 sit
1162 895 1336 931 Moabita—

275 956 355 981 rum
381 952 413 981 el
443 948 741 994 Amorrhaeorum,
762 958 831 989 etc.
863 952 950 989 Post
976 953 1173 1001 Dibongad,
1199 957 1337 1002 geritur

275 1006 408 1042 bellum
429 1015 555 1044 contra
576 1009 671 1046 Seon
691 1022 812 1058 regem
828 1013 1138 1059 Amorrhaeorum,
1157 1022 1193 1051 et
1209 1016 1261 1062 Og
1278 1027 1335 1051 re-

275 1077 355 1111 gem
384 1070 524 1114 Basan;
554 1079 590 1107 et
612 1072 785 1108 discimus
812 1075 908 1118 quod
936 1086 1018 1110 cum
1050 1078 1257 1112 venerimus
1289 1078 1335 1113 ad

274 1138 470 1173 summum,
494 1137 529 1166 et
561 1132 605 1167 de
623 1132 722 1168 fonte
752 1135 957 1180 principum
986 1147 1182 1182 regumque
1201 1138 1334 1174 biberi-

272 1198 369 1232 mus,
391 1192 627 1228 ascendentes
651 1193 696 1229 ad
718 1201 879 1230 montem
908 1195 1063 1242 Phasga,
1099 1209 1170 1234 non
1202 1200 1331 1235 debea-
1350 1191 1383 1230 Β

273 1261 356 1287 111115
383 1252 517 1288 elevari
550 1254 585 1288 in
606 1256 829 1300 superbiam,
852 1257 915 1292 sed
942 1259 1166 1302 propositam
1186 1260 1291 1295 nobis
1311 1272 1331 1296 e

272 1314 455 1348 contrario
474 1313 703 1349 solitudinem
720 1316 941 1351 noverimus.
960 1316 1054 1352 Ante
1075 1319 1332 1355 contritionem

272 1371 435 1408 elevatur
453 1384 516 1409 cor
536 1375 617 1417 viri,
637 1381 673 1409 et
691 1380 775 1411 ante
795 1377 946 1422 gloriam
970 1378 1197 1413 humiliatur.

323 1431 422 1467 Unde
454 1434 595 1478 eyressi,
623 1437 861 1469 castrametati
889 1442 969 1470 sunt
994 1437 1030 1470 in
1059 1436 1185 1471 Almon
1205 1437 1335 1474 Debla-

271 1495 436 1529 tltaIema.
450 1494 731 1541 Quadragesima
741 1497 879 1533 mansio
887 1497 1041 1532 vertitur
1052 1497 1086 1533 in
1099 1505 1333 1546 contemptum

270 1555 468 1601 plaqarum,
500 1556 575 1591 sive
593 1557 871 1604 opprobriorum.
894 1559 937 1594 Et
963 1570 1026 1605 per
1052 1560 1144 1595 hanc
1162 1561 1334 1598 discimus

271 1617 392 1655 omnia
408 1618 525 1655 dulcia
542 1626 579 1655 et
596 1620 784 1657 illecebras
803 1621 1025 1667 voluptatum
1044 1622 1080 1657 in
1099 1623 1230 1659 saeculo
1247 1634 1332 1660 con-

271 1681 496 1723 temnendas,
516 1691 583 1716 nec
602 1682 774 1716 inebriari
795 1692 861 1717 nos
881 1683 1012 1717 debere
1033 1683 1117 1718 vino
1136 1673 1274 1726 mundi,
1295 1685 1331 1719 in

269 1750 340 1786 quo
360 1740 584 1776 estluxuria.
608 1741 676 1777 Mel
700 1752 772 1778 non
790 1741 938 1778 offertur
956 1742 993 1777 in
1027 1743 1216 1780 sacrificiis
1236 1744 1299 1780 Dei
1321 1756 1329 1779 :

270 1806 306 1835 et
324 1806 452 1835 caetera
470 1811 549 1846 quae
564 1802 681 1837 dulcia
703 1804 900 1845 continent,
923 1814 995 1839 non
1012 1804 1135 1840 lucent
1154 1805 1190 1839 in
1210 1806 1333 1841 taber-

269 1860 421 1903 naculo;
444 1861 507 1896 sed
527 1861 645 1896 oleum
677 1862 926 1907 purissimum,
945 1863 1041 1908 quod
1062 1864 1106 1899 de
1123 1864 1225 1899 olivae
1243 1875 1330 1910 pro-

269 1921 383 1956 fertur
398 1922 652 1957 amaritudine.
670 1922 738 1958 Mel
756 1923 852 1958 enim
889 1923 1040 1958 distillat
1059 1923 1103 1959 de
1123 1923 1227 1959 labiis
1247 1934 1330 1959 mu-

267 1982 368 2017 lieris
384 1982 599 2018 meretricis.
618 1983 669 2018 De
684 1993 754 2028 quo
774 1989 863 2028 puto
886 1982 989 2027 Juxta
1027 1983 1201 2029 mysticos
1221 1983 1330 2019 intel-

267 2042 382 2078 lectus
406 2049 571 2089 gustasse
585 2043 778 2085 Jonathan,
803 2049 839 2079 et
859 2049 957 2078 sorte
986 2043 1252 2088 deprehensum
1269 2044 1330 2078 vix

1414 353 1507 391 filios
1527 355 1631 399 Seth,
1649 361 1686 392 et
1704 357 1776 392 erit
1793 356 1907 392 Edom
1926 356 2120 394 haereditas
2136 358 2228 405 ejus.
2249 359 2466 403 Fornicatur

1413 424 1494 451 cum
1509 415 1652 452 filiabus
1670 416 1829 457 Madian,
1849 420 1886 451 et
1909 415 2065 454 Phinees
2080 418 2174 455 tilius
2191 419 2354 465 Eleazar,
2375 424 2468 460 zela-
2500 431 2514 475 p

1411 480 1470 512 tus
1492 477 1610 512 zelum
1627 475 1785 519 Domini,
1802 476 1948 512 Zambri
1962 483 1998 513 et
2015 484 2175 516 scortum
2190 480 2466 521 Madianitarum
2496 480 2507 529 J

1409 539 1566 584 pugione
1577 539 1768 584 transfigit.
1783 537 1886 574 Unde
1905 544 1942 575 et
1959 542 2098 588 accepit
2116 543 2305 592 praemium
2316 546 2353 581 in
2364 551 2466 583 16161·-
2496 549 2502 563 ³

1409 607 1493 632 nam
1507 597 1734 640 memoriam,
1749 607 1891 633 armum
1901 599 2070 636 victimae.
2085 601 2304 641 Numer-atur
2320 617 2464 643 rursum
2499 599 2509 620 ”

1407 656 1575 700 populus,
1594 662 1832 692 numerantur
1858 662 1894 693 et
1931 658 2080 703 Levitae,
2102 666 2143 696 ut
2162 662 2364 702 interfectis
2381 677 2466 712 pes-

1407 716 1523 759 simis,
1557 727 1672 753 novus
1704 718 1767 754 Dei
1802 720 1954 765 populus
1992 728 2196 759 censeatur.
2231 725 2466 772 interpellant

1407 777 1565 822 quinque
1584 778 1666 814 filiae
1686 777 1881 824 Salphaad‚
1903 785 1939 816 et
1963 779 2099 825 jndicio
2134 783 2278 821 Domini
2312 787 2467 823 haeredi—

1406 842 1518 873 tatem
1541 839 1723 884 accipiunt
1743 840 1839 875 inter
1858 840 1989 878 fratres
2008 853 2105 887 suos,
2136 854 2203 881 nec
2235 845 2414 884 femineus
2443 859 2464 885 a

1405 899 1633 944 possessione
1665 901 1730 936 Dei
1763 912 1871 938 sexus
1905 903 2120 940 excluditur.
2156 906 2260 943 Jesus
2293 908 2406 955 Moysi
2425 911 2463 947 in

1405 964 1527 995 monte
1543 962 1715 1005 succedit,
1737 968 1772 997 et
1794 963 1900 999 discit
1919 975 1939 999 a
1969 965 2047 1011 lege
2075 976 2155 1011 quae
2182 969 2395 1013 spiritaliter
2411 971 2466 1006 os-

1405 1019 1501 1055 serre
1521 1020 1649 1055 debeat
1670 1022 1706 1056 in
1726 1023 1877 1058 ecclesia
1899 1036 1906 1058 :
1932 1025 2090 1068 primum
2125 1027 2271 1072 quidem
2303 1039 2368 1074 per
2391 1031 2465 1066 sin-

1405 1080 1506 1126 gulos
1520 1081 1618 1124 dies;
1644 1083 1772 1119 deinde
1789 1086 1874 1130 quid
1896 1087 2057 1130 sabbato,
2092 1090 2179 1134 quid
2214 1091 2249 1126 in
2280 1092 2461 1136 Kalendis,

1406 1141 1490 1185 quid
1511 1141 1546 1176 in
1564 1141 1717 1185 Pascha,
1738 1144 1823 1188 qnid
1843 1146 1877 1179 in
1896 1145 2122 1190 Pentecoste,
2143 1149 2229 1194 quid
2257 1151 2292 1186 in
2310 1152 2464 1189 Neome-

1401 1201 1461 1235 nia
1483 1202 1617 1237 mensis
1637 1203 1794 1248 septimi,
1817 1205 1901 1249 quid
1921 1206 1956 1240 in
1975 1205 2112 1251 jejunio
2145 1208 2307 1254 ejusdem
2330 1214 2464 1249 mensis

1401 1260 1459 1295 die
1489 1261 1640 1304 decimo,
1676 1263 1762 1307 quid
1794 1265 1831 1299 in
1871 1265 2091 1314 Scenopegia
2125 1271 2267 1314 quando
2304 1271 2464 1318 figuntur

1401 1320 1645 1363 tabernacula,
1668 1323 1793 1367 quinto
1819 1325 1958 1360 decimo
1991 1327 2047 1362 die
2076 1330 2211 1365 mensis
2249 1333 2461 1377 supradicti.

1402 1379 1563 1415 Uxorum
1579 1386 1615 1416 et
1634 1381 1791 1418 tiliarum
1810 1390 1908 1423 vota.
1931 1386 2066 1431 absque
2081 1391 2299 1428 auctoritate
2318 1398 2462 1438 patrum

1401 1445 1437 1475 et
1460 1440 1620 1475 virorum
1635 1451 1756 1484 causa,
1779 1451 2046 1489 memorantur;
2069 1449 2204 1486 bellum
2233 1459 2358 1490 contra
2378 1454 2454 1489 Ma-

1403 1499 1574 1541 dianitas,
1592 1506 1628 1536 et
1648 1511 1747 1537 mors
1761 1502 1873 1537 divini
1891 1503 2036 1539 Balaam
2066 1512 2101 1541 et
2120 1510 2251 1553 praedae
2270 1511 2410 1554 divisio,
2426 1518 2462 1548 et

1403 1561 1536 1597 oblatio
1553 1572 1596 1597 ex
1615 1572 1657 1598 ea
1678 1563 1714 1598 in
1732 1564 1966 1600 tabernaculo
1987 1565 2064 1601 Dei.
2085 1566 2229 1604 Primus
2261 1571 2386 1607 Ruben
2418 1578 2455 1609 61

1403 1622 1495 1665 Gad,
1514 1629 1550 1659 et
1567 1624 1716 1660 dimidia
1735 1626 1849 1662 tribus
1881 1627 2067 1673 Manassae,
2105 1636 2232 1666 contra
2268 1631 2462 1670 Jordanem

1401 1684 1437 1719 in
1457 1695 1579 1721 cremo
1597 1687 1864 1731 possessionem
1886 1689 2079 1735 accipiunt.
2103 1691 2260 1728 Plurima
2282 1694 2378 1729 enim
2397 1695 2461 1730 ha-

1400 1745 1533 1781 bebant
1561 1746 1742 1791 jumenta,
1764 1754 1800 1784 ct
1818 1750 1972 1786 necdum
1995 1752 2039 1787 ad
2057 1752 2092 1789 id
2131 1761 2304 1791 venerant
2322 1762 2362 1792 ut
2378 1767 2463 1802 pos-

1402 1813 1482 1841 sent
1504 1807 1670 1843 habitare
1706 1819 1787 1844 cum
1827 1811 1973 1855 templo.
2002 1811 2159 1849 Docetur
2193 1817 2343 1861 populus
2365 1819 2460 1853 utin

1402 1872 1498 1903 terra
1517 1874 1641 1904 sancta
1662 1869 1757 1905 idola
1778 1871 2004 1915 destruat,et
2026 1874 2146 1911 nullus
2165 1875 2209 1911 de
2224 1877 2335 1922 priori
2357 1878 2460 1914 habi-

1402 1928 1537 1963 tatione
1558 1936 1736 1965 servetur.
1758 1930 1986 1967 Describitur
2007 1932 2091 1968 olim
2122 1935 2240 1980 cupita
2259 1936 2455 1981 provincia,

1400 1994 1436 2024 et
1451 1990 1603 2025 duarum
1618 1991 1727 2027 semis
1749 1992 1910 2027 tribuum
1942 1993 2135 2030 haereditas
2165 2001 2364 2040 separatur.
2386 1996 2459 2032 Nu-

1400 2060 1589 2089 merantur
1603 2055 1763 2091 tribuum
1778 2057 1961 2102 principes
1978 2057 2039 2102 qui
2058 2063 2191 2094 terram
2220 2065 2380 2095 sanctam
2396 2060 2458 2096 de-

266 2103 389 2148 POPUH
411 2103 579 2147 Pl'ssssibsss
606 2103 810 2138 liberatum·
851 2103 954 2146 Qu0d
987 2108 1108 2139 autem
1137 2104 1329 2150 Oppl'Obl‘ia
1349 2107 1378 2147 C
1400 2113 1508 2149 beant
1531 2115 1692 2151 introire.
1716 2115 1962 2161 Quadraginta
1979 2118 2067 2153 duas
2095 2120 2203 2155 urbes
2228 2130 2309 2155 cum
2331 2121 2460 2156 subur-

269 2164 532 2199 contemnenda
550 2164 636 2205 sint,
653 2169 689 2199 et
718 2165 749 2200 si
771 2163 861 2200 falsa
882 2164 1116 2209 objiciantur,
1135 2165 1332 2201 beatitudi-

270 2233 354 2259 nem
371 2230 537 2269 pareant,
564 2223 731 2260 Salvator
765 2225 974 2270 plenissime
995 2226 1112 2261 docet.
1136 2225 1181 2260 Et
1202 2228 1332 2272 egressi

271 2285 313 2320 de
331 2283 458 2319 Almon
475 2284 754 2328 Deblatltaiema,
776 2292 940 2320 venerunt
959 2286 1004 2320 ad
1025 2292 1157 2321 montes
1171 2286 1329 2330 Abarim,

267 2349 392 2379 eontra
419 2344 536 2379 Nato.
559 2344 844 2390 Quadragesima
878 2346 994 2391 prima
1019 2347 1159 2382 mansio
1178 2347 1331 2382 vertitur

266 2405 303 2439 in
322 2409 462 2439 montes
483 2404 757 2448 transeuntium,
779 2410 814 2440 et
833 2410 887 2440 cst
903 2411 1029 2440 contra
1050 2405 1184 2440 montis
1199 2405 1329 2441 faciem

264 2464 378 2507 Nabo,
395 2464 456 2499 ubi
473 2464 627 2499 moritur
645 2470 682 2499 et
703 2464 876 2510 sepelitur
893 2465 1047 2511 Moyses,
1084 2470 1182 2501 terra
1202 2476 1328 2511 repro-

265 2524 448 2560 missionis
473 2530 557 2559 ante
591 2531 799 2570 conspecta.
828 2525 930 2561 Nabo
963 2526 1223 2571 interpretatur
1243 2538 1327 2561 con-

265 2585 391 2628 clusio,
412 2586 449 2620 in
474 2596 546 2631 qua
567 2585 691 2621 finitur
711 2586 781 2629 lex,
805 2592 840 2622 et
860 2597 932 2622 11011
962 2587 1146 2623 invenitur
1160 2587 1238 2633 ejus
1252 2598 1329 2623 me-

266 2648 393 2683 moria.
414 2647 528 2683 Porro
566 2648 683 2694 gratia
703 2649 880 2695 evangelii
914 2650 1049 2694 absque
1074 2649 1147 2684 ullo
1169 2650 1328 2685 tenditur

266 2707 360 2742 loco.
377 2707 422 2742 Ιη
438 2719 573 2742 omnem
592 2715 722 2743 terram
738 2710 845 2744 eoeivit
865 2721 970 2745 sonus
1001 2711 1091 2756 ejus,
1127 2717 1159 2745 et
1184 2711 1220 2746 in
1240 2711 1326 2756 fines

267 2765 359 2800 orbis
380 2772 482 2801 terrae
500 2767 602 2801 uerba
622 2766 717 2802 illius
735 2767 850 2813 (Psal.
871 2770 967 2816 vni).
1004 2770 1192 2816 Simulque
1210 2772 1327 2807 consi-

266 2826 351 2862 dera
376 2827 469 2871 quod
491 2826 668 2862 habitatio
692 2830 959 2864 transeuntium
977 2831 1014 2865 in
1045 2831 1227 2866 montibus
1258 2832 1327 2867 sita

266 2886 328 2929 sit,
347 2892 384 2921 61
399 2886 517 2922 adhuc
535 2887 701 2933 prosectu
718 2887 890 2933 indigeat.
928 2889 1016 2924 Post
1052 2896 1193 2926 montes
1230 2891 1326 2926 enim

266 2948 454 2993 plurimos,
492 2949 538 2984 ad
572 2949 793 2994 campestria
825 2950 928 2986 Moab
945 2956 981 2986 et
998 2950 1164 2987 iordanis
1190 2952 1325 2989 fluenta

266 3007 533 3050 descendimus,
546 3009 607 3053 qui
619 3010 877 3054 interpretatur
888 3012 1087 3047 descensio.
1098 3013 1195 3048 Nihil
1210 3015 1320 3058 enim,

265 3074 306 3104 ut
320 3068 448 3104 crebro
465 3068 636 3110 diximus,
656 3073 730 3103 tam
751 3070 994 3114 periculosum
1007 3077 1062 3106 651
1078 3082 1184 3116 quam
1201 3073 1322 3118 gloriae

269 3129 448 3174 cupiditas
463 3135 500 3164 et
514 3129 701 3176 jactantia,
726 3134 762 3165 et
797 3130 938 3165 animus
970 3132 1191 3169 conscientia
1208 3134 1322 3170 virtu-

267 3196 345 3225 tum
360 3195 515 3226 tumens.

314 3248 537 3296 Profectique
576 3250 618 3286 de
646 3251 820 3286 montibus
862 3251 1020 3295 Abarim,
1044 3253 1257 3288 transierunt
1275 3254 1320 3288 ad

268 3312 476 3357 campestria
510 3311 615 3347 Moab
643 3323 747 3359 super
775 3312 968 3348 Iordanem
1011 3319 1131 3349 contra
1164 3313 1319 3350 Jericlzo.

268 3372 391 3418 Ibique
419 3373 653 3408 castrametati
672 3378 752 3407 sunt
775 3374 818 3408 de
844 3372 1106 3416 Bethiesimolh,
1137 3385 1246 3420 usque
1275 3373 1322 3409 ad

267 3430 478 3473 Betltsittim,
495 3431 531 3466 in
548 3431 764 3478 planioribus
785 3432 869 3468 locis
902 3432 1152 3468 Moabitarum.
1174 3433 1213 3469 111
1230 3443 1321 3479 qua-

270 3491 473 3536 dragesima
491 3493 647 3529 secunda
663 3504 742 3539 quac
758 3499 922 3530 extrema
941 3495 1080 3530 mansio
1096 3500 1165 3538 est,
1185 3495 1320 3531 cursim

269 3563 349 3598 quae
363 3559 465 3598 gesta
483 3554 556 3590 sint
572 3565 774 3592 narremus.
804 3556 981 3592 Residens
1001 3556 1039 3591 in
1056 3566 1099 3592 ea
1116 3557 1283 3603 populus,
1299 3567 1321 3593 a

270 3615 390 3652 divino
403 3615 550 3652 Balaam
560 3628 667 3663 quem
680 3619 848 3655 mercede
863 3619 1086 3656 conduxerat
1099 3619 1210 3656 Balac
1226 3619 1321 3656 tilius

272 3676 426 3723 Sephor,
443 3681 508 3716 Dei
524 3681 752 3718 benedicitur
763 3681 926 3727 jussione
957 3687 994 3718 et
1011 3682 1218 3719 maledictio
1237 3692 1321 3719 mu-

271 3742 368 3772 tatur
384 3740 422 3775 in
438 3740 575 3777 laudes.
594 3741 704 3778 Audit
719 3752 828 3780 voces
843 3742 1001 3794 Domini,
1013 3749 1059 3782 ,61
1085 3742 1237 3790 profano
1257 3753 1322 3780 ore

273 3803 420 3835 resonat
437 3812 445 3835 :
461 3799 606 3838 Orietur
621 3802 724 3840 stella
738 3813 784 3840 ex
803 3803 930 3848 Jacob,
944 3809 982 3840 et
1001 3810 1193 3849 consurget
1213 3803 1323 3842 1101110

1401 2174 1504 2210 1131115
1524 2175 1597 2210 51115
1615 2186 1729 2221 usque
1745 2177 1790 2212 ad
1805 2177 1903 2212 mille
1935 2188 2064 2224 passus
2084 2189 2149 2224 per
2169 2180 2359 2216 circuitum
2389 2179 2458 2217 Le-

1400 2234 1483 2270 vitae
1495 2236 1692 2280 accipiunt,
1715 2242 1768 2272 tot
1784 2248 1935 2274 numero
1955 2238 2050 2284 vquot
2082 2244 2118 2275 et
2151 2239 2229 2276 istae
2247 2245 2332 2275 sunt
2354 2251 2458 2276 man-

1401 2295 1533 2332 siones.
1551 2296 1596 2331 Et
1615 2298 1797 2333 adduntur
1814 2299 2049 2345 fugitivorum
2083 2311 2146 2337 sex
2178 2301 2256 2336 aliae
2274 2301 2453 2345 civitates,

1400 2361 1472 2391 tres
1494 2357 1589 2392 intra
1607 2357 1817 2403 Jordanem,
1839 2366 1874 2395 et
1893 2366 1966 2397 tres
1984 2367 2083 2397 trans
2096 2361 2307 2406 Jordanem,
2330 2368 2369 2398 ut
2384 2363 2455 2398 sint

1399 2416 1505 2451 simul
1521 2418 1761 2464 quadraginta
1776 2425 1872 2455 octo.
1890 2420 1958 2463 Qui
1978 2421 2211 2467 fugitivorum
2228 2423 2373 2467 suscipi,
2393 2423 2454 2468 qui

1397 2477 1551 2513 interfici
1573 2478 1739 2520 debeant,
1756 2485 1793 2514 et
1811 2490 1927 2526 usque
1947 2482 1992 2517 ad
2006 2487 2160 2517 mortem
2181 2482 2363 2527 pontilicis
2377 2493 2454 2518 1113-

1397 2537 1456 2582 gni
1469 2539 1661 2574 reservari.
1681 2538 1850 2575 Succedit
1866 2539 2185 2576 Deuteronomium
2201 2542 2357 2577 secunda
2374 2541 2448 2585 lex,

1395 2597 1650 2634 mediatorium
1685 2599 1890 2644 Evangelii3
1930 2600 2052 2645 ibique
2081 2601 2242 2636 breviter
2282 2601 2453 2637 discimus

1396 2669 1476 2704 quae
1497 2660 1591 2695 inter
1609 2660 1766 2703 Pharan,
1787 2660 1924 2706 Tophel
1942 2666 1979 2696 et
1993 2661 2129 2705 Laban,
2150 2667 2187 2698 61
2204 2661 2395 2705 Η35610111,
2416 2666 2454 2698 61

1395 2720 1473 2755 1063
1495 2731 1605 2756 311163
1627 2720 1769 2766 abjecto
1785 2719 1875 2756 Juda
1910 2721 2169 2765 infelicissimo,
2193 2722 2358 2758 undecim
2379 2722 2452 2757 die-

1394 2781 1461 2817 bus
1479 2782 1536 2817 via
1556 2782 1600 2817 de
1617 2782 1737 2818 Horeb
1755 2793 1820 2828 per
1835 2783 1933 2819 viam
1971 2785 2104 2820 montis
2136 2783 2230 2820 Seon
2259 2794 2373 2829 usque
2405 2784 2449 2819 ad

1395 2842 1637 2886 cadesbarne,
1666 2844 1806 2889 Moyses
1840 2844 1973 2890 populo
2004 2844 2050 2880 sit
2086 2845 2240 2887 locutus,
2267 2849 2303 2880 et
2327 2850 2448 2880 extre-

1394 2913 1493 2938 mum
1525 2909 1631 2939 canat
1659 2905 1852 2946 canticum,
1875 2905 1911 2940 in
1932 2914 2003 2950 quo
2021 2904 2246 2950 apertissime
2266 2915 2448 2951 synagoga

1394 2962 1597 3009 projicitur,
1629 2969 1665 3000 et
1692 2965 1854 3000 Ecclesia
1887 2964 2040 3000 Domino
2075 2963 2276 3009 copulatur.
2314 2963 2450 3010 Impin-

1394 3029 1521 3069 9uatus
1541 3029 1590 3058 est
1610 3029 1642 3058 et
1658 3024 1876 3059 incrassatus
1896 3035 1936 3059 ac
1953 3023 2134 3066 dilatatus,
2155 3029 2186 3058 et
2214 3022 2448 3058 recalcitravit

1392 3082 1537 3118 dilectus
1550 3094 1561 3125 ;
1574 3089 1606 3118 et
1623 3082 1748 3118 oblitus
1767 3089 1816 3118 est
1829 3083 1895 3118 Dei
1908 3082 2091 3118 salvatoris
2105 3081 2161 3116 sui
2177 3080 2297 3128 (Deut.
2314 3081 2448 3126 xxxii).

1391 3143 1436 3178 Et
1453 3143 1583 3178 iterum
1603 3155 1611 3177 ε
1633 3141 1816 3177 Generatio
1836 3143 1985 3188 pessima
2003 3147 2066 3184 est,
2087 3139 2154 3186 filii
2172 3139 2366 3175 ineruditi:
2381 3139 2448 3185 ipsi

1392 3202 1437 3236 ad
1457 3201 1717 3237 «emulationem
1739 3213 1794 3237 me
1807 3206 2079 3247 provocaverunt
2097 3201 2134 3235 in
2153 3211 2192 3235 eo
2205 3199 2266 3246 qui
2283 3210 2354 3235 non
2372 3205 2448 3234 erat

1391 3259 1509 3301 Deus;
1533 3260 1757 3294 irritaverunt
1777 3270 1831 3293 me
1850 3260 1886 3293 in
1904 3258 2108 3304 scuptilibus
2129 3258 2216 3292 suis.
2245 3256 2294 3292 Ee
2309 3267 2369 3302 eqo
2391 3266 2448 3291 ze-

1392 3318 1466 3353 lare
1496 3318 1627 3362 faciam
1645 3329 1702 3352 eos
1729 3318 1901 3360 nationes,
1931 3323 1965 3351 et
1994 3322 2115 3351 contra
2143 3322 2277 3362 qentem
2301 3315 2445 3350 stultam

1390 3377 1537 3413 irritabo
1562 3376 1654 3412 illos.
1674 3376 1945 3412 Benedicuntur
1973 3375 2038 3411 mii
2053 3375 2177 3418 151361,
2198 3379 2234 3410 61
2257 3384 2382 3410 11115115
2407 3374 2444 3410 111

1390 3437 1537 3474 Simone
1556 3437 1575 3473 J
1579 3436 1667 3472 udas
1680 3436 1908 3472 miserandus
1931 3435 2149 3471 excluditur.
2165 3433 2336 3470 Ascendit
2347 3433 2444 3480 Moy-

1390 3508 1448 3534 ses
1472 3499 1517 3534 ad
1551 3502 1711 3534 montem
1734 3497 1835 3534 Nabo
1869 3497 1906 3532 in
1944 3496 2083 3532 vertice
2116 3495 2272 3541 Phasga,
2298 3496 2359 3542 qui
2388 3501 2444 3533 est

1392 3565 1518 3596 contra
1544 3558 1702 3602 iericho,
1721 3562 1759 3594 et
1777 3556 1935 3594 ostendit
1953 3555 1988 3592 ei
2007 3555 2181 3591 Dominus
2205 3564 2348 3591 omnem
2369 3560 2443 3592 ter-

1391 3632 1470 3658 ram
1481 3621 1632 3665 Galaad‚
1646 3629 1760 3666 usque
1773 3617 1818 3655 ad
1835 3618 1914 3654 Dan
1933 3622 1970 3654 et
1985 3616 2188 3664 Nephtalim
2204 3621 2240 3652 61
2253 3615 2440 3663 Ephraim,

1391 3688 1428 3720 et
1448 3682 1647 3726 Manasses,
1667 3685 1704 3716 et
1731 3678 1938 3715 universam
1965 3682 2100 3714 terram
2119 3675 2226 3719 Juda,
2252 3685 2369 3722 usque
2383 3675 2442 3713 'ad

1390 3751 1491 3779 mare
1508 3729 1679 3788 magnum
1696 3744 1823 3776 contra
1839 3743 2024 3782 austrum
2043 3741 2081 3774 et
2098 3738 2283 3784 regionem
2297 3743 2436 3784 camp&

1391 3796 1511 3840 strem'
1533 3799 1690 3845 Jericho,
1710 3803 1877 3838 cunctam
1893 3797 2077 3836 civitatem
2097 3791 2308 3844 palmarum'
2326 3797 2442 3842 usqu·

2530 948 2540 971 t

2530 981 2540 1004 1

2533 1025 2540 1065 ἶ

2529 1073 2540 1096 1
