2540 4016
60 321 113 358 nt,
129 314 212 360 quia
230 314 266 350 in
281 313 370 359 legis
386 312 515 347 litterae
533 310 732 357 gloriantur
751 309 997 352 meditatione,
1019 313 1056 344 et

16 402 18 404 ,
38 384 48 408 ι
71 372 168 409 cultu
197 372 356 414 sabbati,
376 369 708 417 purificationisque
724 373 760 404 et
779 367 1053 410 sacrificiorum,

26 434 232 479 ¹ii'orumque
249 431 416 468 similium
433 441 442 474 ;
470 431 638 477 ungulam
655 435 773 466 autem
788 439 859 466 non
879 429 1053 472 dividunt,

30 505 53 530 ιι
78 505 158 541 quae
185 496 230 530 ab
256 493 308 530 eis
344 492 592 535 comeduntur,
625 501 742 537 neque
773 491 982 527 discernunt
1010 490 1056 526 ab

23 556 140 592 biritu
171 556 342 597 litteram,
375 560 410 590 ct
439 559 629 600 propterea
659 563 782 589 eorum
809 552 961 588 scientia
990 551 1058 586 im-

15 615 143 650 ;ιιιιιᾱει
164 619 232 650 est.
250 614 355 650 Tales
374 618 456 649 sunt
476 617 511 648 et
531 612 592 658 qui
611 612 769 657 leporem
796 611 1002 651 comedunt,
1022 613 1058 646 et·

28 674 72 709 *ui
92 673 363 719 chirogrillum;
384 673 567 708 ruminant
583 672 678 707 enim
695 676 731 707 et
748 671 839 716 ipsa,
866 671 929 706 sed
942 680 1058 717 ungu-

19 743 81 768 im
111 743 184 768 non
213 732 388 768 dividunt.
416 732 455 768 ln
485 731 647 778 populari
679 736 799 767 autem
832 729 1058 766 multitudine

31 792 212 828 ndaeorum
231 797 426 837 utrumque
457 791 645 836 accipitur,
675 789 806 825 debilia
829 789 959 834 quippe
978 797 1058 823 esse

27 853 179 889 mimalia
198 854 276 889 haec
294 853 475 896 dicuntur,
499 857 653 888 testante
677 850 789 885 David
808 855 845 884 et
864 848 1057 885 Salomone

27 919 245 961 ‹trorumque
264 900 470 950 animalium
490 911 705 947 debilitates.
727 908 895 944 Salomon
911 908 1057 953 quidem

42 985 91 1010 lm
117 975 168 1010 ait
193 972 435 1020 :Lepusculus
460 970 554 1016 plebs
579 968 734 1004 invalida
760 968 876 1013 posuit
901 968 938 1002 in
959 973 1058 1014 petra

21 1034 119 1070 nihile
137 1035 203 1070 sibi
219 1033 338 1080 (Prov.
355 1032 440 1078 xxx)
457 1042 466 1075 ;
489 1029 602 1066 David
620 1038 705 1064 vero
728 1040 736 1063 :
757 1027 865 1064 Petra
884 1028 1057 1074 refugium

37 1094 169 1129 *inat-iis
208 1093 278 1128 sive
320 1090 531 1138 chirogrillis
572 1090 584 1137 (
606 1089 705 1125 Psal.
741 1099 804 1126 em
825 1089 861 1136 );
903 1099 1057 1135 quorum

33 1224 126 1260 ipus;
161 1213 257 1248 aliud
290 1217 408 1247 autem
443 1211 560 1246 debile
580 1211 737 1256 quidem,
774 1210 836 1246 sed
876 1218 989 1255 rapax
1022 1214 1059 1245 et

30 1274 156 1310 =2stia1e
186 1278 292 1319 atque
310 1271 536 1308 mortiferum
556 1271 692 1314 dicunt,
718 1271 754 1307 id
773 1276 842 1314 est,
867 1270 1060 1316 chirogril-

23 1346 61 1370 ωε
78 1346 88 1370 :
109 1335 205 1380 quod
231 1334 328 1370 omni
345 1334 487 1379 quidem
507 1333 659 1378 plebeio,
678 1334 835 1370 maxime
858 1339 977 1369 autem
997 1333 1059 1369 Ju-

31 1406 164 1431 *eorum
181 1395 275 1430 inest
294 1395 438 1441 populo.
462 1394 512 1430 Dc
526 1395 655 1439 quibus
678 1395 769 1430 dixit
783 1395 895 1430 David
919 1407 928 1430 :
954 1395 1057 1430 Velo-

36 1466 61 1490 -s
80 1454 180 1500 pedes
198 1465 317 1489 eorum
346 1454 391 1488 ad
419 1454 670 1499 effundendum
703 1445 906 1499 sanquinem
929 1452 1056 1499 (Psal.

36 1512 103 1560 ιι).
131 1513 313 1557 Quantum
344 1519 463 1548 autem
482 1513 595 1548 timidi
615 1518 650 1549 et
670 1513 803 1548 infirmi
830 1513 893 1547 lilii
916 1512 1057 1548 Judaeo-

40 1583 88 1607 tm
111 1573 197 1615 sint,
214 1583 283 1608 vox
298 1573 416 1610 divina
436 1573 593 1608 ostendit
613 1583 693 1608 eum
720 1573 806 1608 dicit
824 1585 831 1608 ε
863 1572 919 1608 Vae
938 1573 1053 1607 cordi-

43 1644 70 1668 ts
90 1633 234 1678 trepidis
255 1639 286 1668 et
310 1633 470 1668 manibus
494 1633 661 1668 remissis.
694 1633 833 1676 Quanta
859 1638 978 1669 autem
1005 1633 1060 1668 in-

47 1694 143 1729 stitia
165 1700 200 1729 et
223 1694 349 1730 feritas
365 1695 458 1739 apud
477 1704 539 1730 eos
559 1699 650 1736 erat,
683 1694 765 1729 audi
786 1694 914 1729 lsaiam
937 1695 1059 1730 dicen-

33 1765 107 1789 ·m:
132 1753 311 1797 Quomodo
348 1754 441 1799 sacta
473 1760 522 1788 est
559 1754 723 1788 mereti-im
762 1754 882 1788 civitas
918 1753 1056 1798 fidelis,

45 1824 109 1848 ena
135 1813 294 1859 judicii?
320 1813 465 1847 ,Iustitia
491 1812 658 1847 habitavit
686 1813 722 1846 in
751 1823 807 1855 ea,
835 1823 925 1846 nunc
943 1818 1057 1847 autem

44 1874 189 1910 ›micidoe
207 1873 296 1921 (Isa.
316 1873 357 1921 ι).
382 1874 466 1909 Post
484 1874 549 1909 hos
576 1882 675 1909 suem
696 1873 782 1909 dicit
802 1883 881 1909 esse
901 1873 1058 1908 immun-

23 1944 106 1977 nm,
123 1934 205 1979 quia
224 1934 351 1969 dividit
364 1933 531 1980 ungulam
549 1939 585 1969 et
599 1944 670 1969 non
692 1933 860 1969 ruminat.
891 1933 958 1976 Qui
972 1943 1058 1978 ergo

32 1999 81 2029 int
97 1995 157 2040 qui
177 1995 389 2030 :emulemur
406 2005 447 2030 ac
467 1999 655 2039 propterea
677 1994 776 2029 illum
798 1994 987 2030 comedere
1007 1994 1058 2029 di-

34 2124 90 2148 um
110 2114 241 2160 quippe
255 2114 315 2158 qui
333 2113 442 2149 habet
458 2113 644 2148 scientiam
667 2114 885 2155 divinorum,
907 2113 970 2148 sed
986 2122 1057 2148 non

27 2182 70 2207 za
98 2172 190 2207 bene
206 2172 334 2214 utitur,
354 2172 625 2217 actionibusque
652 2173 857 2219 incongruis
885 2183 963 2209 eam
982 2173 1058 2218 pol-

38 2233 89 2275 it,
121 2233 275 2278 vitaeque
293 2233 484 2268 immundae
501 2234 731 2279 semetipsum
764 2234 924 2276 tradidit,
958 2243 1058 2269 suem

37 2293 119 2327 =iam
143 2293 221 2338 ipse
247 2291 440 2338 appellavit
460 2292 584 2328 dicens
604 2302 613 2327 z
632 2292 758 2327 Melius
780 2293 901 2338 fuisset
923 2294 972 2328 eis
991 2303 1059 2328 non

30 2363 212 2398 agnoscere
229 2353 320 2387 viam
339 2351 504 2397 justitioe,
520 2362 640 2398 quam,
662 2352 800 2398 cognita
818 2363 872 2395 ea,
894 2358 984 2386 retro
1007 2363 1060 2386 re-

43 2411 98 2446 ·νεὶ
123 2422 146 2446 α
175 2410 304 2446 tradito
335 2411 401 2446 sibi
430 2416 550 2446 sancto
581 2411 748 2446 mandato
772 2422 783 2446 :
805 2411 945 2457 contiyit
969 2411 1059 2445 enim

30 2471 83 2506 tuis
102 2481 155 2506 res
175 2471 248 2505 veri
279 2470 449 2516 proverbii
467 2481 478 2505 .·
495 2470 600 2505 Canis
623 2481 779 2506 reversus
807 2471 852 2505 ad
882 2482 985 2506 suum
1002 2481 1061 2505 vo-

52 2531 145 2573 tum,
180 2537 211 2565 et
230 2541 289 2565 sus
307 2530 379 2565 lota
396 2531 433 2565 in
450 2530 628 2565 volutabro
649 2531 734 2565 coeni
770 2530 783 2576 (
802 2531 844 2564 II
871 2530 968 2565 Petr.
986 2541 1011 2565 ιι
1032 2530 1058 2575 ).

38 2589 85 2624 ed
95 2589 189 2633 quod
201 2588 258 2623 his
275 2598 354 2634 quae
362 2589 553 2634 dictasunt
570 2589 728 2625 addidit:
742 2588 879 2623 Horum
897 2589 1061 2624 carnibus

45 2659 83 2683 m
116 2649 321 2692 vescemini,
353 2659 413 2684 uec
439 2649 609 2684 cadavera
636 2650 860 2695 continqetis,
887 2650 970 2695 quia
997 2650 1064 2684 im-

39 2709 145 2744 ·unda
165 2716 244 2744 sunt
263 2710 378 2753 vobis;
401 2711 470 2746 hoc
488 2715 556 2753 est,
578 2720 644 2745 nec
667 2710 812 2752 cameli,
833 2719 899 2745 nec
915 2710 1061 2755 leporis,

38 2779 80 2806 ec
102 2769 311 2817 chirogrilli,
344 2780 411 2806 nec
429 2771 516 2814 suis,
543 2779 622 2815 quae
648 2770 743 2805 inter
762 2770 944 2806 immunda
970 2769 1064 2814 judi-

45 2831 120 2868 wit.

48 2890 152 2928 iNam
183 2893 342 2929 camelus
381 2893 590 2930 Scribarum
624 2898 659 2928 et
698 2893 988 2937 Pharisaeorum,
1022 2899 1062 2928 ut

62 3026 65 3031 ·
98 3012 187 3049 vitio
215 3013 393 3050 notabiles
423 3019 518 3057 sunt,
541 3023 620 3059 quae
641 3013 820 3050 contraria
839 3018 893 3049 est
920 3013 1062 3060 sapien-

104 3084 114 3108 :
147 3072 340 3110 stultorum
375 3074 508 3121 quippe
543 3080 599 3110 est
632 3073 819 3120 proprium
860 3074 1058 3119 superbire.

1 3148 3 3156 ν
48 3141 132 3168 .-=us
149 3159 159 3175 ‚
195 3137 236 3168 ut
278 3132 426 3169 timidus
441 3159 452 3176 ,
492 3131 693 3168 fortitudini
736 3132 940 3169 contrarius
983 3137 1059 3176 est;

61 3186 240 3240 irogrillus
255 3219 265 3236 ,
294 3199 335 3229 ut
361 3203 474 3240 rapax
491 3221 501 3238 ,
516 3192 664 3240 justitiae
687 3206 695 3228 z
715 3204 791 3237 sus,
819 3199 859 3229 ut
889 3193 963 3229 vita
983 3202 1061 3228 sor-

140 3252 266 3289 vivens
291 3258 327 3289 et
359 3253 562 3296 immunda,
593 3243 748 3289 castitati
780 3254 961 3290 contraria
991 3258 1059 3289 est.

1 3331 3 3336 .
56 3312 99 3361 ⁷?
118 3311 322 3360 Hesychia.)
349 3312 486 3349 Horum
513 3323 581 3349 nec
607 3323 736 3349 carnes
766 3313 1010 3355 comedamus,
1028 3312 1065 3348 id

47 3411 55 3418 ,
96 3366 171 3413 ’,θα
185 3382 295 3419 quam
318 3373 486 3410 videntur
500 3373 634 3410 habere
650 3373 818 3410 virtutem
846 3382 1061 3418 sequamur;

84 3429 91 3471 ”.
119 3448 134 3460 ·=
154 3427 161 3463 ·’
189 3435 252 3472 risi
270 3435 369 3472 enim
387 3435 487 3472 illam
503 3440 540 3472 et
552 3446 624 3473 non
642 3436 678 3472 in
695 3436 850 3473 veritate
866 3441 1062 3478 sectantur,

70 3505 73 3515 ’
97 3491 259 3551 ’ῥῖρῑῖει
273 3501 393 3533 autem
417 3497 607 3533 morticina
632 3507 759 3534 eorum
782 3496 959 3543 tangenda
994 3503 1065 3530 non

119 3564 173 3608 ᾗ·
194 3550 197 3553 ⁴
220 3558 334 3596 'malis
357 3567 483 3596 eorum
509 3560 847 3597 communicandum
878 3565 934 3595 est
956 3557 1068 3593 actio-

127 3657 134 3680 ῥ
157 3617 176 3645 ’ἐ
194 3624 198 3629 ·
214 3605 361 3666 [emm
370 3618 572 3665 huiusmodi
597 3620 722 3666 procul
749 3619 858 3656 dubio
874 3618 1067 3655 morticina

48 3695 59 3701 ·=
226 3676 260 3694 ””
278 3676 318 3707 ·''
315 3680 406 3717 alm
420 3689 500 3740 quie
525 3680 716 3728 qiq'muuur
730 3683 768 3719 in
787 3682 908 3729 aquis,
928 3687 960 3717 et
976 3681 1068 3717 vesci

74 3720 387 3776 mmm
382 3736 494 3801 ’Μ’
507 3741 610 3779 lilibet
634 3741 799 3790 pinnatae
826 3749 860 3780 et
889 3750 1067 3788 squamas,

610 170 940 210 EXPOSITIONES
964 169 1011 207 ΙΝ
1035 170 1300 210 LEVITICUM.
1327 192 1374 199 —
1396 173 1483 209 LIB.
1508 174 1565 210 111.

28 250 130 298 ιιιιι).
157 251 251 298 Ergo
273 250 407 287 Sci-ibae
424 253 459 286 et
479 228 649 285 Pharisaei
676 248 898 283 ruminantes
931 257 1052 283 come·
1071 249 1107 288 A
1124 252 1193 283 tam
1219 249 1255 283 in
1278 249 1370 284 mari
1402 260 1507 295 quam
1540 250 1578 284 in
1605 250 1825 296 fluminibus,
1844 258 1876 288 et
1894 257 2041 300 stagnis,
2063 270 2178 297 como.

31 2059 151 2090 intur.
171 2054 317 2090 Petrum
338 2055 576 2099 expositorem
595 2059 631 2089 et
654 2054 865 2100 magistrum
883 2053 1053 2099 suscipe:
1074 2039 1103 2081 C

38 2966 58 2981 ἰ
76 2951 182 2996 ἰιιιιε,
197 2962 390 2998 personam
405 2957 541 2999 gestat,
561 2953 622 2998 qui
636 2953 923 2999 persuperbiam
945 2954 1062 2990 stulti·
1077 2935 1114 2975 D

2107 185 2179 222 554

1124 308 1236 351 detis;
1254 308 1423 355 quidquid
1449 315 1565 344 autem
1593 310 1756 356 pinnulas
1781 317 1814 346 et
1844 323 2008 358 squamas
2029 326 2097 351 non
2112 319 2178 355 Ιιιι-

1124 368 1177 403 bet
1193 378 1312 402 eorum
1327 378 1404 414 quoe
1427 369 1464 403 in
1485 369 1585 415 aquis
1616 375 1799 405 moventur
1826 375 1866 405 εει
1884 371 2000 406 vivunt
2016 399 2026 415 ,
2046 373 2179 411 abomi-

1123 429 1238 464 nabile
1255 430 1349 465 vobis
1379 436 1412 466 et
1444 432 1696 468 exsecrandum
1725 434 1806 478 erit,
1827 444 1953 470 carnes
1974 445 2094 471 eorum
2112 447 2182 474 non

1124 489 1320 532 comedetis,
1342 496 1374 526 et
1393 492 1579 527 morticina
1599 493 1768 537 vitabitis,
1799 500 1924 530 cuncta
1942 506 2020 542 quae
2035 493 2105 532 n'on
2118 497 2183 533 Ιια-

1125 549 1203 585 bent
1222 549 1385 596 pinnulas
1412 556 1443 586 et
1476 562 1640 598 squamas
1662 553 1715 588 ·in
1747 555 1860 601 aquis,
1896 555 2031 602 polluta
2064 564 2180 594 erunt.

1124 609 1179 645 Ex
1195 619 1238 645 eo
1254 610 1350 655 quod
1378 620 1450 646 non
1467 616 1591 656 aperte
1615 612 1736 648 divina
1759 612 1947 659 Scriptura
1971 626 2104 662 genera
2127 618 2183 663 pi-

1126 669 1242 706 scium
1266 671 1432 715 exposuit
1451 681 1471 706 a
1488 671 1619 717 quihus
1645 672 1820 709 abstineri
1847 674 1936 718 vult,
1959 675 2180 721 superfluum

1126 735 1180 766 est
1204 730 1283 766 haec
1303 731 1339 766 in
1371 732 1543 777 praesenti
1575 741 1751 777 quaerere,
1788 743 1967 779 nusquam
1996 736 2092 770 enim
2123 736 2180 782 pi-

1125 791 1240 826 scium
1258 791 1293 826 in
1309 801 1351 827 ea
1373 791 1596 827 inveniemus
1616 792 1805 828 vocabula.
1828 793 2069 839 Semetipsam
2094 804 2180 841 ergo

1125 850 1162 885 in
1178 851 1248 886 hoc
1267 851 1375 886 etiam
1406 851 1569 886 imitatur
1602 850 1681 887 loco
1711 852 1894 900 (Rasum).
1923 854 2183 891 Verumtamen

1125 909 1212 944 illud
1232 920 1328 945 nunc
1357 910 1475 945 notari
1505 915 1649 956 oportet
1683 911 1767 957 quia
1805 912 2106 957 quemadmodum
2144 914 2182 950 in

1125 969 1333 1014 spontaneis
1357 966 1559 1012 sacrificiis,
1585 980 1666 1015 quae
1686 976 1723 1007 et
1750 972 1844 1007 dona
1863 972 2047 1019 legislator
2066 973 2183 1020 appel·

1124 1030 1227 1073 lavit,
1244 1029 1437 1075 aliquando
1458 1030 1604 1076 quidem
1630 1036 1840 1075 operatores
1868 1032 1973 1079 legis,
1989 1034 2183 1079 aliquando

1126 1095 1247 1126 autem
1274 1089 1480 1135 simplices,
1517 1089 1712 1135 aliquando
1742 1100 1830 1126 vero
1863 1093 2181 1138 contemplatores,

24 1165 117 1190 anum
132 1159 189 1190 est
203 1153 307 1189 velox
330 1158 366 1189 et
394 1152 558 1188 timidum
576 1161 657 1187 cum
680 1149 905 1193 infirmitate,
932 1149 968 1184 id
985 1154 1053 1193 est,
1074 1149 1105 1188 Β
1124 1160 1189 1196 per
1220 1149 1443 1186 oblationum
1475 1149 1692 1196 significavit
1719 1150 1865 1194 modos,
1899 1151 2090 1198 aliquando
2121 1162 2186 1190 eos

1125 1210 1186 1255 qui
1206 1209 1392 1246 salvantur
1418 1219 1463 1246 ex
1488 1209 1670 1256 gentibus,
1702 1210 1833 1256 quibus
1853 1216 1889 1246 et
1922 1211 2100 1247 sacrificia
2139 1212 2184 1248 de

1126 1270 1243 1307 simila
1263 1275 1301 1306 ut
1321 1270 1545 1316 simplicibus
1566 1270 1771 1316 deputavit;
1792 1271 1886 1316 quod
1900 1271 2059 1307 ostendit
2078 1281 2124 1307 ex
2142 1281 2186 1307 eo

1127 1331 1223 1376 quod
1245 1331 1333 1366 dicit
1355 1343 1362 1365 :
1385 1329 1422 1366 Si
1439 1331 1557 1365 anima
1583 1329 1745 1365 obtulerit
1777 1330 1907 1365 donum
1923 1330 2088 1373 Domino,
2113 1341 2185 1366 non

1127 1392 1278 1434 addens,
1295 1391 1335 1427 Si
1354 1391 1471 1426 anima
1486 1391 1527 1425 de
1546 1390 1672 1437 populo
1690 1396 1806 1433 terroe,
1827 1390 2131 1436 quemadmodum
2148 1390 2185 1425 in

1128 1452 1280 1487 aliorum
1320 1451 1581 1486 sacrificiorum
1613 1450 1920 1485 enuntiationibus
1955 1450 2044 1486 solet
2065 1461 2072 1483 :
2094 1450 2188 1485 sicut

1126 1521 1213 1557 ergo
1233 1511 1268 1546 in
1289 1511 1373 1552 illis,
1392 1511 1444 1546 sic
1478 1515 1513 1545 et
1541 1510 1600 1545 hic
1637 1519 1702 1554 per
1739 1510 1902 1545 ciborum
1930 1509 2186 1545 abstinentiam

1127 1573 1252 1618 quales
1276 1572 1408 1608 debent
1426 1582 1504 1606 esse
1527 1572 1586 1616 qui
1602 1571 1718 1616 legem
1743 1571 1964 1606 meditantur
1994 1571 2187 1606 ostendere

1126 1635 1286 1681 cupiens,
1302 1644 1367 1680 per
1382 1634 1563 1668 ruminare
1582 1632 1760 1678 siquidem
1780 1637 1816 1667 et
1832 1631 2005 1678 ungulam
2026 1631 2187 1668 dividere

1126 1695 1287 1730 Judaeum
1321 1693 1551 1740 significavit,
1570 1693 1630 1738 qui
1662 1692 1767 1729 debet
1785 1693 1875 1739 legis
1906 1692 2056 1738 implere
2081 1702 2188 1728 man-

1127 1754 1224 1796 data,
1244 1759 1281 1789 et
1300 1753 1346 1788 ab
1366 1752 1492 1797 spiritu
1510 1752 1667 1787 litteram
1693 1752 1855 1787 dividere
1879 1757 1916 1787 et
1933 1751 2048 1798 legem
2079 1752 2189 1798 spiri-

1127 1814 1248 1849 taliter
1278 1813 1491 1858 intclligerc.
1511 1812 1580 1847 Per
1611 1813 1686 1848 haec
1707 1817 1828 1848 autem
1853 1822 1934 1858 quae
1965 1823 2062 1849 nunc
2090 1813 2186 1850 dicta

1126 1879 1210 1910 sunt
1234 1874 1393 1910 ostendit
1410 1874 1453 1908 de
1476 1874 1641 1919 gentibus
1661 1883 1698 1909 se
1719 1874 1830 1918 loqui,
1848 1874 1942 1910 unde
1957 1879 1994 1909 et
2014 1874 2185 1910 existimo

1125 1945 1198 1970 non
1220 1934 1401 1980 expressis
1417 1933 1622 1968 nominibus
1636 1933 1789 1977 piscium
1808 1934 2021 1969 memoriam
2037 1933 2185 1977 saetam,

1126 1995 1209 2039 quia
1228 2004 1295 2030 nec
1314 1994 1460 2030 nomina
1486 2003 1633 2028 suorum
1664 1993 1775 2029 scribi
1797 2003 1904 2038 super
1925 1999 2059 2029 terram
2090 1994 2188 2040 cupit

1125 2055 1300 2091 Ecclesia.
1320 2054 1423 2091 Unde
1440 2059 1475 2090 et
1498 2055 1542 2090 de
1559 2053 1619 2089 illa
1647 2053 1761 2088 David
1784 2053 1835 2088 ait
1858 2065 1865 2089 :
1887 2052 2097 2104 Scribuntur
2112 2054 2186 2088 haec

1125 2117 1161 2152 in
1180 2116 1402 2162 generatione
1431 2114 1542 2150 altera
1564 2113 1679 2162 (Psal.
1702 2113 1763 2160 ci),
1799 2113 1966 2149 videlicet
1997 2112 2119 2149 sutura
2147 2113 2187 2149 in

1126 2178 1241 2220 coelis,
1262 2177 1310 2213 ibi
1330 2177 1428 2212 enim
1459 2176 1615 2211 filiorum
1645 2175 1722 2220 eJus
1748 2175 1882 2221 scripta
1912 2179 1997 2210 sunt
2021 2174 2183 2210 nomina.

1127 2239 1213 2275 Hoec
1229 2245 1308 2274 sunt
1322 2250 1398 2286 quat
1416 2239 1605 2285 qiqnuntur
1622 2238 1659 2272 in
1674 2238 1789 2284 aquis,
1809 2243 1840 2272 et
1859 2236 2099 2272 vescilicitum
2115 2241 2182 2272 est.

1126 2300 1376 2347 Intelliguntur
1391 2309 1456 2345 per
1475 2299 1551 2334 baec
1570 2299 1607 2335 hi
1623 2299 1684 2344 qui
1700 2309 1743 2334 ex
1761 2298 1928 2344 gentihus
1943 2297 2070 2333 salvati
2089 2301 2188 2340 sunt,

1126 2366 1167 2396 ut
1184 2366 1267 2406 pote
1282 2359 1594 2404 regenerationem
1624 2359 1800 2393 habentes
1820 2358 1856 2392 in
1886 2367 1979 2402 aqua
1997 2356 2192 2402 baptisma-

1129 2423 1187 2458 tis.
1204 2424 1254 2457 De
1274 2421 1404 2466 quibus
1429 2426 1466 2456 ct
1495 2421 1607 2456 lsaias
1626 2420 1770 2455 dicebat
1789 2431 1797 2453 :
1820 2418 1911 2453 Ecce
1940 2423 2056 2463 gentes
2085 2417 2190 2463 quasi

1129 2482 1237 2519 stella’
1247 2480 1363 2517 situlce
1373 2480 1476 2528 (lsai.
1487 2480 1547 2526 ιιι)
1556 2507 1564 2523 ,
1574 2480 1663 2522 sive,
1675 2485 1714 2514 ut
1723 2478 1972 2524 Septuaginta,
1983 2478 2073 2512 sicut
2088 2486 2189 2523 aquoe

1129 2547 1262 2585 niultoe,
1281 2547 1397 2588 qentes
1428 2539 1561 2575 mutcae.
1585 2539 1688 2575 Unde
1708 2543 1745 2574 et
1777 2539 1829 2573 eis
1859 2536 2079 2573 conveniunt
2109 2546 2190 2583 quae

1130 2608 1330 2649 sequuntur
1352 2614 1359 2637 ε
1385 2600 1495 2635 Omne
1523 2600 1615 2647 quod
1643 2599 1743 2634 habet
1763 2597 1926 2644 pinnulas
1956 2603 1987 2632 et
2008 2608 2187 2643 squamas,

1130 2671 1200 2699 tam
1217 2664 1252 2698 in
1271 2662 1362 2697 mari
1382 2672 1486 2708 qnam
1503 2661 1540 2695 in
1558 2658 1761 2706 fluminibus
1772 2665 1804 2693 et
1822 2658 1970 2703 amanis,
1988 2656 2188 2692 comedetis.

1130 2723 1263 2757 Eadem
1283 2721 1394 2756 etiam
1414 2720 1472 2756 his
1487 2719 1606 2765 quiex
1627 2718 1793 2764 gentibus
1815 2722 1897 2752 sunt
1922 2717 1966 2752 dc
1985 2716 2191 2752 meditatio-

1131 2793 1175 2818 ne
1195 2783 1283 2829 lcgis
1309 2782 1390 2817 aliis
1407 2781 1579 2828 praecepit
1601 2780 1722 2815 verbis
1740 2791 1747 2814 :
1769 2779 1844 2815 vult
1859 2779 1955 2815 enim
1981 2788 2043 2814 eos
2057 2778 2192 2814 habere

1130 2842 1167 2877 in
1190 2841 1430 2877 meditatione
1461 2841 1550 2887 legis
1582 2840 1766 2886 pinnulas,
1792 2840 1979 2885 vitamque
1997 2839 2188 2876 sublimem

1132 2907 1238 2948 atque
1253 2902 1438 2938 coelestem
1455 2928 1463 2944 ,
1491 2901 1554 2937 sed
1583 2901 1845 2947 expositionem
1862 2901 1952 2946 legis
1978 2900 2062 2936 huic
2087 2899 2189 2935 simi-

1131 2962 1217 3005 lem,
1231 2966 1381 3008 propter
1411 2961 1508 3008 quod
1532 2971 1606 2997 non
1638 2959 1826 3007 pinnulam
1854 2959 2004 3002 habere,
2026 2960 2089 2995 sed
2108 2959 2190 3005 pin-

1130 3023 1234 3059 nulas
1254 3032 1317 3059 eos
1335 3021 1425 3058 vult.
1445 3021 1536 3065 Quia
1556 3025 1678 3057 autem
1703 3020 1910 3066 ignorantia
1939 3019 2071 3055 divinae
2092 3018 2191 3055 Scri-

1129 3088 1245 3129 pturae
1263 3086 1389 3128 gentes
1404 3081 1621 3123 obtinuerat,
1638 3089 1711 3115 non
1721 3080 1818 3115 enim
1833 3077 2190 3123 susceperantlegem

1129 3151 1247 3187 neque
1264 3141 1477 3186 prophetas,
1496 3149 1564 3175 nec
1581 3138 1651 3174 alia
1666 3138 1704 3174 in
1723 3138 1778 3173 eis
1794 3142 1875 3173 erat
1894 3136 2048 3172 scientia
2064 3134 2188 3169 divina

1130 3202 1308 3246 subtilior,
1327 3211 1373 3237 ne
1391 3211 1477 3248 ergo
1491 3201 1561 3236 hoe
1577 3199 1704 3236 morbo
1722 3196 1950 3244 permanenti
1965 3201 2002 3230 et
2015 3198 2190 3240 perpetuo

1133 3262 1352 3306 laborarent,
1369 3271 1538 3308 squamas
1561 3269 1623 3295 eos
1635 3259 1768 3294 habere
1787 3257 1877 3299 vult,
1897 3264 1977 3300 quae
2001 3252 2109 3288 facile
2125 3261 2189 3287 au-

1133 3321 1326 3358 ferrentur.
1352 3321 1443 3365 Quia
1473 3325 1591 3355 autem
1621 3325 1780 3368 squamae
1809 3312 2043 3359 temporalem
2066 3315 2104 3347 et
2118 3320 2189 3357 qua

1134 3382 1237 3419 facile
1256 3386 1423 3418 careatur
1447 3378 1688 3426 ignorantiam
1702 3374 1920 3420 significant,
1938 3371 2189 3409 demonstrant

1134 3451 1177 3477 ea
1195 3450 1276 3486 quae
1293 3439 1336 3476 de
1345 3437 1458 3473 Paulo
1473 3436 1607 3481 scripta
1626 3433 1760 3469 suntin
1775 3430 2020 3476 apostolorum
2039 3430 2189 3469 Actibus

1137 3502 1230 3548 (cap.
1246 3499 1322 3546 ix);
1341 3507 1425 3534 cum
1451 3497 1549 3532 enim
1576 3494 1653 3530 zelo
1670 3492 1821 3529 Iudaico
1850 3492 2050 3530 Ecclesiam
2062 3502 2189 3539 perse-

1136 3563 1323 3606 queretur,
1359 3556 1613 3603 ignoraretque
1641 3562 1724 3589 eum
1750 3560 1856 3599 quem
1887 3552 2188 3599 persequebatur,

1135 3617 1239 3666 facile
1268 3615 1386 3652 caruit
1411 3614 1488 3650 zelo
1515 3617 1666 3660 propter
1702 3612 1964 3659 ignorantiam;
1995 3618 2188 3658 postquam

1136 3677 1303 3724 cognovit
1327 3684 1434 3720 quem
1465 3677 1760 3720 persequeretur,
1778 3677 1927 3709 vocatus
1942 3682 1964 3709 a
1977 3671 2138 3716 Christo,
2151 3676 2190 3710 et

1135 3744 1324 3787 postquam
1345 3735 1379 3774 ei
1398 3735 1444 3773 ab
1466 3733 1607 3772 Anania
1633 3733 1918 3783 evangelizatum
1939 3734 2008 3779 est,
2028 3741 2186 3786 squamae
