2540 4016
39 137 41 139 ’
89 157 159 195 515

694 155 1029 194 EXPOSITIONES
1050 156 1095 193 IN
1122 157 1389 197 LEVlTICUM.
1415 178 1463 186 —
1483 161 1573 203 LIB.
1601 162 1661 200 v1.

2186 176 2255 215 514

85 235 118 270 Α
136 233 403 280 quintodecimo
418 243 504 280 ergo
520 233 578 270 die
593 232 728 269 mensis
750 231 906 277 septimi.
926 231 1015 268 Esse
1034 241 1136 268 men-
1153 237 1190 278 Α
1205 231 1303 270 dare.
1325 211 1435 270 Sdme
1452 239 1490 270 et
1505 234 1656 278 salices;
1675 240 1712 271 et
1731 239 1930 275 secundum
1959 242 2204 295 Septuaginta,
2220 257 2259 289 at

86 305 163 331 scm
185 295 379 341 septimum
392 293 664 340 completionem
681 294 756 329 sive
770 292 1030 339 plenitudinem
1050 298 1138 329 tem-

1202 306 1275 332 non
1291 306 1425 339 ramos,
1447 295 1484 332 id
1499 300 1569 339 est,
1586 295 1818 333 continentiae
1836 300 1998 345 castique
2017 302 2151 354 [ἄγνου]
2167 320 2255 346 con·

84 363 212 400 porum
233 354 415 390 diximus:
442 353 750 399 quintusdecimus
774 357 894 389 autem
914 358 953 388 ut
978 357 1062 397 pote
1091 363 1138 388 ex
1199 354 1310 402 jugii;
1344 356 1438 392 salix
1458 356 1555 392 enim
1573 355 1984 404 continentiamsignat,
2000 361 2087 405 quia
2103 364 2258 405 fructum

84 419 223 460 septem
251 418 288 450 et
314 417 396 450 octo
427 418 610 456 constanS‚
630 411 873 459 evangelicam
905 411 1136 457 praedicatio-

85 483 169 509 nem
186 482 267 519 quae
297 483 342 509 ex
366 473 532 519 praesenti
549 473 624 509 vita
640 477 678 508 et
694 471 816 508 futura
832 471 998 508 consistit
1026 471 1138 518 signi-

84 533 184 578 ficat,
211 534 306 570 hanc
339 543 573 580 componens,
601 533 699 569 illam
732 543 955 581 praeparans,
991 533 1137 581 quando

84 594 423 640 congregaverimus
452 604 578 631 omnes
608 593 748 631 fructus
767 600 889 638 terrae,
908 595 953 631 ab
969 594 1138 642 operibus

83 652 250 688 videlicet
268 653 424 689 terrenis
438 660 636 698 cessantes,
654 653 748 692 festa
764 654 986 691 celebremus
1001 659 1138 701 septem

84 713 175 756 dies,
196 712 231 748 id
261 718 328 756 est,
349 719 463 749 totam
487 721 650 751 nostram
670 717 797 753 demus
813 717 924 752 vitam
955 717 994 751 in
1018 716 1138 752 divina

84 773 282 810 festivitate
302 774 531 812 celebranda.
554 776 619 813 Die
637 781 756 813 autem
781 777 898 823 primo
927 775 1084 821 requies,
1102 781 1139 812 et

84 841 213 871 octavo
241 835 299 870 die
324 836 482 881 requies.
511 836 590 873 Non
605 836 681 882 jam
713 837 866 880 septimo
887 846 967 872 cum
985 846 1138 872 numero

84 899 220 940 septem
253 893 391 930 dierum
424 894 658 931 festivitatem
685 896 743 941 agi
773 894 1042 940 proposuisset,
1075 895 1138 931 sed

83 958 223 989 octavo.
250 953 409 990 Primum
430 955 586 1000 quidem,
604 955 686 999 quia
705 955 842 1001 his-qui
866 954 1063 991 secundum
1080 955 1138 991 lit-

83 1017 198 1049 teram
230 1013 345 1059 legem
378 1018 514 1055 tenent,
537 1013 772 1049 festivitatem
792 1013 978 1050 celebrare
1004 1023 1075 1050 non
1095 1014 1139 1051 li-

82 1079 139 1109 cet
161 1085 170 1108 ε
190 1082 282 1108 novo
297 1072 393 1108 enim
408 1078 617 1119 segregatus
630 1079 685 1110 est
695 1074 840 1121 populo,
858 1074 919 1121 qui
935 1075 1003 1111 seit
1021 1075 1136 1122 legem

1204 424 1278 451 non
1293 413 1396 458 facit,
1418 415 1511 451 sicut
1527 425 1596 451 nec
1613 415 1840 452 continentes
1862 416 2025 462 quisunt
2046 420 2123 455 veri
2147 431 2259 460 eunu-

1204 474 1274 517 chi,
1287 475 1349 521 qui
1367 480 1618 512 castraverunt
1637 485 1677 511 se
1701 479 1850 522 propter
1880 477 2045 523 requiem
2068 479 2259 527 coelorum,

1203 534 1579 581 fructumsquemlibet
1596 535 1805 573 sensibilem
1818 535 1957 573 faciunt
1969 549 1979 582 ;
2002 538 2049 574 ad
2062 549 2153 585 quos
2166 535 2262 580 Deu's

1202 605 1270 642 per
1292 595 1422 632 Isaiam
1458 597 1674 644 prophetam
1688 596 1779 633 dicit
1806 609 1815 633 ε
1839 597 1923 634 Νοη
1945 585 2041 636 dicat
2067 602 2261 647 eunuchus,

1205 656 1287 703 quia
1301 655 1435 703 lignum
1449 657 1590 693 aridum
1607 668 1669 704 eqo
1696 668 1795 702 sum,
1821 659 1905 706 quia
1919 659 2009 696 dabo
2025 660 2074 696 eis
2100 662 2138 697 in
2161 662 2266 699 domo

1204 728 1302 762 mea,
1340 723 1373 753 et
1402 719 1441 753 in
1471 719 1581 756 muris
1610 718 1748 762 locum,
1777 725 1811 755 et
1844 731 1970 757 nomen
2008 722 2132 759 melius
2159 734 2266 770 quam

1205 789 1227 813 a
1245 777 1330 823 filiis
1345 783 1378 814 et
1394 778 1693 824 filiabusmomen
1713 780 1962 827 sempiternum
1982 782 2073 819 dabo
2093 784 2144 820 eis
2162 783 2262 831 (Isa-

1205 838 1301 887 Lvi).

1259 900 1419 936 Dicimus
1448 905 1570 937 autem
1595 901 1742 938 salicem
1769 911 1896 948 gerere
1921 902 2033 939 etiam
2062 905 2264 951 orationis,

1205 968 1346 994 necnon
1375 961 1597 1004 poenitentiae
1616 961 1770 1007 figuram
1791 974 1800 997 ε
1825 962 1877 998 sic
1902 973 1989 1010 ergo
2006 968 2042 1000 et
2061 963 2149 1001 illud
2168 955 2266 1011 quod

1205 1030 1226 1055 a
1244 1017 1515 1056 David'dictum
1546 1026 1628 1063 est,
1658 1021 1904 1067 intelligamus
1930 1035 1938 1058 :
1972 1024 2088 1070 Super
2113 1026 2264 1071 flumina

1204 1077 1395 1124 Babylonis
1421 1078 1494 1113 illic
1519 1079 1672 1115 sedimus
1698 1087 1732 1115 et
1758 1081 1919 1126 flevimus
1947 1082 2032 1117 dum
2052 1083 2259 1120 recordare-

81 1131 277 1167 seeundum
297 1131 464 1177 spiritum
494 1134 670 1179 accipere,
688 1139 724 1170 et
755 1139 920 1170 octavum
940 1136 1132 1181 honorare,
1153 1143 1185 1182 Β
1204 1149 1284 1173 mur
1313 1139 1378 1182 tui,
1414 1138 1516 1174 Sion.
1537 1138 1582 1175 In
1602 1139 1768 1176 salicibus
1785 1142 1822 1177 in
1843 1142 1958 1177 medio
1978 1142 2054 1188 ejus
2077 1144 2262 1190 suspendi-

81 1203 187 1238 quem
197 1192 350 1228 diximus
361 1192 564 1240 significare
578 1199 801 1230 mortuorum
816 1197 1133 1232 resurrectionem.

82 1254 260 1297 Secundo,
290 1254 374 1300 quia
399 1264 508 1290 unam
532 1255 703 1292 virtutem
725 1255 860 1291 habent
879 1261 915 1292 et
941 1257 1081 1302 primns
1102 1262 1137 1294 et

80 1320 242 1358 octavus,
265 1315 326 1361 qui
347 1315 443 1350 enim
462 1321 612 1352 octavus
632 1317 709 1362 ipse
730 1322 768 1353 et
785 1318 937 1363 primus,
959 1319 1043 1364 quia
1060 1319 1136 1364 ipsc
1159 1308 1167 1315 ⁰

80 1381 136 1412 est
153 1376 369 1422 principium
388 1375 502 1411 futuri
519 1377 653 1420 saeculi,
667 1377 794 1414 deinde
808 1378 946 1424 primus
966 1379 1054 1422 dies,
1075 1379 1137 1424 qui

80 1442 135 1473 est
155 1437 299 1472 initium
328 1437 433 1473 faetae
451 1439 716 1484 praedicationis
740 1440 776 1475 in
805 1440 876 1476 sine
906 1441 1135 1485 sceculorum,

80 1497 243 1543 requiem
268 1498 453 1533 continet:
481 1500 708 1544 requiescere
733 1501 829 1536 enim
847 1512 913 1538 nos
931 1501 1032 1546 facit,
1054 1513 1136 1539 cum

81 1570 147 1595 nos
179 1570 198 1595 a
233 1565 463 1606 pcccatorum
502 1561 685 1597 laboribus
707 1563 870 1607 diherst,
909 1574 974 1609 per
1002 1564 1136 1600 donum

80 1619 321 1664 baptismatis.
345 1620 412 1656 Hic
439 1627 560 1657 autem
596 1622 780 1669 legislator
799 1634 881 1659 cum
901 1623 1136 1660 festivitatem

80 1680 325 1725 praedicasset,
342 1686 477 1727 septem
497 1682 651 1725 dierum,
678 1684 832 1728 primum
852 1683 929 1728 ejus
959 1685 1054 1720 diem
1084 1695 1137 1721 re-

81 1742 201 1788 quiem
223 1743 425 1789 appellavit.
456 1744 566 1779 Tacct
594 1752 713 1780 autem
750 1752 942 1790 sequentes
963 1746 1038 1782 dics
1055 1773 1064 1789 ,
1096 1751 1136 1782 ut

80 1812 145 1847 pcr
170 1802 238 1838 hoe
255 1803 432 1849 significet
450 1809 615 1848 oportere
642 1804 836 1840 virtutihus
864 1815 1011 1850 operam
1034 1805 1132 1842 dare.

79 1862 214 1898 Deinde
234 1863 278 1898 ad
298 1868 465 1899 octavum
480 1864 575 1900 diem
594 1864 791 1900 transferat
810 1866 994 1911 requiem,
1015 1874 1136 1903 osten-

79 1922 166 1958 dens
186 1922 270 1968 quia
290 1922 404 1959 fidelis
424 1928 460 1959 et
482 1924 673 1960 servientis
693 1925 762 1971 legi
783 1925 846 1961 Dei
877 1935 962 1961 vcra
990 1927 1135 1972 requies

78 1980 191 2016 futuri
219 1982 339 2017 sacculi
363 1988 416 2018 est
441 1994 449 2017 ;
473 1983 559 2028 quid
578 1994 663 2030 ergo
683 1995 749 2020 nos
786 1985 822 2019 in
854 1991 930 2021 tota
949 1986 1023 2021 vita
1050 1996 1135 2032 ope-

78 2041 166 2085 rari,
183 2046 219 2077 et
236 2042 330 2077 unde
353 2042 525 2077 inchoare
544 2044 792 2088 operationem
810 2051 963 2091 oportet.

127 2101 346 2148 Sumetisque
376 2102 469 2137 vobis
495 2102 550 2137 die
580 2104 706 2149 primo,
734 2104 869 2149 fructus
890 2105 1026 2141 arboris
1057 2106 1135 2152 pul-

80 2162 275 2206 clierrimoe,
294 2163 517 2210 spatulasque
534 2164 744 2210 palmarum,
766 2172 797 2202 et
817 2177 932 2203 ramos
948 2167 1034 2214 liqni
1051 2169 1137 2203 clen-

79 2232 200 2257 sarum
215 2222 408 2266 frondium,
430 2229 461 2258 et
477 2223 600 2259 salices
621 2225 664 2259 de
684 2231 849 2270 torrente,
880 2233 911 2262 et
931 2226 1136 2263 loetabimint'

80 2292 199 2316 coram
222 2281 371 2317 Domino
390 2282 463 2317 Deo
481 2289 607 2326 vestro,
629 2284 911 2333 celebrabitisque
934 2286 1136 2322 solemnita-

79 2349 146 2378 tem
174 2343 248 2389 ejus
273 2350 400 2390 septem
420 2345 553 2380 diebus.
577 2345 679 2389 Quod
709 2352 873 2392 oporteat
898 2358 964 2393 per
992 2358 1136 2384 omnem

78 2404 190 2440 vitam
207 2404 403 2440 virtutibus
422 2415 570 2450 operam
591 2407 693 2450 dare,
714 2418 804 2453 quas
826 2409 861 2444 in
892 2407 1071 2445 fructibus
1099 2413 1136 2444 et

79 2466 193 2501 ramis
221 2467 476 2512 praedictorum
496 2468 675 2513 lignorum
711 2470 939 2515 significavit,
961 2470 1038 2516 ipse
1069 2481 1136 2506 nu-

79 2536 202 2562 merus
224 2533 362 2571 septem
396 2527 536 2564 dierum
558 2529 693 2574 absque
710 2530 783 2565 ulla
806 2531 986 2566 dubietate
1006 2530 1136 2565 confir-

80 2589 169 2619 mat.
207 2584 297 2628 Quia
333 2596 420 2622 vero
448 2597 491 2621 ex
517 2588 593 2632 ipsa
622 2589 794 2623 inchoare
830 2589 1002 2625 debemus
1025 2599 1133 2625 voca-

81 2646 192 2688 tione,
214 2656 259 2681 cx
281 2656 351 2691 qua
368 2647 540 2691 praedicta
571 2653 626 2683 est
649 2647 784 2683 Christi
816 2648 1051 2694 intelligibilis
1074 2661 1134 2686 re-

82 2706 197 2751 quies,
221 2716 300 2751 quae
331 2706 447 2751 prima
485 2711 540 2742 cst
568 2707 774 2743 lestivitatis
795 2708 884 2750 dies,
903 2708 1136 2746 manifestum

83 2771 152 2809 est,
175 2776 282 2811 quem
300 2766 395 2802 diem
411 2767 555 2812 quidem
576 2768 741 2813 superius
758 2768 950 2814 appellavit
969 2770 1106 2815 requiei
1125 2782 1133 2805 ε

83 2837 179 2863 nunc
197 2832 315 2862 autem
335 2827 371 2863 in
391 2838 446 2869 co,
474 2827 613 2863 fructus
642 2829 782 2864 arboris
806 2829 1060 2874 pulcherrimae
1078 2841 1137 2867 su-

82 2897 181 2924 mere
197 2888 382 2934 praecepit,
402 2888 481 2924 illos
500 2888 666 2925 videlicet
688 2900 778 2934 quos
798 2889 834 2924 in
860 2890 978 2936 primo
997 2891 1137 2936 psalmo

82 2946 196 2983 David
214 2947 373 2983 cantavit
390 2960 398 2982 z
420 2947 467 2982 Et
483 2948 547 2983 erit
573 2949 661 2983 sicut
681 2948 812 2994 liynum
831 2949 923 2995 quod
939 2949 1136 2997 plantatum

83 3014 132 3044 est
169 3019 267 3045 secus
306 3010 474 3045 decursus
509 3020 698 3056 aquarum,
733 3010 825 3056 quod
847 3010 1002 3056 fructum
1033 3022 1137 3048 suum

84 3068 180 3103 dabit
212 3068 249 3103 in
277 3073 428 3114 tempore
458 3079 520 3103 suo
555 3066 739 3116 (·Psat.1).
769 3067 920 3105 Sumere
946 3075 1066 3105 autem
1102 3076 1138 3107 et

82 3128 283 3174 palmarum
317 3126 497 3173 spatulas,
523 3126 559 3163 id
593 3132 660 3170 est,
686 3128 956 3174 juvenescentia
987 3129 1138 3174 justitiae

71 3188 262 3235 >genimina
284 3201 291 3223 z
313 3188 437 3224 Iustus
462 3189 553 3224 enim
571 3190 661 3224 sicut
680 3189 798 3235 palma
827 3190 961 3236 florebit
975 3218 984 3234 ‚
1004 3197 1044 3227 ut
1065 3191 1137 3227 Da-

85 3250 144 3286 vid
175 3249 265 3285 dixit
280 3249 394 3296 (Psal.
417 3249 491 3296 xci)
516 3262 524 3285 :
548 3250 611 3286 sed
635 3250 720 3295 quia
740 3251 783 3286 de
806 3251 925 3296 palma
951 3251 1040 3286 nihil
1068 3255 1136 3295 est,

72 3312 385 3358 quemadmodum
417 3321 484 3347 nec
517 3311 561 3348 de
589 3311 642 3347 eis
671 3311 732 3357 qui
760 3312 857 3356 iuste
875 3312 1022 3355 vivunt,
1044 3312 1139 3357 quod

85 3371 204 3418 respui
219 3371 334 3418 possit
356 3383 364 3407 ε
387 3381 487 3408 sume
505 3375 542 3407 et
558 3381 680 3407 ramos
710 3371 797 3417 ligni
820 3372 1014 3408 densarum
1037 3370 1139 3406 fron-

88 3429 198 3466 dium.
223 3430 357 3468 Omnes
372 3431 518 3477 quidem
533 3431 709 3468 virtutum
728 3430 880 3474 fructus,
906 3431 1063 3466 maxime
1077 3441 1140 3465 au-

92 3493 163 3524 tem
190 3491 506 3528 misericordiam:
531 3496 676 3537 oportet
694 3492 792 3528 enim
818 3501 898 3527 eam
919 3500 1000 3527 esse
1030 3489 1142 3526 conti-

91 3558 198 3586 nuam
216 3555 254 3587 et
269 3547 556 3598 permanentem,
574 3553 674 3599 quod
702 3552 941 3589 Ecclesiastes
964 3561 1142 3587 commen-

91 3608 214 3646 dans:
247 3611 383 3656 Oleum,
409 3613 544 3660 inquit,
576 3613 619 3649 de
646 3614 758 3660 capite
797 3620 856 3648 tuo
895 3623 963 3647 uon
1003 3611 1142 3662 deficiat

95 3667 237 3722 (Eccle.
258 3670 324 3718 lx).
356 3672 403 3709 Et
419 3673 458 3709 in
475 3673 684 3710 Proverbiis
703 3686 710 3709 :
735 3674 818 3709 Non
844 3674 942 3709 dicas
960 3700 969 3717 ,
989 3672 1074 3708 vade
1109 3678 1142 3708 et

93 3735 274 3768 revertere.
289 3737 323 3771 et
355 3736 510 3774 erastino
539 3736 631 3775 dabo
653 3736 742 3782 tibi,
772 3747 851 3773 cum
885 3736 1004 3774 statim
1031 3735 1142 3782 possis

1204 1209 1282 1233 mus
1314 1209 1446 1244 oryana
1467 1204 1588 1234 nostra
1609 1198 1724 1247 (Psal.
1751 1200 1914 1247 cxxxvi).
1949 1200 2132 1239 Orationis
2166 1203 2264 1239 enim

1203 1262 1240 1293 et
1258 1258 1482 1303 poenitentiae
1510 1258 1691 1305 lacrymae.
1712 1260 1763 1295 De
1778 1260 1909 1305 quihus
1929 1260 1979 1296 ait
1995 1260 2110 1297 lsaias
2133 1274 2141 1297 :
2163 1260 2262 1297 Sicut

1204 1317 1335 1357 salices,
1357 1329 1461 1363 super
1487 1320 1764 1364 pra’tersluentes
1797 1331 1905 1367 aquas
1923 1320 2021 1367 (Isa.
2056 1320 2169 1369 xuv).
2194 1322 2264 1358 Sed

1204 1380 1282 1415 haec
1302 1380 1344 1415 de
1363 1384 1525 1416 torrente
1541 1391 1699 1423 sumere,
1725 1381 1767 1417 de
1792 1381 1963 1426 praesenti
1985 1382 2154 1418 videlicet
2173 1384 2263 1426 vita,

1205 1446 1350 1476 torrens
1367 1441 1465 1476 enim
1482 1447 1630 1487 propter
1659 1442 1866 1485 transitum,
1888 1443 1964 1479 sive
1981 1444 2189 1486 decursum,
2210 1443 2261 1479 si-

1203 1500 1278 1536 mul
1295 1505 1416 1536 autem
1433 1506 1469 1536 et
1487 1506 1635 1546 propter
1656 1501 1814 1539 hiemem
1829 1512 1938 1548 quam
1964 1503 2074 1539 habet
2102 1503 2264 1539 diversa-

1204 1571 1285 1597 rum
1315 1562 1557 1598 tentationum
1589 1567 1697 1608 atque
1735 1563 2008 1599 tribulationum
2028 1571 2126 1601 recte
2146 1564 2264 1601 nomi-

1203 1627 1310 1658 natur
1327 1634 1334 1657 :
1354 1622 1405 1658 ita
1424 1627 1464 1658 ut
1493 1623 1607 1658 David
1637 1623 1681 1659 de
1713 1623 1858 1660 Christo
1878 1625 2031 1667 diceret,
2049 1625 2111 1670 qui
2131 1630 2168 1660 et
2186 1626 2263 1671 ipse

1203 1685 1248 1720 de
1274 1685 1408 1720 mundo
1423 1690 1460 1720 et
1478 1684 1522 1720 de
1542 1683 1619 1729 ejus
1634 1683 1947 1727 tribulationibus,
1972 1690 2012 1720 ut
2025 1689 2110 1730 pote
2136 1684 2264 1720 similis

1203 1745 1307 1781 nobis
1338 1744 1487 1781 effectus
1513 1745 1672 1790 gustavit
1700 1757 1708 1780 ;
1735 1744 1787 1779 De
1824 1750 1976 1780 torrente
1996 1743 2033 1780 in
2067 1744 2122 1780 via
2155 1744 2260 1788 bibet,

1202 1814 1384 1854 propterea
1397 1806 1563 1842 exaltavit
1583 1812 1687 1853 caput
1709 1805 1823 1854 (Psal.
1839 1805 1912 1854 cix)
1931 1818 1939 1840 :
1966 1806 2139 1841 exaltavit
2165 1806 2263 1842 enim

1203 1868 1239 1903 in
1257 1878 1365 1904 cruce
1382 1868 1555 1913 pendens,
1577 1867 1802 1914 crucifigitur
1821 1872 1958 1910 autem,
1973 1866 2058 1913 quia
2072 1876 2117 1902 ex
2134 1871 2263 1902 nostro

1203 1933 1365 1964 torrente
1387 1928 1514 1963 bibere
1531 1927 1643 1963 semel
1662 1927 1782 1974 elegit.

1251 1989 1320 2033 Qui
1338 1998 1425 2035 ergo
1443 1988 1521 2024 haec
1542 1988 1629 2034 agit,
1652 1993 1790 2033 septem
1809 1987 1952 2030 diebus,
1967 1992 2082 2023 totum
2098 1986 2266 2022 videlicet

1156 2042 1185 2083 C
1209 2055 1366 2095 tempus,
1389 2049 1504 2084 laetari
1526 2054 1646 2094 potest
1672 2060 1679 2082 :
1704 2048 1767 2083 sed
1796 2046 1913 2083 laetari
1938 2052 2021 2083 ante
2056 2047 2264 2090 Dominum,

1205 2121 1276 2146 non
1300 2109 1496 2156 impiorum
1522 2114 1558 2145 et
1580 2113 1814 2154 peccatorum
1830 2107 1986 2154 gaudio:
2006 2107 2088 2142 Non
2106 2112 2156 2142 est
2172 2107 2263 2142 enim

1205 2171 1357 2217 qaudere
1389 2169 1488 2217 [pax]
1521 2170 1638 2215 impiis
1676 2168 1760 2203 (licit
1790 2167 1963 2204 Dominus
1994 2167 2085 2215 (Isa.
2111 2167 2264 2215 Χινιιι),

1205 2231 1338 2277 quippe
1358 2230 1420 2276 qni
1438 2230 1474 2265 in
1493 2229 1739 2276 voluptatibus
1756 2234 1793 2264 et
1813 2229 2107 2275 corruptionibus
2126 2229 2265 2265 festivi-

1204 2296 1317 2327 tatem
1336 2290 1498 2326 hahent:
1529 2290 1591 2325 sed
1619 2290 1656 2324 in
1679 2289 1834 2324 Domino
1858 2288 1986 2324 lactari.
2009 2288 2103 2332 Quid
2123 2294 2178 2324 est
2202 2299 2266 2323 au-

1205 2357 1278 2387 tem
1305 2359 1430 2385 coram
1446 2349 1601 2384 Domino
1621 2349 1763 2384 laetari?
1781 2349 1817 2384 id
1844 2354 1915 2390 cst,
1941 2348 1977 2383 in
2003 2358 2047 2384 eo
2064 2348 2211 2383 credere
2229 2353 2266 2383 et

1203 2420 1270 2456 pro
1293 2419 1336 2445 eo
1357 2409 1447 2455 pati.
1473 2407 1768 2454 Celebrabitisque
1790 2407 2010 2452 festivitatem
2039 2408 2114 2453 ejus
2135 2414 2265 2452 septem

1205 2469 1326 2504 diebus
1353 2479 1415 2515 per
1431 2478 1578 2510 annum,
1600 2466 1794 2512 legitimum
1813 2467 2059 2512 sempiternum
2075 2467 2140 2502 erit
2156 2466 2192 2501 in
2206 2477 2266 2512 qe-

1204 2528 1443 2565 nerationibus
1464 2527 1596 2563 vestris.
1613 2526 1737 2562 Mense
1752 2526 1906 2571 septimo
1926 2526 2014 2572 festa
2031 2524 2272 2570 celebrabitis,

1204 2595 1236 2624 et
1264 2587 1466 2623 habitabitis
1502 2587 1538 2621 in
1570 2585 1784 2621 umbraculis
1810 2592 1938 2632 septem
1965 2586 2100 2630 dicbus,
2128 2595 2168 2622 ut
2190 2593 2264 2623 toto

1204 2648 1378 2695 praesenti
1410 2647 1557 2689 saeeulo,
1585 2646 1890 2692 quemadmodum
1918 2647 2151 2682 tabernaculo
2183 2653 2263 2683 nta-

1204 2719 1298 2744 mur.
1321 2708 1381 2743 Sic
1396 2708 1494 2743 enim
1513 2708 1550 2742 id
1567 2707 1742 2742 Ezechias
1764 2706 1962 2752 appellavit
1980 2706 2105 2743 dicens
2126 2719 2134 2741 z
2155 2707 2261 2750 Quie-

1203 2771 1252 2804 vit
1265 2769 1441 2815 generatio
1459 2779 1549 2811 mea,
1578 2767 1695 2802 ablata
1714 2773 1745 2802 et
1766 2766 1949 2802 convoluta
1965 2772 2014 2802 est
2036 2779 2056 2802 α
2077 2778 2142 2809 mc,
2163 2768 2263 2814 qnasi

1203 2830 1467 2866 tabernaculum
1483 2836 1676 2876 pastorum.
1695 2828 1772 2864 Non
1797 2828 1893 2864 enim
1920 2828 2111 2864 transitum
2126 2828 2183 2863 vel
2199 2829 2262 2863 dc-

1207 2900 1353 2926 cursum
1382 2889 1460 2934 ejus
1484 2890 1706 2935 ignoramus,
1732 2888 1878 2924 divitias
1910 2895 2174 2935 congregantes
2204 2887 2262 2923 vel

1209 2951 1335 2987 domos
1379 2959 1531 2996 magnas
1568 2948 1803 2985 aedificantes.
1853 2946 1926 2984 Sed
1962 2947 2265 2993 quemadmodum

1208 3013 1341 3049 Paulus
1371 3012 1421 3047 ait
1441 3010 1806 3053 intendamuszQuia
1838 3016 1972 3056 tempus
2000 3010 2100 3045 breve
2127 3015 2192 3053 est,
2225 3015 2264 3045 ut

1209 3078 1358 3108 ementes
1374 3072 1462 3107 sicut
1482 3082 1552 3106 non
1570 3077 1719 3106 ementes
1735 3071 1859 3114 simus,
1886 3076 1919 3106 el
1936 3070 2150 3117 possidentes
2164 3070 2264 3116 quasi

1211 3143 1279 3167 non
1309 3131 1537 3178 possidentes,
1567 3138 1598 3167 et
1618 3137 1751 3166 utentes
1778 3131 1908 3166 mundo
1930 3131 1995 3166 hoc
2015 3136 2052 3164 ut
2074 3140 2142 3165 non
2163 3135 2263 3163 uten-

1210 3199 1272 3235 tes,
1292 3193 1445 3239 prseterit
1461 3192 1550 3227 enim
1569 3192 1683 3238 βψω-ιι
1697 3192 1803 3238 hujus
1820 3191 1956 3226 mundi.

1259 3253 1381 3290 Omnis
1396 3253 1456 3301 qui
1475 3265 1517 3288 ex
1531 3264 1652 3299 qenere
1668 3258 1717 3287 est
1736 3250 1863 3294 Israel,
1884 3250 2032 3285 manebit
2048 3250 2085 3284 in
2102 3249 2266 3284 taberna-

1211 3314 1313 3357 culis,
1341 3319 1379 3348 ut
1404 3313 1540 3348 discant
1569 3313 1696 3358 posteri
1715 3311 1831 3352 vestri,
1854 3309 1945 3356 quod
1963 3309 1999 3343 in
2029 3308 2264 3345 tabernaculis

1211 3376 1370 3411 habitare
1400 3375 1542 3420 fecerim
1570 3373 1662 3418 filios
1699 3371 1812 3407 Israel
1835 3382 1913 3406 cum
1932 3371 2114 3407 educerem
2144 3382 2202 3407 eos
2222 3371 2265 3407 de

1212 3442 1306 3471 terra
1325 3434 1485 3479 AEqypti.
1510 3432 1582 3478 qu
1597 3431 1767 3467 Dominus
1786 3430 1882 3466 Deus
1906 3437 2027 3467 vester.
2050 3430 2159 3468 Vides
2181 3431 2265 3478 quia

1214 3493 1337 3539 figurae
1363 3494 1419 3528 hm
1435 3491 1568 3537 populo
1591 3491 1811 3533 Judaeorum,
1828 3495 1864 3526 et
1888 3490 2063 3538 imagines
2081 3491 2260 3538 majorum

1211 3552 1467 3599 mysteriorum
1483 3551 1567 3586 data
1588 3551 1693 3586 sunt?
1707 3550 1752 3586 Et
1771 3556 1960 3597 propterea
1975 3551 2140 3590 habitare
2153 3554 2191 3590 in
2209 3558 2264 3590 ta·

1211 3611 1431 3653 hernaculis,
1476 3618 1512 3646 ct
1551 3611 1864 3647 tabernaculorum
1904 3611 2136 3650 festivitatem
2169 3614 2265 3651 cele-

1212 3675 1320 3710 brare
1332 3672 1423 3718 J’nssi
1448 3677 1546 3714 sunt,
1563 3676 1688 3707 utnon
1714 3672 2015 3711 obliviscerentur
2039 3674 2266 3713 liberationis

1212 3733 1405 3782 AEgyptiae,
1419 3732 1483 3770 sed
1499 3732 1568 3770 hoc
1591 3733 1738 3780 quidem
1757 3734 1954 3773 secundum
1986 3735 2159 3775 litteram.
2183 3735 2266 3784 Spi—
