2540 4016
89 176 160 223 '757'

552 181 908 221 ENARRATIONES
929 182 976 221 ΙΝ
1001 183 1177 223 LIBRUM
1200 176 1584 224 NUMERORUMLZ
1605 190 1694 230 ΗΒ.
1720 193 1776 230 m.

2190 206 2258 245 758

88 270 314 310 nequaquam
342 264 425 309 post
446 270 604 309 praeceps
627 260 747 308 inepta
773 260 899 296 laetitia
922 259 1142 297 lasciviendo
1160 265 1196 306 A
1212 261 1289 297 bere
1315 271 1384 296 non
1407 259 1516 295 valeo.
1541 261 1623 297 Non
1642 264 1835 301 estidotam
1854 267 1891 303 in
1901 269 2027 316 Jacob,
2047 285 2108 312 nec
2124 277 2259 315 videtur

87 325 258 372 perdidit,
278 325 374 371 quod
399 323 572 361 orationis
596 333 670 359 suae
692 328 854 369 tempore
877 331 943 368 per
969 321 1143 368 gemitum

88 386 208 434 rigore
222 385 429 432 exquisivit.

135 445 299 493 Dixitque
314 445 424 482 Balac
436 445 483 481 ad
495 444 644 481 Balaam
659 454 671 479 .·
689 444 781 488 Quid
796 450 845 480 est
857 444 922 480 hoc
934 444 1027 492 quod
1042 445 1117 492 aqis
1127 446 1144 481 ‚⁹

89 503 136 542 Ut
149 506 373 542 malediceres
392 506 545 542 inimicis
563 507 648 543 meis
661 507 778 542 vocavi
797 511 842 550 te,
864 512 894 542 et
911 512 948 541 tu
966 511 1145 551 econtra-

87 567 141 604 rio
161 567 333 604 benedicis
352 569 401 603 eis
414 568 432 603 2
447 566 514 604 Cui
532 567 590 604 ille
608 567 783 615 respondit
798 577 810 601 .·
834 566 932 603 Num
952 566 1051 603 aliud
1068 579 1145 614 pos-

86 640 166 666 sum
184 628 279 676 loqui
303 630 372 664 nisi
390 630 484 675 quod
498 630 646 676 jusserit
663 629 861 665 Dominus?
875 629 1041 677 Dixitque
1067 629 1143 665 Ba-

87 688 143 725 lac
170 698 184 723 .·
206 688 293 725 Veni
315 700 450 725 mecum
482 692 520 726 in
552 691 701 727 alterum
724 690 854 734 locum,
885 691 978 727 unde
1010 696 1144 738 partem

89 738 237 786 Israelis
257 750 389 794 videas,
405 757 439 787 et
457 757 568 788 totum
588 752 703 789 videre
724 763 793 789 non
811 753 922 799 possis
939 762 951 787 .·
970 753 1052 788 inde
1069 764 1147 789 ma-

88 810 230 847 ledicito
248 811 294 847 ei.
317 811 472 859 Cumque
492 813 650 850 duxisset
674 825 754 850 eum
771 814 808 849 in
829 814 943 849 locum
962 812 1145 850 sublimem

86 882 192 918 super
211 872 370 908 verticem
388 874 514 909 montis
535 873 692 921 Pliasqa,
714 873 898 918 aedificavit
912 872 1063 908 Balaam
1091 886 1146 910 se-

85 938 179 979 ptem
211 943 316 976 aras;
346 940 378 968 et
406 934 577 980 impositis
605 945 713 980 supra
734 939 862 979 septem
891 931 1007 968 vitulis
1042 939 1145 980 atque

86 992 267 1037 arietibus,
286 993 375 1030 dixit
394 995 440 1029 ad
459 994 570 1030 Balac
587 994 676 1030 :Sta
703 995 759 1029 hic
768 994 877 1039 juxta
902 992 1144 1031 holocaustum

87 1058 203 1096 tuum,
231 1057 302 1089 etc.
323 1053 437 1098 Igitur
454 1053 562 1089 Balac
589 1063 653 1088 rex
679 1052 790 1088 veluti
809 1053 983 1090 attonitus
1010 1061 1046 1091 et
1063 1065 1146 1101 per-

87 1119 216 1147 cussus
235 1120 281 1146 ex
300 1110 358 1146 his
383 1121 462 1156 quae
480 1116 606 1147 contra
627 1121 729 1158 spem
758 1112 827 1148 dici
847 1113 994 1150 videbat
1011 1119 1060 1151 ad
1073 1109 1164 1151 Bai

1211 321 1440 357 simulacrum
1454 321 1490 355 in
1514 320 1642 358 Israel.
1662 322 1832 360 Dominus
1863 326 1954 363 Deus
1973 338 2021 365 est
2042 346 2119 370 cum
2150 350 2204 382 eo,
2225 346 2257 375 et

1213 381 1356 428 clanqor
1383 382 1536 418 victorioe
1557 383 1646 429 regis
1678 384 1715 419 in
1742 384 1816 420 illo.
1845 386 1941 423 Deus
1969 391 2087 427 eduxit
2115 407 2193 433 eam
2216 400 2259 436 de

1212 438 1394 484 AEqypto:
1416 439 1518 484 cuius
1554 440 1724 486 fortitudo
1755 442 1880 478 similis
1910 450 1960 479 est
1995 447 2259 491 rhinocerontis.

1213 496 1297 533 Non
1321 505 1372 534 est
1398 501 1587 546 augurium
1605 501 1643 536 in
1661 501 1785 545 Jacob,
1803 494 1869 539 ‘nec
1897 505 2063 542 divinatio
2078 509 2116 545 in
2135 512 2260 554 lsrael,

1213 555 1439 604 Temporibus
1458 559 1531 595 suis
1551 559 1688 595 dicetur
1703 560 1813 596 Jacob
1843 568 1873 598 et
1892 563 2022 610 Israel,
2040 568 2125 614 quid
2144 581 2264 617 opera-

1213 630 1269 660 tus
1295 625 1339 661 sit
1369 624 1478 661 Deus.
1498 625 1590 662 Ecce
1612 627 1762 674 populus
1794 635 1832 664 ut
1866 629 1977 666 leaena
2012 642 2206 682 consurqet,
2234 645 2268 676 et

1213 684 1313 731 quasi
1333 683 1385 720 leo
1409 685 1552 720 orietur.
1585 685 1669 722 Non
1688 687 1869 723 accubabit
1889 689 1998 726 donec
2026 691 2163 729 devoret
2179 707 2270 742 proe-

1213 745 1309 789 dam,
1331 751 1363 781 et
1387 746 1582 782 occisorum
1611 749 1816 795 sanquinem
1843 749 1951 787 bibat.
1971 752 2051 789 Alia
2081 754 2191 791 editio
2218 758 2270 795 sic

1213 805 1322 842 habet
1345 818 1353 842 :
1375 806 1424 843 Et
1451 819 1647 852 assumens,
1666 810 1796 857 inquit,
1816 813 2024 859 parabolam
2043 827 2145 852 suam
2163 818 2268 856 dixit.

1214 865 1285 903 Per
1313 868 1520 914 parabolam
1535 881 1616 917 erqo
1637 871 1722 907 dicit
1745 872 1924 909 Balaam:
1942 874 2071 923 Surqe,
2092 877 2218 922 Balac,
2238 886 2271 916 et

1214 927 1299 962 audi
1315 937 1326 962 .“
1343 929 1487 966 auribus
1513 932 1664 977 percipe,
1691 932 1744 978 fili
1771 935 1866 969 testis
1893 934 2041 983 Sephor.
2069 938 2154 975 Non
2181 940 2272 977 sicut

1213 987 1316 1023 homo
1336 989 1431 1025 Deus
1449 990 1657 1036 frustratur,
1673 1004 1782 1040 neque
1796 995 1886 1030 sicut
1904 996 1999 1041 filius
2019 998 2170 1035 hominis
2198 1006 2271 1036 ter-

1215 1054 1325 1084 retur.
1356 1050 1437 1096 Ipse
1473 1063 1553 1088 cum
1580 1053 1721 1098 dixerit,
1754 1066 1866 1091 nonne
1886 1057 2019 1102 faciet?
2037 1058 2216 1107 Loquetur
2238 1067 2272 1098 et

1215 1120 1285 1144 non
1313 1112 1556 1155 permanebit?
1578 1112 1670 1148 Ecce
1700 1114 1746 1149 ad
1774 1115 2046 1153 benedicendum
2073 1126 2272 1167 assumptus

83 1170 180 1207 laam
206 1170 489 1219 (benedictiones
523 1172 620 1208 enim
644 1182 710 1219 pro
739 1173 1056 1211 maledictionibus
1086 1186 1146 1212 au-
1163 1164 1196 1204 B
1214 1178 1292 1203 sum
1309 1179 1321 1204 .·
1341 1169 1541 1206 benedicam
1556 1177 1588 1206 ει
1607 1183 1677 1208 ηοη
1703 1178 1858 1210 avertam
1873 1186 1966 1211 eum.
1985 1176 2070 1214 Non
2093 1179 2159 1214 erit
2173 1179 2274 1215 labor

85 1231 234 1280 diebat),
250 1232 344 1269 ultra
363 1243 435 1269 non
451 1233 571 1270 serens
581 1234 776 1280 interrupit
792 1234 904 1271 verba
921 1236 1000 1282 ejus
1016 1241 1052 1272 et
1072 1238 1140 1274 ait:

86 1291 181 1336 Quid
198 1293 310 1340 fecisti
343 1295 428 1330 mihi
446 1295 461 1330 ἴ)
480 1294 534 1330 Ad
556 1293 835 1330 maledicendum
863 1296 1023 1332 inimicos
1050 1308 1144 1334 meos

85 1354 205 1390 vocavi
224 1361 271 1398 te,
289 1361 416 1393 etecce
433 1355 639 1391 benedixisti
659 1355 944 1392 benedictionem.
963 1357 1043 1393 Non
1064 1359 1145 1394 tulit

85 1426 150 1452 rex
178 1426 325 1452 amarus
348 1417 637 1453 benedictionem
661 1416 876 1460 dulcedinis,
902 1417 963 1453 sed
995 1418 1144 1454 maledi-

83 1482 142 1513 cta
167 1477 310 1524 quaerit,
344 1475 536 1513 maledicta
565 1477 740 1523 deposcit.
763 1477 907 1513 Etenim
931 1488 975 1514 ex
1008 1479 1145 1526 cogita-

82 1537 183 1574 tione
200 1537 297 1574 illius
318 1537 363 1572 ad
380 1547 488 1583 quem
500 1537 592 1574 dixit
609 1537 801 1577 Dominus:
815 1537 1026 1574 Maledictus
1046 1546 1083 1575 tu
1100 1541 1143 1576 ab

81 1597 242 1634 omnibus
262 1597 379 1633 bestiis
399 1603 500 1634 terroe
527 1590 628 1645 (Gen.
650 1598 720 1642 ιιι).
743 1597 814 1634 Sed
833 1600 878 1635 ad
899 1599 976 1634 haec
996 1610 1145 1646 respon-

80 1658 135 1695 dit
151 1659 186 1695 ei
205 1659 279 1703 ille,
299 1659 357 1695 cui
379 1660 531 1696 verbum
551 1660 646 1696 Deus
663 1660 699 1696 in
727 1670 790 1697 ore
813 1667 996 1707 posuerat.
1017 1662 1144 1699 Nonne

80 1730 312 1766 quoecunque,
334 1720 465 1767 inquit,
498 1721 658 1767 injecerit
676 1721 771 1756 Deus
794 1721 830 1757 in
849 1732 887 1757 os
917 1733 1046 1766 meum,
1073 1723 1144 1759 ‘taec

81 1780 268 1816 observabo
289 1780 412 1828 loqui?
430 1781 485 1817 Ad
505 1781 582 1818 haee
601 1782 709 1829 Balac
736 1788 866 1829 putans
896 1784 980 1829 quia
1003 1790 1145 1830 perter-

82 1841 176 1878 ritus
201 1847 298 1878 esset
322 1842 443 1889 populi
468 1843 655 1879 Israelitici
675 1843 823 1879 Balaam
841 1846 1087 1890 multitudme,
1107 1851 1144 1883 et

79 1900 218 1938 idcireo
238 1912 308 1938 non
326 1902 456 1940 fuisset
473 1914 583 1940 ausus
599 1903 764 1950 proferre
782 1905 990 1949 maledicta,
1011 1906 1144 1942 immu-

79 1962 256 1999 tationem
283 1963 353 1999 sibi
383 1963 454 2000 loci
483 1964 639 2000 reddidit
669 1964 912 2010 profuturam,
946 1971 982 2002 et
1013 1967 1064 2003 ait
1097 1968 1144 2004 ad

79 2031 162 2059 eum
180 2035 189 2058 ε
215 2021 300 2058 Veni
316 2023 431 2059 adhuc
444 2033 580 2059 mecum
597 2024 634 2059 in
650 2023 765 2060 locum
783 2025 906 2069 altum,
929 2026 972 2062 de
986 2038 1054 2074 quo
1072 2039 1144 2064 non

1211 1230 1249 1265 in
1265 1230 1389 1274 Jacob,
1410 1242 1471 1267 nec
1496 1232 1634 1268 videtur
1651 1233 1753 1269 dolor
1769 1235 1805 1270 in
1825 1235 1952 1271 Israel.
1976 1237 2150 1275 Dominus
2177 1239 2272 1277 Deus

1211 1302 1298 1327 suus
1327 1302 1406 1327 cum
1431 1293 1520 1338 ipso,
1555 1293 1727 1339 proeclara
1755 1296 1952 1342 principum
1976 1309 2056 1334 cum
2083 1300 2158 1346 ipso
2178 1308 2271 1338 sunt.

1211 1350 1320 1394 Deus,
1341 1353 1400 1387 aui
1415 1352 1534 1388 eduxit
1552 1365 1629 1389 eum
1650 1355 1692 1390 de
1707 1355 1876 1404 AEqypto‚
1895 1359 1984 1394 sicut
2005 1360 2119 1406 qloria
2134 1363 2275 1399 unicor-

1212 1412 1266 1447 nis
1286 1412 1330 1447 ei.
1351 1412 1436 1448 Non
1450 1414 1543 1449 enim
1562 1415 1627 1450 erit
1656 1418 1842 1462 auquratio
1861 1418 1897 1454 in
1912 1418 2039 1465 Jacob,
2061 1432 2170 1469 neque
2190 1424 2276 1460 divi-

1213 1473 1307 1507 natio
1325 1473 1363 1508 in
1394 1473 1521 1515 Israel.
1558 1474 1603 1511 In
1624 1482 1776 1522 tempore
1797 1478 1934 1515 dicetur
1947 1480 2058 1517 Jacob
2085 1489 2117 1518 et
2134 1483 2272 1530 ⁴Israel,

1211 1533 1295 1580 quid
1311 1533 1466 1580 perficiet
1483 1535 1593 1571 Deus.
1611 1536 1702 1573 Ecce
1725 1538 1876 1585 populus
1893 1541 1983 1577 sicut
2007 1542 2144 1579 catulus
2163 1543 2274 1582 leonis

1211 1600 1389 1641 exsurqet,
1413 1602 1445 1631 et
1463 1597 1566 1643 quasi
1590 1596 1642 1632 leo
1666 1598 1870 1635 exsultabit.
1896 1601 1980 1637 Non
1996 1604 2147 1640 dormiet
2165 1606 2274 1643 donec

1212 1658 1371 1693 comedat
1389 1659 1562 1705 proedam‚
1592 1665 1626 1695 ει
1654 1662 1861 1707 sanquinem
1884 1662 2149 1701 vulneratorum
2170 1667 2272 1704 bibet.

1211 1717 1296 1755 Haec
1323 1724 1380 1755 est
1408 1720 1631 1757 continentia
1657 1722 1823 1759 secundae
1852 1725 2052 1771 prophetiae
2085 1726 2123 1762 in
2154 1728 2276 1766 verbis

1211 1779 1372 1818 Balaam.
1393 1780 1589 1819 Videamus
1612 1792 1698 1829 ergo
1716 1779 1926 1830 primo'hoc
1949 1786 2067 1832 ipsum
2085 1789 2182 1833 quod
2206 1790 2273 1835 ait,

1211 1838 1391 1887 Exsurge,
1404 1840 1531 1886 Balac,
1544 1848 1578 1878 et
1594 1845 1694 1879 audi.
1715 1845 1753 1881 si
1768 1845 1865 1881 enim
1880 1846 1915 1882 in
1937 1848 2186 1894 superioribus
2201 1861 2275 1889 non

1212 1898 1377 1943 dixisset,
1402 1902 1487 1946 quia
1509 1907 1623 1939 staret
1643 1904 1747 1950 juxta
1774 1907 2028 1945 holocaustum
2049 1920 2170 1956 suum,
2201 1923 2275 1951 non

1212 1960 1399 2005 videretur
1416 1973 1636 2009 magnopere
1657 1968 1927 2013 requirendum,
1955 1981 2020 2007 cur
2034 1971 2180 2016 dixerit,
2196 1973 2274 2010 Ex-

1212 2032 1329 2070 sarqe,
1354 2024 1480 2061 Balac,
1507 2025 1610 2064 Nunc
1634 2034 1757 2065 autem
1788 2041 1869 2067 cum
1896 2032 2064 2071 hortetur
2081 2045 2276 2083 exsurgere

79 2083 198 2120 videas
222 2095 302 2120 eum
335 2090 446 2121 totum
464 2086 552 2122 :sed
569 2092 704 2133 partem
737 2087 891 2136 aliquam
911 2089 987 2135 ejus
1009 2091 1141 2137 videas,
1162 2073 1192 2116 C
1214 2094 1298 2121 611111
1314 2096 1423 2132 (1116111
1448 2098 1563 2134 nuper
1583 2090 1724 2126 1111161111
1744 2097 1856 2136 Stare,
1881 2104 1953 2130 11011
1969 2099 2025 2132 est
2049 2097 2164 2133 011080
2180 2108 2275 2144 prae·

80 2155 198 2181 omnes
227 2151 342 2183 autem
363 2157 432 2183 non
461 2146 592 2191 videas,
614 2153 646 2183 ει
670 2147 821 2184 maledic
840 2150 925 2185 milti
944 2161 1023 2186 eum
1044 2152 1140 2188 inde.

80 2203 237 2242 Demens
252 2233 261 2249 ‚
295 2206 357 2251 qui
390 2206 625 2244 Israeliticam
654 2209 812 2255 gratiam
835 2210 905 2247 loci
937 2211 1142 2259 obJectione

81 2264 245 2301 crederet
269 2275 377 2311 posse
403 2266 526 2309 celari,
553 2272 590 2302 et
615 2268 677 2313 qui
698 2268 856 2305 nesciret
876 2270 961 2316 quia
986 2283 1055 2308 non
1082 2283 1143 2308 vo-

80 2332 145 2363 test
162 2327 328 2363 abscondi
347 2328 468 2364 civitas
493 2339 598 2376 super
615 2335 767 2365 montem
781 2331 895 2377 posita
923 2331 1066 2379 (Matth.
1087 2333 1139 2381 v).

126 2388 175 2424 Et
199 2389 386 2436 assumpsit
423 2401 523 2434 eum,
553 2390 682 2436 inquit,
714 2392 751 2427 in
768 2391 944 2438 speculam
980 2394 1077 2440 αρν-ι’,
1104 2394 1142 2430 in

76 2454 203 2491 vertice
221 2455 349 2490 montis
369 2454 477 2498 coesi;
498 2459 529 2490 et
557 2455 751 2490 construxit
774 2455 822 2490 ibi
838 2461 964 2502 septem
994 2468 1089 2500 aras,
1110 2463 1142 2492 et

78 2515 246 2562 imposuit
264 2515 410 2551 vitulum
429 2522 461 2552 et
486 2519 631 2554 arietem
649 2527 753 2563 super
772 2528 885 2552 aram.
906 2517 953 2553 Et
969 2518 1058 2553 dixit
1072 2519 1143 2554 Ba-

79 2574 176 2610 laam
194 2575 240 2610 ad
259 2574 371 2610 Balac
386 2585 398 2609 .·
413 2575 505 2612 Siste
529 2578 576 2612 ad
601 2577 817 2622 sacrificium
833 2586 845 2611 .·
860 2588 923 2624 eqo
953 2589 1033 2614 vero
1059 2590 1141 2625 per-

79 2645 160 2681 qam
178 2635 377 2680 percontari
391 2635 517 2670 Deum.
541 2636 587 2670 Et
606 2637 757 2671 occurrit
772 2636 868 2672 Deus
887 2637 954 2683 ipsi
973 2637 1140 2685 Balaam,

78 2703 110 2732 et
130 2696 250 2742 injecit
267 2697 304 2731 in
319 2707 357 2732 os
376 2697 453 2743 ejus
469 2696 609 2732 verbum
623 2702 655 2732 et
674 2696 776 2740 dixit,
799 2697 877 2733 sine
894 2698 1001 2735 dubio
1021 2699 1138 2744 Deus2

78 2754 285 2791 Convertere
308 2755 354 2791 ad
372 2756 484 2791 Balac
500 2762 533 2791 et
548 2756 621 2792 hoec
643 2755 805 2802 loqueris.
824 2756 868 2792 At
883 2756 959 2801 ille,
983 2758 1053 2795 hoc
1068 2767 1137 2804 est,

77 2817 199 2861 Balac,
234 2818 349 2853 stabat
375 2818 481 2864 juxta
514 2817 815 2854 holocaustomata
845 2830 923 2863 sua,
959 2826 991 2855 et
1022 2832 1139 2858 omnes

77 2878 251 2925 principes
280 2877 386 2913 Moab
419 2890 497 2913 cum
523 2879 598 2925 ipso
614 2890 626 2915 .·
642 2878 688 2914 Et
716 2879 806 2914 dixit
839 2880 869 2914 ei
889 2879 1029 2917 Balac,·
1046 2882 1140 2926 Quid

78 2939 214 2977 locutus
244 2945 295 2976 est
314 2940 515 2976 Dominus?
535 2941 607 2976 Res
632 2940 777 2987 quidem
799 2941 941 2988 profani
967 2943 1139 2980 sacrificii

79 3002 286 3052 gerebatur,
306 3007 344 3038 et
362 3002 535 3038 divinatio
549 3007 627 3038 arte
644 3002 784 3050 magica
803 3004 1046 3049 quaerebatur.
1068 3006 1141 3042 Vo-

78 3074 156 3103 tens
188 3068 310 3100 tamen
335 3063 431 3100 Deus
451 3064 501 3100 ibi
532 3064 718 3101 abundare
731 3064 899 3111 gratiam,
918 3065 982 3102 ubi
1012 3076 1139 3113 super-

81 3125 276 3163 abundavit
296 3130 497 3171 peccatum,
519 3126 646 3163 adesse
666 3126 834 3171 dignatur
851 3137 920 3163 nee
938 3127 1072 3175 refugit
1090 3129 1138 3166 ab

77 3187 135 3223 his
151 3196 231 3233 quae
241 3196 313 3222 non
327 3187 526 3223 secundum
536 3187 722 3234 gentilium
731 3189 950 3235 gerebantur
959 3198 1135 3227 errorem.

75 3247 191 3284 Adest
223 3252 344 3284 autem
377 3257 447 3283 non
470 3247 676 3292 sacrificiis,
707 3248 770 3285 sed
799 3249 836 3285 in
867 3259 1058 3287 occursum
1075 3261 1139 3288 ve-

76 3307 191 3344 nienti
210 3334 220 3352 ,
240 3313 277 3344 et
304 3308 354 3344 ihi
374 3307 435 3344 dat
451 3309 604 3346 verbum
625 3319 744 3353 suum,
763 3315 872 3357 atque
895 3310 947 3348 ibi
963 3312 1139 3359 mysteria

76 3367 199 3405 futura
218 3369 490 3415 praenuntiavit,
509 3370 572 3407 ubi
595 3370 754 3407 maxime
776 3371 869 3408 tides
890 3377 927 3408 et
946 3372 1139 3410 admiratio

78 3431 264 3478 gentilium
281 3432 429 3479 pendet,
449 3437 490 3469 ut
508 3433 571 3480 qui
584 3434 721 3471 nostris
739 3434 866 3470 nolunt
883 3435 1033 3472 credere
1054 3445 1141 3481 pro-

78 3491 212 3539 phetis,
235 3494 386 3531 credant
401 3494 534 3531 divinis
550 3499 588 3531 et
605 3494 751 3531 vatibus
767 3495 858 3531 suis.

124 3552 171 3589 At
191 3552 252 3590 ille
281 3560 461 3601 assumpta
480 3554 650 3601 parabola
669 3565 735 3591 sua
764 3555 814 3590 ait
831 3563 843 3588 .·
862 3552 939 3596 Sta,
959 3552 1086 3596 Balac,
1105 3559 1139 3589 et

80 3612 264 3658 malm,-
282 3614 380 3659 audi,
395 3613 448 3660 lili
468 3613 617 3662 Sephor.
635 3613 719 3650 Non
739 3619 789 3650 est
808 3612 904 3649 Deus
919 3612 1022 3659 quasi
1036 3612 1139 3648 homo

81 3675 120 3708 ut
134 3675 336 3720 mentiatur,
361 3687 423 3712 nec
441 3681 479 3712 ut
499 3675 597 3723 filius
625 3677 776 3712 bominis
797 3682 835 3711 ut
856 3681 1020 3711 mutetur.
1043 3675 1142 3711 Dixit

82 3742 164 3779 erqo
184 3739 216 3769 et
248 3745 318 3771 non
336 3737 455 3782 faciet,
485 3736 624 3773 locutus
658 3742 759 3773 estet
787 3747 855 3772 non
884 3735 1139 3782 implebit?Ad

84 3793 356 3834 benedictionem
385 3798 558 3837 adductus
589 3809 688 3843 sum,
712 3797 990 3835 benedictionem
1021 3796 1141 3844 protei-

1214 2148 1412 2184 tereundus
1427 2159 1546 2185 sermo
1561 2152 1808 2197 propheticus.
1826 2153 1929 2198 Quod
1949 2165 2035 2202 ergo
2058 2156 2094 2192 in
2115 2158 2277 2204 superio-

1211 2207 1330 2251 ribus,
1358 2209 1442 2255 quia
1474 2215 1590 2246 staret
1612 2202 1660 2248 ad
1692 2212 1945 2250 holocaustum
1964 2225 2083 2260 suum,
2113 2217 2278 2264 designat

1212 2277 1296 2304 eum
1314 2279 1386 2305 non
1408 2275 1508 2307 recte
1527 2276 1638 2309 stare.
1671 2271 1802 2309 Stabat
1820 2275 1916 2314 enim
1935 2275 1973 2311 in
1993 2276 2196 2313 idololatria
2212 2288 2277 2324 po-

1212 2328 1318 2371 situs,
1339 2334 1377 2365 et
1403 2331 1523 2366 stabat
1541 2332 1646 2377 quasi
1667 2332 1837 2370 inimicus
1857 2332 1920 2370 Dei
1939 2345 1948 2370 :
1972 2337 2066 2380 quod
2087 2337 2202 2382 magis
2218 2342 2277 2375 est

1212 2398 1285 2424 non
1314 2394 1425 2432 stare,
1455 2391 1519 2426 sed
1542 2391 1686 2427 cadere.
1706 2391 1816 2436 Quasi
1841 2403 1927 2440 ergo
1941 2394 2002 2440 qui
2029 2396 2072 2431 de
2093 2395 2153 2432 illo
2179 2402 2276 2435 statu

1211 2449 1344 2485 cadere
1365 2450 1552 2494 docuerat,
1573 2451 1646 2487 imo
1664 2456 1701 2488 et
1730 2452 1790 2497 qui
1811 2453 1996 2498 ceciderit,
2026 2454 2075 2491 ita
2104 2466 2200 2492 nunc
2220 2457 2276 2494 in-

1211 2508 1358 2544 tellectu
1375 2510 1588 2556 prophetico
1606 2519 1803 2558 exsurgere
1820 2512 1924 2557 jubet
1941 2523 2038 2556 eum,
2059 2515 2192 2561 quippe
2212 2516 2275 2562 qui

1210 2580 1277 2617 per
1290 2580 1374 2611 eum
1384 2571 1481 2616 quod
1497 2577 1593 2607 stare
1610 2572 1645 2607 in
1657 2572 1862 2609 idololatria
1872 2574 1971 2611 visus
1984 2574 2106 2619 fuerit,
2122 2573 2275 2615 cecidis-

1211 2638 1278 2671 set.
1293 2633 1486 2679 Exsurgat,
1500 2633 1654 2679 quitalis
1670 2639 1726 2670 est
1740 2646 1748 2670 :
1762 2641 1933 2682 exsurgat
1948 2636 2083 2681 animo,
2100 2644 2275 2691 exsurgat

1211 2693 1296 2737 fide,
1318 2699 1356 2730 et
1375 2683 1554 2730 efficiatur
1571 2696 1676 2731 testis
1694 2696 1791 2732 fidei.
1820 2697 1858 2732 Si
1878 2707 1965 2733 vero
1984 2706 2174 2744 permanet
2193 2699 2275 2736 inii-1

1210 2755 1315 2799 delis,
1335 2761 1376 2792 ut
1390 2757 1437 2792 sit
1454 2757 1556 2793 testis
1582 2757 1894 2795 condemnationis
1916 2769 2002 2795 suae.
2024 2760 2095 2796 Sed
2115 2761 2202 2806 quid
2219 2767 2276 2798 est

1210 2818 1305 2863 quod
1336 2818 1369 2853 ci
1390 2819 1583 2855 annuntiat
1610 2819 1812 2856 audiamus.
1841 2820 1924 2857 Non
1957 2822 2046 2857 sicut
2067 2822 2185 2866 homo,
2219 2823 2274 2858 in-

1210 2878 1303 2923 quit,
1320 2877 1414 2913 Deus
1432 2878 1640 2924 frustratur,
1669 2891 1778 2927 neque
1803 2881 1892 2917 sicut
1911 2881 2007 2927 filius
2033 2882 2183 2918 hominis
2203 2887 2269 2918 ter-

1211 2944 1308 2974 retur
1324 2940 1410 2986 ipse.
1439 2939 1517 2976 Non
1547 2940 1697 2985 habeas,
1729 2942 1862 2988 inquit,
1889 2942 1983 2978 hane
1999 2942 2207 2989 opinionem
2226 2942 2272 2980 de

1211 2999 1302 3044 Deo,
1324 3005 1366 3036 ut
1385 3006 1490 3047 putes
1511 3010 1595 3037 eum
1617 3011 1699 3039 esse
1727 3002 1821 3039 sicut
1841 3002 2041 3046 hominem,
2065 3002 2128 3050 qui
2146 3002 2185 3038 in
2214 3002 2273 3040 his

1212 3070 1292 3107 quae
1312 3060 1472 3106 loquitur
1500 3061 1668 3098 frustrari
1687 3063 1816 3109 possit.
1838 3062 2011 3100 Homines
2031 3063 2129 3100 enim
2149 3063 2272 3099 multis

1210 3121 1466 3157 occasionibus
1496 3126 1534 3158 et
1573 3122 1672 3159 vitiis
1703 3122 1950 3169 impediuntur
1982 3132 2029 3158 ne
2061 3131 2186 3157 verum
2223 3120 2271 3169 sit

1212 3183 1309 3229 quod
1340 3182 1552 3229 loquuntur.
1579 3182 1652 3219 Aut
1671 3183 1767 3219 enim
1797 3183 1882 3218 irati
1912 3182 2120 3226 loquuntur,
2150 3184 2187 3215 et
2216 3180 2270 3216 ira

1213 3248 1382 3281 cessante
1394 3243 1531 3280 frustra
1550 3242 1659 3279 locuti
1679 3246 1775 3284 sunt,
1798 3245 1861 3276 aut
1891 3245 1989 3275 metu
2009 3243 2070 3274 aut
2087 3238 2269 3284 cupidita-

1211 3304 1259 3340 tis
1285 3308 1348 3340 aut
1368 3303 1553 3349 J'actantiae
1578 3302 1708 3348 gratia,
1738 3300 1891 3345 aliisque
1916 3299 2045 3334 horum
2074 3298 2265 3335 similibus.

1210 3365 1257 3401 Et
1277 3366 1403 3411 utique
1421 3363 1555 3399 frustra
1573 3362 1643 3397 erit
1665 3366 1702 3397 et
1716 3369 1850 3395 vanum
1865 3367 1972 3394 omne
1990 3357 2164 3404 quidquid
2180 3358 2268 3395 vitio

1211 3425 1422 3462 dominante
1437 3422 1548 3459 locuti
1567 3425 1661 3457 sunt.
1678 3419 1773 3455 Deus
1794 3423 1915 3454 autem
1943 3417 1981 3453 in
2004 3427 2076 3463 quo
2093 3417 2190 3454 nulla
2212 3423 2269 3455 est

1210 3485 1346 3532 passio,
1364 3483 1462 3519 nulla
1489 3481 1678 3527 fragilitas.
1697 3488 1803 3515 omne
1822 3478 1918 3523 quod
1943 3478 2076 3515 dixerit
2094 3488 2162 3525 pro
2181 3488 2268 3516 cau-

1210 3554 1336 3582 sarum
1354 3541 1493 3578 meritis
1512 3540 1624 3577 dicit:
1647 3545 1683 3575 et
1702 3539 1782 3575 ideo
1801 3548 1986 3585 nunquam
2014 3537 2183 3575 frustrari
2202 3546 2267 3585 po-

1209 3609 1293 3647 test,
1319 3602 1403 3648 quia
1436 3599 1611 3646 quidquid
1646 3599 1786 3636 ratione
1810 3598 2004 3644 profertur,
2035 3606 2159 3634 carere
2189 3606 2265 3636 non

1208 3671 1326 3715 potest
1354 3665 1507 3700 ratione.
1530 3661 1607 3698 Non
1633 3670 1688 3698 est
1712 3671 1799 3705 ergo
1818 3660 1914 3697 Deus
1946 3660 2040 3696 sicut
2058 3660 2182 3702 homo,
2201 3658 2264 3705 qui

1209 3729 1342 3766 frustra
1364 3726 1548 3772 loquatur,
1579 3732 1695 3769 neque
1727 3724 1820 3757 sicut
1853 3721 2121 3757 filiushominis
2148 3725 2264 3757 terre·

1208 3797 1281 3835 tur,
1310 3788 1382 3833 vel,
1407 3791 1450 3824 ut
1477 3789 1516 3824 in
1552 3784 1632 3822 aliis
1653 3781 1921 3829 exemplaribus
1948 3781 2066 3820 adhuc
2093 3780 2266 3830 legimus,
