2540 4016
301 270 367 310 ¹05

298 349 406 388 vestis
432 341 639 382 intuendum

298 419 383 447 vero
403 405 496 443 aliud
513 403 663 441 interius
677 400 819 439 laterem
837 395 897 431 sed
912 402 983 429 orae
1000 394 1234 431 utrorumque
1249 392 1335 420 eon·

296 471 438 518 junctae,
458 474 570 512 usque
602 461 646 498 ad
660 465 838 495 extremos
855 452 1000 500 angulos
1017 449 1060 486 ad
1084 446 1255 484 inferiora
1270 445 1334 481 de-

298 530 520 570 scendet-ent.
567 525 603 560 ln
622 531 694 568 quo
717 517 801 565 quid
820 514 914 551 aliud
936 510 1039 547 nobis
1071 507 1189 556 typice
1207 504 1338 542 intelli-

298 594 448 642 gendum
479 594 546 629 est,
568 584 635 620 nisi
656 586 695 617 ut
716 587 797 615 cum
817 577 908 612 bona
929 573 1018 610 foris
1033 577 1143 617 opera
1164 566 1338 615 proximis

297 651 529 692 ostendimus,
545 644 668 683 eadem
689 643 783 679 intus
801 647 924 676 coram
945 635 1097 672 Domino
1111 634 1247 679 integra
1269 638 1340 666 ser-

296 719 419 751 vemus
438 722 446 744 ε
469 718 513 745 ne
532 713 687 751 unquam
704 701 760 738 vel
777 698 979 737 castitatem
995 705 1095 742 purae
1113 690 1342 739 cogitationis

296 773 411 810 minor
429 770 495 816 pias
512 765 663 803 actionis
684 761 855 810 perfectio
873 762 1060 805 sequatur,
1078 753 1133 791 vel
1152 751 1344 800 profectio-

297 844 376 870 nem
404 839 484 877 quae
502 828 640 863 videtur
659 822 796 869 operis,
819 816 1096 865 imperfectioris
1128 813 1259 849 mentis
1291 811 1346 847 in-

300 893 410 932 tentio
434 893 592 936 exparte
616 883 811 921 solitariam
840 880 1031 925 relinquat.
1061 875 1132 912 Sed
1150 874 1254 921 quasi
1268 873 1347 908 duae

299 964 370 992 orae
386 946 684 998 superhumeralis
710 944 777 980 sibi
797 942 949 977 invicem
976 937 1190 985 copulentur
1220 946 1230 970 z
1263 933 1349 969 dum

300 1015 418 1053 omnia
438 1022 515 1057 quae
542 1009 628 1044 foris
651 1008 743 1043 hona
771 1007 1028 1050 monstramus,
1056 1001 1153 1035 intus
1189 1004 1278 1043 pura
1316 999 1352 1030 et

300 1072 450 1120 simplici
467 1069 663 1106 intentione
682 1067 755 1101 Deo
774 1054 938 1110 placendi
968 1060 1139 1107 gerimus,
1162 1063 1198 1093 et
1227 1057 1295 1092 boc
1316 1055 1352 1090 in

303 1146 452 1183 utroque
469 1135 581 1170 latere
611 1126 930 1175 superhumeralis,
949 1129 986 1160 ut
1018 1125 1111 1159 inter
1138 1121 1285 1156 adversa
1319 1122 1354 1153 et

304 1205 471 1245 prospera
482 1190 648 1229 concordi
669 1192 810 1233 semper
830 1186 968 1221 actione
987 1181 1355 1227 etcogitatione‚con-

306 1258 409 1295 ditori
433 1260 555 1292 nostro
571 1252 783 1289 serviamus.
831 1248 980 1294 Ipsaque
1004 1252 1140 1281 textura
1165 1250 1195 1278 et
1228 1247 1351 1277 cuncta

307 1320 417 1367 operis
438 1317 596 1358 varietas,
630 1313 691 1349 erit
709 1323 750 1347 ex
783 1321 882 1353 auro,
918 1308 1103 1354 hyacintho
1122 1313 1151 1341 et
1182 1314 1351 1352 purpura,

309 1389 474 1425 coccoque
490 1377 540 1412 bis
558 1376 678 1415 tincto,
695 1380 725 1408 ct
744 1372 842 1417 bysso
858 1376 999 1405 retorta.
1026 1368 1102 1403 Non
1121 1366 1234 1402 inima
1253 1371 1354 1411 parte

311 1434 611 1487 superhumeiuiis
628 1442 769 1474 aurum,
791 1430 826 1467 in
847 1430 957 1466 altera
976 1427 1204 1475 hyacintbus,
1235 1425 1270 1461 in
1286 1424 1354 1460 alia

309 1509 450 1536 rursum
484 1497 541 1533 alii
577 1498 681 1541 atque
719 1493 776 1529 alii
803 1492 940 1527 colores
973 1486 1118 1525 fuerunt
1142 1516 1150 1531 ‚
1180 1486 1242 1523 sed
1275 1496 1354 1522 om-

311 1571 373 1596 nes
400 1559 535 1595 colores
558 1556 678 1601 utique
697 1564 762 1600 pcr
785 1551 903 1588 omnia
922 1561 1004 1587 eum
1037 1559 1125 1585 auro
1147 1549 1223 1594 ipso
1257 1547 1357 1583 fuere

315 1620 483 1661 contexti,
504 1619 586 1664 quia
605 1615 773 1652 nimirum
794 1615 828 1648 in
852 1612 991 1647 actione
1009 1608 1236 1650 sacerdotali,
1269 1618 1359 1643 nun-

314 1693 419 1729 quam
457 1680 574 1724 aliqua
604 1685 814 1721 magnarum
835 1675 1034 1713 virtutum,
1074 1670 1130 1705 vel
1160 1670 1203 1704 ad
1233 1670 1361 1704 boram

317 1742 421 1779 debet
444 1737 653 1779 intermitti3
684 1734 746 1771 sed
774 1743 915 1780 semper
942 1743 1029 1768 auro
1060 1730 1243 1777 sapientiae
1276 1729 1364 1764 luci-

316 1801 395 1843 dus,
409 1808 548 1844 semper
568 1795 758 1842 hyacintho
774 1794 847 1838 spei
864 1793 897 1827 in
911 1792 1075 1838 'superna
1094 1796 1247 1832 erectus,
1272 1799 1365 1824 sem-

316 1872 380 1908 per
395 1861 492 1907 regni
522 1857 677 1894 coelestis
701 1860 870 1901 purpura,
893 1852 1063 1888 adversus
1082 1850 1251 1887 vitiorum
1274 1849 1365 1884 bella

318 1922 574 1970 magnanimus,
596 1928 736 1963 semper
756 1926 863 1952 cocco
886 1912 941 1950 bis
975 1914 1085 1949 timto
1106 1913 1255 1958 geminae
1278 1910 1367 1945 dile-

317 1983 443 2020 ctionis
459 1981 659 2020 flammans,
674 1986 814 2021 semper
830 1979 964 2010 retorta
973 1973 1080 2018 bysso
1093 1971 1277 2016 castigatae
1287 1978 1367 2003 car-

319 2045 372 2080 nis
389 2041 554 2078 sacerdos
573 2039 649 2074 sive
666 2037 788 2071 doctor
815 2032 986 2075 fidelium,
1003 2031 1107 2066 debet
1127 2039 1206 2065 esse
1221 2028 1367 2063 nitidus.

367 2101 552 2144 Sumesque
572 2095 702 2140 lapides
719 2093 805 2128 duos
823 2090 1023 2137 onychinos,
1057 2097 1085 2124 et
1106 2088 1239 2134 sculpes
1265 2089 1300 2122 in
1321 2087 1369 2121 eis

323 2161 461 2197 nomina
482 2157 633 2202 filiorum
653 2153 776 2189 lsrael.
826 2151 896 2187 Sea:
923 2151 1062 2184 nomina
1088 2150 1123 2183 in
1144 2147 1258 2193 lapide
1283 2156 1366 2188 uno,

322 2227 354 2257 et
381 2229 441 2255 sex
460 2218 591 2262 reliqua
618 2216 655 2250 in
691 2213 820 2255 altero,
847 2213 953 2256 Juxta
987 2210 1141 2245 ordinem
1178 2209 1369 2243 rmtivilatis

323 2290 457 2322 eorum,
476 2290 575 2325 opere
595 2277 790 2323 sculptoris,
807 2282 837 2310 et
858 2274 1024 2310 ccrlatnra
1043 2273 1222 2319 qemmarii
1238 2271 1371 2317 sculpes

324 2352 398 2383 eos,
423 2339 614 2375 nominibus
645 2337 796 2382 filiorum
830 2334 955 2378 Israel,
979 2334 1129 2368 inclusos
1166 2342 1252 2367 auro
1271 2335 1372 2377 atque

327 2400 556 2436 eircumdatos
573 2404 629 2433 :et
647 2408 750 2443 pones
765 2397 802 2431 in
822 2402 966 2442 utroque
985 2394 1090 2429 latere
1110 2393 1374 2439 superhumera-

327 2463 368 2498 lis
382 2460 579 2498 memoriale
591 2460 675 2506 filiis
696 2458 820 2494 Israel.
850 2456 937 2492 Tres
952 2457 997 2491 ob
1021 2466 1147 2491 causas
1168 2454 1288 2489 Aaron
1308 2464 1373 2488 no-

330 2525 424 2559 mina
439 2522 724 2568 patriarcharum
742 2519 834 2554 inter
848 2517 1023 2553 sacrificia
1040 2525 1181 2560 semper
1202 2513 1236 2548 in
1253 2514 1375 2548 bume-

331 2584 379 2619 ris
413 2582 503 2618 sicut
525 2587 559 2622 et
581 2582 615 2616 in
643 2586 786 2626 pectore
821 2577 998 2624 portabat,
1031 2583 1070 2611 ut
1107 2575 1269 2611 videlicet
1299 2575 1375 2620 ipse

332 2643 642 2686 litletti,vitatn‹111e
671 2639 954 2686 patriarcharum
987 2637 1208 2673 meminisset
1227 2635 1372 2678 imitari,

331 2709 369 2739 ut
385 2703 569 2738 duodecim
591 2701 744 2735 tribuum
759 2710 837 2745 quae
855 2700 897 2734 de
919 2698 974 2734 bis
996 2704 1088 2733 natae
1105 2702 1202 2739 sunt,
1228 2697 1263 2732 in
1291 2707 1375 2731 ora-

333 2762 490 2798 tionibus
510 2765 545 2795 et
565 2758 749 2794 sacrificiis
777 2768 914 2793 memor
930 2758 1109 2798 existeret,
1131 2763 1169 2792 ut
1201 2757 1294 2791 idem
1314 2766 1378 2801 po-

336 2822 439 2868 putus
459 2822 590 2866 scripta
622 2819 656 2854 in
676 2823 774 2853 veste
794 2817 954 2863 praesulis
982 2818 1035 2852 sui
1069 2822 1211 2862 patrum
1233 2816 1378 2851 nomina

337 2882 460 2916 videns
478 2883 622 2915 curaret
646 2876 780 2918 sedulo,
801 2886 844 2910 ne
863 2876 908 2911 ab
929 2875 1068 2910 illorum
1100 2876 1236 2910 meritis
1261 2875 1379 2910 desci-

339 2941 511 2982 scens,ad
527 2947 688 2974 errorum
703 2936 867 2981 contagia
887 2935 1094 2971 declinaret.
1127 2934 1180 2968 Ad
1201 2934 1267 2968 boc
1286 2934 1381 2968 enim

755 259 795 296 B.
823 252 990 295 mam
1013 248 1158 288 mum
1183 235 1397 282 anemae..
1422 236 1630 279 uocum.
1654 236 1848 278 ermen
1871 235 1994 276 raas
2014 219 2072 281 ιβ

657 338 768 376 ocutis
788 335 873 372 toris
901 334 1108 380 appareret,
1148 323 1335 362 dimidium
1351 321 1389 362 Α
1402 328 1486 366 spes
1503 319 1588 356 vitae
1606 318 1779 356 eoelestis.
1799 318 1963 356 omnuim
1992 315 2101 354 corda
2127 305 2462 361 pamma.
2535 302 2540 308 ’

1403 380 1506 426 Quod
1533 390 1621 418 vero
1649 380 1782 418 diversi
1804 380 1949 427 generis
1983 378 2164 427 lapidibus
2198 375 2309 413 iidem
2338 375 2466 422 scripti
2503 367 2521 417 s

1534 0 1563 12 ’
1577 0 1579 2 ’
2320 0 2373 52 0

1863 103 1931 161 ὃ

2308 201 2355 229 ““
2391 202 2498 271 ιῗοί
2521 251 2540 280 ι,

1404 447 1500 486 sunt,
1517 442 1708 479 denuntiat
1727 441 1896 489 figurate,
1915 441 2000 488 quia
2026 438 2215 486 multiplex
2234 441 2291 474 est
2309 437 2468 473 varietas
2532 457 2540 462 -

1404 509 1450 541 et>
1474 504 1591 552 gratia
1617 504 1794 541 bonorum
1812 511 1978 549 operum,
1998 502 2130 548 quibus
2146 498 2298 547 proefata
2323 503 2470 535 saneto-

1405 576 1488 602 rum
1507 566 1610 607 fides,
1631 575 1715 611 spes
1734 570 1771 601 et
1783 565 1944 600 charitas
1952 563 2166 600 confirmata
2182 561 2350 608 refulget.
2366 558 2471 603 Quod

1408 631 1528 661 autem
1547 625 1583 661 in
1594 624 1759 660 rationali
1775 626 1932 670 quatuor
1947 623 2094 660 ordines
2109 622 2268 666 fuerunt,
2287 626 2323 657 et
2340 620 2471 656 horum

1410 686 1542 733 singuli
1566 685 1699 730 quique
1716 690 1789 720 tres
1809 685 1967 721 habuere
1993 683 2145 729 lapides,
2162 682 2249 727 quid
2265 680 2367 717 uobis
2385 678 2474 716 inti-

1411 753 1528 784 matur
1546 746 1676 793 typice,
1698 746 1768 781 nisi
1785 749 1824 780 ut
1849 745 1886 780 in
1902 743 2096 780 virtutibus
2110 751 2190 788 quac
2204 740 2474 788 distinguuntur

1415 814 1571 856 quatuor
1606 807 1824 854 principales
1845 833 1855 848 ,
1887 805 1994 842 tidem
2021 809 2155 841 sanctae
2189 802 2362 839 trinitatis
2399 811 2475 839 non

1416 870 1538 906 fictam
1572 867 1780 904 teneamus?
1811 867 2007 902 Possumus
2036 874 2123 901 sane
2154 863 2190 899 iu
2215 862 2320 899 vario
2345 862 2476 898 decore

1418 930 1592 977 lapidum,
1615 939 1685 965 non
1704 928 1819 964 solum
1834 927 2038 963 claritatem
2055 923 2289 961 multifariam
2306 923 2477 960 sacerdo-

1419 992 1502 1028 talis
1512 997 1612 1028 actus
1623 989 1909 1036 etcogitationis,
1918 987 2153 1024 verumetiam
2164 984 2402 1032 spiritualium
2417 993 2480 1021 ao-

1421 1055 1542 1101 cipere
1563 1053 1783 1089 charismata
1799 1052 1974 1087 virtutum
1998 1061 2040 1086 ac
2057 1048 2230 1084 miracula
2252 1048 2477 1084 sanitatum:

1427 1118 1470 1154 de
1493 1116 1622 1162 quibus
1636 1116 1713 1161 ipse
1728 1114 1901 1150 Dominus
1919 1112 2092 1159 apostolis
2114 1122 2122 1145 :
2148 1110 2329 1155 Infirmos,
2346 1107 2478 1155 inquit,

1425 1184 1559 1220 curate,
1587 1182 1742 1213 mortuos
1767 1176 1945 1217 suscitate,
1971 1173 2124 1220 leprosos
2148 1170 2329 1213 mundate,
2349 1169 2482 1205 doemo-

1372 1222 1405 1261 B
1425 1252 1483 1277 nes
1502 1241 1616 1287 ejicite
1643 1238 1784 1286 (Manli.
1805 1237 1857 1280 x).
1903 1236 2093 1272 Et‘iterum
2116 1245 2125 1268 ε
2159 1232 2269 1278 Siyna
2288 1237 2404 1266 autem
2424 1241 2482 1266 eos

1424 1303 1482 1349 qui
1501 1301 1646 1336 credunt
1663 1300 1735 1334 ha’c
1757 1303 1964 1345 sequentur:
1997 1295 2042 1330 Ιη
2062 1294 2199 1330 nomine
2219 1302 2294 1327 meo
2309 1290 2484 1326 damonia

1423 1364 1575 1409 ejicienf,
1594 1361 1722 1407 linquis
1740 1360 1925 1407 loquentur
1941 1357 2052 1400 novis,
2073 1360 2244 1402 serpentes
2257 1352 2393 1394 tollent,
2408 1351 2486 1387 etsi

1424 1424 1643 1471 mortiferum
1661 1423 1743 1469 qnid
1762 1422 1922 1462 biberintz
1942 1430 2011 1455 non
2029 1419 2077 1455 eis
2095 1417 2240 1454 nocebit.
2262 1416 2396 1452 Verum
2405 1414 2482 1450 sive

1426 1487 1494 1523 hoe
1514 1486 1588 1521 sive
1600 1484 1698 1526 illud,
1720 1474 1911 1527 utrumque
1931 1480 2131 1526 designant.
2159 1478 2267 1513 Recte
2280 1475 2389 1512 etiam
2415 1474 2486 1510 duo

1428 1548 1566 1594 lapides
1581 1545 1766 1592 onychini,
1789 1545 1824 1580 in
1847 1540 2144 1589 superhumerali,
2163 1539 2290 1575 eodem
2307 1536 2490 1573 duodena-

1430 1609 1484 1644 rio
1495 1612 1597 1644 erant
1619 1612 1759 1652 patrum
1779 1613 1929 1640 numero
1939 1601 2131 1646 sculpti.ut
2150 1598 2351 1635 doctrinam
2367 1595 2491 1631 fidem-

1433 1679 1501 1716 que
1522 1669 1766 1715 apostolorum
1786 1667 1929 1712 utrique
1946 1674 2067 1711 popuA
2093 1661 2298 1697 ludaeorum
2324 1657 2491 1694 videlicet

1432 1735 1467 1765 et
1487 1731 1644 1777 gentium
1660 1727 1885 1774 profuturam
1907 1735 1986 1762 esse
2007 1724 2252 1770 designarent.
2274 1719 2381 1755 Juxta
2395 1717 2492 1764 quod

1435 1791 1550 1826 eidem
1566 1788 1798 1825 intellectuali
1813 1786 2027 1827 Jerusalem,
2057 1785 2125 1819 hoc
2141 1789 2210 1826 est,
2237 1780 2406 1818 Ecclesiae
2419 1789 2494 1815 suae

1435 1854 1608 1889 Dominus
1627 1861 1690 1897 per
1706 1850 1918 1896 prophetam
1936 1845 2123 1882 manifeste
2142 1844 2325 1891 promiSsit
2344 1844 2492 1879 dicens:

1436 1914 1489 1948 Ad
1513 1912 1699 1947 dexteram
1719 1909 1862 1943 enimet
1883 1908 1927 1942 ad
1945 1907 2069 1942 laevam
2086 1906 2354 1951 penetrabis,et
2368 1912 2492 1940 semen

1439 1978 1539 2007 tuum
1572 1976 1695 2018 gentes
1719 1969 1958 2005 haereditabit.
2014 1966 2114 2011 Quod
2134 1972 2254 2001 autem
2273 1965 2376 2011 'onyx
2395 1964 2497 2000 rubri

1440 2031 1556 2067 fertur
1591 2041 1671 2067 esse
1694 2028 1835 2070 coloris,
1870 2027 2029 2073 singulos
2048 2026 2214 2063 videlicet
2245 2025 2383 2060 habens
2406 2023 2498 2059 albis

1443 2092 1667 2138 cingentibus
1692 2090 1790 2125 zonis
1806 2090 1885 2135 quis
1904 2098 1973 2124 non
1989 2088 2121 2129 videat,
2143 2086 2236 2131 quod
2255 2084 2310 2121 vel
2332 2084 2499 2120 ardorem

1443 2153 1645 2194 charitatis,
1660 2150 1716 2186 vel
1728 2150 1843 2186 lucem
1862 2148 2025 2194 designet
2039 2146 2196 2183 scientiar
2205 2145 2398 2182 comitante
2408 2152 2499 2179 zona

1445 2212 1657 2250 castitatis?
1701 2209 1907 2257 Cujusmodi
1949 2208 2124 2254 lapidibus
2152 2207 2324 2252 inscripta
2354 2210 2502 2251 patrum

1444 2273 1617 2311 voeabula
1637 2277 1754 2318 gestat
1777 2271 1958 2313 sacerdos,
1980 2280 2062 2305 cuni
2084 2274 2276 2305 exsecutus
2294 2266 2501 2314 praeceden-

1446 2337 1534 2372 tium
1547 2335 1726 2380 justorum
1746 2333 1926 2376 charitati,
1952 2331 2158 2374 humilitati,
2189 2330 2376 2372 doetrinae,
2393 2333 2501 2365 caete-

1446 2397 1566 2440 risque
1595 2395 1770 2435 ,virtutum
1801 2393 1982 2439 operibus,
2006 2391 2090 2438 juge
2120 2390 2277 2427 studium
2315 2387 2500 2435 impendit.

1446 2456 1490 2492 Et
1508 2457 1576 2492 hoe
1594 2457 1630 2491 in
1647 2462 1798 2499 utroque
1818 2454 1982 2495 humero,
2003 2458 2044 2488 ut
2070 2452 2145 2487 sive
2174 2450 2317 2485 Judaeus
2337 2449 2419 2494 quis
2441 2450 2505 2484 seu

1447 2516 1491 2551 de
1509 2516 1674 2561 gentibus
1694 2514 1801 2556 adsit,
1825 2513 2027 2549 claritatem
2054 2520 2197 2556 semper
2217 2510 2252 2546 in
2272 2510 2419 2545 doctore
2442 2518 2504 2544 ve-

1448 2578 1564 2613 ritatis
1594 2582 1629 2612 et
1659 2575 1802 2621 pietatis
1830 2585 1893 2621 per
1918 2583 2027 2619 quam
2063 2573 2139 2619 ipse
2165 2571 2210 2607 ad
2244 2570 2394 2607 meliora
2422 2576 2504 2615 pro-

1448 2639 1589 2680 fecerit,
1610 2642 1782 2682 aspectet.
1836 2635 1959 2671 Facies
1984 2636 2019 2669 in
2041 2632 2205 2669 rationali
2226 2630 2406 2667 catenulas
2441 2630 2506 2665 sibi

1449 2702 1590 2737 invicem
1617 2700 1824 2735 coha‘rentes
1840 2709 1882 2733 ex
1914 2708 2000 2732 auro
2020 2694 2220 2742 purissimo,
2245 2699 2275 2729 et
2290 2693 2378 2729 daos
2397 2702 2508 2728 annit-

1451 2762 1500 2796 los
1527 2771 1664 2800 aureos,
1689 2770 1772 2806 quos
1809 2769 1913 2805 pones
1930 2758 1965 2792 in
1996 2764 2142 2803 utraque
2165 2753 2346 2790 retonans
2364 2751 2509 2788 summi-

1452 2827 1534 2863 tate,
1556 2826 1762 2865 catenasque
1783 2829 1908 2853 aareas
1933 2818 2059 2863 junyes
2098 2815 2253 2859 aririult's,
2279 2815 2337 2862 qut
2364 2819 2446 2850 sant
2471 2812 2509 2848 in

1453 2883 1669 2927 marginibus
1690 2881 1780 2926 ejus,
1798 2888 1829 2916 et
1846 2882 2001 2926 ipsarum
2023 2886 2226 2915 catenarum
2243 2883 2405 2914 extremm
2418 2877 2509 2913 duo-

1455 2941 1516 2976 bus
1550 2940 1803 2985 copulabuntur
1827 2940 1976 2983 uncinis,
1995 2941 2031 2976 in
2057 2946 2202 2987 utroque
2222 2938 2330 2975 tatere
2347 2937 2514 2984 superhu-

340 3001 436 3035 V0¹¹¹²
453 2998 636 3044 diSPOS‘fflv
653 2997 689 3032 ³¹¹
714 2997 910 3031 S³cefd⁰¹⁵⁵
923 2996 1028 3030 ‘¹0¹³‘st
1041 2995 1147 3029 0⁰¹·oe
1163 3003 1303 3040 semper
1322 3004 1382 3039 ³1)-
1403 3026 1440 3066 D
1455 3001 1596 3036 mer-atis
1624 3001 1716 3047 quod
1742 3002 1912 3037 rationale
1944 3003 2096 3049 respicit.
2137 3001 2234 3039 Ordo
2263 3000 2383 3047 operis
2399 3009 2513 3046 quan·

341 3068 481 3107 parere.
518 3056 655 3103 Singuli
673 3061 790 3092 autem
804 3056 939 3102 lapides
953 3055 1102 3101 singulis
1120 3061 1259 3100 patrum
1272 3055 1385 3090 nomi-

343 3120 448 3157 nibus
461 3117 715 3158 inscribuntur,
742 3116 825 3151 dum
846 3121 1050 3151 sanctorum
1070 3116 1176 3149 vitam
1196 3120 1315 3150 rector
1331 3115 1386 3150 in-

344 3179 513 3226 spiciens,
531 3178 566 3214 in
584 3178 713 3224 quihus
726 3177 879 3213 maxime
894 3177 1062 3211 virtutum
1074 3177 1241 3222 operibus
1257 3176 1387 3212 florue-

346 3244 442 3280 runt,
469 3235 589 3272 sedula
617 3235 847 3281 inquisitione
878 3240 1072 3276 sonitatum
1099 3241 1135 3270 et
1155 3236 1231 3270 hate
1258 3242 1387 3271 cuncta

347 3297 478 3334 abditis
499 3296 554 3332 sui
581 3294 737 3342 pectoris
757 3294 961 3331 meditando
989 3295 1154 3341 mingere
1175 3300 1282 3341 atque
1301 3303 1388 3341 ope-

349 3359 460 3394 rando
471 3356 631 3404 proferre
644 3355 787 3403 satagit.
816 3355 939 3402 Neque
967 3356 1062 3392 enim
1095 3357 1171 3392 sine
1203 3357 1294 3394 certi
1330 3366 1391 3393 ra-

350 3420 448 3456 tione
465 3417 695 3462 sacranientl,
725 3415 775 3454 ita
792 3422 945 3464 utraque
972 3418 1083 3455 vestis
1110 3414 1287 3465 lapidibus
1310 3425 1398 3465 pre-

351 3479 455 3516 tiosis
477 3480 655 3523 redimita,
675 3490 718 3517 ac
740 3483 881 3526 patrem
910 3480 1096 3516 nominum
1128 3479 1297 3527 insignita
1325 3486 1396 3524 est,

352 3543 396 3577 α
410 3539 487 3586 ipsa
505 3540 648 3576 mina
664 3539 704 3577 in
719 3539 1003 3588 mmm—enti
1025 3540 1172 3588 quiden
1191 3539 1331 3577 duobus
1345 3539 1398 3576 ta—

350 3599 627 3648 ‚tm-untes
644 3599 873 3649 mn
888 3602 1045 3650 marist
1069 3602 1106 3640 tn
1120 3601 1288 3640 rationali
1310 3603 1399 3639 vett}

355 3657 543 3698 (tethin
559 3659 763 3698 mhibt-
779 3661 912 3707 divam
941 3663 1084 3710 generis
1101 3662 1274 3710 inser-ipe·
1290 3659 1398 3709 mi

357 3720 430 3758 ss
451 3721 552 3768 μ
570 3725 694 3769 βαίη
709 3721 748 3764 h
771 3722 952 3772 W
964 3724 1150 3772 Μὴ.
1166 3724 1277 3765 m
1291 3730 1402 3773 a*

359 3777 902 3886 mgr-u,
922 3780 1275 3892 aa&

1458 3066 1532 3096 tum
1561 3060 1664 3095 nohis
1698 3060 1850 3103 videtur,
1884 3059 1969 3096 hinc
2005 3060 2137 3096 etenim
2174 3060 2254 3096 fuit.
2297 3059 2374 3095 Duo
2408 3060 2515 3094 erant

1457 3118 1578 3155 uncini
1612 3129 1718 3164 supra
1759 3120 1796 3154 in
1835 3119 1974 3155 duoius
2016 3119 2322 3166 superhumeralis
2372 3116 2540 3165 anguiis:

1458 3179 1629 3225 impositi,
1651 3184 1686 3215 et
1718 3179 1788 3214 duo
1807 3184 1931 3215 contra
1952 3180 2075 3215 annuli
2106 3180 2142 3216 in
2163 3180 2302 3216 duobus
2326 3176 2526 3217 rationalis..-

1460 3241 1601 3278 annulis
1619 3249 1782 3283 sursum;
1803 3250 1823 3275 e
1843 3238 1972 3292 quibus
1985 3240 2187 3286 pendebant
2207 3240 2431 3279 duaecaoenae
2449 3237 2540 3299 εἴτ-,Ἰ

1459 3311 1545 3346 nm,
1563 3311 1643 3349 quae
1661 3302 1821 3347 tempore
1835 3300 2004 3338 induendi
2023 3300 2275 3339 inserebantur
2286 3296 2517 3350 uheiffl2ffl

1461 3363 1499 3401 in
1517 3361 1824 3410 superhumeralis
1842 3359 1984 3411 angulis
1996 3361 2219 3408 eminebant:
2237 3364 2279 3402 at
2301 3359 2338 3402 bt
2359 3358 2517 3414 setffldn-

1464 3425 1559 3462 tihus
1570 3424 1731 3470 apertius
1751 3424 1924 3474 scriptum
1940 3428 1998 3460 est
2019 3436 2027 3459 :
2045 3429 2083 3460 ut
2099 3421 2443 3470 superhumerales!
2454 3421 2530 3463 ἥδ’

1462 3485 1608 3528 donate,
1627 3489 1752 3520 mutuo
1771 3479 2017 3527 necterentur,
2035 3475 2189 3530 Qu'orum
2206 3485 2372 3531 superior
2385 3494 2454 3523 eon
2488 3500 2495 3514 ’-

1462 3544 1524 3580 xio
1535 3545 1720 3598 hucusque
1737 3542 1871 3590 scripta
1885 3540 1955 3579 est.
1978 3539 2148 3590 sequitur
2164 3549 2284 3581 autem
2295 3545 2339 3582 de
2354 3545 2381 3582 i
2404 3554 2428 3575 a·

1464 3599 1642 3652 meiat
1667 3600 1975 3647 nemausensis,
2106 3599 2109 3606 “
2214 3598 2266 3642 ita
2291 3605 2362 3643 tm
2385 3624 2407 3635 -,

1469 3659 2042 3702 Ffflfflfflosffltt‘os
2105 3662 2112 3666 ’
2154 3659 2357 3714 mm=

1464 3715 2072 3772 *marmorisque
2095 3722 2119 3760 a
2336 3744 2338 3747 v
2381 3718 2393 3740 ³

1463 3774 1666 3831 *aaut
1693 3771 1954 3832 amnne
1982 3777 2294 3832 mm*
2436 3804 2464 3826 ,μ

1463 3828 1607 3893 (ιη-1·
1621 3843 1666 3884 tn
1688 3837 1904 3894 ott-*ms
1918 3837 2070 3895 muts
2086 3834 2182 3885 mi>

2515 539 2540 614 ει
