2540 4016
88 148 162 187 2⁴5

711 139 1050 181 Expost'rloNES
1075 138 1121 176 ΙΝ
1148 137 1419 176 LEVITICUM.
1443 158 1491 166 -
1515 139 1606 175 LIB.
1631 140 1660 175 1.

2218 141 2288 182 2⁴6

92 224 207 263 Deum
225 222 464 260 discernimur
492 219 538 256 ab
565 217 650 255 illis.
684 216 864 255 Praeterea
898 216 936 252 in
966 214 1046 262 ipsa
1076 214 1150 251 ele-
1167 215 1202 256 Α
1219 212 1424 250 stituendus
1443 215 1539 255 erat,
1567 212 1619 247 ita
1642 207 1842 247 electorum
1863 213 2026 251 omnium
2051 214 2115 262 qui
2138 213 2288 254 rutrum

91 285 212 324 ctione
229 283 409 322 artificum
429 285 551 329 potest
569 274 768 318 secundum
788 277 1004 333 mysterium
1021 276 1150 323 accipi,

91 345 187 392 quod
213 354 284 382 non
305 343 421 383 solum
441 351 486 381 ex
511 339 664 385 ludaeis,
688 339 751 378 sed
778 339 888 378 etiam
915 348 962 375 ex
985 337 1152 385 gentibus

92 404 261 441 doctores
273 401 442 443 Ecclesiae
462 410 535 441 suae
551 399 727 439 Dominus
745 407 826 439 esse
844 398 970 438 voluit.
995 397 1098 436 Unde
1115 399 1151 436 in

91 463 184 502 libro
202 462 454 505 Numerorum,
481 461 542 503 ubi
566 459 630 501 filii
652 459 762 499 lsrael
782 464 901 502 castra
922 459 1047 501 metati
1068 465 1152 497 sunt

92 526 189 562 circa
215 523 501 566 tabernaculum,
521 522 631 558 Judas
657 521 703 557 ab
723 520 871 558 Oriente
895 527 1015 558 castra
1037 526 1151 563 meta-

92 594 150 623 tus
167 591 236 629 est,
257 592 292 622 et
312 586 386 621 Dan
405 585 451 620 ab
464 583 656 630 Aquilone.
700 583 739 618 ln
759 581 905 619 Oriente
925 593 1012 629 ergo
1029 582 1151 618 Domi-

90 659 159 684 nus
182 648 339 694 primum
370 657 413 684 ex
431 645 563 682 Judaeis
589 646 812 692 primitivam
834 646 1031 684 Ecclesiam
1064 656 1149 685 con-

91 710 223 751 stituit,
256 715 380 754 postca
412 708 458 744 de
485 708 675 744 vocatione
704 708 878 754 gentium,
911 709 979 743 hoe
1002 713 1070 750 est,
1107 717 1152 743 ex

89 770 252 815 paganis,
272 771 333 815 qui
352 771 394 806 de
411 780 520 817 reguo
541 770 638 806 illius
655 770 716 816 qui
737 770 781 806 ad
797 769 1002 814 aquilonem
1021 769 1150 806 solium

90 838 194 864 suum
231 830 452 865 constituere
486 830 630 876 legitur,
665 830 709 865 ad
739 830 857 874 ipsum
893 829 1147 875 confugerunt,

90 890 215 936 gratiae
250 901 324 926 suae
351 896 537 936 exspertes
569 900 648 926 esse
682 890 809 932 noluit,
846 888 909 926 sed
939 890 1150 936 dignitatem

90 952 373 988 ecclesiasticam
390 952 590 997 percipere,
606 955 643 987 et
659 950 704 986 ad
718 950 884 996 corporis
900 950 957 986 sui
974 951 1149 987 unitatem

89 1013 273 1058 pertinere
291 1011 461 1048 decrevit.

462 1099 613 1137 CAPUT
647 1100 772 1138 XXIV.

85 1189 138 1226 De
161 1191 331 1227 erectione
358 1190 589 1233 tabernaculi,
610 1190 771 1272 etuylgria
789 1190 932 1227 Domini
959 1199 1148 1238 apparente

506 1248 637 1284 superi
671 1250 689 1272 u
721 1264 729 1272 .

129 1324 248 1371 Iqitur
281 1336 397 1360 mense
427 1325 539 1371 primo
575 1325 660 1360 anni
690 1324 850 1368 secundi,
883 1325 920 1359 in
952 1325 1066 1371 primo
1092 1325 1148 1362 die

83 1388 211 1422 mensis
232 1386 440 1422 collocatum
464 1393 513 1421 est
539 1386 827 1429 tabernaculum,
860 1386 1034 1433 erexitque
1059 1386 1148 1422 illud

85 1445 244 1491 Moyses,
266 1451 301 1481 et
326 1446 463 1491 reliqua
486 1446 618 1493 (Exod.
644 1447 718 1492 xt).
761 1446 863 1490 Quod
887 1451 1006 1482 autem
1032 1447 1149 1493 primo

84 1515 207 1541 mense
235 1506 318 1540 anni
347 1506 510 1548 secundi,
538 1506 656 1550 primo
683 1506 741 1541 dio
766 1507 900 1543 nensis
924 1507 1076 1552 erigitur
1097 1513 1150 1545 ta-

84 1566 342 1608 bernaculum,
378 1567 463 1611 quid
500 1567 697 1613 significat,
737 1568 804 1603 nisi
841 1569 1150 1606 constructionem

84 1625 257 1661 Ecclesiae
277 1635 341 1671 per
372 1626 569 1662 adventum
587 1628 747 1664 Christi?
775 1628 936 1666 Primum
970 1640 1055 1676 ergo
1088 1642 1151 1674 an-

85 1694 188 1726 num,
214 1694 321 1720 omne
352 1690 494 1730 tempus
523 1686 612 1732 legis
643 1692 728 1723 ante
758 1687 1048 1726 incarnationem
1073 1689 1151 1726 Sal-

83 1744 221 1780 vatoris
243 1745 358 1780 nostri
378 1746 517 1791 accipe,
540 1751 579 1783 ut
597 1748 777 1784 secundus
795 1759 911 1786 annus
930 1750 975 1787 ab
994 1751 1151 1789 adventu

85 1806 296 1842 mediatoris
313 1806 374 1842 Dei
396 1812 432 1842 et
447 1808 648 1850 hominum,
671 1819 784 1854 usque
805 1810 849 1846 ad
868 1811 1152 1849 consummatio-

84 1874 167 1900 nem
199 1866 319 1901 saeculi
351 1866 585 1913 intelligatur.
617 1867 728 1911 Quasi
757 1879 843 1916 ergo
869 1871 987 1915 primo
1010 1882 1148 1917 mense,

83 1925 200 1971 prima
230 1925 289 1962 die
323 1928 459 1963 mensis
493 1930 764 1967 tabernaculum
797 1932 966 1979 erigitur,
997 1944 1080 1970 cum
1113 1935 1150 1971 in

84 1986 187 2023 initio
221 1989 347 2034 gratiae
383 2001 448 2037 per
486 1991 765 2039 Redemptorem
821 2003 985 2033 nostrum
1030 1999 1149 2035 omnis

83 2048 255 2087 Ecclesiae
273 2058 422 2089 ornatus
449 2056 689 2100 construitur,
720 2067 763 2094 ac
790 2058 899 2094 decor
917 2070 1020 2096 novsc
1039 2059 1146 2096 Jeru-
1167 2038 1196 2080 C

83 2110 209 2155 salem,
231 2122 370 2158 sponsae
393 2115 562 2152 videlicet
593 2118 752 2155 coelestis
779 2120 875 2167 regis
899 2122 960 2167 qui
988 2122 1031 2158 de
1055 2123 1147 2159 coelo

85 2170 297 2217 descendit,
332 2175 448 2220 qualis
489 2177 536 2213 sit
569 2177 735 2215 fidelibus
768 2181 957 2218 animabus
999 2187 1147 2220 tonante

86 2230 301 2278 Evangelio,
330 2235 610 2275 demonstratur.
649 2240 734 2279 Post
767 2247 903 2287 autem,
926 2244 995 2280 hoc
1028 2250 1086 2280 est
1110 2246 1145 2280 in

87 2295 354 2331 resurrecstone
378 2297 543 2335 vivorum
567 2307 603 2336 et
628 2307 867 2347 mortuorum,
887 2304 961 2350 jam
993 2306 1145 2342 manife-

87 2355 243 2391 stabitur
274 2359 412 2403 specie‚
451 2361 512 2407 qui
545 2373 639 2399 nunc
670 2363 759 2400 latet
795 2365 831 2400 in
862 2366 1065 2413 aenigmate.
1102 2369 1146 2404 Et

87 2413 180 2448 sicut
207 2415 242 2450 in
261 2418 377 2462 primo
404 2430 498 2456 anno
519 2424 746 2468 congregatis
773 2424 960 2471 impensis,
984 2426 1144 2472 ejusdem

87 2478 279 2512 structurae
309 2487 532 2526 praeparatus
567 2491 731 2532 sumptus
764 2485 886 2524 futuro
922 2490 1024 2534 operi
1062 2491 1147 2527 sub-

1220 276 1265 313 ah
1288 273 1394 315 initio
1413 272 1553 316 mundi,
1576 280 1694 324 usque
1714 271 1760 315 ad
1780 271 1977 316 adventum
1995 275 2140 319 Domini
2161 287 2288 337 prmo

1220 335 1277 376 vel
1301 345 1404 382 onus,
1426 334 1472 371 ad
1491 337 1716 378 structuram
1736 338 1872 376 sanotae
1890 331 2064 378 Ecclesiae
2086 337 2288 385 peripsum

1220 395 1447 437 Salvatorem
1476 393 1699 438 aedificandae
1725 392 1960 437 conveniens,
1991 402 2057 439 per
2088 396 2289 443 scriptores

1220 451 1363 498 Veteris
1380 455 1605 493 Testamenti
1630 454 1828 502 colligitur,
1853 458 1895 500 ut
1919 453 2088 498 doctores
2103 454 2288 504 Evangelii

1218 525 1383 567 sumptus
1400 519 1558 556 habeant
1580 518 1713 565 priscae
1732 517 1838 570 legis,
1859 516 1897 560 iu
1921 517 2156 558 attestatione
2171 517 2289 556 Evan-

1218 581 1301 629 gelii
1319 582 1365 623 ad
1381 581 1667 622 confirmandam
1689 579 1798 623 iidem
1815 579 2059 618 credentium.
2092 579 2286 628 Sequitur:

1219 641 1413 689 Postquam
1438 647 1564 678 cuncta
1587 641 1741 689 perfecta
1761 647 1855 686 sunt,
1881 642 2016 688 operuit
2039 641 2147 679 nubes
2173 642 2288 680 taber-

1219 703 1385 742 naculum
1414 703 1616 746 testimonii,
1641 709 1672 745 ec
1699 702 1814 749 qioria
1834 702 1979 741 Domini
2004 701 2159 749 implevit
2183 702 2288 747 iilud,

1219 776 1281 800 nec
1298 771 1435 812 poterat
1454 764 1592 811 Moyses
1614 765 1751 811 inqredi
1778 770 1906 807 tectum
1922 764 2076 811 foederis,
2095 764 2185 802 nube
2202 777 2287 813 ope·

1220 830 1328 865 riente
1357 829 1489 872 onmia,
1519 834 1550 863 et
1574 828 1760 874 majestate
1778 828 1919 865 Domini
1955 834 2175 872 coruscante,
2205 828 2291 875 quia

1219 896 1344 926 cuncta
1361 890 1466 929 nubes
1480 898 1678 936 operuerat.
1694 888 1884 937 Siquando
1901 889 2009 926 nubes
2021 887 2291 927 tabernaculum

1218 953 1412 995 deserebat,
1432 952 1746 998 proficiscebantur
1760 951 1825 997 filii
1836 951 1951 988 Israel
1965 963 2027 998 per
2037 957 2173 989 turmas
2187 963 2288 989 suas.

1220 1010 1258 1046 Si
1278 1013 1448 1058 pendebat
1471 1013 1633 1059 desuper,
1649 1014 1837 1050 manebam
1861 1014 1897 1049 in
1919 1014 2039 1050 eodem
2055 1014 2144 1051 loco.
2168 1004 2291 1052 Nubes

1218 1074 1344 1119 quippe
1366 1073 1509 1109 Domini
1543 1074 1733 1109 incubabat
1763 1085 1825 1120 per
1852 1074 2223 1120 diem·tabernaculo‚
2257 1082 2290 1112 et

1166 1127 1199 1167 B
1218 1133 1308 1178 iynis
1334 1133 1371 1168 in
1399 1139 1511 1177 nocte,
1543 1133 1738 1170 videntibus
1766 1133 1904 1180 populis
1921 1134 2038 1172 Israel
2063 1146 2125 1182 per
2146 1143 2289 1174 cunctas

1217 1198 1416 1233 mansiones
1441 1209 1537 1233 snas.
1566 1197 1731 1234 Notanda
1758 1203 1814 1234 est
1834 1207 1892 1233 res
1918 1197 2070 1234 multum
2097 1197 2290 1242 mirabilis,

1217 1259 1301 1304 quia
1339 1259 1434 1294 nube
1462 1259 1704 1298 descendente
1729 1264 1766 1294 et
1791 1258 1963 1305 implente
1999 1258 2289 1302 tabernaculum,

1218 1330 1298 1365 quae
1325 1325 1445 1355 tamen
1466 1319 1580 1365 gloria
1598 1319 1742 1358 Domini
1764 1319 1910 1363 dicitur,
1934 1329 2006 1356 non
2025 1324 2169 1365 poterat
2188 1319 2289 1367 Moy-

1218 1392 1276 1417 ses
1297 1381 1433 1416 intrare
1451 1380 1741 1423 tabernaculum,
1761 1380 1822 1426 qui
1843 1381 1878 1416 in
1897 1386 2019 1418 monte
2038 1379 2124 1418 Sina
2143 1381 2287 1427 quando

1218 1443 1335 1489 legem
1352 1442 1521 1488 primitus
1547 1442 1697 1487 accepit,
1723 1442 1874 1478 intravit
1907 1443 1943 1478 in
1969 1442 2103 1481 nubem
2127 1442 2189 1478 ubi
2211 1448 2291 1478 erat

1219 1505 1327 1540 Deus.
1349 1504 1481 1540 Procul
1501 1504 1609 1540 dubio
1636 1513 1722 1549 ergo
1740 1503 1847 1540 aliam
1867 1513 2064 1549 personam
2089 1509 2175 1541 tunc
2198 1502 2289 1549 figu-

1219 1565 1335 1608 rabat,
1373 1564 1480 1600 aliam
1514 1574 1623 1601 nunc.
1664 1564 1709 1600 Et
1743 1569 1830 1603 tunc
1861 1575 1986 1602 eorum
2016 1564 2077 1610 qui
2107 1564 2290 1610 principes

1220 1628 1323 1669 fiunt,
1360 1627 1496 1663 intimae
1522 1625 1668 1662 veritati
1697 1625 1781 1668 Dei,
1808 1636 1903 1662 nunc
1930 1631 2051 1663 autem
2078 1625 2287 1662 Judaeorum

1220 1688 1352 1734 quibus
1381 1687 1494 1734 gloria
1512 1687 1655 1725 Domini
1678 1697 1758 1732 quae
1783 1689 1819 1722 in
1842 1685 2078 1723 tabernaculo
2098 1693 2168 1730 est,
2191 1687 2286 1733 quod

1219 1755 1274 1786 est
1300 1749 1436 1786 Christi
1466 1749 1598 1796 gratia,
1630 1754 1805 1794 tanquam
1841 1749 1956 1786 nubes
1985 1749 2181 1796 opponitur
2214 1759 2286 1785 non

1219 1822 1300 1848 eam
1319 1812 1626 1859 intelligentibus3
1646 1817 1683 1848 et
1703 1812 1784 1847 ideo
1807 1822 1878 1848 non
1898 1812 2036 1847 intrant
2061 1812 2097 1848 in
2119 1812 2289 1849 taberna-

1220 1874 1339 1909 culum
1368 1873 1579 1916 testimonii,
1601 1878 1636 1909 et
1667 1873 1736 1909 hoc
1756 1872 1976 1909 credendum
2007 1879 2064 1909 est
2093 1872 2204 1909 semel
2235 1871 2289 1908 sa—

1220 1942 1332 1979 ctum,
1354 1945 1435 1971 mox
1456 1941 1496 1971 ut
1515 1936 1752 1972 constitutum
1773 1943 1829 1972 est
1848 1937 2123 1973 tabernaculum
2137 1964 2145 1980 ‚
2174 1937 2286 1983 signi-

1221 1996 1402 2032 ficationis
1432 1995 1539 2041 liujus
1565 2006 1675 2032 causa
1697 1996 1754 2032 vel
1780 1996 1936 2042 alicujus
1967 1997 2131 2033 alterius.
2162 1996 2287 2043 Neque

1217 2058 1314 2094 enim
1343 2066 1487 2103 semper
1519 2056 1573 2092 sic
1605 2060 1686 2092 erat
1716 2057 1831 2094 nubes
1859 2067 1969 2103 super
1995 2057 2285 2101 tabernaculum,

1218 2126 1257 2157 ut
1287 2120 1372 2157 illuc
1392 2121 1534 2168 Moyses
1563 2121 1700 2157 intrare
1731 2130 1802 2158 nou
1821 2125 1957 2167 posset.
1989 2119 2287 2166 Quandoquidem

1215 2194 1288 2219 non
1311 2183 1581 2226 removebatur,
1604 2184 1675 2220 nisi
1696 2194 1777 2220 cum
1798 2183 1850 2219 eis
1870 2183 1938 2219 hoc
1964 2183 2107 2229 signum
2132 2182 2287 2218 dabatur

1216 2244 1475 2291 disjungendi,
1510 2245 1579 2282 hoc
1611 2251 1667 2282 est
1699 2251 1818 2282 castra
1850 2245 2019 2282 movendi
2053 2255 2095 2280 ex
2128 2254 2172 2280 eo
2207 2244 2287 2280 loco

1215 2307 1277 2342 ubi
1296 2313 1413 2350 erant,
1428 2312 1463 2343 et
1484 2306 1678 2343 accedendi
1694 2317 1766 2353 quo
1785 2307 1898 2343 nubes
1913 2306 2069 2342 ducebat
2087 2315 2151 2351 per
2171 2305 2281 2347 diem,

1217 2369 1361 2406 flamma
1382 2382 1449 2417 per
1468 2378 1627 2408 noctem.
1657 2370 1743 2414 Quae
1764 2371 1835 2408 duo
1854 2369 2016 2405 vicissim
2042 2367 2151 2403 etiam
2178 2375 2287 2412 super

1220 2431 1492 2467 tabernaculum
1520 2432 1715 2469 manebant
1739 2431 1800 2466 ulti
1825 2435 1945 2466 castra
1972 2428 2195 2476 posuissent,
2215 2436 2286 2463 nu-

1220 2492 1283 2526 bes
1305 2502 1369 2537 per
1389 2492 1500 2535 diem,
1526 2491 1670 2527 flamma
1693 2502 1758 2538 per
1784 2496 1942 2527 noctem.

90 2580 2275 2635 Ἥ

481 2679 863 2755 nnn-n
915 2686 1417 2760 immam
1469 2631 1916 2764 mnam*

582 2832 777 2873 ABBATIS
799 2837 827 2873 F
835 2836 1056 2876 ULDENSIS
1081 2840 1139 2876 ET
1165 2839 1513 2879 ARCHIEPISCOPI
1537 2843 1794 2882 MOGUNTINI

361 2968 1158 3061 EXPOSITIONUM
1223 2979 1335 3062 IN
1399 2979 2001 3068 LEVITICUM

816 3148 959 3189 unm
990 3148 1214 3191 SEPTEM.
1248 3152 1411 3205 (ANNO
1439 3151 1552 3208 834.)

991 3318 1368 3382 Pnonoous

89 3401 116 3430 ‘ta

95 3460 147 3493 tit>

93 3515 165 3554 aa

642 3421 705 3460 An
726 3421 1044 3463 FRECULPHUM
1069 3425 1332 3464 EPISCOPUM
1365 3427 1709 3485 LEXOVIENSEtt.

119 3576 122 3577 ⁷
302 3572 434 3619 meto
449 3573 560 3619 atque
574 3570 685 3618 heato
712 3570 827 3621 Patri,
852 3571 1078 3618 manumque
1105 3571 1141 3610 in
1158 3573 1194 3612 D
1257 3570 1420 3615 Arduum
1438 3581 1530 3624 opus
1548 3576 1586 3625 et
1603 3570 1699 3613 ultra
1722 3571 1888 3627 proprias
1906 3573 2005 3626 vires
2023 3586 2084 3631 uie
2101 3579 2269 3632 ,mm

234 3629 412 3682 mm*
427 3641 537 3682 eausa
554 3642 650 3678 verae
665 3633 812 3681 pietatis
833 3634 938 3681 nobis
964 3644 1141 3677 veneran-

247 3741 250 3746 ,
306 3726 310 3729 Δ
357 3690 539 3743 ww
550 3691 720 3748 Batauus
741 3700 910 3745 peccator
931 3694 970 3733 in
997 3694 1142 3745 christo

223 3803 246 3849 η·
268 3774 533 3861 '‘wizzam-:ui
588 3847 591 3849 >
759 3803 762 3807 -

1209 3630 1592 3680 iampridemjussisti,
1618 3635 1659 3677 m
1674 3631 1836 3685 ‘1⁰³¹'un
1851 3631 1966 3684 uaros
1983 3635 2266 3694 ussaiwan,

1214 3701 1304 3742 quos
1318 3690 1461 3731 Hebraei
1490 3689 1631 3734 Tor-ach
1649 3690 1856 3743 appellant,
1883 3703 1992 3746 W-W!
2009 3697 2167 3752 wig-“aij
2196 3690 2264 3750 ab}

1208 3761 1277 3807 W
1289 3750 1456 3795 ‘’rdinffl
1479 3758 1720 3806 0⁸P⁰¹¹0oei³li
1741 3753 1787 3808 ³⁶¹
1811 3753 1910 3812 {⁰⁰5¹
1937 3755 1976 3811 is
1992 3756 2114 3811 ΨΜ
2140 3761 2264 3814 md!

1428 3830 1458 3858 ις
