<?xml version="1.0" encoding="UTF-8"?>
<!DOCTYPE html PUBLIC "-//W3C//DTD XHTML 1.0 Transitional//EN"
    "http://www.w3.org/TR/xhtml1/DTD/xhtml1-transitional.dtd">
<html xmlns="http://www.w3.org/1999/xhtml" xml:lang="en" lang="en">
 <head>
  <title>
</title>
<meta http-equiv="Content-Type" content="text/html;charset=utf-8" />
  <meta name='ocr-system' content='tesseract 3.04.00' />
  <meta name='ocr-capabilities' content='ocr_page ocr_carea ocr_par ocr_line ocrx_word'/>
</head>
<body>
  <div class='ocr_page' id='page_1' title='image "./patrologiae00unknuoft_0601.png"; bbox 0 0 2540 4016; ppageno 0'>
   <div class='ocr_carea' id='block_1_1' title="bbox 0 0 87 721">
    <p class='ocr_par' dir='ltr' id='par_1_1' title="bbox 0 0 87 721">
     <span class='ocr_line' id='line_1_1' title="bbox 0 0 87 33; baseline 0 3983"><span class='ocrx_word' id='word_1_1' title='bbox 0 0 87 33; x_wconf 95' lang='lat' dir='ltr'><strong> </strong></span> 
     </span>
     <span class='ocr_line' id='line_1_2' title="bbox 0 33 87 309; baseline -0.023 0"><span class='ocrx_word' id='word_1_2' title='bbox 0 33 87 309; x_wconf 95' lang='lat' dir='ltr'><strong>     </strong></span> 
     </span>
     <span class='ocr_line' id='line_1_3' title="bbox 0 309 82 423; baseline 0 -12"><span class='ocrx_word' id='word_1_3' title='bbox 0 309 82 423; x_wconf 95' lang='lat' dir='ltr'><strong>    </strong></span> 
     </span>
     <span class='ocr_line' id='line_1_4' title="bbox 0 423 82 548; baseline 0 -64"><span class='ocrx_word' id='word_1_4' title='bbox 0 423 82 548; x_wconf 95' lang='lat' dir='ltr'><strong>   </strong></span> 
     </span>
     <span class='ocr_line' id='line_1_5' title="bbox 0 548 79 611; baseline 0 -1"><span class='ocrx_word' id='word_1_5' title='bbox 0 548 79 611; x_wconf 95' lang='lat' dir='ltr'><strong>  </strong></span> 
     </span>
     <span class='ocr_line' id='line_1_6' title="bbox 0 611 77 721; baseline 0 -51"><span class='ocrx_word' id='word_1_6' title='bbox 0 611 77 721; x_wconf 95' lang='lat' dir='ltr'><strong>   </strong></span> 
     </span>
    </p>
   </div>
   <div class='ocr_carea' id='block_1_2' title="bbox 87 84 1136 190">
    <p class='ocr_par' dir='ltr' id='par_1_2' title="bbox 87 84 1136 190">
     <span class='ocr_line' id='line_1_7' title="bbox 163 84 186 105; baseline 0 0"><span class='ocrx_word' id='word_1_7' title='bbox 163 84 186 105; x_wconf 81' lang='grc'><strong>.</strong></span> 
     </span>
     <span class='ocr_line' id='line_1_8' title="bbox 87 125 1136 190; baseline 0.018 -20"><span class='ocrx_word' id='word_1_8' title='bbox 87 125 202 186; x_wconf 42' lang='grc' dir='ltr'><strong>ιω,</strong></span> <span class='ocrx_word' id='word_1_9' title='bbox 717 139 956 185; x_wconf 64' lang='lat' dir='ltr'><strong>mr.</strong></span> <span class='ocrx_word' id='word_1_10' title='bbox 978 143 1027 186; x_wconf 74' lang='lat' dir='ltr'><strong>m</strong></span> <span class='ocrx_word' id='word_1_11' title='bbox 1048 126 1136 190; x_wconf 58' lang='lat' dir='ltr'><strong>m..</strong></span> 
     </span>
    </p>
   </div>
   <div class='ocr_carea' id='block_1_3' title="bbox 85 271 1143 333">
    <p class='ocr_par' dir='ltr' id='par_1_3' title="bbox 85 271 1143 333">
     <span class='ocr_line' id='line_1_9' title="bbox 85 271 1143 333; baseline 0.015 -25"><span class='ocrx_word' id='word_1_12' title='bbox 85 272 308 320; x_wconf 63' lang='lat' dir='ltr'><strong>cogitarem</strong></span> <span class='ocrx_word' id='word_1_13' title='bbox 328 271 507 321; x_wconf 76' lang='lat' dir='ltr'><strong>impleret.</strong></span> <span class='ocrx_word' id='word_1_14' title='bbox 529 274 602 313; x_wconf 71' lang='lat' dir='ltr'><strong>Sed</strong></span> <span class='ocrx_word' id='word_1_15' title='bbox 625 287 734 324; x_wconf 83' lang='lat' dir='ltr'><strong>quem</strong></span> <span class='ocrx_word' id='word_1_16' title='bbox 753 281 873 327; x_wconf 82' lang='lat' dir='ltr'><strong>potuit</strong></span> <span class='ocrx_word' id='word_1_17' title='bbox 891 285 1051 331; x_wconf 83' lang='lat' dir='ltr'><strong>cogitare</strong></span> <span class='ocrx_word' id='word_1_18' title='bbox 1070 289 1143 333; x_wconf 82' lang='lat' dir='ltr'><strong>pri-</strong></span> 
     </span>
    </p>
   </div>
   <div class='ocr_carea' id='block_1_4' title="bbox 0 393 1142 3801">
    <p class='ocr_par' dir='ltr' id='par_1_4' title="bbox 23 393 1142 3364">
     <span class='ocr_line' id='line_1_10' title="bbox 29 393 1140 454; baseline 0.014 -24"><span class='ocrx_word' id='word_1_19' title='bbox 29 447 37 453; x_wconf 44' lang='lat'>.</span> <span class='ocrx_word' id='word_1_20' title='bbox 82 398 139 432; x_wconf 73' lang='lat' dir='ltr'><strong>An</strong></span> <span class='ocrx_word' id='word_1_21' title='bbox 152 393 341 443; x_wconf 69' lang='lat' dir='ltr'><strong>conjugem</strong></span> <span class='ocrx_word' id='word_1_22' title='bbox 358 397 532 443; x_wconf 80' lang='lat' dir='ltr'><strong>cogitavit</strong></span> <span class='ocrx_word' id='word_1_23' title='bbox 549 426 558 443; x_wconf 94' lang='lat'>‚</span> <span class='ocrx_word' id='word_1_24' title='bbox 583 404 620 436; x_wconf 88' lang='lat' dir='ltr'><strong>et</strong></span> <span class='ocrx_word' id='word_1_25' title='bbox 643 406 683 437; x_wconf 89' lang='lat' dir='ltr'><strong>ut</strong></span> <span class='ocrx_word' id='word_1_26' title='bbox 695 402 765 439; x_wconf 89' lang='lat' dir='ltr'><strong>hoc</strong></span> <span class='ocrx_word' id='word_1_27' title='bbox 783 403 887 441; x_wconf 79' lang='lat' dir='ltr'><strong>fleret</strong></span> <span class='ocrx_word' id='word_1_28' title='bbox 899 405 994 443; x_wconf 89' lang='lat' dir='ltr'><strong>Deus</strong></span> <span class='ocrx_word' id='word_1_29' title='bbox 1012 408 1140 454; x_wconf 87' lang='lat' dir='ltr'><strong>noluit,</strong></span> 
     </span>
     <span class='ocr_line' id='line_1_11' title="bbox 23 454 1142 517; baseline 0.013 -25"><span class='ocrx_word' id='word_1_30' title='bbox 23 459 35 502; x_wconf 75' lang='lat'><strong>:³</strong></span> <span class='ocrx_word' id='word_1_31' title='bbox 82 460 120 494; x_wconf 83' lang='lat' dir='ltr'><strong>et</strong></span> <span class='ocrx_word' id='word_1_32' title='bbox 137 460 179 493; x_wconf 78' lang='lat' dir='ltr'><strong>ut</strong></span> <span class='ocrx_word' id='word_1_33' title='bbox 197 467 270 494; x_wconf 87' lang='lat' dir='ltr'><strong>non</strong></span> <span class='ocrx_word' id='word_1_34' title='bbox 285 454 510 506; x_wconf 69' lang='lat' dir='ltr'><strong>relinqueret·</strong></span> <span class='ocrx_word' id='word_1_35' title='bbox 537 460 766 508; x_wconf 84' lang='lat' dir='ltr'><strong>impunitum,</strong></span> <span class='ocrx_word' id='word_1_36' title='bbox 803 473 848 502; x_wconf 86' lang='lat' dir='ltr'><strong>ne</strong></span> <span class='ocrx_word' id='word_1_37' title='bbox 867 467 948 513; x_wconf 83' lang='lat' dir='ltr'><strong>quis</strong></span> <span class='ocrx_word' id='word_1_38' title='bbox 973 468 1142 517; x_wconf 86' lang='lat' dir='ltr'><strong>deinceps</strong></span> 
     </span>
     <span class='ocr_line' id='line_1_12' title="bbox 24 516 1141 578; baseline 0.015 -26"><span class='ocrx_word' id='word_1_39' title='bbox 24 544 32 545; x_wconf 58' lang='lat'><strong>„</strong></span> <span class='ocrx_word' id='word_1_40' title='bbox 51 558 55 564; x_wconf 45' lang='lat'>‚</span> <span class='ocrx_word' id='word_1_41' title='bbox 80 516 117 555; x_wconf 80' lang='lat' dir='ltr'><strong>id</strong></span> <span class='ocrx_word' id='word_1_42' title='bbox 135 518 285 556; x_wconf 82' lang='lat' dir='ltr'><strong>auderet</strong></span> <span class='ocrx_word' id='word_1_43' title='bbox 302 530 313 564; x_wconf 90' lang='lat'>;</span> <span class='ocrx_word' id='word_1_44' title='bbox 334 525 372 556; x_wconf 89' lang='lat' dir='ltr'><strong>et</strong></span> <span class='ocrx_word' id='word_1_45' title='bbox 405 526 445 557; x_wconf 90' lang='lat' dir='ltr'><strong>ut</strong></span> <span class='ocrx_word' id='word_1_46' title='bbox 462 532 590 568; x_wconf 84' lang='lat' dir='ltr'><strong>magna</strong></span> <span class='ocrx_word' id='word_1_47' title='bbox 610 525 833 570; x_wconf 76' lang='lat' dir='ltr'><strong>providentia</strong></span> <span class='ocrx_word' id='word_1_48' title='bbox 852 538 896 564; x_wconf 86' lang='lat' dir='ltr'><strong>ex</strong></span> <span class='ocrx_word' id='word_1_49' title='bbox 914 528 984 566; x_wconf 85' lang='lat' dir='ltr'><strong>hoc</strong></span> <span class='ocrx_word' id='word_1_50' title='bbox 999 540 1141 578; x_wconf 89' lang='lat' dir='ltr'><strong>quoque</strong></span> 
     </span>
     <span class='ocr_line' id='line_1_13' title="bbox 79 578 1137 639; baseline 0.012 -24"><span class='ocrx_word' id='word_1_51' title='bbox 79 579 158 626; x_wconf 89' lang='lat' dir='ltr'><strong>ipso</strong></span> <span class='ocrx_word' id='word_1_52' title='bbox 177 578 274 626; x_wconf 80' lang='lat' dir='ltr'><strong>quod</strong></span> <span class='ocrx_word' id='word_1_53' title='bbox 299 581 443 626; x_wconf 82' lang='lat' dir='ltr'><strong>accidit,</strong></span> <span class='ocrx_word' id='word_1_54' title='bbox 469 591 738 623; x_wconf 88' lang='lat' dir='ltr'><strong>sacramentum</strong></span> <span class='ocrx_word' id='word_1_55' title='bbox 759 585 932 626; x_wconf 73' lang='lat' dir='ltr'><strong>Ecclesiae</strong></span> <span class='ocrx_word' id='word_1_56' title='bbox 951 590 1137 639; x_wconf 73' lang='lat' dir='ltr'><strong>figuraret.</strong></span> 
     </span>
     <span class='ocr_line' id='line_1_14' title="bbox 77 639 1139 696; baseline 0.011 -18"><span class='ocrx_word' id='word_1_57' title='bbox 77 639 134 678; x_wconf 84' lang='lat' dir='ltr'><strong>Ex</strong></span> <span class='ocrx_word' id='word_1_58' title='bbox 157 645 314 687; x_wconf 84' lang='lat' dir='ltr'><strong>utroque</strong></span> <span class='ocrx_word' id='word_1_59' title='bbox 347 642 459 691; x_wconf 84' lang='lat' dir='ltr'><strong>igitur</strong></span> <span class='ocrx_word' id='word_1_60' title='bbox 486 646 676 693; x_wconf 86' lang='lat' dir='ltr'><strong>prophetia</strong></span> <span class='ocrx_word' id='word_1_61' title='bbox 709 654 877 696; x_wconf 88' lang='lat' dir='ltr'><strong>coaptata</strong></span> <span class='ocrx_word' id='word_1_62' title='bbox 910 657 995 696; x_wconf 81' lang='lat' dir='ltr'><strong>est3</strong></span> <span class='ocrx_word' id='word_1_63' title='bbox 1027 663 1071 689; x_wconf 83' lang='lat' dir='ltr'><strong>ex</strong></span> <span class='ocrx_word' id='word_1_64' title='bbox 1096 664 1139 690; x_wconf 93' lang='lat' dir='ltr'><strong>eo</strong></span> 
     </span>
     <span class='ocr_line' id='line_1_15' title="bbox 77 701 1136 762; baseline 0.013 -25"><span class='ocrx_word' id='word_1_65' title='bbox 77 701 173 748; x_wconf 84' lang='lat' dir='ltr'><strong>quod</strong></span> <span class='ocrx_word' id='word_1_66' title='bbox 181 712 316 740; x_wconf 84' lang='lat' dir='ltr'><strong>vovens</strong></span> <span class='ocrx_word' id='word_1_67' title='bbox 335 704 519 750; x_wconf 80' lang='lat' dir='ltr'><strong>cogitavit,</strong></span> <span class='ocrx_word' id='word_1_68' title='bbox 531 713 627 744; x_wconf 87' lang='lat' dir='ltr'><strong>etex</strong></span> <span class='ocrx_word' id='word_1_69' title='bbox 647 719 690 746; x_wconf 91' lang='lat' dir='ltr'><strong>eo</strong></span> <span class='ocrx_word' id='word_1_70' title='bbox 708 711 805 757; x_wconf 88' lang='lat' dir='ltr'><strong>quod</strong></span> <span class='ocrx_word' id='word_1_71' title='bbox 824 712 959 748; x_wconf 83' lang='lat' dir='ltr'>nolenti</span> <span class='ocrx_word' id='word_1_72' title='bbox 972 714 1136 762; x_wconf 83' lang='lat' dir='ltr'><strong>contigit.</strong></span> 
     </span>
     <span class='ocr_line' id='line_1_16' title="bbox 43 753 1138 823; baseline 0.014 -27"><span class='ocrx_word' id='word_1_73' title='bbox 43 753 116 823; x_wconf 45' lang='lat' dir='ltr'><strong>{Si</strong></span> <span class='ocrx_word' id='word_1_74' title='bbox 131 761 228 798; x_wconf 83' lang='lat' dir='ltr'><strong>enim</strong></span> <span class='ocrx_word' id='word_1_75' title='bbox 257 763 446 812; x_wconf 77' lang='lat' dir='ltr'><strong>conjugem</strong></span> <span class='ocrx_word' id='word_1_76' title='bbox 470 768 652 814; x_wconf 84' lang='lat' dir='ltr'><strong>cogitavit,</strong></span> <span class='ocrx_word' id='word_1_77' title='bbox 671 771 802 818; x_wconf 85' lang='lat' dir='ltr'><strong>conjux</strong></span> <span class='ocrx_word' id='word_1_78' title='bbox 825 771 960 809; x_wconf 82' lang='lat' dir='ltr'>Christi</span> <span class='ocrx_word' id='word_1_79' title='bbox 976 772 1138 811; x_wconf 83' lang='lat' dir='ltr'><strong>Ecclesia</strong></span> 
     </span>
     <span class='ocr_line' id='line_1_17' title="bbox 73 824 1136 879; baseline 0.013 -21"><span class='ocrx_word' id='word_1_80' title='bbox 73 826 130 860; x_wconf 85' lang='lat' dir='ltr'><strong>est</strong></span> <span class='ocrx_word' id='word_1_81' title='bbox 152 836 160 859; x_wconf 89' lang='lat'>:</span> <span class='ocrx_word' id='word_1_82' title='bbox 185 824 375 872; x_wconf 78' lang='lat' dir='ltr'><strong>Propterea</strong></span> <span class='ocrx_word' id='word_1_83' title='bbox 392 826 559 876; x_wconf 79' lang='lat' dir='ltr'><strong>relinquet</strong></span> <span class='ocrx_word' id='word_1_84' title='bbox 583 831 686 867; x_wconf 82' lang='lat' dir='ltr'><strong>homo</strong></span> <span class='ocrx_word' id='word_1_85' title='bbox 713 838 849 879; x_wconf 88' lang='lat' dir='ltr'><strong>patrem</strong></span> <span class='ocrx_word' id='word_1_86' title='bbox 872 840 904 870; x_wconf 90' lang='lat' dir='ltr'><strong>et</strong></span> <span class='ocrx_word' id='word_1_87' title='bbox 924 838 1084 878; x_wconf 86' lang='lat' dir='ltr'><strong>matrem,</strong></span> <span class='ocrx_word' id='word_1_88' title='bbox 1105 842 1136 871; x_wconf 92' lang='lat' dir='ltr'><strong>et</strong></span> 
     </span>
     <span class='ocr_line' id='line_1_18' title="bbox 46 877 1132 942; baseline 0.014 -25"><span class='ocrx_word' id='word_1_89' title='bbox 46 877 58 888; x_wconf 70' lang='lat'><strong>&#39;⁴</strong></span> <span class='ocrx_word' id='word_1_90' title='bbox 73 883 264 921; x_wconf 77' lang='lat' dir='ltr'><strong>adhoerebit</strong></span> <span class='ocrx_word' id='word_1_91' title='bbox 287 887 390 923; x_wconf 63' lang='lat' dir='ltr'><strong>uxori</strong></span> <span class='ocrx_word' id='word_1_92' title='bbox 406 898 493 933; x_wconf 77' lang='lat' dir='ltr'><strong>saw,</strong></span> <span class='ocrx_word' id='word_1_93' title='bbox 513 895 545 926; x_wconf 88' lang='lat' dir='ltr'><strong>et</strong></span> <span class='ocrx_word' id='word_1_94' title='bbox 560 898 663 927; x_wconf 88' lang='lat' dir='ltr'><strong>erunt</strong></span> <span class='ocrx_word' id='word_1_95' title='bbox 680 891 749 928; x_wconf 86' lang='lat' dir='ltr'><strong>duo</strong></span> <span class='ocrx_word' id='word_1_96' title='bbox 766 893 803 929; x_wconf 84' lang='lat' dir='ltr'><strong>in</strong></span> <span class='ocrx_word' id='word_1_97' title='bbox 821 902 925 930; x_wconf 85' lang='lat' dir='ltr'><strong>carne</strong></span> <span class='ocrx_word' id='word_1_98' title='bbox 942 897 1011 930; x_wconf 83' lang='lat' dir='ltr'><strong>una</strong></span> <span class='ocrx_word' id='word_1_99' title='bbox 1033 894 1132 942; x_wconf 85' lang='lat' dir='ltr'><strong>(Gen.</strong></span> 
     </span>
     <span class='ocr_line' id='line_1_19' title="bbox 71 943 1132 1001; baseline 0.013 -23"><span class='ocrx_word' id='word_1_100' title='bbox 71 943 127 989; x_wconf 84' lang='lat'><em>11).</em></span> <span class='ocrx_word' id='word_1_101' title='bbox 154 943 422 983; x_wconf 80' lang='lat' dir='ltr'><strong>Sacramentum</strong></span> <span class='ocrx_word' id='word_1_102' title='bbox 447 949 511 985; x_wconf 77' lang='lat' dir='ltr'><strong>hoc</strong></span> <span class='ocrx_word' id='word_1_103' title='bbox 530 959 695 997; x_wconf 72' lang='lat' dir='ltr'><strong>maynum</strong></span> <span class='ocrx_word' id='word_1_104' title='bbox 713 959 776 996; x_wconf 88' lang='lat' dir='ltr'><strong>est,</strong></span> <span class='ocrx_word' id='word_1_105' title='bbox 794 953 911 999; x_wconf 88' lang='lat' dir='ltr'><strong>inquit</strong></span> <span class='ocrx_word' id='word_1_106' title='bbox 927 954 1132 1001; x_wconf 79' lang='lat' dir='ltr'><strong>Apostolus,</strong></span> 
     </span>
     <span class='ocr_line' id='line_1_20' title="bbox 70 1006 1131 1064; baseline 0.016 -27"><span class='ocrx_word' id='word_1_107' title='bbox 70 1013 132 1048; x_wconf 73' lang='lat' dir='ltr'><strong>eyo</strong></span> <span class='ocrx_word' id='word_1_108' title='bbox 147 1008 277 1050; x_wconf 58' lang='lat' dir='ltr'><strong>gautem</strong></span> <span class='ocrx_word' id='word_1_109' title='bbox 302 1006 379 1042; x_wconf 85' lang='lat' dir='ltr'><strong>dico</strong></span> <span class='ocrx_word' id='word_1_110' title='bbox 405 1007 443 1042; x_wconf 83' lang='lat' dir='ltr'><strong>in</strong></span> <span class='ocrx_word' id='word_1_111' title='bbox 468 1008 608 1046; x_wconf 79' lang='lat' dir='ltr'><strong>Christo</strong></span> <span class='ocrx_word' id='word_1_112' title='bbox 638 1018 670 1046; x_wconf 90' lang='lat' dir='ltr'><strong>et</strong></span> <span class='ocrx_word' id='word_1_113' title='bbox 703 1012 740 1046; x_wconf 89' lang='lat' dir='ltr'><strong>in</strong></span> <span class='ocrx_word' id='word_1_114' title='bbox 768 1012 927 1050; x_wconf 80' lang='lat' dir='ltr'><strong>Ecclesia</strong></span> <span class='ocrx_word' id='word_1_115' title='bbox 955 1015 1061 1063; x_wconf 79' lang='lat' dir='ltr'><strong>(Epli.</strong></span> <span class='ocrx_word' id='word_1_116' title='bbox 1080 1018 1131 1064; x_wconf 87' lang='lat' dir='ltr'><strong>v).</strong></span> 
     </span>
     <span class='ocr_line' id='line_1_21' title="bbox 71 1061 1130 1123; baseline 0.016 -25"><span class='ocrx_word' id='word_1_117' title='bbox 71 1061 143 1099; x_wconf 87' lang='lat' dir='ltr'><strong>Sed</strong></span> <span class='ocrx_word' id='word_1_118' title='bbox 158 1065 243 1109; x_wconf 88' lang='lat' dir='ltr'><strong>quia</strong></span> <span class='ocrx_word' id='word_1_119' title='bbox 265 1065 373 1112; x_wconf 80' lang='lat' dir='ltr'><strong>liujus</strong></span> <span class='ocrx_word' id='word_1_120' title='bbox 395 1065 525 1113; x_wconf 83' lang='lat' dir='ltr'><strong>Jcphte</strong></span> <span class='ocrx_word' id='word_1_121' title='bbox 542 1069 674 1116; x_wconf 82' lang='lat' dir='ltr'><strong>conjux</strong></span> <span class='ocrx_word' id='word_1_122' title='bbox 695 1072 797 1119; x_wconf 83' lang='lat' dir='ltr'><strong>virgo</strong></span> <span class='ocrx_word' id='word_1_123' title='bbox 815 1085 894 1112; x_wconf 90' lang='lat' dir='ltr'><strong>esse</strong></span> <span class='ocrx_word' id='word_1_124' title='bbox 913 1087 983 1112; x_wconf 91' lang='lat' dir='ltr'><strong>non</strong></span> <span class='ocrx_word' id='word_1_125' title='bbox 1001 1079 1130 1123; x_wconf 86' lang='lat' dir='ltr'><strong>potuit,</strong></span> 
     </span>
     <span class='ocr_line' id='line_1_22' title="bbox 70 1123 1134 1175; baseline 0.015 -17"><span class='ocrx_word' id='word_1_126' title='bbox 70 1123 107 1158; x_wconf 89' lang='lat' dir='ltr'><strong>in</strong></span> <span class='ocrx_word' id='word_1_127' title='bbox 120 1133 164 1160; x_wconf 87' lang='lat' dir='ltr'><strong>eo</strong></span> <span class='ocrx_word' id='word_1_128' title='bbox 183 1126 278 1170; x_wconf 85' lang='lat' dir='ltr'><strong>quod</strong></span> <span class='ocrx_word' id='word_1_129' title='bbox 294 1125 368 1162; x_wconf 88' lang='lat' dir='ltr'><strong>filia</strong></span> <span class='ocrx_word' id='word_1_130' title='bbox 388 1129 508 1174; x_wconf 90' lang='lat' dir='ltr'><strong>potius</strong></span> <span class='ocrx_word' id='word_1_131' title='bbox 523 1131 699 1175; x_wconf 87' lang='lat' dir='ltr'><strong>occurrit,</strong></span> <span class='ocrx_word' id='word_1_132' title='bbox 722 1138 758 1168; x_wconf 85' lang='lat' dir='ltr'><strong>et</strong></span> <span class='ocrx_word' id='word_1_133' title='bbox 774 1134 887 1169; x_wconf 88' lang='lat' dir='ltr'><strong>inulta</strong></span> <span class='ocrx_word' id='word_1_134' title='bbox 909 1145 980 1171; x_wconf 90' lang='lat' dir='ltr'><strong>non</strong></span> <span class='ocrx_word' id='word_1_135' title='bbox 996 1148 1134 1173; x_wconf 89' lang='lat' dir='ltr'><strong>reman-</strong></span> 
     </span>
     <span class='ocr_line' id='line_1_23' title="bbox 68 1185 1128 1239; baseline 0.012 -18"><span class='ocrx_word' id='word_1_136' title='bbox 68 1185 130 1228; x_wconf 87' lang='lat' dir='ltr'><strong>sit,</strong></span> <span class='ocrx_word' id='word_1_137' title='bbox 150 1186 372 1231; x_wconf 86' lang='lat' dir='ltr'><strong>prohibitum</strong></span> <span class='ocrx_word' id='word_1_138' title='bbox 399 1190 615 1226; x_wconf 83' lang='lat' dir='ltr'><strong>sacrificium</strong></span> <span class='ocrx_word' id='word_1_139' title='bbox 634 1194 797 1229; x_wconf 86' lang='lat' dir='ltr'><strong>voventis</strong></span> <span class='ocrx_word' id='word_1_140' title='bbox 827 1196 987 1239; x_wconf 89' lang='lat' dir='ltr'><strong>audacia,</strong></span> <span class='ocrx_word' id='word_1_141' title='bbox 1009 1202 1044 1233; x_wconf 88' lang='lat' dir='ltr'><strong>et</strong></span> <span class='ocrx_word' id='word_1_142' title='bbox 1061 1198 1128 1233; x_wconf 74' lang='lat' dir='ltr'><strong>vir-</strong></span> 
     </span>
     <span class='ocr_line' id='line_1_24' title="bbox 67 1245 1124 1300; baseline 0.011 -20"><span class='ocrx_word' id='word_1_143' title='bbox 67 1245 199 1292; x_wconf 85' lang='lat' dir='ltr'><strong>ginitas</strong></span> <span class='ocrx_word' id='word_1_144' title='bbox 218 1246 390 1284; x_wconf 73' lang='lat' dir='ltr'><strong>Ecclesia:</strong></span> <span class='ocrx_word' id='word_1_145' title='bbox 421 1249 573 1296; x_wconf 81' lang='lat' dir='ltr'><strong>figurata</strong></span> <span class='ocrx_word' id='word_1_146' title='bbox 592 1257 660 1286; x_wconf 89' lang='lat' dir='ltr'><strong>est.</strong></span> <span class='ocrx_word' id='word_1_147' title='bbox 690 1251 764 1288; x_wconf 90' lang='lat' dir='ltr'><strong>Nec</strong></span> <span class='ocrx_word' id='word_1_148' title='bbox 791 1253 963 1290; x_wconf 87' lang='lat' dir='ltr'><strong>abhorret</strong></span> <span class='ocrx_word' id='word_1_149' title='bbox 989 1266 1008 1290; x_wconf 87' lang='lat' dir='ltr'><strong>a</strong></span> <span class='ocrx_word' id='word_1_150' title='bbox 1026 1266 1124 1300; x_wconf 79' lang='lat' dir='ltr'><strong>vero,</strong></span> 
     </span>
     <span class='ocr_line' id='line_1_25' title="bbox 66 1307 1125 1357; baseline 0.01 -16"><span class='ocrx_word' id='word_1_151' title='bbox 66 1307 162 1351; x_wconf 88' lang='lat' dir='ltr'><strong>quod</strong></span> <span class='ocrx_word' id='word_1_152' title='bbox 182 1307 264 1343; x_wconf 82' lang='lat' dir='ltr'><strong>filiae</strong></span> <span class='ocrx_word' id='word_1_153' title='bbox 290 1309 435 1345; x_wconf 90' lang='lat' dir='ltr'><strong>nomine</strong></span> <span class='ocrx_word' id='word_1_154' title='bbox 455 1311 580 1345; x_wconf 85' lang='lat' dir='ltr'><strong>eadem</strong></span> <span class='ocrx_word' id='word_1_155' title='bbox 599 1311 820 1357; x_wconf 81' lang='lat' dir='ltr'><strong>significatur</strong></span> <span class='ocrx_word' id='word_1_156' title='bbox 835 1314 1008 1350; x_wconf 84' lang='lat' dir='ltr'><strong>Ecclesia.</strong></span> <span class='ocrx_word' id='word_1_157' title='bbox 1034 1315 1125 1352; x_wconf 85' lang='lat' dir='ltr'><strong>Nam</strong></span> 
     </span>
     <span class='ocr_line' id='line_1_26' title="bbox 66 1367 1125 1421; baseline 0.01 -20"><span class='ocrx_word' id='word_1_158' title='bbox 66 1367 169 1413; x_wconf 89' lang='lat' dir='ltr'><strong>cujus</strong></span> <span class='ocrx_word' id='word_1_159' title='bbox 186 1368 337 1405; x_wconf 88' lang='lat' dir='ltr'><strong>alterius</strong></span> <span class='ocrx_word' id='word_1_160' title='bbox 355 1376 476 1416; x_wconf 81' lang='lat' dir='ltr'><strong>typum</strong></span> <span class='ocrx_word' id='word_1_161' title='bbox 496 1373 644 1418; x_wconf 79' lang='lat' dir='ltr'><strong>gerebat</strong></span> <span class='ocrx_word' id='word_1_162' title='bbox 673 1374 782 1410; x_wconf 88' lang='lat' dir='ltr'><strong>ctiam</strong></span> <span class='ocrx_word' id='word_1_163' title='bbox 801 1375 860 1410; x_wconf 86' lang='lat' dir='ltr'><strong>illa</strong></span> <span class='ocrx_word' id='word_1_164' title='bbox 878 1376 1007 1411; x_wconf 87' lang='lat' dir='ltr'><strong>mulier</strong></span> <span class='ocrx_word' id='word_1_165' title='bbox 1022 1403 1032 1421; x_wconf 92' lang='lat'><strong>,</strong></span> <span class='ocrx_word' id='word_1_166' title='bbox 1067 1377 1125 1413; x_wconf 88' lang='lat' dir='ltr'><strong>cui</strong></span> 
     </span>
     <span class='ocr_line' id='line_1_27' title="bbox 64 1428 1121 1478; baseline 0.011 -18"><span class='ocrx_word' id='word_1_167' title='bbox 64 1431 146 1471; x_wconf 87' lang='lat' dir='ltr'><strong>post</strong></span> <span class='ocrx_word' id='word_1_168' title='bbox 167 1432 302 1463; x_wconf 80' lang='lat' dir='ltr'><strong>tactam</strong></span> <span class='ocrx_word' id='word_1_169' title='bbox 330 1428 510 1466; x_wconf 84' lang='lat' dir='ltr'><strong>fimbriam</strong></span> <span class='ocrx_word' id='word_1_170' title='bbox 545 1443 648 1467; x_wconf 82' lang='lat' dir='ltr'><strong>suam</strong></span> <span class='ocrx_word' id='word_1_171' title='bbox 667 1440 824 1478; x_wconf 69' lang='lat' dir='ltr'><strong>sanauc,</strong></span> <span class='ocrx_word' id='word_1_172' title='bbox 850 1435 901 1470; x_wconf 83' lang='lat' dir='ltr'><strong>ait</strong></span> <span class='ocrx_word' id='word_1_173' title='bbox 928 1435 1121 1473; x_wconf 85' lang='lat' dir='ltr'>Dominus:</span> 
     </span>
     <span class='ocr_line' id='line_1_28' title="bbox 63 1484 1120 1543; baseline 0.011 -23"><span class='ocrx_word' id='word_1_174' title='bbox 63 1484 176 1530; x_wconf 84' lang='lat' dir='ltr'><strong>Filia,</strong></span> <span class='ocrx_word' id='word_1_175' title='bbox 206 1488 294 1533; x_wconf 79' lang='lat' dir='ltr'><strong>fides</strong></span> <span class='ocrx_word' id='word_1_176' title='bbox 313 1496 373 1524; x_wconf 86' lang='lat' dir='ltr'><strong>lua</strong></span> <span class='ocrx_word' id='word_1_177' title='bbox 395 1495 425 1526; x_wconf 86' lang='lat' dir='ltr'><strong>te</strong></span> <span class='ocrx_word' id='word_1_178' title='bbox 443 1491 576 1527; x_wconf 80' lang='lat' dir='ltr'><strong>salvam</strong></span> <span class='ocrx_word' id='word_1_179' title='bbox 593 1493 700 1538; x_wconf 49' lang='grc' dir='ltr'><strong><em>,Γαῖα</em></strong></span> <span class='ocrx_word' id='word_1_180' title='bbox 720 1495 805 1530; x_wconf 80' lang='lat' dir='ltr'><strong>vade</strong></span> <span class='ocrx_word' id='word_1_181' title='bbox 823 1495 858 1530; x_wconf 84' lang='lat' dir='ltr'><strong>in</strong></span> <span class='ocrx_word' id='word_1_182' title='bbox 878 1508 962 1542; x_wconf 85' lang='lat' dir='ltr'><strong>pace</strong></span> <span class='ocrx_word' id='word_1_183' title='bbox 977 1497 1120 1543; x_wconf 81' lang='lat' dir='ltr'><strong>(Mattlt.</strong></span> 
     </span>
     <span class='ocr_line' id='line_1_29' title="bbox 65 1547 1123 1602; baseline 0.012 -21"><span class='ocrx_word' id='word_1_184' title='bbox 65 1547 131 1594; x_wconf 82' lang='lat' dir='ltr'><strong>ix).</strong></span> <span class='ocrx_word' id='word_1_185' title='bbox 164 1547 211 1583; x_wconf 82' lang='lat' dir='ltr'><strong>Et·</strong></span> <span class='ocrx_word' id='word_1_186' title='bbox 227 1555 325 1585; x_wconf 89' lang='lat' dir='ltr'><strong>certe</strong></span> <span class='ocrx_word' id='word_1_187' title='bbox 343 1551 437 1586; x_wconf 93' lang='lat' dir='ltr'><strong>unde</strong></span> <span class='ocrx_word' id='word_1_188' title='bbox 469 1552 587 1588; x_wconf 90' lang='lat' dir='ltr'><strong>nullus</strong></span> <span class='ocrx_word' id='word_1_189' title='bbox 607 1554 781 1601; x_wconf 77' lang='lat' dir='ltr'><strong>anibigit,</strong></span> <span class='ocrx_word' id='word_1_190' title='bbox 811 1556 1004 1602; x_wconf 86' lang='lat' dir='ltr'><strong>discipulos</strong></span> <span class='ocrx_word' id='word_1_191' title='bbox 1039 1567 1123 1594; x_wconf 86' lang='lat' dir='ltr'><strong>suos</strong></span> 
     </span>
     <span class='ocr_line' id='line_1_30' title="bbox 64 1607 1122 1663; baseline 0.012 -20"><span class='ocrx_word' id='word_1_192' title='bbox 64 1607 141 1654; x_wconf 88' lang='lat' dir='ltr'><strong>ipse</strong></span> <span class='ocrx_word' id='word_1_193' title='bbox 160 1611 283 1656; x_wconf 90' lang='lat' dir='ltr'><strong>sponsi</strong></span> <span class='ocrx_word' id='word_1_194' title='bbox 303 1611 395 1648; x_wconf 81' lang='lat' dir='ltr'><strong>stilos</strong></span> <span class='ocrx_word' id='word_1_195' title='bbox 417 1614 621 1659; x_wconf 86' lang='lat' dir='ltr'><strong>appellavit,</strong></span> <span class='ocrx_word' id='word_1_196' title='bbox 654 1627 693 1652; x_wconf 89' lang='lat' dir='ltr'><strong>se</strong></span> <span class='ocrx_word' id='word_1_197' title='bbox 711 1619 938 1663; x_wconf 80' lang='lat' dir='ltr'><strong>apertissime</strong></span> <span class='ocrx_word' id='word_1_198' title='bbox 958 1619 1122 1657; x_wconf 89' lang='lat' dir='ltr'><strong>indicans</strong></span> 
     </span>
     <span class='ocr_line' id='line_1_31' title="bbox 63 1669 1120 1726; baseline 0.012 -23"><span class='ocrx_word' id='word_1_199' title='bbox 63 1677 235 1714; x_wconf 86' lang='lat' dir='ltr'><strong>sponsum</strong></span> <span class='ocrx_word' id='word_1_200' title='bbox 259 1682 267 1706; x_wconf 75' lang='grc' dir='ltr'><strong><em>ε</em></strong></span> <span class='ocrx_word' id='word_1_201' title='bbox 295 1669 378 1707; x_wconf 83' lang='grc' dir='ltr'><strong>Νοη</strong></span> <span class='ocrx_word' id='word_1_202' title='bbox 397 1680 555 1718; x_wconf 80' lang='lat' dir='ltr'><strong>possunt,</strong></span> <span class='ocrx_word' id='word_1_203' title='bbox 590 1675 719 1721; x_wconf 82' lang='lat' dir='ltr'><strong>inquit,</strong></span> <span class='ocrx_word' id='word_1_204' title='bbox 733 1677 894 1723; x_wconf 81' lang='lat' dir='ltr'><strong>jejunare</strong></span> <span class='ocrx_word' id='word_1_205' title='bbox 908 1679 974 1724; x_wconf 83' lang='lat' dir='ltr'><strong>filii</strong></span> <span class='ocrx_word' id='word_1_206' title='bbox 989 1681 1120 1726; x_wconf 85' lang='lat' dir='ltr'><strong>sponsi,</strong></span> 
     </span>
     <span class='ocr_line' id='line_1_32' title="bbox 61 1732 1122 1784; baseline 0.011 -19"><span class='ocrx_word' id='word_1_207' title='bbox 61 1732 219 1777; x_wconf 84' lang='lat' dir='ltr'><strong>quandiu</strong></span> <span class='ocrx_word' id='word_1_208' title='bbox 235 1744 311 1768; x_wconf 88' lang='lat' dir='ltr'><strong>cum</strong></span> <span class='ocrx_word' id='word_1_209' title='bbox 331 1733 401 1770; x_wconf 79' lang='lat' dir='ltr'><strong>iltis</strong></span> <span class='ocrx_word' id='word_1_210' title='bbox 416 1742 464 1770; x_wconf 85' lang='lat' dir='ltr'><strong>est</strong></span> <span class='ocrx_word' id='word_1_211' title='bbox 482 1748 642 1782; x_wconf 86' lang='lat' dir='ltr'><strong>sponsus.</strong></span> <span class='ocrx_word' id='word_1_212' title='bbox 671 1737 788 1774; x_wconf 82' lang='lat' dir='ltr'><strong>Veniet</strong></span> <span class='ocrx_word' id='word_1_213' title='bbox 809 1747 923 1775; x_wconf 83' lang='lat' dir='ltr'><strong>autem</strong></span> <span class='ocrx_word' id='word_1_214' title='bbox 941 1741 1027 1784; x_wconf 82' lang='lat' dir='ltr'><strong>dies,</strong></span> <span class='ocrx_word' id='word_1_215' title='bbox 1043 1754 1122 1777; x_wconf 85' lang='lat' dir='ltr'><strong>cum</strong></span> 
     </span>
     <span class='ocr_line' id='line_1_33' title="bbox 63 1791 1119 1848; baseline 0.01 -23"><span class='ocrx_word' id='word_1_216' title='bbox 63 1791 245 1835; x_wconf 72' lang='lat' dir='ltr'><strong>auferetur</strong></span> <span class='ocrx_word' id='word_1_217' title='bbox 277 1794 319 1828; x_wconf 87' lang='lat' dir='ltr'><strong>ab</strong></span> <span class='ocrx_word' id='word_1_218' title='bbox 340 1795 388 1830; x_wconf 89' lang='lat' dir='ltr'><strong>eis</strong></span> <span class='ocrx_word' id='word_1_219' title='bbox 407 1806 570 1842; x_wconf 84' lang='lat' dir='ltr'><strong>sponsus,</strong></span> <span class='ocrx_word' id='word_1_220' title='bbox 591 1803 622 1832; x_wconf 87' lang='lat' dir='ltr'><strong>et</strong></span> <span class='ocrx_word' id='word_1_221' title='bbox 645 1803 726 1834; x_wconf 70' lang='lat' dir='ltr'><strong>turm</strong></span> <span class='ocrx_word' id='word_1_222' title='bbox 740 1799 953 1845; x_wconf 82' lang='lat' dir='ltr'><strong>jejunabunt</strong></span> <span class='ocrx_word' id='word_1_223' title='bbox 979 1800 1119 1848; x_wconf 79' lang='lat' dir='ltr'><strong>(1bid.).</strong></span> 
     </span>
     <span class='ocr_line' id='line_1_34' title="bbox 61 1851 1122 1907; baseline 0.008 -20"><span class='ocrx_word' id='word_1_224' title='bbox 61 1851 339 1890; x_wconf 85' lang='lat' dir='ltr'><strong>llolocaustoma</strong></span> <span class='ocrx_word' id='word_1_225' title='bbox 358 1866 443 1902; x_wconf 87' lang='lat' dir='ltr'><strong>ergo</strong></span> <span class='ocrx_word' id='word_1_226' title='bbox 458 1858 526 1892; x_wconf 87' lang='lat' dir='ltr'><strong>crit</strong></span> <span class='ocrx_word' id='word_1_227' title='bbox 540 1858 713 1902; x_wconf 85' lang='lat' dir='ltr'><strong>Ecclesia,</strong></span> <span class='ocrx_word' id='word_1_228' title='bbox 730 1867 836 1905; x_wconf 86' lang='lat' dir='ltr'><strong>quam</strong></span> <span class='ocrx_word' id='word_1_229' title='bbox 856 1861 1018 1907; x_wconf 60' lang='lat' dir='ltr'><strong>virginem</strong></span> <span class='ocrx_word' id='word_1_230' title='bbox 1038 1862 1122 1898; x_wconf 82' lang='lat' dir='ltr'><strong>bea-</strong></span> 
     </span>
     <span class='ocr_line' id='line_1_35' title="bbox 62 1913 1122 1967; baseline 0.009 -19"><span class='ocrx_word' id='word_1_231' title='bbox 62 1917 120 1949; x_wconf 84' lang='lat' dir='ltr'><strong>tus</strong></span> <span class='ocrx_word' id='word_1_232' title='bbox 135 1913 330 1960; x_wconf 87' lang='lat' dir='ltr'><strong>Apostolus</strong></span> <span class='ocrx_word' id='word_1_233' title='bbox 348 1918 503 1962; x_wconf 87' lang='lat' dir='ltr'><strong>appellat</strong></span> <span class='ocrx_word' id='word_1_234' title='bbox 525 1918 582 1966; x_wconf 85' lang='lat'><strong>(11</strong></span> <span class='ocrx_word' id='word_1_235' title='bbox 603 1920 684 1956; x_wconf 88' lang='lat' dir='ltr'><strong>Cor.</strong></span> <span class='ocrx_word' id='word_1_236' title='bbox 706 1920 762 1966; x_wconf 87' lang='lat'><strong>11),</strong></span> <span class='ocrx_word' id='word_1_237' title='bbox 783 1922 926 1967; x_wconf 82' lang='lat' dir='ltr'><strong>quando</strong></span> <span class='ocrx_word' id='word_1_238' title='bbox 945 1922 981 1957; x_wconf 88' lang='lat' dir='ltr'><strong>in</strong></span> <span class='ocrx_word' id='word_1_239' title='bbox 1003 1933 1122 1958; x_wconf 89' lang='lat' dir='ltr'><strong>resur-</strong></span> 
     </span>
     <span class='ocr_line' id='line_1_36' title="bbox 61 1976 1122 2028; baseline 0.008 -18"><span class='ocrx_word' id='word_1_240' title='bbox 61 1976 221 2011; x_wconf 87' lang='lat' dir='ltr'><strong>rectione</strong></span> <span class='ocrx_word' id='word_1_241' title='bbox 241 1981 469 2014; x_wconf 88' lang='lat' dir='ltr'><strong>mortuorum</strong></span> <span class='ocrx_word' id='word_1_242' title='bbox 490 1978 551 2014; x_wconf 83' lang='lat' dir='ltr'><strong>fiet</strong></span> <span class='ocrx_word' id='word_1_243' title='bbox 567 1979 603 2014; x_wconf 91' lang='lat' dir='ltr'><strong>in</strong></span> <span class='ocrx_word' id='word_1_244' title='bbox 623 1980 807 2024; x_wconf 85' lang='lat' dir='ltr'><strong>universa,</strong></span> <span class='ocrx_word' id='word_1_245' title='bbox 830 1984 925 2026; x_wconf 88' lang='lat' dir='ltr'><strong>quod</strong></span> <span class='ocrx_word' id='word_1_246' title='bbox 950 1984 1122 2028; x_wconf 86' lang='lat' dir='ltr'><strong>scriptum</strong></span> 
     </span>
     <span class='ocr_line' id='line_1_37' title="bbox 61 2037 1123 2084; baseline 0.008 -11"><span class='ocrx_word' id='word_1_247' title='bbox 61 2041 117 2073; x_wconf 88' lang='lat' dir='ltr'><strong>est</strong></span> <span class='ocrx_word' id='word_1_248' title='bbox 138 2049 145 2072; x_wconf 91' lang='lat'><strong>:</strong></span> <span class='ocrx_word' id='word_1_249' title='bbox 173 2037 347 2084; x_wconf 85' lang='lat' dir='ltr'><strong>Absorpta</strong></span> <span class='ocrx_word' id='word_1_250' title='bbox 373 2044 423 2074; x_wconf 83' lang='lat' dir='ltr'><strong>est</strong></span> <span class='ocrx_word' id='word_1_251' title='bbox 439 2050 532 2075; x_wconf 85' lang='lat' dir='ltr'><strong>mors</strong></span> <span class='ocrx_word' id='word_1_252' title='bbox 548 2041 585 2075; x_wconf 87' lang='lat' dir='ltr'><strong>in</strong></span> <span class='ocrx_word' id='word_1_253' title='bbox 607 2041 782 2077; x_wconf 74' lang='lat' dir='ltr'><strong>victoria:</strong></span> <span class='ocrx_word' id='word_1_254' title='bbox 814 2048 896 2079; x_wconf 86' lang='lat' dir='ltr'><strong>tunc</strong></span> <span class='ocrx_word' id='word_1_255' title='bbox 927 2046 1039 2080; x_wconf 77' lang='lat' dir='ltr'><strong>tradet</strong></span> <span class='ocrx_word' id='word_1_256' title='bbox 1070 2058 1123 2082; x_wconf 86' lang='lat' dir='ltr'><strong>re-</strong></span> 
     </span>
     <span class='ocr_line' id='line_1_38' title="bbox 61 2100 1124 2152; baseline 0.008 -18"><span class='ocrx_word' id='word_1_257' title='bbox 61 2111 166 2147; x_wconf 70' lang='lat' dir='ltr'><strong>ynnm</strong></span> <span class='ocrx_word' id='word_1_258' title='bbox 184 2100 258 2135; x_wconf 88' lang='lat' dir='ltr'><strong>Deo</strong></span> <span class='ocrx_word' id='word_1_259' title='bbox 283 2107 315 2136; x_wconf 84' lang='lat' dir='ltr'><strong>et</strong></span> <span class='ocrx_word' id='word_1_260' title='bbox 346 2100 450 2136; x_wconf 83' lang='lat' dir='ltr'><strong>Patri</strong></span> <span class='ocrx_word' id='word_1_261' title='bbox 466 2101 501 2149; x_wconf 89' lang='grc' dir='ltr'><strong>(Ι</strong></span> <span class='ocrx_word' id='word_1_262' title='bbox 526 2102 607 2138; x_wconf 89' lang='lat' dir='ltr'><strong>Cor.</strong></span> <span class='ocrx_word' id='word_1_263' title='bbox 630 2103 706 2150; x_wconf 71' lang='lat' dir='ltr'><strong>xv).</strong></span> <span class='ocrx_word' id='word_1_264' title='bbox 744 2104 845 2148; x_wconf 85' lang='lat' dir='ltr'><strong>Quod</strong></span> <span class='ocrx_word' id='word_1_265' title='bbox 867 2117 1017 2152; x_wconf 82' lang='lat' dir='ltr'><strong>regnum</strong></span> <span class='ocrx_word' id='word_1_266' title='bbox 1048 2108 1124 2152; x_wconf 83' lang='lat' dir='ltr'><strong>ipsa</strong></span> 
     </span>
     <span class='ocr_line' id='line_1_39' title="bbox 62 2161 1126 2213; baseline 0.004 -15"><span class='ocrx_word' id='word_1_267' title='bbox 62 2161 223 2198; x_wconf 81' lang='lat' dir='ltr'><strong>Ecclesia</strong></span> <span class='ocrx_word' id='word_1_268' title='bbox 251 2167 322 2206; x_wconf 85' lang='lat' dir='ltr'><strong>est,</strong></span> <span class='ocrx_word' id='word_1_269' title='bbox 349 2172 414 2197; x_wconf 82' lang='lat' dir='ltr'><strong>rex</strong></span> <span class='ocrx_word' id='word_1_270' title='bbox 433 2163 510 2208; x_wconf 83' lang='lat' dir='ltr'><strong>ipse</strong></span> <span class='ocrx_word' id='word_1_271' title='bbox 527 2163 630 2208; x_wconf 90' lang='lat' dir='ltr'><strong>cujus</strong></span> <span class='ocrx_word' id='word_1_272' title='bbox 650 2164 803 2210; x_wconf 82' lang='lat' dir='ltr'><strong>figuram</strong></span> <span class='ocrx_word' id='word_1_273' title='bbox 827 2176 961 2201; x_wconf 78' lang='lat' dir='ltr'><strong>vovens</strong></span> <span class='ocrx_word' id='word_1_274' title='bbox 977 2166 1037 2202; x_wconf 90' lang='lat' dir='ltr'><strong>ille</strong></span> <span class='ocrx_word' id='word_1_275' title='bbox 1066 2177 1126 2213; x_wconf 80' lang='lat' dir='ltr'><strong>gc-</strong></span> 
     </span>
     <span class='ocr_line' id='line_1_40' title="bbox 62 2221 1125 2270; baseline 0.004 -13"><span class='ocrx_word' id='word_1_276' title='bbox 62 2223 194 2258; x_wconf 76' lang='lat' dir='ltr'><strong>stabat.</strong></span> <span class='ocrx_word' id='word_1_277' title='bbox 233 2221 303 2258; x_wconf 82' lang='lat' dir='ltr'><strong>Sed</strong></span> <span class='ocrx_word' id='word_1_278' title='bbox 324 2222 495 2268; x_wconf 88' lang='lat' dir='ltr'><strong>quoniam</strong></span> <span class='ocrx_word' id='word_1_279' title='bbox 515 2227 601 2258; x_wconf 88' lang='lat' dir='ltr'><strong>tunc</strong></span> <span class='ocrx_word' id='word_1_280' title='bbox 624 2223 698 2266; x_wconf 82' lang='lat' dir='ltr'><strong>tiet,</strong></span> <span class='ocrx_word' id='word_1_281' title='bbox 726 2233 808 2259; x_wconf 89' lang='lat' dir='ltr'><strong>cum</strong></span> <span class='ocrx_word' id='word_1_282' title='bbox 823 2224 999 2270; x_wconf 90' lang='lat' dir='ltr'><strong>completa</strong></span> <span class='ocrx_word' id='word_1_283' title='bbox 1016 2224 1125 2261; x_wconf 86' lang='lat' dir='ltr'><strong>suerit</strong></span> 
     </span>
     <span class='ocr_line' id='line_1_41' title="bbox 62 2283 1124 2330; baseline 0.001 -12"><span class='ocrx_word' id='word_1_284' title='bbox 62 2289 163 2319; x_wconf 87' lang='lat' dir='ltr'><strong>sexta</strong></span> <span class='ocrx_word' id='word_1_285' title='bbox 182 2287 281 2326; x_wconf 63' lang='lat' dir='ltr'><strong>ictas,</strong></span> <span class='ocrx_word' id='word_1_286' title='bbox 309 2283 388 2318; x_wconf 89' lang='lat' dir='ltr'><strong>ideo</strong></span> <span class='ocrx_word' id='word_1_287' title='bbox 407 2283 595 2330; x_wconf 77' lang='lat' dir='ltr'><strong>sexaginta</strong></span> <span class='ocrx_word' id='word_1_288' title='bbox 610 2283 750 2319; x_wconf 88' lang='lat' dir='ltr'><strong>dierum</strong></span> <span class='ocrx_word' id='word_1_289' title='bbox 767 2294 787 2318; x_wconf 88' lang='lat' dir='ltr'><strong>a</strong></span> <span class='ocrx_word' id='word_1_290' title='bbox 803 2283 1011 2330; x_wconf 72' lang='lat' dir='ltr'><strong>virginitate</strong></span> <span class='ocrx_word' id='word_1_291' title='bbox 1035 2285 1124 2320; x_wconf 89' lang='lat' dir='ltr'><strong>dila-</strong></span> 
     </span>
     <span class='ocr_line' id='line_1_42' title="bbox 63 2344 1124 2391; baseline 0.002 -12"><span class='ocrx_word' id='word_1_292' title='bbox 63 2345 112 2379; x_wconf 85' lang='lat' dir='ltr'><strong>tio</strong></span> <span class='ocrx_word' id='word_1_293' title='bbox 128 2344 309 2389; x_wconf 84' lang='lat' dir='ltr'><strong>postulata</strong></span> <span class='ocrx_word' id='word_1_294' title='bbox 329 2350 398 2380; x_wconf 88' lang='lat' dir='ltr'><strong>est.</strong></span> <span class='ocrx_word' id='word_1_295' title='bbox 424 2344 478 2380; x_wconf 89' lang='lat' dir='ltr'><strong>Ex</strong></span> <span class='ocrx_word' id='word_1_296' title='bbox 509 2344 677 2382; x_wconf 86' lang='lat' dir='ltr'><strong>omnibus</strong></span> <span class='ocrx_word' id='word_1_297' title='bbox 698 2345 829 2391; x_wconf 82' lang='lat' dir='ltr'><strong>quippe</strong></span> <span class='ocrx_word' id='word_1_298' title='bbox 858 2345 1026 2381; x_wconf 64' lang='lat' dir='ltr'><strong>aetatibus</strong></span> <span class='ocrx_word' id='word_1_299' title='bbox 1058 2345 1124 2381; x_wconf 88' lang='lat' dir='ltr'><strong>Ec-</strong></span> 
     </span>
     <span class='ocr_line' id='line_1_43' title="bbox 63 2406 1124 2453; baseline 0 -11"><span class='ocrx_word' id='word_1_300' title='bbox 63 2406 172 2442; x_wconf 80' lang='lat' dir='ltr'><strong>clesia</strong></span> <span class='ocrx_word' id='word_1_301' title='bbox 193 2412 444 2453; x_wconf 85' lang='lat' dir='ltr'><strong>congregatur.</strong></span> <span class='ocrx_word' id='word_1_302' title='bbox 481 2407 639 2451; x_wconf 83' lang='lat' dir='ltr'><strong>Quarum</strong></span> <span class='ocrx_word' id='word_1_303' title='bbox 657 2407 774 2453; x_wconf 89' lang='lat' dir='ltr'><strong>prima</strong></span> <span class='ocrx_word' id='word_1_304' title='bbox 802 2407 917 2443; x_wconf 81' lang='lat' dir='ltr'><strong>est-ab</strong></span> <span class='ocrx_word' id='word_1_305' title='bbox 935 2407 1049 2443; x_wconf 87' lang='lat' dir='ltr'><strong>Adam</strong></span> <span class='ocrx_word' id='word_1_306' title='bbox 1066 2418 1124 2443; x_wconf 86' lang='lat' dir='ltr'><strong>us-</strong></span> 
     </span>
     <span class='ocr_line' id='line_1_44' title="bbox 63 2467 1125 2513; baseline 0 -11"><span class='ocrx_word' id='word_1_307' title='bbox 63 2477 133 2513; x_wconf 89' lang='lat' dir='ltr'><strong>quc</strong></span> <span class='ocrx_word' id='word_1_308' title='bbox 155 2467 198 2502; x_wconf 87' lang='lat' dir='ltr'><strong>ad</strong></span> <span class='ocrx_word' id='word_1_309' title='bbox 219 2467 391 2502; x_wconf 88' lang='lat' dir='ltr'><strong>diluvium</strong></span> <span class='ocrx_word' id='word_1_310' title='bbox 409 2478 419 2511; x_wconf 91' lang='lat'>;</span> <span class='ocrx_word' id='word_1_311' title='bbox 457 2468 614 2503; x_wconf 81' lang='lat' dir='ltr'><strong>secunda</strong></span> <span class='ocrx_word' id='word_1_312' title='bbox 637 2479 656 2503; x_wconf 87' lang='lat' dir='ltr'><strong>a</strong></span> <span class='ocrx_word' id='word_1_313' title='bbox 674 2467 821 2510; x_wconf 81' lang='lat' dir='ltr'><strong>diluvio,</strong></span> <span class='ocrx_word' id='word_1_314' title='bbox 859 2468 894 2503; x_wconf 89' lang='lat' dir='ltr'><strong>id</strong></span> <span class='ocrx_word' id='word_1_315' title='bbox 913 2473 986 2510; x_wconf 86' lang='lat' dir='ltr'><strong>cst,</strong></span> <span class='ocrx_word' id='word_1_316' title='bbox 1011 2478 1031 2502; x_wconf 91' lang='lat' dir='ltr'><strong>a</strong></span> <span class='ocrx_word' id='word_1_317' title='bbox 1049 2467 1125 2503; x_wconf 84' lang='lat' dir='ltr'><strong>Noe</strong></span> 
     </span>
     <span class='ocr_line' id='line_1_45' title="bbox 63 2527 1125 2574; baseline 0.002 -11"><span class='ocrx_word' id='word_1_318' title='bbox 63 2537 178 2574; x_wconf 86' lang='lat' dir='ltr'><strong>usque</strong></span> <span class='ocrx_word' id='word_1_319' title='bbox 197 2528 240 2562; x_wconf 92' lang='lat' dir='ltr'><strong>ad</strong></span> <span class='ocrx_word' id='word_1_320' title='bbox 259 2527 466 2570; x_wconf 81' lang='lat' dir='ltr'><strong>Abraliam;</strong></span> <span class='ocrx_word' id='word_1_321' title='bbox 502 2527 609 2563; x_wconf 81' lang='lat' dir='ltr'><strong>tertia</strong></span> <span class='ocrx_word' id='word_1_322' title='bbox 644 2527 688 2564; x_wconf 85' lang='lat' dir='ltr'><strong>ab</strong></span> <span class='ocrx_word' id='word_1_323' title='bbox 722 2527 904 2562; x_wconf 85' lang='lat' dir='ltr'><strong>Abrabam</strong></span> <span class='ocrx_word' id='word_1_324' title='bbox 943 2538 1054 2573; x_wconf 86' lang='lat' dir='ltr'><strong>usque</strong></span> <span class='ocrx_word' id='word_1_325' title='bbox 1079 2528 1125 2565; x_wconf 84' lang='lat' dir='ltr'><strong>ad</strong></span> 
     </span>
     <span class='ocr_line' id='line_1_46' title="bbox 63 2586 1123 2635; baseline -0.003 -9"><span class='ocrx_word' id='word_1_326' title='bbox 63 2590 178 2626; x_wconf 86' lang='lat' dir='ltr'><strong>David</strong></span> <span class='ocrx_word' id='word_1_327' title='bbox 194 2601 203 2634; x_wconf 91' lang='lat'>;</span> <span class='ocrx_word' id='word_1_328' title='bbox 226 2594 354 2635; x_wconf 84' lang='lat' dir='ltr'><strong>quarta</strong></span> <span class='ocrx_word' id='word_1_329' title='bbox 370 2587 510 2623; x_wconf 83' lang='lat' dir='ltr'><strong>aDavid</strong></span> <span class='ocrx_word' id='word_1_330' title='bbox 526 2599 639 2634; x_wconf 86' lang='lat' dir='ltr'><strong>usque</strong></span> <span class='ocrx_word' id='word_1_331' title='bbox 656 2588 700 2624; x_wconf 86' lang='lat' dir='ltr'><strong>ad</strong></span> <span class='ocrx_word' id='word_1_332' title='bbox 720 2587 1071 2635; x_wconf 81' lang='lat' dir='ltr'><strong>transmigrationem</strong></span> <span class='ocrx_word' id='word_1_333' title='bbox 1087 2586 1123 2624; x_wconf 88' lang='lat' dir='ltr'><strong>in</strong></span> 
     </span>
     <span class='ocr_line' id='line_1_47' title="bbox 63 2650 1125 2698; baseline -0.001 -10"><span class='ocrx_word' id='word_1_334' title='bbox 63 2650 318 2698; x_wconf 81' lang='lat' dir='ltr'><strong>Babyloniam;</strong></span> <span class='ocrx_word' id='word_1_335' title='bbox 336 2651 458 2697; x_wconf 87' lang='lat' dir='ltr'><strong>quinta</strong></span> <span class='ocrx_word' id='word_1_336' title='bbox 471 2651 514 2687; x_wconf 89' lang='lat' dir='ltr'><strong>ab</strong></span> <span class='ocrx_word' id='word_1_337' title='bbox 531 2651 598 2686; x_wconf 76' lang='lat' dir='ltr'><strong>liae</strong></span> <span class='ocrx_word' id='word_1_338' title='bbox 617 2651 932 2697; x_wconf 80' lang='lat' dir='ltr'><strong>transmigratione</strong></span> <span class='ocrx_word' id='word_1_339' title='bbox 952 2661 1064 2697; x_wconf 82' lang='lat' dir='ltr'><strong>usquc</strong></span> <span class='ocrx_word' id='word_1_340' title='bbox 1080 2652 1125 2687; x_wconf 88' lang='lat' dir='ltr'><strong>ad</strong></span> 
     </span>
     <span class='ocr_line' id='line_1_48' title="bbox 64 2714 1124 2761; baseline -0.001 -10"><span class='ocrx_word' id='word_1_341' title='bbox 64 2715 223 2761; x_wconf 72' lang='lat' dir='ltr'><strong>&#39;Virginis</strong></span> <span class='ocrx_word' id='word_1_342' title='bbox 244 2720 387 2760; x_wconf 84' lang='lat' dir='ltr'><strong>partum</strong></span> <span class='ocrx_word' id='word_1_343' title='bbox 405 2725 413 2759; x_wconf 93' lang='lat'>;</span> <span class='ocrx_word' id='word_1_344' title='bbox 452 2719 552 2750; x_wconf 81' lang='lat' dir='ltr'><strong>sexta</strong></span> <span class='ocrx_word' id='word_1_345' title='bbox 577 2714 659 2750; x_wconf 89' lang='lat' dir='ltr'><strong>inde</strong></span> <span class='ocrx_word' id='word_1_346' title='bbox 679 2725 792 2761; x_wconf 75' lang='lat' dir='ltr'><strong>usqne</strong></span> <span class='ocrx_word' id='word_1_347' title='bbox 813 2714 849 2749; x_wconf 90' lang='lat' dir='ltr'><strong>in</strong></span> <span class='ocrx_word' id='word_1_348' title='bbox 880 2714 986 2760; x_wconf 81' lang='lat' dir='ltr'><strong>hujus</strong></span> <span class='ocrx_word' id='word_1_349' title='bbox 1005 2714 1124 2750; x_wconf 70' lang='lat' dir='ltr'><strong>saeculi</strong></span> 
     </span>
     <span class='ocr_line' id='line_1_49' title="bbox 65 2775 1125 2822; baseline -0.003 -10"><span class='ocrx_word' id='word_1_350' title='bbox 65 2777 188 2812; x_wconf 83' lang='lat' dir='ltr'><strong>linem.</strong></span> <span class='ocrx_word' id='word_1_351' title='bbox 215 2776 284 2812; x_wconf 86' lang='lat' dir='ltr'><strong>Per</strong></span> <span class='ocrx_word' id='word_1_352' title='bbox 304 2786 393 2822; x_wconf 80' lang='lat' dir='ltr'><strong>quas</strong></span> <span class='ocrx_word' id='word_1_353' title='bbox 425 2785 488 2811; x_wconf 80' lang='lat' dir='ltr'><strong>sex</strong></span> <span class='ocrx_word' id='word_1_354' title='bbox 504 2780 628 2811; x_wconf 84' lang='lat' dir='ltr'><strong>aetates</strong></span> <span class='ocrx_word' id='word_1_355' title='bbox 648 2780 819 2821; x_wconf 84' lang='lat' dir='ltr'><strong>tanquam</strong></span> <span class='ocrx_word' id='word_1_356' title='bbox 849 2784 912 2820; x_wconf 88' lang='lat' dir='ltr'><strong>per</strong></span> <span class='ocrx_word' id='word_1_357' title='bbox 941 2775 1125 2820; x_wconf 80' lang='lat' dir='ltr'><strong>sexaginta</strong></span> 
     </span>
     <span class='ocr_line' id='line_1_50' title="bbox 67 2833 1125 2882; baseline -0.006 -9"><span class='ocrx_word' id='word_1_358' title='bbox 67 2837 143 2874; x_wconf 89' lang='lat' dir='ltr'><strong>dies</strong></span> <span class='ocrx_word' id='word_1_359' title='bbox 158 2835 257 2872; x_wconf 84' lang='lat' dir='ltr'><strong>ssevit</strong></span> <span class='ocrx_word' id='word_1_360' title='bbox 275 2841 401 2872; x_wconf 85' lang='lat' dir='ltr'><strong>sancta</strong></span> <span class='ocrx_word' id='word_1_361' title='bbox 416 2836 517 2882; x_wconf 82' lang='lat' dir='ltr'><strong>virgo</strong></span> <span class='ocrx_word' id='word_1_362' title='bbox 537 2834 699 2871; x_wconf 85' lang='lat' dir='ltr'><strong>Ecclesia</strong></span> <span class='ocrx_word' id='word_1_363' title='bbox 735 2833 923 2881; x_wconf 81' lang='lat' dir='ltr'><strong>virginalia</strong></span> <span class='ocrx_word' id='word_1_364' title='bbox 947 2844 1024 2876; x_wconf 87' lang='lat' dir='ltr'><strong>sua,</strong></span> <span class='ocrx_word' id='word_1_365' title='bbox 1042 2833 1125 2879; x_wconf 89' lang='lat' dir='ltr'><strong>quia</strong></span> 
     </span>
     <span class='ocr_line' id='line_1_51' title="bbox 65 2895 1123 2946; baseline -0.004 -11"><span class='ocrx_word' id='word_1_366' title='bbox 65 2899 152 2936; x_wconf 88' lang='lat' dir='ltr'><strong>licet</strong></span> <span class='ocrx_word' id='word_1_367' title='bbox 179 2898 394 2946; x_wconf 85' lang='lat' dir='ltr'><strong>virginalia,</strong></span> <span class='ocrx_word' id='word_1_368' title='bbox 430 2904 551 2934; x_wconf 87' lang='lat' dir='ltr'><strong>tamen</strong></span> <span class='ocrx_word' id='word_1_369' title='bbox 574 2897 718 2934; x_wconf 81' lang='lat' dir='ltr'><strong>fuerant</strong></span> <span class='ocrx_word' id='word_1_370' title='bbox 746 2902 895 2942; x_wconf 85' lang='lat' dir='ltr'><strong>peccata</strong></span> <span class='ocrx_word' id='word_1_371' title='bbox 936 2895 1123 2938; x_wconf 82' lang='lat' dir='ltr'><strong>deflenda;</strong></span> 
     </span>
     <span class='ocr_line' id='line_1_52' title="bbox 65 2957 1124 3009; baseline -0.004 -13"><span class='ocrx_word' id='word_1_372' title='bbox 65 2966 214 3009; x_wconf 87' lang='lat' dir='ltr'><strong>propter</strong></span> <span class='ocrx_word' id='word_1_373' title='bbox 247 2971 326 3006; x_wconf 68' lang='lat' dir='ltr'><strong>quse</strong></span> <span class='ocrx_word' id='word_1_374' title='bbox 355 2960 526 2996; x_wconf 85' lang='lat' dir='ltr'><strong>universa</strong></span> <span class='ocrx_word' id='word_1_375' title='bbox 562 2960 637 3006; x_wconf 84' lang='lat' dir='ltr'><strong>ipsa</strong></span> <span class='ocrx_word' id='word_1_376' title='bbox 659 2958 760 3005; x_wconf 83' lang='lat' dir='ltr'><strong>virgo</strong></span> <span class='ocrx_word' id='word_1_377' title='bbox 781 2963 857 2994; x_wconf 89' lang='lat' dir='ltr'><strong>toto</strong></span> <span class='ocrx_word' id='word_1_378' title='bbox 876 2958 963 2994; x_wconf 88' lang='lat' dir='ltr'><strong>orbe</strong></span> <span class='ocrx_word' id='word_1_379' title='bbox 998 2957 1124 2993; x_wconf 81' lang='lat' dir='ltr'><strong>diffusa</strong></span> 
     </span>
     <span class='ocr_line' id='line_1_53' title="bbox 67 3017 1125 3068; baseline -0.004 -12"><span class='ocrx_word' id='word_1_380' title='bbox 67 3021 227 3068; x_wconf 85' lang='lat' dir='ltr'><strong>quotidie</strong></span> <span class='ocrx_word' id='word_1_381' title='bbox 253 3020 340 3056; x_wconf 86' lang='lat' dir='ltr'><strong>dicit</strong></span> <span class='ocrx_word' id='word_1_382' title='bbox 359 3032 367 3054; x_wconf 91' lang='lat'>:</span> <span class='ocrx_word' id='word_1_383' title='bbox 390 3019 534 3055; x_wconf 83' lang='lat' dir='ltr'><strong>Dimitte</strong></span> <span class='ocrx_word' id='word_1_384' title='bbox 555 3019 652 3055; x_wconf 83' lang='lat' dir='ltr'><strong>nobis</strong></span> <span class='ocrx_word' id='word_1_385' title='bbox 671 3019 788 3054; x_wconf 80' lang='lat' dir='ltr'><strong>debita</strong></span> <span class='ocrx_word' id='word_1_386' title='bbox 819 3025 950 3054; x_wconf 80' lang='lat' dir='ltr'><strong>nostra.</strong></span> <span class='ocrx_word' id='word_1_387' title='bbox 971 3017 1125 3053; x_wconf 87' lang='lat' dir='ltr'><strong>Eosdem</strong></span> 
     </span>
     <span class='ocr_line' id='line_1_54' title="bbox 68 3073 1125 3128; baseline -0.005 -10"><span class='ocrx_word' id='word_1_388' title='bbox 68 3087 187 3118; x_wconf 83' lang='lat' dir='ltr'><strong>autem</strong></span> <span class='ocrx_word' id='word_1_389' title='bbox 207 3081 392 3128; x_wconf 82' lang='lat' dir='ltr'><strong>sexaginta</strong></span> <span class='ocrx_word' id='word_1_390' title='bbox 411 3073 488 3117; x_wconf 88' lang='lat' dir='ltr'><strong>dies</strong></span> <span class='ocrx_word' id='word_1_391' title='bbox 508 3082 598 3117; x_wconf 89' lang='lat' dir='ltr'><strong>duos</strong></span> <span class='ocrx_word' id='word_1_392' title='bbox 621 3090 766 3116; x_wconf 90' lang='lat' dir='ltr'><strong>menses</strong></span> <span class='ocrx_word' id='word_1_393' title='bbox 786 3079 912 3115; x_wconf 90' lang='lat' dir='ltr'><strong>maluit</strong></span> <span class='ocrx_word' id='word_1_394' title='bbox 933 3078 1125 3125; x_wconf 85' lang='lat' dir='ltr'><strong>appellare,</strong></span> 
     </span>
     <span class='ocr_line' id='line_1_55' title="bbox 69 3141 1127 3191; baseline -0.006 -11"><span class='ocrx_word' id='word_1_395' title='bbox 69 3150 243 3191; x_wconf 85' lang='lat' dir='ltr'><strong>quantum</strong></span> <span class='ocrx_word' id='word_1_396' title='bbox 258 3144 439 3187; x_wconf 81' lang='lat' dir='ltr'><strong>existimo,</strong></span> <span class='ocrx_word' id='word_1_397' title='bbox 460 3148 606 3190; x_wconf 88' lang='lat' dir='ltr'><strong>propter</strong></span> <span class='ocrx_word' id='word_1_398' title='bbox 621 3141 711 3178; x_wconf 89' lang='lat' dir='ltr'><strong>duos</strong></span> <span class='ocrx_word' id='word_1_399' title='bbox 726 3141 914 3183; x_wconf 89' lang='lat' dir='ltr'><strong>homines;</strong></span> <span class='ocrx_word' id='word_1_400' title='bbox 934 3151 1044 3176; x_wconf 93' lang='lat' dir='ltr'><strong>unum</strong></span> <span class='ocrx_word' id='word_1_401' title='bbox 1063 3150 1127 3186; x_wconf 89' lang='lat' dir='ltr'><strong>per</strong></span> 
     </span>
     <span class='ocr_line' id='line_1_56' title="bbox 69 3203 1129 3255; baseline -0.005 -12"><span class='ocrx_word' id='word_1_402' title='bbox 69 3203 179 3255; x_wconf 82' lang='lat' dir='ltr'><strong>quem</strong></span> <span class='ocrx_word' id='word_1_403' title='bbox 206 3216 319 3250; x_wconf 88' lang='lat' dir='ltr'><strong>mors,</strong></span> <span class='ocrx_word' id='word_1_404' title='bbox 347 3205 503 3241; x_wconf 88' lang='lat' dir='ltr'><strong>alterum</strong></span> <span class='ocrx_word' id='word_1_405' title='bbox 520 3215 585 3251; x_wconf 89' lang='lat' dir='ltr'><strong>per</strong></span> <span class='ocrx_word' id='word_1_406' title='bbox 601 3215 711 3251; x_wconf 89' lang='lat' dir='ltr'><strong>quem</strong></span> <span class='ocrx_word' id='word_1_407' title='bbox 727 3203 946 3240; x_wconf 87' lang='lat' dir='ltr'><strong>resurrectio</strong></span> <span class='ocrx_word' id='word_1_408' title='bbox 970 3208 1129 3240; x_wconf 87' lang='lat' dir='ltr'><strong>mortuo-</strong></span> 
     </span>
     <span class='ocr_line' id='line_1_57' title="bbox 70 3262 1131 3313; baseline -0.004 -10"><span class='ocrx_word' id='word_1_409' title='bbox 70 3277 180 3309; x_wconf 86' lang='lat' dir='ltr'><strong>rum;</strong></span> <span class='ocrx_word' id='word_1_410' title='bbox 217 3271 366 3313; x_wconf 83' lang='lat' dir='ltr'><strong>propter</strong></span> <span class='ocrx_word' id='word_1_411' title='bbox 390 3275 482 3312; x_wconf 89' lang='lat' dir='ltr'><strong>quos</strong></span> <span class='ocrx_word' id='word_1_412' title='bbox 512 3265 623 3302; x_wconf 84' lang='lat' dir='ltr'><strong>etiam</strong></span> <span class='ocrx_word' id='word_1_413' title='bbox 653 3264 726 3303; x_wconf 86' lang='lat' dir='ltr'><strong>duo</strong></span> <span class='ocrx_word' id='word_1_414' title='bbox 760 3270 974 3301; x_wconf 86' lang='lat' dir='ltr'><strong>testamenta</strong></span> <span class='ocrx_word' id='word_1_415' title='bbox 1006 3262 1131 3300; x_wconf 88' lang='lat' dir='ltr'><strong>dicun-</strong></span> 
     </span>
     <span class='ocr_line' id='line_1_58' title="bbox 72 3331 145 3364; baseline -0.027 0"><span class='ocrx_word' id='word_1_416' title='bbox 72 3331 145 3364; x_wconf 83' lang='lat' dir='ltr'><strong>tur.</strong></span> 
     </span>
    </p>

    <p class='ocr_par' dir='ltr' id='par_1_5' title="bbox 66 3374 1131 3623">
     <span class='ocr_line' id='line_1_59' title="bbox 120 3374 1131 3431; baseline -0.008 -7"><span class='ocrx_word' id='word_1_417' title='bbox 120 3374 226 3431; x_wconf 81' lang='lat' dir='ltr'><strong>Quod</strong></span> <span class='ocrx_word' id='word_1_418' title='bbox 237 3394 325 3423; x_wconf 83' lang='lat' dir='ltr'><strong>vero</strong></span> <span class='ocrx_word' id='word_1_419' title='bbox 353 3383 490 3423; x_wconf 81' lang='lat' dir='ltr'><strong>factum</strong></span> <span class='ocrx_word' id='word_1_420' title='bbox 512 3389 570 3422; x_wconf 87' lang='lat' dir='ltr'><strong>est</strong></span> <span class='ocrx_word' id='word_1_421' title='bbox 596 3384 633 3421; x_wconf 92' lang='lat' dir='ltr'><strong>in</strong></span> <span class='ocrx_word' id='word_1_422' title='bbox 664 3387 846 3431; x_wconf 78' lang='lat' dir='ltr'><strong>praecepto</strong></span> <span class='ocrx_word' id='word_1_423' title='bbox 872 3382 909 3418; x_wconf 91' lang='lat' dir='ltr'><strong>in</strong></span> <span class='ocrx_word' id='word_1_424' title='bbox 939 3380 1052 3418; x_wconf 86' lang='lat' dir='ltr'><strong>lsrael</strong></span> <span class='ocrx_word' id='word_1_425' title='bbox 1086 3389 1131 3416; x_wconf 86' lang='lat' dir='ltr'><strong>ex</strong></span> 
     </span>
     <span class='ocr_line' id='line_1_60' title="bbox 73 3439 1130 3495; baseline -0.009 -9"><span class='ocrx_word' id='word_1_426' title='bbox 73 3449 202 3488; x_wconf 83' lang='lat' dir='ltr'><strong>diebus</strong></span> <span class='ocrx_word' id='word_1_427' title='bbox 216 3448 253 3485; x_wconf 90' lang='lat' dir='ltr'><strong>in</strong></span> <span class='ocrx_word' id='word_1_428' title='bbox 269 3447 345 3485; x_wconf 87' lang='lat' dir='ltr'><strong>dies</strong></span> <span class='ocrx_word' id='word_1_429' title='bbox 367 3445 633 3495; x_wconf 79' lang='lat' dir='ltr'><strong>conveniebant</strong></span> <span class='ocrx_word' id='word_1_430' title='bbox 647 3442 837 3480; x_wconf 85' lang='lat' dir='ltr'><strong>lamentari</strong></span> <span class='ocrx_word' id='word_1_431' title='bbox 870 3441 978 3477; x_wconf 86' lang='lat' dir='ltr'><strong>filiam</strong></span> <span class='ocrx_word' id='word_1_432' title='bbox 1001 3439 1130 3486; x_wconf 77' lang='lat' dir='ltr'><strong>Iephte</strong></span> 
     </span>
     <span class='ocr_line' id='line_1_61' title="bbox 66 3499 1130 3557; baseline -0.01 -9"><span class='ocrx_word' id='word_1_433' title='bbox 66 3508 288 3557; x_wconf 76' lang='lat' dir='ltr'><strong>Galaaditen</strong></span> <span class='ocrx_word' id='word_1_434' title='bbox 312 3503 467 3554; x_wconf 83' lang='lat' dir='ltr'><strong>quatuor</strong></span> <span class='ocrx_word' id='word_1_435' title='bbox 485 3505 566 3554; x_wconf 79' lang='lat' dir='ltr'><strong>dies</strong></span> <span class='ocrx_word' id='word_1_436' title='bbox 583 3506 627 3554; x_wconf 65' lang='lat' dir='ltr'><strong>in</strong></span> <span class='ocrx_word' id='word_1_437' title='bbox 646 3515 754 3549; x_wconf 86' lang='lat' dir='ltr'><strong>anno,</strong></span> <span class='ocrx_word' id='word_1_438' title='bbox 787 3513 858 3540; x_wconf 93' lang='lat' dir='ltr'><strong>non</strong></span> <span class='ocrx_word' id='word_1_439' title='bbox 880 3508 968 3548; x_wconf 84' lang='lat' dir='ltr'><strong>puto</strong></span> <span class='ocrx_word' id='word_1_440' title='bbox 994 3499 1130 3547; x_wconf 79' lang='lat' dir='ltr'><strong>signifi-</strong></span> 
     </span>
     <span class='ocr_line' id='line_1_62' title="bbox 73 3554 1130 3623; baseline -0.001 -18"><span class='ocrx_word' id='word_1_441' title='bbox 73 3579 163 3609; x_wconf 81' lang='lat' dir='ltr'><strong>care</strong></span> <span class='ocrx_word' id='word_1_442' title='bbox 177 3554 312 3617; x_wconf 67' lang='lat' dir='ltr'><strong>aliwid</strong></span> <span class='ocrx_word' id='word_1_443' title='bbox 329 3571 410 3616; x_wconf 85' lang='lat' dir='ltr'><strong>post</strong></span> <span class='ocrx_word' id='word_1_444' title='bbox 426 3565 612 3623; x_wconf 70' lang='lat' dir='ltr'><strong>impletum</strong></span> <span class='ocrx_word' id='word_1_445' title='bbox 626 3567 897 3604; x_wconf 80' lang='lat' dir='ltr'><strong>holocaustoma</strong></span> <span class='ocrx_word' id='word_1_446' title='bbox 913 3590 923 3607; x_wconf 90' lang='lat'><strong>,</strong></span> <span class='ocrx_word' id='word_1_447' title='bbox 947 3561 1042 3609; x_wconf 79' lang='lat' dir='ltr'><strong>quod</strong></span> <span class='ocrx_word' id='word_1_448' title='bbox 1059 3561 1130 3599; x_wconf 71' lang='lat' dir='ltr'><strong>erit</strong></span> 
     </span>
    </p>

    <p class='ocr_par' dir='ltr' id='par_1_6' title="bbox 0 3623 1132 3801">
     <span class='ocr_line' id='line_1_63' title="bbox 7 3623 1131 3677; baseline 0.008 -8"><span class='ocrx_word' id='word_1_449' title='bbox 7 3661 31 3676; x_wconf 15' lang='lat' dir='ltr'><strong>v.</strong></span> <span class='ocrx_word' id='word_1_450' title='bbox 75 3633 190 3671; x_wconf 81' lang='lat' dir='ltr'><strong>vitam</strong></span> <span class='ocrx_word' id='word_1_451' title='bbox 201 3635 398 3677; x_wconf 48' lang='grc' dir='ltr'><strong>θεοπρεπῆ</strong></span> <span class='ocrx_word' id='word_1_452' title='bbox 419 3629 483 3667; x_wconf 63' lang='lat' dir='ltr'><strong>sed</strong></span> <span class='ocrx_word' id='word_1_453' title='bbox 500 3627 684 3675; x_wconf 59' lang='lat' dir='ltr'><strong>Pl‘ffi‘ssl&#39;i‘ss</strong></span> <span class='ocrx_word' id='word_1_454' title='bbox 699 3633 862 3675; x_wconf 63' lang='lat' dir='ltr'><strong>iwilma</strong></span> <span class='ocrx_word' id='word_1_455' title='bbox 888 3625 1071 3668; x_wconf 59' lang='lat' dir='ltr'><strong>Ec‘flfflae·</strong></span> <span class='ocrx_word' id='word_1_456' title='bbox 1093 3623 1131 3659; x_wconf 62' lang='lat'><strong>³¹¹</strong></span> 
     </span>
     <span class='ocr_line' id='line_1_64' title="bbox 0 3685 1132 3744; baseline 0 -19"><span class='ocrx_word' id='word_1_457' title='bbox 0 3688 10 3741; x_wconf 27' lang='grc' dir='ltr'><strong>,ζ</strong></span> <span class='ocrx_word' id='word_1_458' title='bbox 77 3694 210 3743; x_wconf 56' lang='lat' dir='ltr'><strong>quibus</strong></span> <span class='ocrx_word' id='word_1_459' title='bbox 229 3691 447 3738; x_wconf 51' lang='lat' dir='ltr'><strong>&amp;tankbfflfi</strong></span> <span class='ocrx_word' id='word_1_460' title='bbox 467 3691 644 3744; x_wconf 68' lang='lat' dir='ltr'><strong>lugentes.</strong></span> <span class='ocrx_word' id='word_1_461' title='bbox 677 3687 880 3735; x_wconf 57' lang='grc' dir='ltr'><strong>θυμίαμα</strong></span> <span class='ocrx_word' id='word_1_462' title='bbox 896 3693 1016 3726; x_wconf 84' lang='lat' dir='ltr'><strong>autem</strong></span> <span class='ocrx_word' id='word_1_463' title='bbox 1046 3685 1132 3733; x_wconf 77' lang='lat' dir='ltr'><strong>figu-</strong></span> 
     </span>
     <span class='ocr_line' id='line_1_65' title="bbox 6 3742 1131 3801; baseline 0.004 -9"><span class='ocrx_word' id='word_1_464' title='bbox 6 3756 14 3792; x_wconf 75' lang='grc' dir='ltr'><strong>ζ·</strong></span> <span class='ocrx_word' id='word_1_465' title='bbox 78 3742 161 3792; x_wconf 70' lang='lat' dir='ltr'><strong>rata</strong></span> <span class='ocrx_word' id='word_1_466' title='bbox 175 3758 232 3793; x_wconf 85' lang='lat' dir='ltr'><strong>est</strong></span> <span class='ocrx_word' id='word_1_467' title='bbox 248 3752 330 3801; x_wconf 77' lang='lat' dir='ltr'><strong>ejus</strong></span> <span class='ocrx_word' id='word_1_468' title='bbox 346 3745 564 3791; x_wconf 77' lang='lat' dir='ltr'><strong>universitas</strong></span> <span class='ocrx_word' id='word_1_469' title='bbox 580 3753 730 3797; x_wconf 87' lang='lat' dir='ltr'><strong>propter</strong></span> <span class='ocrx_word' id='word_1_470' title='bbox 754 3753 909 3796; x_wconf 79' lang='lat' dir='ltr'><strong>quatuor</strong></span> <span class='ocrx_word' id='word_1_471' title='bbox 934 3753 1055 3794; x_wconf 79' lang='lat' dir='ltr'><strong>partes</strong></span> <span class='ocrx_word' id='word_1_472' title='bbox 1073 3756 1131 3783; x_wconf 71' lang='grc'>01·-</span> 
     </span>
    </p>
   </div>
   <div class='ocr_carea' id='block_1_5' title="bbox 0 3673 59 4016">
    <p class='ocr_par' dir='ltr' id='par_1_7' title="bbox 0 3673 59 4016">
     <span class='ocr_line' id='line_1_66' title="bbox 0 3673 59 4016; baseline 0 0"><span class='ocrx_word' id='word_1_473' title='bbox 0 3673 59 4016; x_wconf 95' lang='lat' dir='ltr'><strong> </strong></span> 
     </span>
    </p>
   </div>
   <div class='ocr_carea' id='block_1_6' title="bbox 86 210 1283 276">
    <p class='ocr_par' dir='ltr' id='par_1_8' title="bbox 86 210 1283 276">
     <span class='ocr_line' id='line_1_67' title="bbox 86 210 1283 276; baseline 0.021 -32"><span class='ocrx_word' id='word_1_474' title='bbox 86 210 256 261; x_wconf 65' lang='lat' dir='ltr'><strong>quamnd</strong></span> <span class='ocrx_word' id='word_1_475' title='bbox 269 210 341 248; x_wconf 74' lang='lat' dir='ltr'><strong>hoe</strong></span> <span class='ocrx_word' id='word_1_476' title='bbox 356 220 397 250; x_wconf 82' lang='lat' dir='ltr'><strong>se</strong></span> <span class='ocrx_word' id='word_1_477' title='bbox 414 212 628 262; x_wconf 74' lang='lat' dir='ltr'><strong>impeditum</strong></span> <span class='ocrx_word' id='word_1_478' title='bbox 635 214 869 266; x_wconf 73' lang='lat' dir='ltr'><strong>iudicaverit,</strong></span> <span class='ocrx_word' id='word_1_479' title='bbox 887 233 934 260; x_wconf 86' lang='lat' dir='ltr'><strong>ne</strong></span> <span class='ocrx_word' id='word_1_480' title='bbox 946 224 1036 262; x_wconf 83' lang='lat' dir='ltr'><strong>illud</strong></span> <span class='ocrx_word' id='word_1_481' title='bbox 1050 230 1146 274; x_wconf 80' lang='lat' dir='ltr'><strong>quod</strong></span> <span class='ocrx_word' id='word_1_482' title='bbox 1162 233 1199 274; x_wconf 74' lang='grc' dir='ltr'><strong>Α</strong></span> <span class='ocrx_word' id='word_1_483' title='bbox 1212 231 1283 276; x_wconf 74' lang='lat' dir='ltr'><strong>bis,</strong></span> 
     </span>
    </p>
   </div>
   <div class='ocr_carea' id='block_1_7' title="bbox 82 333 1144 385">
    <p class='ocr_par' dir='ltr' id='par_1_9' title="bbox 82 333 1144 385">
     <span class='ocr_line' id='line_1_68' title="bbox 82 333 1144 385; baseline 0.013 -15"><span class='ocrx_word' id='word_1_484' title='bbox 82 333 197 371; x_wconf 77' lang='lat' dir='ltr'><strong>mnus</strong></span> <span class='ocrx_word' id='word_1_485' title='bbox 224 341 491 382; x_wconf 82' lang='lat' dir='ltr'><strong>occurrentem,</strong></span> <span class='ocrx_word' id='word_1_486' title='bbox 521 337 585 384; x_wconf 80' lang='lat' dir='ltr'><strong>qui</strong></span> <span class='ocrx_word' id='word_1_487' title='bbox 617 337 713 376; x_wconf 78' lang='lat' dir='ltr'><strong>lilios</strong></span> <span class='ocrx_word' id='word_1_488' title='bbox 741 341 832 378; x_wconf 81' lang='lat' dir='ltr'><strong>alios</strong></span> <span class='ocrx_word' id='word_1_489' title='bbox 861 350 933 380; x_wconf 81' lang='lat' dir='ltr'><strong>non</strong></span> <span class='ocrx_word' id='word_1_490' title='bbox 962 345 1144 385; x_wconf 79' lang='lat' dir='ltr'><strong>habebat?</strong></span> 
     </span>
    </p>
   </div>
   <div class='ocr_carea' id='block_1_8' title="bbox 1160 133 2251 230">
    <p class='ocr_par' dir='ltr' id='par_1_10' title="bbox 1160 133 2251 230">
     <span class='ocr_line' id='line_1_69' title="bbox 1160 133 2251 230; baseline 0.018 -38"><span class='ocrx_word' id='word_1_491' title='bbox 1160 150 1374 196; x_wconf 54' lang='lat' dir='ltr'><strong>tomeun,</strong></span> <span class='ocrx_word' id='word_1_492' title='bbox 1398 175 1446 188; x_wconf 85' lang='lat'><strong>--</strong></span> <span class='ocrx_word' id='word_1_493' title='bbox 1468 151 1558 201; x_wconf 69' lang='grc' dir='ltr'><strong>ιιι·</strong></span> <span class='ocrx_word' id='word_1_494' title='bbox 1579 163 1626 203; x_wconf 82' lang='grc' dir='ltr'><strong>ιι.</strong></span> <span class='ocrx_word' id='word_1_495' title='bbox 2126 133 2251 230; x_wconf 47' lang='lat'><strong>&#39;&#39;4490</strong></span> 
     </span>
    </p>
   </div>
   <div class='ocr_carea' id='block_1_9' title="bbox 1208 236 2249 539">
    <p class='ocr_par' dir='ltr' id='par_1_11' title="bbox 1208 236 2249 539">
     <span class='ocr_line' id='line_1_70' title="bbox 1301 236 2248 304; baseline 0.026 -26"><span class='ocrx_word' id='word_1_496' title='bbox 1301 240 1369 279; x_wconf 76' lang='lat' dir='ltr'><strong>rer</strong></span> <span class='ocrx_word' id='word_1_497' title='bbox 1381 243 1473 280; x_wconf 71' lang='lat' dir='ltr'><strong>&lt;tuns</strong></span> <span class='ocrx_word' id='word_1_498' title='bbox 1487 236 1592 286; x_wconf 69' lang='lat' dir='ltr'><strong>longe</strong></span> <span class='ocrx_word' id='word_1_499' title='bbox 1616 240 1760 288; x_wconf 68' lang='lat' dir='ltr'><strong>tneque</strong></span> <span class='ocrx_word' id='word_1_500' title='bbox 1772 242 1900 284; x_wconf 64' lang='lat' dir='ltr'><strong>m</strong></span> <span class='ocrx_word' id='word_1_501' title='bbox 1915 255 1982 289; x_wconf 73' lang='grc' dir='ltr'><strong>ακ.</strong></span> <span class='ocrx_word' id='word_1_502' title='bbox 2003 255 2059 295; x_wconf 67' lang='grc' dir='ltr'><strong>Δια</strong></span> <span class='ocrx_word' id='word_1_503' title='bbox 2089 260 2248 304; x_wconf 52' lang='lat' dir='ltr'><strong>annonae</strong></span> 
     </span>
     <span class='ocr_line' id='line_1_71' title="bbox 1209 297 2249 363; baseline 0.024 -34"><span class='ocrx_word' id='word_1_504' title='bbox 1209 302 1298 331; x_wconf 82' lang='lat' dir='ltr'><strong>vero</strong></span> <span class='ocrx_word' id='word_1_505' title='bbox 1305 297 1574 344; x_wconf 78' lang='lat' dir='ltr'><strong>proprietatem,</strong></span> <span class='ocrx_word' id='word_1_506' title='bbox 1593 310 1668 340; x_wconf 84' lang='lat' dir='ltr'><strong>non</strong></span> <span class='ocrx_word' id='word_1_507' title='bbox 1679 304 1838 360; x_wconf 63' lang='lat' dir='ltr'><strong>nrlfitror</strong></span> <span class='ocrx_word' id='word_1_508' title='bbox 1846 304 1918 346; x_wconf 72' lang='lat' dir='ltr'><strong>hoe</strong></span> <span class='ocrx_word' id='word_1_509' title='bbox 1927 311 2126 358; x_wconf 57' lang='lat' dir='ltr'><strong>litteratae</strong></span> <span class='ocrx_word' id='word_1_510' title='bbox 2139 323 2249 363; x_wconf 72' lang='lat' dir='ltr'><strong>lsi-ae-</strong></span> 
     </span>
     <span class='ocr_line' id='line_1_72' title="bbox 1209 352 2247 421; baseline 0.024 -33"><span class='ocrx_word' id='word_1_511' title='bbox 1209 352 1307 398; x_wconf 75' lang='lat' dir='ltr'><strong>titas,</strong></span> <span class='ocrx_word' id='word_1_512' title='bbox 1339 357 1410 394; x_wconf 89' lang='lat' dir='ltr'><strong>nisi</strong></span> <span class='ocrx_word' id='word_1_513' title='bbox 1429 360 1515 406; x_wconf 86' lang='lat' dir='ltr'><strong>qnia</strong></span> <span class='ocrx_word' id='word_1_514' title='bbox 1533 361 1781 409; x_wconf 75' lang='lat' dir='ltr'><strong>intelligebant</strong></span> <span class='ocrx_word' id='word_1_515' title='bbox 1810 365 1849 403; x_wconf 77' lang='lat' dir='ltr'><strong>in</strong></span> <span class='ocrx_word' id='word_1_516' title='bbox 1866 374 1912 404; x_wconf 71' lang='lat' dir='ltr'><strong>ea</strong></span> <span class='ocrx_word' id='word_1_517' title='bbox 1929 372 1971 406; x_wconf 69' lang='lat' dir='ltr'><strong>re</strong></span> <span class='ocrx_word' id='word_1_518' title='bbox 1993 370 2159 418; x_wconf 62' lang='lat' dir='ltr'><strong>haleium</strong></span> <span class='ocrx_word' id='word_1_519' title='bbox 2184 383 2247 421; x_wconf 63' lang='lat' dir='ltr'><strong>nei</strong></span> 
     </span>
     <span class='ocr_line' id='line_1_73' title="bbox 1209 414 2243 485; baseline 0.026 -37"><span class='ocrx_word' id='word_1_520' title='bbox 1209 414 1324 460; x_wconf 79' lang='lat' dir='ltr'><strong>magis</strong></span> <span class='ocrx_word' id='word_1_521' title='bbox 1338 416 1385 452; x_wconf 84' lang='lat' dir='ltr'><strong>ad</strong></span> <span class='ocrx_word' id='word_1_522' title='bbox 1412 421 1687 464; x_wconf 81' lang='lat' dir='ltr'><strong>percutiendum</strong></span> <span class='ocrx_word' id='word_1_523' title='bbox 1705 428 1843 470; x_wconf 71' lang='lat' dir='ltr'><strong>patrem</strong></span> <span class='ocrx_word' id='word_1_524' title='bbox 1862 425 1972 466; x_wconf 70' lang='lat' dir='ltr'><strong>fnisse</strong></span> <span class='ocrx_word' id='word_1_525' title='bbox 1991 431 2243 485; x_wconf 61' lang='lat' dir='ltr'><strong>deprommm,</strong></span> 
     </span>
     <span class='ocr_line' id='line_1_74' title="bbox 1208 474 2247 539; baseline 0.029 -31"><span class='ocrx_word' id='word_1_526' title='bbox 1208 483 1256 510; x_wconf 90' lang='lat' dir='ltr'><strong>ne</strong></span> <span class='ocrx_word' id='word_1_527' title='bbox 1273 474 1342 511; x_wconf 83' lang='lat' dir='ltr'><strong>tale</strong></span> <span class='ocrx_word' id='word_1_528' title='bbox 1359 486 1491 514; x_wconf 76' lang='lat' dir='ltr'><strong>vovere</strong></span> <span class='ocrx_word' id='word_1_529' title='bbox 1520 482 1735 519; x_wconf 79' lang='lat' dir='ltr'><strong>sacrificinm</strong></span> <span class='ocrx_word' id='word_1_530' title='bbox 1759 485 1925 534; x_wconf 73' lang='lat' dir='ltr'><strong>deinceps</strong></span> <span class='ocrx_word' id='word_1_531' title='bbox 1954 491 2046 530; x_wconf 81' lang='lat' dir='ltr'><strong>ultus</strong></span> <span class='ocrx_word' id='word_1_532' title='bbox 2077 498 2247 539; x_wconf 77' lang='lat' dir='ltr'><strong>auderet?</strong></span> 
     </span>
    </p>
   </div>
   <div class='ocr_carea' id='block_1_10' title="bbox 1207 532 2233 638">
    <p class='ocr_par' dir='ltr' id='par_1_12' title="bbox 1207 532 2233 638">
     <span class='ocr_line' id='line_1_75' title="bbox 1207 532 2233 599; baseline 0.027 -31"><span class='ocrx_word' id='word_1_533' title='bbox 1207 532 1300 570; x_wconf 80' lang='lat' dir='ltr'><strong>Nam</strong></span> <span class='ocrx_word' id='word_1_534' title='bbox 1313 545 1426 581; x_wconf 82' lang='lat' dir='ltr'><strong>quare</strong></span> <span class='ocrx_word' id='word_1_535' title='bbox 1442 537 1560 576; x_wconf 84' lang='lat' dir='ltr'><strong>luctus</strong></span> <span class='ocrx_word' id='word_1_536' title='bbox 1575 545 1611 578; x_wconf 86' lang='lat' dir='ltr'><strong>et</strong></span> <span class='ocrx_word' id='word_1_537' title='bbox 1628 542 1837 582; x_wconf 76' lang='lat' dir='ltr'><strong>lamentatio</strong></span> <span class='ocrx_word' id='word_1_538' title='bbox 1860 547 2122 599; x_wconf 72' lang='lat' dir='ltr'><strong>decerneretur,</strong></span> <span class='ocrx_word' id='word_1_539' title='bbox 2146 558 2177 594; x_wconf 77' lang='lat' dir='ltr'><strong>si</strong></span> <span class='ocrx_word' id='word_1_540' title='bbox 2189 569 2233 597; x_wconf 81' lang='lat' dir='ltr'><strong>vo</strong></span> 
     </span>
     <span class='ocr_line' id='line_1_76' title="bbox 1207 596 1651 638; baseline 0.018 -8"><span class='ocrx_word' id='word_1_541' title='bbox 1207 599 1284 631; x_wconf 87' lang='lat' dir='ltr'><strong>tum</strong></span> <span class='ocrx_word' id='word_1_542' title='bbox 1301 596 1388 634; x_wconf 88' lang='lat' dir='ltr'><strong>illud</strong></span> <span class='ocrx_word' id='word_1_543' title='bbox 1406 596 1540 635; x_wconf 77' lang='lat' dir='ltr'><strong>laetitiae</strong></span> <span class='ocrx_word' id='word_1_544' title='bbox 1557 599 1624 638; x_wconf 80' lang='lat' dir='ltr'><strong>suit</strong></span> <span class='ocrx_word' id='word_1_545' title='bbox 1634 602 1651 637; x_wconf 79' lang='lat'><strong>.’</strong></span> 
     </span>
    </p>
   </div>
   <div class='ocr_carea' id='block_1_11' title="bbox 1192 658 2248 1528">
    <p class='ocr_par' dir='ltr' id='par_1_13' title="bbox 1195 658 2248 1382">
     <span class='ocr_line' id='line_1_77' title="bbox 1255 658 2247 723; baseline 0.023 -28"><span class='ocrx_word' id='word_1_546' title='bbox 1255 658 1293 695; x_wconf 90' lang='lat' dir='ltr'><strong>Si</strong></span> <span class='ocrx_word' id='word_1_547' title='bbox 1314 664 1434 697; x_wconf 80' lang='lat' dir='ltr'><strong>autem</strong></span> <span class='ocrx_word' id='word_1_548' title='bbox 1453 667 1489 698; x_wconf 89' lang='lat' dir='ltr'><strong>et</strong></span> <span class='ocrx_word' id='word_1_549' title='bbox 1512 662 1599 703; x_wconf 85' lang='lat' dir='ltr'><strong>illud</strong></span> <span class='ocrx_word' id='word_1_550' title='bbox 1617 667 1712 711; x_wconf 87' lang='lat' dir='ltr'><strong>quod</strong></span> <span class='ocrx_word' id='word_1_551' title='bbox 1730 669 1878 714; x_wconf 88' lang='lat' dir='ltr'><strong>populus</strong></span> <span class='ocrx_word' id='word_1_552' title='bbox 1894 668 2051 718; x_wconf 78' lang='lat' dir='ltr'><strong>Ephrem</strong></span> <span class='ocrx_word' id='word_1_553' title='bbox 2067 682 2188 723; x_wconf 86' lang='lat' dir='ltr'><strong>postea</strong></span> <span class='ocrx_word' id='word_1_554' title='bbox 2203 682 2247 719; x_wconf 83' lang='lat' dir='ltr'><strong>ab</strong></span> 
     </span>
     <span class='ocr_line' id='line_1_78' title="bbox 1205 721 2248 786; baseline 0.02 -30"><span class='ocrx_word' id='word_1_555' title='bbox 1205 721 1332 757; x_wconf 88' lang='lat' dir='ltr'><strong>eodem</strong></span> <span class='ocrx_word' id='word_1_556' title='bbox 1350 721 1481 769; x_wconf 84' lang='lat' dir='ltr'><strong>Jephte</strong></span> <span class='ocrx_word' id='word_1_557' title='bbox 1511 725 1707 764; x_wconf 87' lang='lat' dir='ltr'><strong>debellatus</strong></span> <span class='ocrx_word' id='word_1_558' title='bbox 1732 735 1798 772; x_wconf 89' lang='lat' dir='ltr'><strong>est,</strong></span> <span class='ocrx_word' id='word_1_559' title='bbox 1820 731 2050 778; x_wconf 78' lang='lat' dir='ltr'><strong>adjudicium</strong></span> <span class='ocrx_word' id='word_1_560' title='bbox 2075 737 2138 774; x_wconf 86' lang='lat' dir='ltr'><strong>Dei</strong></span> <span class='ocrx_word' id='word_1_561' title='bbox 2157 741 2248 786; x_wconf 86' lang='lat' dir='ltr'><strong>quod</strong></span> 
     </span>
     <span class='ocr_line' id='line_1_79' title="bbox 1205 781 2244 838; baseline 0.019 -22"><span class='ocrx_word' id='word_1_562' title='bbox 1205 782 1274 818; x_wconf 88' lang='lat' dir='ltr'><strong>erit</strong></span> <span class='ocrx_word' id='word_1_563' title='bbox 1288 781 1324 817; x_wconf 91' lang='lat' dir='ltr'><strong>in</strong></span> <span class='ocrx_word' id='word_1_564' title='bbox 1338 782 1408 819; x_wconf 85' lang='lat' dir='ltr'><strong>fine</strong></span> <span class='ocrx_word' id='word_1_565' title='bbox 1427 785 1651 822; x_wconf 82' lang='lat' dir='ltr'><strong>referendum</strong></span> <span class='ocrx_word' id='word_1_566' title='bbox 1667 793 1734 832; x_wconf 91' lang='lat' dir='ltr'><strong>est,</strong></span> <span class='ocrx_word' id='word_1_567' title='bbox 1751 790 1932 838; x_wconf 85' lang='lat' dir='ltr'><strong>sicutipse</strong></span> <span class='ocrx_word' id='word_1_568' title='bbox 1952 791 2120 833; x_wconf 81' lang='lat' dir='ltr'><strong>Dominus</strong></span> <span class='ocrx_word' id='word_1_569' title='bbox 2135 798 2244 836; x_wconf 86' lang='lat' dir='ltr'><strong>dicit.</strong></span> 
     </span>
     <span class='ocr_line' id='line_1_80' title="bbox 1203 843 2246 898; baseline 0.019 -19"><span class='ocrx_word' id='word_1_570' title='bbox 1203 843 1276 880; x_wconf 86' lang='lat' dir='ltr'><strong>Eos</strong></span> <span class='ocrx_word' id='word_1_571' title='bbox 1291 846 1351 892; x_wconf 86' lang='lat' dir='ltr'><strong>qui</strong></span> <span class='ocrx_word' id='word_1_572' title='bbox 1368 846 1552 884; x_wconf 88' lang='lat' dir='ltr'><strong>noluerunt</strong></span> <span class='ocrx_word' id='word_1_573' title='bbox 1571 861 1625 886; x_wconf 83' lang='lat' dir='ltr'><strong>me</strong></span> <span class='ocrx_word' id='word_1_574' title='bbox 1648 859 1790 898; x_wconf 66' lang='lat' dir='ltr'><strong>regnare</strong></span> <span class='ocrx_word' id='word_1_575' title='bbox 1807 854 1885 898; x_wconf 83' lang='lat' dir='ltr'><strong>sibi,</strong></span> <span class='ocrx_word' id='word_1_576' title='bbox 1905 857 2067 895; x_wconf 77' lang='lat' dir='ltr'><strong>adducite</strong></span> <span class='ocrx_word' id='word_1_577' title='bbox 2081 865 2113 896; x_wconf 84' lang='lat' dir='ltr'><strong>et</strong></span> <span class='ocrx_word' id='word_1_578' title='bbox 2139 861 2246 898; x_wconf 79' lang='lat' dir='ltr'><strong>inter-</strong></span> 
     </span>
     <span class='ocr_line' id='line_1_81' title="bbox 1201 905 2246 966; baseline 0.02 -26"><span class='ocrx_word' id='word_1_579' title='bbox 1201 905 1294 951; x_wconf 79' lang='lat' dir='ltr'><strong>ficite</strong></span> <span class='ocrx_word' id='word_1_580' title='bbox 1310 918 1427 944; x_wconf 74' lang='lat' dir='ltr'><strong>corant</strong></span> <span class='ocrx_word' id='word_1_581' title='bbox 1453 920 1505 944; x_wconf 87' lang='lat' dir='ltr'><strong>me</strong></span> <span class='ocrx_word' id='word_1_582' title='bbox 1523 909 1623 958; x_wconf 88' lang='lat' dir='ltr'><strong>(Luc.</strong></span> <span class='ocrx_word' id='word_1_583' title='bbox 1642 914 1719 959; x_wconf 85' lang='lat' dir='ltr'><strong>xix)</strong></span> <span class='ocrx_word' id='word_1_584' title='bbox 1738 925 1747 957; x_wconf 92' lang='lat'>;</span> <span class='ocrx_word' id='word_1_585' title='bbox 1772 925 1838 952; x_wconf 87' lang='lat' dir='ltr'><strong>nec</strong></span> <span class='ocrx_word' id='word_1_586' title='bbox 1855 917 1903 952; x_wconf 89' lang='lat' dir='ltr'><strong>ibi</strong></span> <span class='ocrx_word' id='word_1_587' title='bbox 1926 919 2159 966; x_wconf 79' lang='lat' dir='ltr'><strong>quadraginta</strong></span> <span class='ocrx_word' id='word_1_588' title='bbox 2177 923 2246 962; x_wconf 90' lang='lat' dir='ltr'><strong>duo</strong></span> 
     </span>
     <span class='ocr_line' id='line_1_82' title="bbox 1201 967 2246 1019; baseline 0.017 -17"><span class='ocrx_word' id='word_1_589' title='bbox 1201 967 1325 1011; x_wconf 88' lang='lat' dir='ltr'><strong>millia,</strong></span> <span class='ocrx_word' id='word_1_590' title='bbox 1360 979 1439 1014; x_wconf 80' lang='lat' dir='ltr'><strong>quae</strong></span> <span class='ocrx_word' id='word_1_591' title='bbox 1474 971 1681 1008; x_wconf 91' lang='lat' dir='ltr'><strong>ceciderunt</strong></span> <span class='ocrx_word' id='word_1_592' title='bbox 1706 977 1846 1011; x_wconf 75' lang='lat' dir='ltr'><strong>vacanti</strong></span> <span class='ocrx_word' id='word_1_593' title='bbox 1865 988 2013 1015; x_wconf 87' lang='lat' dir='ltr'><strong>numero</strong></span> <span class='ocrx_word' id='word_1_594' title='bbox 2030 985 2246 1019; x_wconf 85' lang='lat' dir='ltr'><strong>commemo-</strong></span> 
     </span>
     <span class='ocr_line' id='line_1_83' title="bbox 1202 1029 2246 1084; baseline 0.016 -23"><span class='ocrx_word' id='word_1_595' title='bbox 1202 1031 1279 1061; x_wconf 77' lang='lat' dir='ltr'><strong>rata</strong></span> <span class='ocrx_word' id='word_1_596' title='bbox 1306 1032 1402 1063; x_wconf 90' lang='lat' dir='ltr'><strong>sunt.</strong></span> <span class='ocrx_word' id='word_1_597' title='bbox 1422 1029 1523 1065; x_wconf 90' lang='lat' dir='ltr'><strong>Sicut</strong></span> <span class='ocrx_word' id='word_1_598' title='bbox 1542 1031 1637 1067; x_wconf 90' lang='lat' dir='ltr'><strong>enim</strong></span> <span class='ocrx_word' id='word_1_599' title='bbox 1669 1032 1718 1067; x_wconf 89' lang='lat' dir='ltr'><strong>illi</strong></span> <span class='ocrx_word' id='word_1_600' title='bbox 1736 1033 1806 1069; x_wconf 92' lang='lat' dir='ltr'><strong>duo</strong></span> <span class='ocrx_word' id='word_1_601' title='bbox 1829 1041 1969 1072; x_wconf 81' lang='lat' dir='ltr'><strong>menses</strong></span> <span class='ocrx_word' id='word_1_602' title='bbox 1986 1043 2128 1084; x_wconf 86' lang='lat' dir='ltr'><strong>propter</strong></span> <span class='ocrx_word' id='word_1_603' title='bbox 2142 1051 2246 1077; x_wconf 84' lang='lat' dir='ltr'><strong>sexa-</strong></span> 
     </span>
     <span class='ocr_line' id='line_1_84' title="bbox 1202 1086 2246 1146; baseline 0.016 -26"><span class='ocrx_word' id='word_1_604' title='bbox 1202 1086 1299 1132; x_wconf 87' lang='lat' dir='ltr'><strong>ginta</strong></span> <span class='ocrx_word' id='word_1_605' title='bbox 1320 1088 1396 1123; x_wconf 88' lang='lat' dir='ltr'><strong>dies</strong></span> <span class='ocrx_word' id='word_1_606' title='bbox 1417 1091 1599 1125; x_wconf 86' lang='lat' dir='ltr'><strong>senarium</strong></span> <span class='ocrx_word' id='word_1_607' title='bbox 1632 1098 1822 1128; x_wconf 86' lang='lat' dir='ltr'><strong>numerum</strong></span> <span class='ocrx_word' id='word_1_608' title='bbox 1851 1105 1914 1131; x_wconf 83' lang='lat' dir='ltr'><strong>sex</strong></span> <span class='ocrx_word' id='word_1_609' title='bbox 1941 1099 2086 1133; x_wconf 80' lang='lat' dir='ltr'><strong>aetatiim</strong></span> <span class='ocrx_word' id='word_1_610' title='bbox 2114 1101 2246 1146; x_wconf 82' lang='lat' dir='ltr'><strong>signifi·</strong></span> 
     </span>
     <span class='ocr_line' id='line_1_85' title="bbox 1202 1147 2245 1196; baseline 0.013 -15"><span class='ocrx_word' id='word_1_611' title='bbox 1202 1151 1299 1190; x_wconf 90' lang='lat' dir='ltr'><strong>cant,</strong></span> <span class='ocrx_word' id='word_1_612' title='bbox 1320 1147 1371 1182; x_wconf 90' lang='lat' dir='ltr'><strong>ita</strong></span> <span class='ocrx_word' id='word_1_613' title='bbox 1399 1151 1436 1183; x_wconf 88' lang='lat' dir='ltr'><strong>et</strong></span> <span class='ocrx_word' id='word_1_614' title='bbox 1466 1147 1516 1183; x_wconf 90' lang='lat' dir='ltr'><strong>ibi</strong></span> <span class='ocrx_word' id='word_1_615' title='bbox 1540 1149 1657 1186; x_wconf 77' lang='lat' dir='ltr'><strong>sexies</strong></span> <span class='ocrx_word' id='word_1_616' title='bbox 1674 1152 1896 1196; x_wconf 89' lang='lat' dir='ltr'><strong>septenarius</strong></span> <span class='ocrx_word' id='word_1_617' title='bbox 1915 1154 2041 1192; x_wconf 88' lang='lat' dir='ltr'><strong>ductus</strong></span> <span class='ocrx_word' id='word_1_618' title='bbox 2056 1156 2124 1192; x_wconf 87' lang='lat' dir='ltr'><strong>hoc</strong></span> <span class='ocrx_word' id='word_1_619' title='bbox 2152 1158 2245 1195; x_wconf 89' lang='lat' dir='ltr'><strong>idem</strong></span> 
     </span>
     <span class='ocr_line' id='line_1_86' title="bbox 1198 1206 2240 1262; baseline 0.011 -20"><span class='ocrx_word' id='word_1_620' title='bbox 1198 1206 1337 1253; x_wconf 84' lang='lat' dir='ltr'><strong>figurat,</strong></span> <span class='ocrx_word' id='word_1_621' title='bbox 1377 1213 1549 1253; x_wconf 82' lang='lat' dir='ltr'><strong>quantum</strong></span> <span class='ocrx_word' id='word_1_622' title='bbox 1580 1211 1625 1246; x_wconf 88' lang='lat' dir='ltr'><strong>ad</strong></span> <span class='ocrx_word' id='word_1_623' title='bbox 1658 1221 1718 1246; x_wconf 83' lang='lat' dir='ltr'><strong>sex</strong></span> <span class='ocrx_word' id='word_1_624' title='bbox 1753 1216 1878 1248; x_wconf 71' lang='lat' dir='ltr'><strong>:etates</strong></span> <span class='ocrx_word' id='word_1_625' title='bbox 1912 1215 2031 1250; x_wconf 77' lang='lat' dir='ltr'><strong>saecuti</strong></span> <span class='ocrx_word' id='word_1_626' title='bbox 2065 1217 2240 1262; x_wconf 89' lang='lat' dir='ltr'><strong>pertinet;</strong></span> 
     </span>
     <span class='ocr_line' id='line_1_87' title="bbox 1196 1269 2242 1318; baseline 0.011 -15"><span class='ocrx_word' id='word_1_627' title='bbox 1196 1269 1312 1303; x_wconf 80' lang='lat' dir='ltr'><strong>sexies</strong></span> <span class='ocrx_word' id='word_1_628' title='bbox 1333 1269 1427 1304; x_wconf 89' lang='lat' dir='ltr'><strong>enim</strong></span> <span class='ocrx_word' id='word_1_629' title='bbox 1452 1275 1586 1315; x_wconf 88' lang='lat' dir='ltr'><strong>septem</strong></span> <span class='ocrx_word' id='word_1_630' title='bbox 1606 1272 1841 1318; x_wconf 83' lang='lat' dir='ltr'><strong>quadraginta</strong></span> <span class='ocrx_word' id='word_1_631' title='bbox 1860 1273 1928 1308; x_wconf 93' lang='lat' dir='ltr'><strong>duo</strong></span> <span class='ocrx_word' id='word_1_632' title='bbox 1950 1279 2059 1318; x_wconf 87' lang='lat' dir='ltr'><strong>sunt;</strong></span> <span class='ocrx_word' id='word_1_633' title='bbox 2083 1287 2148 1313; x_wconf 91' lang='lat' dir='ltr'><strong>nec</strong></span> <span class='ocrx_word' id='word_1_634' title='bbox 2167 1276 2242 1314; x_wconf 81' lang='lat' dir='ltr'><strong>sru-</strong></span> 
     </span>
     <span class='ocr_line' id='line_1_88' title="bbox 1195 1331 2150 1382; baseline 0.007 -16"><span class='ocrx_word' id='word_1_635' title='bbox 1195 1336 1271 1366; x_wconf 86' lang='lat' dir='ltr'><strong>stra</strong></span> <span class='ocrx_word' id='word_1_636' title='bbox 1296 1331 1421 1377; x_wconf 88' lang='lat' dir='ltr'><strong>etipse</strong></span> <span class='ocrx_word' id='word_1_637' title='bbox 1438 1331 1566 1378; x_wconf 85' lang='lat' dir='ltr'><strong>Jcphte</strong></span> <span class='ocrx_word' id='word_1_638' title='bbox 1585 1342 1648 1368; x_wconf 84' lang='lat' dir='ltr'><strong>sex</strong></span> <span class='ocrx_word' id='word_1_639' title='bbox 1672 1333 1775 1369; x_wconf 86' lang='lat' dir='ltr'><strong>annis</strong></span> <span class='ocrx_word' id='word_1_640' title='bbox 1789 1334 1956 1379; x_wconf 88' lang='lat' dir='ltr'><strong>populum</strong></span> <span class='ocrx_word' id='word_1_641' title='bbox 1969 1335 2150 1382; x_wconf 76' lang='lat' dir='ltr'><strong>judicavit.</strong></span> 
     </span>
    </p>

    <p class='ocr_par' dir='ltr' id='par_1_14' title="bbox 1192 1405 2237 1528">
     <span class='ocr_line' id='line_1_89' title="bbox 1580 1405 1847 1443; baseline 0 -1"><span class='ocrx_word' id='word_1_642' title='bbox 1580 1405 1730 1443; x_wconf 84' lang='lat' dir='ltr'>CAPUT</span> <span class='ocrx_word' id='word_1_643' title='bbox 1757 1406 1847 1443; x_wconf 78' lang='lat' dir='ltr'><strong>xvi.</strong></span> 
     </span>
     <span class='ocr_line' id='line_1_90' title="bbox 1192 1474 2237 1528; baseline 0.009 -17"><span class='ocrx_word' id='word_1_644' title='bbox 1192 1474 1244 1511; x_wconf 88' lang='lat' dir='ltr'><strong>De</strong></span> <span class='ocrx_word' id='word_1_645' title='bbox 1259 1475 1389 1511; x_wconf 77' lang='lat' dir='ltr'><strong>Manae</strong></span> <span class='ocrx_word' id='word_1_646' title='bbox 1407 1482 1439 1512; x_wconf 83' lang='lat' dir='ltr'><strong>et</strong></span> <span class='ocrx_word' id='word_1_647' title='bbox 1454 1488 1561 1512; x_wconf 60' lang='lat' dir='ltr'><strong>affore</strong></span> <span class='ocrx_word' id='word_1_648' title='bbox 1570 1479 1646 1523; x_wconf 84' lang='lat' dir='ltr'><strong>ejus</strong></span> <span class='ocrx_word' id='word_1_649' title='bbox 1661 1479 1782 1521; x_wconf 84' lang='lat' dir='ltr'><strong>sterili,</strong></span> <span class='ocrx_word' id='word_1_650' title='bbox 1803 1481 1927 1526; x_wconf 83' lang='lat' dir='ltr'><strong>quibus</strong></span> <span class='ocrx_word' id='word_1_651' title='bbox 1944 1483 2084 1528; x_wconf 71' lang='lat' dir='ltr'><strong>unqelus</strong></span> <span class='ocrx_word' id='word_1_652' title='bbox 2098 1484 2237 1521; x_wconf 82' lang='lat' dir='ltr'><strong>Domini</strong></span> 
     </span>
    </p>
   </div>
   <div class='ocr_carea' id='block_1_12' title="bbox 1238 1523 2237 1574">
    <p class='ocr_par' dir='ltr' id='par_1_15' title="bbox 1238 1523 2237 1574">
     <span class='ocr_line' id='line_1_91' title="bbox 1238 1523 2237 1574; baseline 0.01 -18"><span class='ocrx_word' id='word_1_653' title='bbox 1238 1523 1393 1568; x_wconf 85' lang='lat' dir='ltr'><strong>promisit</strong></span> <span class='ocrx_word' id='word_1_654' title='bbox 1417 1523 1529 1568; x_wconf 74' lang='lat' dir='ltr'><strong>filiunt</strong></span> <span class='ocrx_word' id='word_1_655' title='bbox 1549 1523 1695 1560; x_wconf 84' lang='lat' dir='ltr'><strong>Samson</strong></span> <span class='ocrx_word' id='word_1_656' title='bbox 1716 1526 1926 1563; x_wconf 70' lang='lat' dir='ltr'><strong>Nazaroeum</strong></span> <span class='ocrx_word' id='word_1_657' title='bbox 1951 1529 2102 1574; x_wconf 83' lang='lat' dir='ltr'><strong>Domini,</strong></span> <span class='ocrx_word' id='word_1_658' title='bbox 2134 1538 2165 1566; x_wconf 81' lang='lat' dir='ltr'><strong>et</strong></span> <span class='ocrx_word' id='word_1_659' title='bbox 2195 1533 2237 1566; x_wconf 80' lang='lat' dir='ltr'><strong>cle</strong></span> 
     </span>
    </p>
   </div>
   <div class='ocr_carea' id='block_1_13' title="bbox 1238 1568 2237 1660">
    <p class='ocr_par' dir='ltr' id='par_1_16' title="bbox 1238 1568 2237 1660">
     <span class='ocr_line' id='line_1_92' title="bbox 1238 1568 2237 1621; baseline 0.011 -19"><span class='ocrx_word' id='word_1_660' title='bbox 1238 1568 1438 1604; x_wconf 81' lang='lat' dir='ltr'><strong>holocausto</strong></span> <span class='ocrx_word' id='word_1_661' title='bbox 1456 1570 1548 1616; x_wconf 86' lang='lat' dir='ltr'><strong>quod</strong></span> <span class='ocrx_word' id='word_1_662' title='bbox 1568 1571 1658 1606; x_wconf 81' lang='lat' dir='ltr'><strong>idem</strong></span> <span class='ocrx_word' id='word_1_663' title='bbox 1688 1571 1816 1608; x_wconf 74' lang='lat' dir='ltr'><strong>Manae</strong></span> <span class='ocrx_word' id='word_1_664' title='bbox 1844 1574 1886 1609; x_wconf 85' lang='lat' dir='ltr'><strong>ab</strong></span> <span class='ocrx_word' id='word_1_665' title='bbox 1902 1575 2021 1621; x_wconf 80' lang='lat' dir='ltr'><strong>anqelo</strong></span> <span class='ocrx_word' id='word_1_666' title='bbox 2041 1577 2237 1613; x_wconf 82' lang='lat' dir='ltr'><strong>admonitus</strong></span> 
     </span>
     <span class='ocr_line' id='line_1_93' title="bbox 1241 1615 1513 1660; baseline 0.004 -10"><span class='ocrx_word' id='word_1_667' title='bbox 1241 1615 1406 1660; x_wconf 82' lang='lat' dir='ltr'><strong>offerebat</strong></span> <span class='ocrx_word' id='word_1_668' title='bbox 1427 1616 1513 1651; x_wconf 86' lang='lat' dir='ltr'><strong>Deo.</strong></span> 
     </span>
    </p>
   </div>
   <div class='ocr_carea' id='block_1_14' title="bbox 1142 1689 2243 3788">
    <p class='ocr_par' dir='ltr' id='par_1_17' title="bbox 1191 1689 2241 2038">
     <span class='ocr_line' id='line_1_94' title="bbox 1239 1689 2238 1740; baseline 0.006 -14"><span class='ocrx_word' id='word_1_669' title='bbox 1239 1689 1340 1737; x_wconf 61' lang='lat' dir='ltr'><strong>(Car.</strong></span> <span class='ocrx_word' id='word_1_670' title='bbox 1361 1691 1456 1738; x_wconf 80' lang='lat' dir='ltr'><strong>xlii.)</strong></span> <span class='ocrx_word' id='word_1_671' title='bbox 1478 1691 1566 1726; x_wconf 87' lang='lat' dir='ltr'><strong>Erat</strong></span> <span class='ocrx_word' id='word_1_672' title='bbox 1584 1699 1700 1727; x_wconf 87' lang='lat' dir='ltr'><strong>autem</strong></span> <span class='ocrx_word' id='word_1_673' title='bbox 1721 1692 1772 1729; x_wconf 81' lang='lat' dir='ltr'><strong>vir</strong></span> <span class='ocrx_word' id='word_1_674' title='bbox 1785 1692 1927 1740; x_wconf 83' lang='lat' dir='ltr'><strong>quidam</strong></span> <span class='ocrx_word' id='word_1_675' title='bbox 1946 1694 1987 1730; x_wconf 83' lang='lat' dir='ltr'><strong>dc</strong></span> <span class='ocrx_word' id='word_1_676' title='bbox 2003 1694 2128 1739; x_wconf 81' lang='lat' dir='ltr'><strong>saraa,</strong></span> <span class='ocrx_word' id='word_1_677' title='bbox 2150 1703 2180 1732; x_wconf 86' lang='lat' dir='ltr'><strong>et</strong></span> <span class='ocrx_word' id='word_1_678' title='bbox 2196 1697 2238 1732; x_wconf 81' lang='lat' dir='ltr'><strong>de</strong></span> 
     </span>
     <span class='ocr_line' id='line_1_95' title="bbox 1191 1748 2235 1794; baseline 0.006 -11"><span class='ocrx_word' id='word_1_679' title='bbox 1191 1748 1294 1794; x_wconf 80' lang='lat' dir='ltr'><strong>stirpe</strong></span> <span class='ocrx_word' id='word_1_680' title='bbox 1318 1749 1408 1791; x_wconf 89' lang='lat' dir='ltr'><strong>Dan,</strong></span> <span class='ocrx_word' id='word_1_681' title='bbox 1434 1749 1570 1785; x_wconf 85' lang='lat' dir='ltr'><strong>nomine</strong></span> <span class='ocrx_word' id='word_1_682' title='bbox 1587 1749 1731 1794; x_wconf 76' lang='lat' dir='ltr'><strong>Manae,</strong></span> <span class='ocrx_word' id='word_1_683' title='bbox 1751 1752 1879 1787; x_wconf 82' lang='lat' dir='ltr'><strong>habens</strong></span> <span class='ocrx_word' id='word_1_684' title='bbox 1906 1765 2048 1788; x_wconf 74' lang='lat' dir='ltr'><strong>uxorem</strong></span> <span class='ocrx_word' id='word_1_685' title='bbox 2074 1755 2235 1790; x_wconf 86' lang='lat' dir='ltr'><strong>sterilem.</strong></span> 
     </span>
     <span class='ocr_line' id='line_1_96' title="bbox 1191 1806 2237 1854; baseline 0.005 -12"><span class='ocrx_word' id='word_1_686' title='bbox 1191 1806 1258 1842; x_wconf 85' lang='lat' dir='ltr'><strong>Cui</strong></span> <span class='ocrx_word' id='word_1_687' title='bbox 1280 1808 1441 1854; x_wconf 84' lang='lat' dir='ltr'><strong>apparuit</strong></span> <span class='ocrx_word' id='word_1_688' title='bbox 1466 1808 1608 1854; x_wconf 70' lang='lat' dir='ltr'><strong>‹nzqetus</strong></span> <span class='ocrx_word' id='word_1_689' title='bbox 1625 1809 1777 1852; x_wconf 86' lang='lat' dir='ltr'><strong>Domini,</strong></span> <span class='ocrx_word' id='word_1_690' title='bbox 1811 1815 1842 1845; x_wconf 83' lang='lat' dir='ltr'><strong>ct</strong></span> <span class='ocrx_word' id='word_1_691' title='bbox 1868 1810 1955 1846; x_wconf 69' lang='lat' dir='ltr'><strong>dixit</strong></span> <span class='ocrx_word' id='word_1_692' title='bbox 1973 1811 2018 1846; x_wconf 79' lang='lat' dir='ltr'><strong>ad</strong></span> <span class='ocrx_word' id='word_1_693' title='bbox 2039 1822 2137 1846; x_wconf 76' lang='lat' dir='ltr'><strong>eant:</strong></span> <span class='ocrx_word' id='word_1_694' title='bbox 2164 1810 2237 1847; x_wconf 90' lang='lat' dir='ltr'><strong>Ste-</strong></span> 
     </span>
     <span class='ocr_line' id='line_1_97' title="bbox 1191 1867 2237 1917; baseline 0.005 -15"><span class='ocrx_word' id='word_1_695' title='bbox 1191 1867 1266 1902; x_wconf 86' lang='lat' dir='ltr'><strong>rilis</strong></span> <span class='ocrx_word' id='word_1_696' title='bbox 1292 1879 1349 1911; x_wconf 85' lang='lat' dir='ltr'><strong>es,</strong></span> <span class='ocrx_word' id='word_1_697' title='bbox 1382 1874 1412 1903; x_wconf 87' lang='lat' dir='ltr'><strong>et</strong></span> <span class='ocrx_word' id='word_1_698' title='bbox 1443 1869 1570 1915; x_wconf 85' lang='lat' dir='ltr'><strong>absque</strong></span> <span class='ocrx_word' id='word_1_699' title='bbox 1604 1868 1746 1913; x_wconf 84' lang='lat' dir='ltr'><strong>liberis;</strong></span> <span class='ocrx_word' id='word_1_700' title='bbox 1787 1870 1847 1905; x_wconf 83' lang='lat' dir='ltr'><strong>sed</strong></span> <span class='ocrx_word' id='word_1_701' title='bbox 1874 1871 2041 1917; x_wconf 85' lang='lat' dir='ltr'><strong>concipies</strong></span> <span class='ocrx_word' id='word_1_702' title='bbox 2071 1879 2101 1907; x_wconf 84' lang='lat' dir='ltr'><strong>et</strong></span> <span class='ocrx_word' id='word_1_703' title='bbox 2124 1872 2237 1917; x_wconf 72' lang='lat' dir='ltr'><strong>paries</strong></span> 
     </span>
     <span class='ocr_line' id='line_1_98' title="bbox 1191 1928 2239 1976; baseline 0.004 -12"><span class='ocrx_word' id='word_1_704' title='bbox 1191 1929 1319 1976; x_wconf 80' lang='lat' dir='ltr'><strong>filiunt.</strong></span> <span class='ocrx_word' id='word_1_705' title='bbox 1345 1928 1435 1964; x_wconf 76' lang='lat' dir='ltr'><strong>Cave</strong></span> <span class='ocrx_word' id='word_1_706' title='bbox 1457 1941 1536 1975; x_wconf 69' lang='lat' dir='ltr'><strong>erqo</strong></span> <span class='ocrx_word' id='word_1_707' title='bbox 1571 1941 1612 1965; x_wconf 90' lang='lat' dir='ltr'><strong>ne</strong></span> <span class='ocrx_word' id='word_1_708' title='bbox 1632 1930 1750 1965; x_wconf 72' lang='lat' dir='ltr'><strong>vinum</strong></span> <span class='ocrx_word' id='word_1_709' title='bbox 1782 1931 1890 1974; x_wconf 85' lang='lat' dir='ltr'><strong>bibas,</strong></span> <span class='ocrx_word' id='word_1_710' title='bbox 1916 1943 1955 1966; x_wconf 83' lang='lat' dir='ltr'><strong>ac</strong></span> <span class='ocrx_word' id='word_1_711' title='bbox 1989 1932 2145 1974; x_wconf 82' lang='lat' dir='ltr'><strong>siceram,</strong></span> <span class='ocrx_word' id='word_1_712' title='bbox 2179 1942 2239 1968; x_wconf 84' lang='lat' dir='ltr'><strong>nec</strong></span> 
     </span>
     <span class='ocr_line' id='line_1_99' title="bbox 1193 1989 2241 2038; baseline 0.003 -14"><span class='ocrx_word' id='word_1_713' title='bbox 1193 1989 1410 2024; x_wconf 81' lang='lat' dir='ltr'><strong>innnundunt</strong></span> <span class='ocrx_word' id='word_1_714' title='bbox 1435 1989 1625 2036; x_wconf 78' lang='lat' dir='ltr'><strong>quidquam</strong></span> <span class='ocrx_word' id='word_1_715' title='bbox 1643 1991 1802 2028; x_wconf 69' lang='lat' dir='ltr'><strong>comedas</strong></span> <span class='ocrx_word' id='word_1_716' title='bbox 1816 2002 1827 2033; x_wconf 89' lang='lat'><strong>,·</strong></span> <span class='ocrx_word' id='word_1_717' title='bbox 1847 1991 1928 2037; x_wconf 86' lang='lat' dir='ltr'><strong>quia</strong></span> <span class='ocrx_word' id='word_1_718' title='bbox 1944 1992 2112 2038; x_wconf 82' lang='lat' dir='ltr'><strong>concipies</strong></span> <span class='ocrx_word' id='word_1_719' title='bbox 2130 1999 2160 2027; x_wconf 84' lang='lat' dir='ltr'><strong>et</strong></span> <span class='ocrx_word' id='word_1_720' title='bbox 2178 2004 2241 2038; x_wconf 86' lang='lat' dir='ltr'><strong>pa-</strong></span> 
     </span>
    </p>

    <p class='ocr_par' dir='ltr' id='par_1_18' title="bbox 1142 2035 2243 2814">
     <span class='ocr_line' id='line_1_100' title="bbox 1142 2035 2239 2096; baseline 0.004 -14"><span class='ocrx_word' id='word_1_721' title='bbox 1142 2035 1171 2076; x_wconf 81' lang='lat' dir='ltr'>C</span> <span class='ocrx_word' id='word_1_722' title='bbox 1194 2049 1260 2083; x_wconf 84' lang='lat' dir='ltr'><strong>ries</strong></span> <span class='ocrx_word' id='word_1_723' title='bbox 1282 2048 1407 2093; x_wconf 76' lang='lat' dir='ltr'><strong>silium,</strong></span> <span class='ocrx_word' id='word_1_724' title='bbox 1446 2050 1547 2093; x_wconf 83' lang='lat' dir='ltr'><strong>cnjus</strong></span> <span class='ocrx_word' id='word_1_725' title='bbox 1583 2041 1792 2095; x_wconf 56' lang='lat' dir='ltr'><strong>no&#39;n&#39;tanyet</strong></span> <span class='ocrx_word' id='word_1_726' title='bbox 1824 2057 1924 2096; x_wconf 85' lang='lat' dir='ltr'><strong>caput</strong></span> <span class='ocrx_word' id='word_1_727' title='bbox 1953 2051 2145 2094; x_wconf 55' lang='lat' dir='ltr'><strong>uenantum</strong></span> <span class='ocrx_word' id='word_1_728' title='bbox 2177 2053 2239 2087; x_wconf 87' lang='lat' dir='ltr'><strong>crit</strong></span> 
     </span>
     <span class='ocr_line' id='line_1_101' title="bbox 1192 2108 2241 2153; baseline 0.002 -11"><span class='ocrx_word' id='word_1_729' title='bbox 1192 2109 1283 2142; x_wconf 73' lang='lat' dir='ltr'><strong>enini</strong></span> <span class='ocrx_word' id='word_1_730' title='bbox 1318 2108 1514 2142; x_wconf 74' lang='lat' dir='ltr'><strong>Nazaroeus</strong></span> <span class='ocrx_word' id='word_1_731' title='bbox 1532 2108 1595 2142; x_wconf 89' lang='lat' dir='ltr'><strong>Dei</strong></span> <span class='ocrx_word' id='word_1_732' title='bbox 1625 2109 1666 2142; x_wconf 85' lang='lat' dir='ltr'><strong>ab</strong></span> <span class='ocrx_word' id='word_1_733' title='bbox 1706 2109 1854 2153; x_wconf 71' lang='lat' dir='ltr'><strong>infantia</strong></span> <span class='ocrx_word' id='word_1_734' title='bbox 1884 2113 1964 2151; x_wconf 83' lang='lat' dir='ltr'><strong>sua,</strong></span> <span class='ocrx_word' id='word_1_735' title='bbox 1993 2114 2024 2144; x_wconf 84' lang='lat' dir='ltr'><strong>et</strong></span> <span class='ocrx_word' id='word_1_736' title='bbox 2052 2120 2094 2144; x_wconf 78' lang='lat' dir='ltr'><strong>ex</strong></span> <span class='ocrx_word' id='word_1_737' title='bbox 2123 2110 2241 2145; x_wconf 74' lang='lat' dir='ltr'><strong>matris</strong></span> 
     </span>
     <span class='ocr_line' id='line_1_102' title="bbox 1192 2166 2243 2213; baseline 0.004 -12"><span class='ocrx_word' id='word_1_738' title='bbox 1192 2173 1303 2210; x_wconf 78' lang='lat' dir='ltr'><strong>utero,</strong></span> <span class='ocrx_word' id='word_1_739' title='bbox 1333 2172 1363 2202; x_wconf 85' lang='lat' dir='ltr'><strong>et</strong></span> <span class='ocrx_word' id='word_1_740' title='bbox 1399 2167 1470 2213; x_wconf 84' lang='lat' dir='ltr'><strong>ipsc</strong></span> <span class='ocrx_word' id='word_1_741' title='bbox 1495 2167 1633 2213; x_wconf 85' lang='lat' dir='ltr'><strong>incipiet</strong></span> <span class='ocrx_word' id='word_1_742' title='bbox 1666 2166 1812 2202; x_wconf 84' lang='lat' dir='ltr'><strong>liberare</strong></span> <span class='ocrx_word' id='word_1_743' title='bbox 1833 2167 1946 2203; x_wconf 84' lang='lat' dir='ltr'><strong>Israel</strong></span> <span class='ocrx_word' id='word_1_744' title='bbox 1967 2169 2008 2204; x_wconf 77' lang='lat' dir='ltr'><strong>tle</strong></span> <span class='ocrx_word' id='word_1_745' title='bbox 2034 2181 2138 2205; x_wconf 88' lang='lat' dir='ltr'><strong>manu</strong></span> <span class='ocrx_word' id='word_1_746' title='bbox 2160 2168 2243 2205; x_wconf 74' lang='lat' dir='ltr'><strong>Pm-</strong></span> 
     </span>
     <span class='ocr_line' id='line_1_103' title="bbox 1192 2225 2242 2275; baseline 0.007 -15"><span class='ocrx_word' id='word_1_747' title='bbox 1192 2225 1405 2261; x_wconf 78' lang='lat' dir='ltr'><strong>listinorum.</strong></span> <span class='ocrx_word' id='word_1_748' title='bbox 1439 2227 1556 2269; x_wconf 86' lang='lat' dir='ltr'><strong>Quaeri</strong></span> <span class='ocrx_word' id='word_1_749' title='bbox 1571 2232 1688 2271; x_wconf 89' lang='lat' dir='ltr'><strong>potest</strong></span> <span class='ocrx_word' id='word_1_750' title='bbox 1706 2229 1882 2272; x_wconf 89' lang='lat' dir='ltr'><strong>quomodo</strong></span> <span class='ocrx_word' id='word_1_751' title='bbox 1897 2229 2024 2265; x_wconf 86' lang='lat' dir='ltr'><strong>dixerit</strong></span> <span class='ocrx_word' id='word_1_752' title='bbox 2038 2229 2184 2275; x_wconf 86' lang='lat' dir='ltr'><strong>angelus</strong></span> <span class='ocrx_word' id='word_1_753' title='bbox 2199 2231 2242 2267; x_wconf 88' lang='lat' dir='ltr'><strong>ad</strong></span> 
     </span>
     <span class='ocr_line' id='line_1_104' title="bbox 1191 2286 2240 2326; baseline 0.004 -5"><span class='ocrx_word' id='word_1_754' title='bbox 1191 2291 1343 2321; x_wconf 85' lang='lat' dir='ltr'><strong>matrem</strong></span> <span class='ocrx_word' id='word_1_755' title='bbox 1379 2286 1550 2326; x_wconf 87' lang='lat' dir='ltr'><strong>Samson,</strong></span> <span class='ocrx_word' id='word_1_756' title='bbox 1590 2295 1671 2320; x_wconf 88' lang='lat' dir='ltr'><strong>cum</strong></span> <span class='ocrx_word' id='word_1_757' title='bbox 1702 2286 1927 2321; x_wconf 86' lang='lat' dir='ltr'><strong>annuntiaret</strong></span> <span class='ocrx_word' id='word_1_758' title='bbox 1954 2287 1985 2320; x_wconf 87' lang='lat' dir='ltr'><strong>ei</strong></span> <span class='ocrx_word' id='word_1_759' title='bbox 2013 2288 2123 2322; x_wconf 86' lang='lat' dir='ltr'><strong>lilium</strong></span> <span class='ocrx_word' id='word_1_760' title='bbox 2142 2287 2240 2325; x_wconf 55' lang='lat' dir='ltr'><strong>futu»-</strong></span> 
     </span>
     <span class='ocr_line' id='line_1_105' title="bbox 1192 2343 2243 2391; baseline 0.002 -11"><span class='ocrx_word' id='word_1_761' title='bbox 1192 2356 1285 2389; x_wconf 81' lang='lat' dir='ltr'><strong>rum,</strong></span> <span class='ocrx_word' id='word_1_762' title='bbox 1321 2345 1403 2391; x_wconf 79' lang='lat' dir='ltr'><strong>quin</strong></span> <span class='ocrx_word' id='word_1_763' title='bbox 1425 2344 1557 2379; x_wconf 85' lang='lat' dir='ltr'><strong>sterilis</strong></span> <span class='ocrx_word' id='word_1_764' title='bbox 1572 2349 1649 2378; x_wconf 83' lang='lat' dir='ltr'><strong>erat</strong></span> <span class='ocrx_word' id='word_1_765' title='bbox 1668 2356 1675 2378; x_wconf 93' lang='lat'>:</span> <span class='ocrx_word' id='word_1_766' title='bbox 1699 2343 1744 2378; x_wconf 84' lang='lat' dir='ltr'><strong>Et</strong></span> <span class='ocrx_word' id='word_1_767' title='bbox 1762 2355 1852 2379; x_wconf 85' lang='lat' dir='ltr'><strong>nuuc</strong></span> <span class='ocrx_word' id='word_1_768' title='bbox 1872 2345 2024 2388; x_wconf 75' lang='lat' dir='ltr'><strong>observa,</strong></span> <span class='ocrx_word' id='word_1_769' title='bbox 2045 2353 2076 2380; x_wconf 80' lang='lat' dir='ltr'><strong>ct</strong></span> <span class='ocrx_word' id='word_1_770' title='bbox 2097 2358 2165 2382; x_wconf 88' lang='lat' dir='ltr'><strong>non</strong></span> <span class='ocrx_word' id='word_1_771' title='bbox 2194 2347 2243 2382; x_wconf 79' lang='lat' dir='ltr'><strong>tn·-</strong></span> 
     </span>
     <span class='ocr_line' id='line_1_106' title="bbox 1193 2405 2242 2447; baseline 0.001 -7"><span class='ocrx_word' id='word_1_772' title='bbox 1193 2406 1252 2440; x_wconf 82' lang='lat' dir='ltr'><strong>bus</strong></span> <span class='ocrx_word' id='word_1_773' title='bbox 1278 2405 1394 2440; x_wconf 78' lang='lat' dir='ltr'><strong>vinum</strong></span> <span class='ocrx_word' id='word_1_774' title='bbox 1413 2411 1444 2440; x_wconf 87' lang='lat' dir='ltr'><strong>ct</strong></span> <span class='ocrx_word' id='word_1_775' title='bbox 1467 2405 1629 2447; x_wconf 77' lang='lat' dir='ltr'><strong>siceram,</strong></span> <span class='ocrx_word' id='word_1_776' title='bbox 1658 2415 1725 2439; x_wconf 89' lang='lat' dir='ltr'><strong>non</strong></span> <span class='ocrx_word' id='word_1_777' title='bbox 1751 2405 1937 2439; x_wconf 79' lang='lat' dir='ltr'><strong>ntantluces</strong></span> <span class='ocrx_word' id='word_1_778' title='bbox 1967 2416 2064 2440; x_wconf 86' lang='lat' dir='ltr'><strong>omne</strong></span> <span class='ocrx_word' id='word_1_779' title='bbox 2094 2406 2242 2442; x_wconf 81' lang='lat' dir='ltr'><strong>immun-</strong></span> 
     </span>
     <span class='ocr_line' id='line_1_107' title="bbox 1193 2464 2239 2509; baseline 0.003 -9"><span class='ocrx_word' id='word_1_780' title='bbox 1193 2467 1288 2501; x_wconf 80' lang='lat' dir='ltr'><strong>dum.</strong></span> <span class='ocrx_word' id='word_1_781' title='bbox 1317 2465 1409 2509; x_wconf 85' lang='lat' dir='ltr'><strong>Quid</strong></span> <span class='ocrx_word' id='word_1_782' title='bbox 1424 2471 1478 2501; x_wconf 86' lang='lat' dir='ltr'><strong>est</strong></span> <span class='ocrx_word' id='word_1_783' title='bbox 1497 2465 1592 2500; x_wconf 91' lang='lat' dir='ltr'><strong>enim</strong></span> <span class='ocrx_word' id='word_1_784' title='bbox 1608 2465 1842 2506; x_wconf 85' lang='lat' dir='ltr'><strong>immundum,</strong></span> <span class='ocrx_word' id='word_1_785' title='bbox 1864 2466 1930 2500; x_wconf 88' lang='lat' dir='ltr'><strong>nisi</strong></span> <span class='ocrx_word' id='word_1_786' title='bbox 1946 2464 2036 2501; x_wconf 88' lang='lat' dir='ltr'><strong>sorte</strong></span> <span class='ocrx_word' id='word_1_787' title='bbox 2056 2465 2239 2503; x_wconf 88' lang='lat' dir='ltr'><strong>dissolutio</strong></span> 
     </span>
     <span class='ocr_line' id='line_1_108' title="bbox 1194 2525 2239 2573; baseline -0.002 -9"><span class='ocrx_word' id='word_1_788' title='bbox 1194 2527 1401 2573; x_wconf 64' lang='lat' dir='ltr'><strong>disciplinae,</strong></span> <span class='ocrx_word' id='word_1_789' title='bbox 1424 2536 1502 2572; x_wconf 68' lang='lat' dir='ltr'><strong>quat</strong></span> <span class='ocrx_word' id='word_1_790' title='bbox 1521 2537 1599 2562; x_wconf 83' lang='lat' dir='ltr'><strong>csse</strong></span> <span class='ocrx_word' id='word_1_791' title='bbox 1615 2532 1772 2571; x_wconf 79' lang='lat' dir='ltr'><strong>coeperat</strong></span> <span class='ocrx_word' id='word_1_792' title='bbox 1789 2526 1822 2560; x_wconf 90' lang='lat' dir='ltr'><strong>in</strong></span> <span class='ocrx_word' id='word_1_793' title='bbox 1843 2525 1961 2568; x_wconf 74' lang='lat' dir='ltr'><strong>lsrael,</strong></span> <span class='ocrx_word' id='word_1_794' title='bbox 1981 2531 2017 2562; x_wconf 89' lang='lat' dir='ltr'><strong>ct</strong></span> <span class='ocrx_word' id='word_1_795' title='bbox 2039 2525 2113 2570; x_wconf 87' lang='lat' dir='ltr'><strong>jam</strong></span> <span class='ocrx_word' id='word_1_796' title='bbox 2139 2525 2182 2562; x_wconf 87' lang='lat' dir='ltr'><strong>ad</strong></span> <span class='ocrx_word' id='word_1_797' title='bbox 2197 2535 2239 2562; x_wconf 84' lang='lat' dir='ltr'><strong>ca</strong></span> 
     </span>
     <span class='ocr_line' id='line_1_109' title="bbox 1193 2585 2239 2631; baseline -0.002 -7"><span class='ocrx_word' id='word_1_798' title='bbox 1193 2587 1439 2625; x_wconf 78' lang='lat' dir='ltr'><strong>manducanda</strong></span> <span class='ocrx_word' id='word_1_799' title='bbox 1458 2597 1519 2622; x_wconf 89' lang='lat' dir='ltr'><strong>eos</strong></span> <span class='ocrx_word' id='word_1_800' title='bbox 1539 2585 1772 2628; x_wconf 79' lang='lat' dir='ltr'><strong>labefecerat,</strong></span> <span class='ocrx_word' id='word_1_801' title='bbox 1806 2596 1884 2631; x_wconf 67' lang='lat' dir='ltr'><strong>qnae</strong></span> <span class='ocrx_word' id='word_1_802' title='bbox 1901 2586 2131 2631; x_wconf 84' lang='lat' dir='ltr'><strong>prohibuerat</strong></span> <span class='ocrx_word' id='word_1_803' title='bbox 2147 2586 2239 2622; x_wconf 85' lang='lat' dir='ltr'><strong>Deus</strong></span> 
     </span>
     <span class='ocr_line' id='line_1_110' title="bbox 1193 2646 2240 2695; baseline -0.004 -10"><span class='ocrx_word' id='word_1_804' title='bbox 1193 2650 1229 2685; x_wconf 89' lang='lat' dir='ltr'><strong>in</strong></span> <span class='ocrx_word' id='word_1_805' title='bbox 1256 2648 1446 2695; x_wconf 79' lang='lat' dir='ltr'><strong>generibus</strong></span> <span class='ocrx_word' id='word_1_806' title='bbox 1478 2646 1712 2682; x_wconf 77' lang='lat' dir='ltr'><strong>animalium?</strong></span> <span class='ocrx_word' id='word_1_807' title='bbox 1744 2647 1814 2682; x_wconf 82' lang='lat' dir='ltr'><strong>Cur</strong></span> <span class='ocrx_word' id='word_1_808' title='bbox 1844 2646 1938 2682; x_wconf 86' lang='lat' dir='ltr'><strong>enim</strong></span> <span class='ocrx_word' id='word_1_809' title='bbox 1974 2658 2043 2681; x_wconf 88' lang='lat' dir='ltr'><strong>non</strong></span> <span class='ocrx_word' id='word_1_810' title='bbox 2074 2646 2240 2682; x_wconf 80' lang='lat' dir='ltr'><strong>credatur</strong></span> 
     </span>
     <span class='ocr_line' id='line_1_111' title="bbox 1193 2708 2237 2755; baseline -0.003 -9"><span class='ocrx_word' id='word_1_811' title='bbox 1193 2711 1301 2747; x_wconf 86' lang='lat' dir='ltr'><strong>etiam</strong></span> <span class='ocrx_word' id='word_1_812' title='bbox 1321 2710 1388 2746; x_wconf 87' lang='lat' dir='ltr'><strong>hoe</strong></span> <span class='ocrx_word' id='word_1_813' title='bbox 1403 2721 1464 2746; x_wconf 91' lang='lat' dir='ltr'><strong>eos</strong></span> <span class='ocrx_word' id='word_1_814' title='bbox 1484 2709 1595 2745; x_wconf 88' lang='lat' dir='ltr'><strong>multo</strong></span> <span class='ocrx_word' id='word_1_815' title='bbox 1625 2708 1817 2755; x_wconf 76' lang='lat' dir='ltr'><strong>proclivius</strong></span> <span class='ocrx_word' id='word_1_816' title='bbox 1841 2708 1958 2743; x_wconf 85' lang='lat' dir='ltr'><strong>l&#39;accre</strong></span> <span class='ocrx_word' id='word_1_817' title='bbox 1976 2710 2145 2754; x_wconf 84' lang='lat' dir='ltr'><strong>potuisse,</strong></span> <span class='ocrx_word' id='word_1_818' title='bbox 2178 2708 2237 2754; x_wconf 83' lang='lat' dir='ltr'><strong>qui</strong></span> 
     </span>
     <span class='ocr_line' id='line_1_112' title="bbox 1194 2766 2098 2814; baseline -0.007 -7"><span class='ocrx_word' id='word_1_819' title='bbox 1194 2773 1302 2808; x_wconf 89' lang='lat' dir='ltr'><strong>etiam</strong></span> <span class='ocrx_word' id='word_1_820' title='bbox 1317 2772 1361 2807; x_wconf 90' lang='lat' dir='ltr'><strong>ad</strong></span> <span class='ocrx_word' id='word_1_821' title='bbox 1378 2770 1511 2807; x_wconf 90' lang='lat' dir='ltr'><strong>cultum</strong></span> <span class='ocrx_word' id='word_1_822' title='bbox 1534 2768 1707 2805; x_wconf 86' lang='lat' dir='ltr'><strong>idolorum</strong></span> <span class='ocrx_word' id='word_1_823' title='bbox 1725 2766 2098 2814; x_wconf 83' lang='lat' dir='ltr'><strong>transgrediebantur?</strong></span> 
     </span>
    </p>

    <p class='ocr_par' dir='ltr' id='par_1_19' title="bbox 1195 2822 2240 2935">
     <span class='ocr_line' id='line_1_113' title="bbox 1243 2822 2240 2876; baseline -0.006 -8"><span class='ocrx_word' id='word_1_824' title='bbox 1243 2833 1329 2876; x_wconf 61' lang='lat' dir='ltr'><strong>Quae</strong></span> <span class='ocrx_word' id='word_1_825' title='bbox 1349 2843 1426 2867; x_wconf 87' lang='lat' dir='ltr'><strong>cum</strong></span> <span class='ocrx_word' id='word_1_826' title='bbox 1441 2831 1581 2866; x_wconf 78' lang='lat' dir='ltr'><strong>venisset</strong></span> <span class='ocrx_word' id='word_1_827' title='bbox 1599 2829 1644 2864; x_wconf 83' lang='lat' dir='ltr'><strong>ad</strong></span> <span class='ocrx_word' id='word_1_828' title='bbox 1669 2830 1834 2864; x_wconf 83' lang='lat' dir='ltr'><strong>maritum</strong></span> <span class='ocrx_word' id='word_1_829' title='bbox 1854 2838 1970 2870; x_wconf 83' lang='lat' dir='ltr'><strong>suunt,</strong></span> <span class='ocrx_word' id='word_1_830' title='bbox 1999 2827 2085 2861; x_wconf 75' lang='lat' dir='ltr'><strong>dixit</strong></span> <span class='ocrx_word' id='word_1_831' title='bbox 2099 2827 2151 2861; x_wconf 87' lang='lat' dir='ltr'><strong>ei:</strong></span> <span class='ocrx_word' id='word_1_832' title='bbox 2180 2822 2240 2862; x_wconf 72' lang='lat' dir='ltr'><strong>t&#39;ir</strong></span> 
     </span>
     <span class='ocr_line' id='line_1_114' title="bbox 1195 2886 2239 2935; baseline -0.009 -5"><span class='ocrx_word' id='word_1_833' title='bbox 1195 2894 1258 2931; x_wconf 82' lang='lat' dir='ltr'><strong>Dei</strong></span> <span class='ocrx_word' id='word_1_834' title='bbox 1286 2895 1373 2930; x_wconf 81' lang='lat' dir='ltr'><strong>venit</strong></span> <span class='ocrx_word' id='word_1_835' title='bbox 1394 2893 1438 2928; x_wconf 81' lang='lat' dir='ltr'><strong>ad</strong></span> <span class='ocrx_word' id='word_1_836' title='bbox 1457 2903 1521 2934; x_wconf 83' lang='lat' dir='ltr'><strong>nte,</strong></span> <span class='ocrx_word' id='word_1_837' title='bbox 1540 2892 1667 2927; x_wconf 79' lang='lat' dir='ltr'><strong>itabens</strong></span> <span class='ocrx_word' id='word_1_838' title='bbox 1688 2890 1817 2926; x_wconf 78' lang='lat' dir='ltr'><strong>vultum</strong></span> <span class='ocrx_word' id='word_1_839' title='bbox 1838 2889 2043 2935; x_wconf 67' lang='lat' dir='ltr'><strong>angelicum,</strong></span> <span class='ocrx_word' id='word_1_840' title='bbox 2078 2886 2239 2922; x_wconf 79' lang='lat' dir='ltr'><strong>terribilis</strong></span> 
     </span>
    </p>

    <p class='ocr_par' dir='ltr' id='par_1_20' title="bbox 1143 2947 2239 3788">
     <span class='ocr_line' id='line_1_115' title="bbox 1143 2947 2239 2998; baseline -0.01 -5"><span class='ocrx_word' id='word_1_841' title='bbox 1143 2947 1179 2987; x_wconf 85' lang='lat' dir='ltr'>D</span> <span class='ocrx_word' id='word_1_842' title='bbox 1197 2957 1311 2993; x_wconf 85' lang='lat' dir='ltr'><strong>nimis.</strong></span> <span class='ocrx_word' id='word_1_843' title='bbox 1336 2955 1446 2998; x_wconf 80' lang='lat' dir='ltr'><strong>Quem</strong></span> <span class='ocrx_word' id='word_1_844' title='bbox 1467 2964 1544 2988; x_wconf 78' lang='lat' dir='ltr'><strong>cunt</strong></span> <span class='ocrx_word' id='word_1_845' title='bbox 1569 2954 1831 2997; x_wconf 66' lang='lat' dir='ltr'><strong>interrogassent</strong></span> <span class='ocrx_word' id='word_1_846' title='bbox 1860 2950 1938 2996; x_wconf 81' lang='lat' dir='ltr'><strong>quis</strong></span> <span class='ocrx_word' id='word_1_847' title='bbox 1964 2954 2064 2991; x_wconf 78' lang='lat' dir='ltr'><strong>esset,</strong></span> <span class='ocrx_word' id='word_1_848' title='bbox 2091 2954 2121 2983; x_wconf 83' lang='lat' dir='ltr'><strong>et</strong></span> <span class='ocrx_word' id='word_1_849' title='bbox 2151 2948 2239 2983; x_wconf 81' lang='lat' dir='ltr'><strong>unde</strong></span> 
     </span>
     <span class='ocr_line' id='line_1_116' title="bbox 1196 3007 2235 3060; baseline -0.011 -8"><span class='ocrx_word' id='word_1_850' title='bbox 1196 3016 1356 3059; x_wconf 84' lang='lat' dir='ltr'><strong>venisset,</strong></span> <span class='ocrx_word' id='word_1_851' title='bbox 1380 3022 1410 3050; x_wconf 85' lang='lat' dir='ltr'><strong>et</strong></span> <span class='ocrx_word' id='word_1_852' title='bbox 1428 3025 1496 3060; x_wconf 87' lang='lat' dir='ltr'><strong>quo</strong></span> <span class='ocrx_word' id='word_1_853' title='bbox 1512 3012 1648 3048; x_wconf 85' lang='lat' dir='ltr'><strong>nomine</strong></span> <span class='ocrx_word' id='word_1_854' title='bbox 1667 3017 1859 3051; x_wconf 74' lang='lat' dir='ltr'><strong>vocaretur,</strong></span> <span class='ocrx_word' id='word_1_855' title='bbox 1885 3008 1992 3044; x_wconf 81' lang='lat' dir='ltr'><strong>noluit</strong></span> <span class='ocrx_word' id='word_1_856' title='bbox 2008 3009 2089 3044; x_wconf 83' lang='lat' dir='ltr'><strong>mihi</strong></span> <span class='ocrx_word' id='word_1_857' title='bbox 2114 3007 2235 3042; x_wconf 82' lang='lat' dir='ltr'><strong>dicere.</strong></span> 
     </span>
     <span class='ocr_line' id='line_1_117' title="bbox 1199 3067 2236 3120; baseline -0.011 -9"><span class='ocrx_word' id='word_1_858' title='bbox 1199 3076 1299 3120; x_wconf 83' lang='lat' dir='ltr'><strong>Quod</strong></span> <span class='ocrx_word' id='word_1_859' title='bbox 1319 3081 1436 3110; x_wconf 80' lang='lat' dir='ltr'><strong>mater</strong></span> <span class='ocrx_word' id='word_1_860' title='bbox 1470 3072 1621 3109; x_wconf 87' lang='lat' dir='ltr'><strong>Samson</strong></span> <span class='ocrx_word' id='word_1_861' title='bbox 1648 3071 1724 3107; x_wconf 83' lang='lat' dir='ltr'><strong>viro</strong></span> <span class='ocrx_word' id='word_1_862' title='bbox 1748 3080 1813 3105; x_wconf 88' lang='lat' dir='ltr'><strong>sno</strong></span> <span class='ocrx_word' id='word_1_863' title='bbox 1833 3069 1991 3103; x_wconf 84' lang='lat' dir='ltr'><strong>indicans</strong></span> <span class='ocrx_word' id='word_1_864' title='bbox 2012 3067 2236 3111; x_wconf 82' lang='lat' dir='ltr'><strong>quemadmo-</strong></span> 
     </span>
     <span class='ocr_line' id='line_1_118' title="bbox 1201 3125 2230 3181; baseline -0.013 -8"><span class='ocrx_word' id='word_1_865' title='bbox 1201 3139 1284 3174; x_wconf 86' lang='lat' dir='ltr'><strong>dum</strong></span> <span class='ocrx_word' id='word_1_866' title='bbox 1300 3136 1350 3173; x_wconf 91' lang='lat' dir='ltr'><strong>illi</strong></span> <span class='ocrx_word' id='word_1_867' title='bbox 1374 3135 1521 3181; x_wconf 84' lang='lat' dir='ltr'><strong>angelus</strong></span> <span class='ocrx_word' id='word_1_868' title='bbox 1540 3130 1800 3170; x_wconf 84' lang='lat' dir='ltr'><strong>annuntiaverit</strong></span> <span class='ocrx_word' id='word_1_869' title='bbox 1815 3128 1923 3163; x_wconf 86' lang='lat' dir='ltr'><strong>filium</strong></span> <span class='ocrx_word' id='word_1_870' title='bbox 1949 3127 2103 3162; x_wconf 82' lang='lat' dir='ltr'><strong>futurum</strong></span> <span class='ocrx_word' id='word_1_871' title='bbox 2118 3125 2230 3162; x_wconf 83' lang='lat' dir='ltr'><strong>dixit:</strong></span> 
     </span>
     <span class='ocr_line' id='line_1_119' title="bbox 1202 3190 2233 3243; baseline -0.012 -10"><span class='ocrx_word' id='word_1_872' title='bbox 1202 3197 1247 3234; x_wconf 86' lang='lat' dir='ltr'><strong>Et</strong></span> <span class='ocrx_word' id='word_1_873' title='bbox 1265 3196 1518 3243; x_wconf 76' lang='lat' dir='ltr'><strong>interroqabam</strong></span> <span class='ocrx_word' id='word_1_874' title='bbox 1533 3204 1611 3229; x_wconf 86' lang='lat' dir='ltr'><strong>eum</strong></span> <span class='ocrx_word' id='word_1_875' title='bbox 1640 3190 1728 3226; x_wconf 85' lang='lat' dir='ltr'><strong>unde</strong></span> <span class='ocrx_word' id='word_1_876' title='bbox 1743 3194 1843 3231; x_wconf 79' lang='lat' dir='ltr'><strong>esset,</strong></span> <span class='ocrx_word' id='word_1_877' title='bbox 1864 3193 1895 3222; x_wconf 83' lang='lat' dir='ltr'><strong>et</strong></span> <span class='ocrx_word' id='word_1_878' title='bbox 1911 3197 2032 3222; x_wconf 86' lang='lat' dir='ltr'><strong>nomen</strong></span> <span class='ocrx_word' id='word_1_879' title='bbox 2051 3197 2149 3221; x_wconf 77' lang='lat' dir='ltr'><strong>suum</strong></span> <span class='ocrx_word' id='word_1_880' title='bbox 2166 3197 2233 3221; x_wconf 87' lang='lat' dir='ltr'><strong>non</strong></span> 
     </span>
     <span class='ocr_line' id='line_1_120' title="bbox 1201 3245 2230 3296; baseline -0.016 -1"><span class='ocrx_word' id='word_1_881' title='bbox 1201 3258 1419 3295; x_wconf 78' lang='lat' dir='ltr'><strong>annuntiavit</strong></span> <span class='ocrx_word' id='word_1_882' title='bbox 1437 3255 1532 3295; x_wconf 69' lang='lat' dir='ltr'><strong>milii,</strong></span> <span class='ocrx_word' id='word_1_883' title='bbox 1553 3250 1662 3296; x_wconf 83' lang='lat' dir='ltr'><strong>quaeri</strong></span> <span class='ocrx_word' id='word_1_884' title='bbox 1682 3254 1798 3295; x_wconf 90' lang='lat' dir='ltr'><strong>potest</strong></span> <span class='ocrx_word' id='word_1_885' title='bbox 1819 3253 1935 3282; x_wconf 87' lang='lat' dir='ltr'><strong>utrum</strong></span> <span class='ocrx_word' id='word_1_886' title='bbox 1955 3255 2075 3283; x_wconf 80' lang='lat' dir='ltr'><strong>verum</strong></span> <span class='ocrx_word' id='word_1_887' title='bbox 2089 3245 2230 3287; x_wconf 81' lang='lat' dir='ltr'><strong>dixerit,</strong></span> 
     </span>
     <span class='ocr_line' id='line_1_121' title="bbox 1202 3305 2232 3367; baseline -0.017 -10"><span class='ocrx_word' id='word_1_888' title='bbox 1202 3319 1369 3367; x_wconf 88' lang='lat' dir='ltr'><strong>quoniam</strong></span> <span class='ocrx_word' id='word_1_889' title='bbox 1394 3325 1463 3351; x_wconf 95' lang='lat' dir='ltr'><strong>non</strong></span> <span class='ocrx_word' id='word_1_890' title='bbox 1486 3312 1627 3358; x_wconf 82' lang='lat' dir='ltr'><strong>legitur,</strong></span> <span class='ocrx_word' id='word_1_891' title='bbox 1665 3319 1745 3344; x_wconf 90' lang='lat' dir='ltr'><strong>cum</strong></span> <span class='ocrx_word' id='word_1_892' title='bbox 1764 3308 1796 3344; x_wconf 86' lang='lat' dir='ltr'><strong>ei</strong></span> <span class='ocrx_word' id='word_1_893' title='bbox 1827 3306 1972 3352; x_wconf 84' lang='lat' dir='ltr'><strong>angelus</strong></span> <span class='ocrx_word' id='word_1_894' title='bbox 2005 3305 2232 3352; x_wconf 84' lang='lat' dir='ltr'><strong>loqueretur?</strong></span> 
     </span>
     <span class='ocr_line' id='line_1_122' title="bbox 1203 3365 2228 3420; baseline -0.017 -4"><span class='ocrx_word' id='word_1_895' title='bbox 1203 3380 1273 3417; x_wconf 88' lang='lat' dir='ltr'><strong>Sed</strong></span> <span class='ocrx_word' id='word_1_896' title='bbox 1295 3372 1559 3420; x_wconf 81' lang='lat' dir='ltr'><strong>intelligendum</strong></span> <span class='ocrx_word' id='word_1_897' title='bbox 1581 3375 1637 3406; x_wconf 89' lang='lat' dir='ltr'><strong>est</strong></span> <span class='ocrx_word' id='word_1_898' title='bbox 1657 3369 1725 3405; x_wconf 86' lang='lat' dir='ltr'><strong>hoc</strong></span> <span class='ocrx_word' id='word_1_899' title='bbox 1749 3367 1798 3403; x_wconf 88' lang='lat' dir='ltr'><strong>ibi</strong></span> <span class='ocrx_word' id='word_1_900' title='bbox 1818 3366 2038 3412; x_wconf 67' lang='lat' dir='ltr'><strong>Scriptorum</strong></span> <span class='ocrx_word' id='word_1_901' title='bbox 2069 3365 2228 3405; x_wconf 84' lang='lat' dir='ltr'><strong>tacuisse,</strong></span> 
     </span>
     <span class='ocr_line' id='line_1_123' title="bbox 1200 3422 2232 3476; baseline -0.016 -1"><span class='ocrx_word' id='word_1_902' title='bbox 1200 3439 1258 3476; x_wconf 85' lang='lat' dir='ltr'><strong>bic</strong></span> <span class='ocrx_word' id='word_1_903' title='bbox 1276 3442 1396 3472; x_wconf 88' lang='lat' dir='ltr'><strong>autem</strong></span> <span class='ocrx_word' id='word_1_904' title='bbox 1414 3439 1711 3470; x_wconf 87' lang='lat' dir='ltr'><strong>commemorasse</strong></span> <span class='ocrx_word' id='word_1_905' title='bbox 1741 3428 1837 3475; x_wconf 86' lang='lat' dir='ltr'><strong>quod</strong></span> <span class='ocrx_word' id='word_1_906' title='bbox 1867 3427 1916 3464; x_wconf 80' lang='lat' dir='ltr'><strong>ihi</strong></span> <span class='ocrx_word' id='word_1_907' title='bbox 1947 3431 2117 3463; x_wconf 75' lang='lat' dir='ltr'><strong>tacuerat.</strong></span> <span class='ocrx_word' id='word_1_908' title='bbox 2146 3422 2232 3460; x_wconf 83' lang='lat' dir='ltr'><strong>Illud</strong></span> 
     </span>
     <span class='ocr_line' id='line_1_124' title="bbox 1199 3487 2231 3544; baseline -0.016 -8"><span class='ocrx_word' id='word_1_909' title='bbox 1199 3500 1306 3537; x_wconf 88' lang='lat' dir='ltr'><strong>etiam</strong></span> <span class='ocrx_word' id='word_1_910' title='bbox 1325 3496 1420 3544; x_wconf 84' lang='lat' dir='ltr'><strong>quod</strong></span> <span class='ocrx_word' id='word_1_911' title='bbox 1435 3505 1508 3531; x_wconf 87' lang='lat' dir='ltr'><strong>non</strong></span> <span class='ocrx_word' id='word_1_912' title='bbox 1525 3494 1576 3530; x_wconf 79' lang='lat' dir='ltr'><strong>ait</strong></span> <span class='ocrx_word' id='word_1_913' title='bbox 1592 3505 1600 3528; x_wconf 92' lang='lat'>:</span> <span class='ocrx_word' id='word_1_914' title='bbox 1621 3490 1837 3538; x_wconf 65' lang='lat' dir='ltr'><strong>latero-ayant</strong></span> <span class='ocrx_word' id='word_1_915' title='bbox 1857 3499 1935 3524; x_wconf 70' lang='lat' dir='ltr'><strong>eun</strong></span> <span class='ocrx_word' id='word_1_916' title='bbox 1947 3487 2030 3535; x_wconf 70' lang='lat' dir='ltr'><strong>quid</strong></span> <span class='ocrx_word' id='word_1_917' title='bbox 2044 3491 2231 3527; x_wconf 70' lang='lat' dir='ltr'><strong>vocamur,</strong></span> 
     </span>
     <span class='ocr_line' id='line_1_125' title="bbox 1201 3543 2234 3597; baseline -0.016 -1"><span class='ocrx_word' id='word_1_918' title='bbox 1201 3566 1232 3597; x_wconf 85' lang='lat' dir='ltr'><strong>et</strong></span> <span class='ocrx_word' id='word_1_919' title='bbox 1251 3567 1374 3595; x_wconf 81' lang='lat' dir='ltr'><strong>nomen</strong></span> <span class='ocrx_word' id='word_1_920' title='bbox 1390 3565 1493 3592; x_wconf 74' lang='lat' dir='ltr'><strong>suum</strong></span> <span class='ocrx_word' id='word_1_921' title='bbox 1510 3564 1579 3590; x_wconf 77' lang='lat' dir='ltr'><strong>non</strong></span> <span class='ocrx_word' id='word_1_922' title='bbox 1593 3548 1920 3591; x_wconf 58' lang='lat' dir='ltr'><strong>annuntiantum,</strong></span> <span class='ocrx_word' id='word_1_923' title='bbox 1940 3547 2003 3584; x_wconf 86' lang='lat' dir='ltr'><strong>sed</strong></span> <span class='ocrx_word' id='word_1_924' title='bbox 2018 3546 2068 3583; x_wconf 79' lang='lat' dir='ltr'><strong>ait</strong></span> <span class='ocrx_word' id='word_1_925' title='bbox 2084 3556 2093 3581; x_wconf 80' lang='lat' dir='ltr'><strong>t</strong></span> <span class='ocrx_word' id='word_1_926' title='bbox 2119 3543 2234 3581; x_wconf 68' lang='lat' dir='ltr'><strong>tnur-</strong></span> 
     </span>
     <span class='ocr_line' id='line_1_126' title="bbox 1199 3603 2230 3673; baseline -0.018 -15"><span class='ocrx_word' id='word_1_927' title='bbox 1199 3618 1316 3667; x_wconf 62' lang='lat' dir='ltr'><strong>roquos</strong></span> <span class='ocrx_word' id='word_1_928' title='bbox 1331 3617 1422 3655; x_wconf 73' lang='lat' dir='ltr'><strong>unde</strong></span> <span class='ocrx_word' id='word_1_929' title='bbox 1437 3620 1538 3658; x_wconf 66' lang='lat' dir='ltr'><strong>atet,</strong></span> <span class='ocrx_word' id='word_1_930' title='bbox 1566 3612 1707 3650; x_wconf 77' lang='lat' dir='ltr'><strong>videtur</strong></span> <span class='ocrx_word' id='word_1_931' title='bbox 1721 3611 1979 3654; x_wconf 73' lang='lat' dir='ltr'><strong>inconsequens</strong></span> <span class='ocrx_word' id='word_1_932' title='bbox 1996 3603 2230 3673; x_wconf 29' lang='lat' dir='ltr'><strong>quoduaddit:</strong></span> 
     </span>
     <span class='ocr_line' id='line_1_127' title="bbox 1198 3668 2234 3718; baseline -0.016 0"><span class='ocrx_word' id='word_1_933' title='bbox 1198 3681 1243 3718; x_wconf 85' lang='lat' dir='ltr'><strong>Et</strong></span> <span class='ocrx_word' id='word_1_934' title='bbox 1257 3689 1381 3716; x_wconf 81' lang='lat' dir='ltr'><strong>nomen</strong></span> <span class='ocrx_word' id='word_1_935' title='bbox 1392 3687 1496 3714; x_wconf 69' lang='lat' dir='ltr'><strong>sum</strong></span> <span class='ocrx_word' id='word_1_936' title='bbox 1511 3685 1581 3714; x_wconf 68' lang='lat' dir='ltr'><strong>non</strong></span> <span class='ocrx_word' id='word_1_937' title='bbox 1592 3671 1807 3711; x_wconf 61' lang='lat' dir='ltr'><strong>musas-&#39;t</strong></span> <span class='ocrx_word' id='word_1_938' title='bbox 1826 3668 1932 3711; x_wconf 67' lang='grc' dir='ltr'><strong>ιιιἸιές</strong></span> <span class='ocrx_word' id='word_1_939' title='bbox 1963 3676 2036 3705; x_wconf 79' lang='lat' dir='ltr'><strong>non</strong></span> <span class='ocrx_word' id='word_1_940' title='bbox 2051 3674 2148 3704; x_wconf 75' lang='lat' dir='ltr'><strong>ent-</strong></span> <span class='ocrx_word' id='word_1_941' title='bbox 2169 3672 2234 3702; x_wconf 75' lang='grc' dir='ltr'><strong>ηο-</strong></span> 
     </span>
     <span class='ocr_line' id='line_1_128' title="bbox 1200 3723 2237 3788; baseline -0.02 -8"><span class='ocrx_word' id='word_1_942' title='bbox 1200 3751 1282 3780; x_wconf 88' lang='lat' dir='ltr'><strong>men</strong></span> <span class='ocrx_word' id='word_1_943' title='bbox 1297 3740 1375 3788; x_wconf 79' lang='lat' dir='ltr'><strong>ejus</strong></span> <span class='ocrx_word' id='word_1_944' title='bbox 1400 3738 1701 3783; x_wconf 74' lang='lat' dir='ltr'><strong>interrogaverat,</strong></span> <span class='ocrx_word' id='word_1_945' title='bbox 1721 3740 1801 3769; x_wconf 89' lang='lat' dir='ltr'><strong>cum</strong></span> <span class='ocrx_word' id='word_1_946' title='bbox 1816 3733 1994 3777; x_wconf 66' lang='lat' dir='ltr'><strong>qimi-eret</strong></span> <span class='ocrx_word' id='word_1_947' title='bbox 2019 3723 2112 3763; x_wconf 76' lang='lat' dir='ltr'><strong>unde</strong></span> <span class='ocrx_word' id='word_1_948' title='bbox 2137 3725 2237 3778; x_wconf 78' lang='lat' dir='ltr'><strong>esset</strong></span> 
     </span>
    </p>
   </div>
   <div class='ocr_carea' id='block_1_15' title="bbox 1151 1139 1183 1178">
    <p class='ocr_par' dir='ltr' id='par_1_21' title="bbox 1151 1139 1183 1178">
     <span class='ocr_line' id='line_1_129' title="bbox 1151 1139 1183 1178; baseline 0 0"><span class='ocrx_word' id='word_1_949' title='bbox 1151 1139 1183 1178; x_wconf 94' lang='lat' dir='ltr'><strong>B</strong></span> 
     </span>
    </p>
   </div>
  </div>
 </body>
</html>
