<?xml version="1.0" encoding="UTF-8"?>
<!DOCTYPE html PUBLIC "-//W3C//DTD XHTML 1.0 Transitional//EN"
    "http://www.w3.org/TR/xhtml1/DTD/xhtml1-transitional.dtd">
<html xmlns="http://www.w3.org/1999/xhtml" xml:lang="en" lang="en">
 <head>
  <title>
</title>
<meta http-equiv="Content-Type" content="text/html;charset=utf-8" />
  <meta name='ocr-system' content='tesseract 3.04.00' />
  <meta name='ocr-capabilities' content='ocr_page ocr_carea ocr_par ocr_line ocrx_word'/>
</head>
<body>
  <div class='ocr_page' id='page_1' title='image "./patrologiae00unknuoft_0234.png"; bbox 0 0 2540 4016; ppageno 0'>
   <div class='ocr_carea' id='block_1_1' title="bbox 333 220 400 258">
    <p class='ocr_par' dir='ltr' id='par_1_1' title="bbox 333 220 400 258">
     <span class='ocr_line' id='line_1_1' title="bbox 333 220 400 258; baseline -0.03 0"><span class='ocrx_word' id='word_1_1' title='bbox 333 220 400 258; x_wconf 63' lang='lat'><strong>555</strong></span> 
     </span>
    </p>
   </div>
   <div class='ocr_carea' id='block_1_2' title="bbox 748 202 2057 252">
    <p class='ocr_par' dir='ltr' id='par_1_2' title="bbox 748 202 2057 252">
     <span class='ocr_line' id='line_1_2' title="bbox 748 202 2057 252; baseline 0.005 -6"><span class='ocrx_word' id='word_1_2' title='bbox 748 206 988 250; x_wconf 62' lang='lat' dir='ltr'><strong>emmiu</strong></span> <span class='ocrx_word' id='word_1_3' title='bbox 1014 207 1162 247; x_wconf 65' lang='lat' dir='ltr'><strong>naum</strong></span> <span class='ocrx_word' id='word_1_4' title='bbox 1188 202 1404 245; x_wconf 79' lang='lat' dir='ltr'><strong>AncmEP.</strong></span> <span class='ocrx_word' id='word_1_5' title='bbox 1432 205 1641 246; x_wconf 80' lang='lat' dir='ltr'><strong>MOGUNT.</strong></span> <span class='ocrx_word' id='word_1_6' title='bbox 1665 206 1857 249; x_wconf 77' lang='lat' dir='ltr'><strong>opnnun</strong></span> <span class='ocrx_word' id='word_1_7' title='bbox 1882 211 2004 252; x_wconf 80' lang='lat' dir='ltr'><strong>PARS</strong></span> <span class='ocrx_word' id='word_1_8' title='bbox 2025 205 2057 252; x_wconf 85' lang='lat'><strong>1.&#39;</strong></span> 
     </span>
    </p>
   </div>
   <div class='ocr_carea' id='block_1_3' title="bbox 2417 210 2435 221">
    <p class='ocr_par' dir='ltr' id='par_1_3' title="bbox 2417 210 2435 221">
     <span class='ocr_line' id='line_1_3' title="bbox 2417 210 2435 221; baseline 0 0"><span class='ocrx_word' id='word_1_9' title='bbox 2417 210 2435 221; x_wconf 66' lang='grc' dir='ltr'><strong>θ’</strong></span> 
     </span>
    </p>
   </div>
   <div class='ocr_carea' id='block_1_4' title="bbox 2426 223 2499 261">
    <p class='ocr_par' dir='ltr' id='par_1_4' title="bbox 2426 223 2499 261">
     <span class='ocr_line' id='line_1_4' title="bbox 2426 223 2499 261; baseline 0 0"><span class='ocrx_word' id='word_1_10' title='bbox 2426 223 2499 261; x_wconf 70' lang='lat'><strong>⁴56</strong></span> 
     </span>
    </p>
   </div>
   <div class='ocr_carea' id='block_1_5' title="bbox 331 279 2503 340">
    <p class='ocr_par' dir='ltr' id='par_1_5' title="bbox 331 279 2503 340">
     <span class='ocr_line' id='line_1_5' title="bbox 331 279 2503 340; baseline 0.007 -17"><span class='ocrx_word' id='word_1_11' title='bbox 331 285 560 335; x_wconf 77' lang='lat' dir='ltr'><strong>Septuaginta</strong></span> <span class='ocrx_word' id='word_1_12' title='bbox 589 283 723 325; x_wconf 88' lang='lat' dir='ltr'><strong>dicunt,</strong></span> <span class='ocrx_word' id='word_1_13' title='bbox 750 279 913 316; x_wconf 72' lang='lat' dir='ltr'><em>visitatio</em></span> <span class='ocrx_word' id='word_1_14' title='bbox 931 280 1060 316; x_wconf 73' lang='lat' dir='ltr'><strong>erneis</strong></span> <span class='ocrx_word' id='word_1_15' title='bbox 1091 286 1122 315; x_wconf 82' lang='lat' dir='ltr'><strong>et</strong></span> <span class='ocrx_word' id='word_1_16' title='bbox 1147 291 1217 315; x_wconf 88' lang='lat' dir='ltr'><strong>non</strong></span> <span class='ocrx_word' id='word_1_17' title='bbox 1230 281 1383 315; x_wconf 81' lang='lat' dir='ltr'><strong>morien·</strong></span> <span class='ocrx_word' id='word_1_18' title='bbox 1399 284 1435 324; x_wconf 84' lang='lat' dir='ltr'>A</span> <span class='ocrx_word' id='word_1_19' title='bbox 1451 281 1588 328; x_wconf 86' lang='lat' dir='ltr'><strong>ficium,</strong></span> <span class='ocrx_word' id='word_1_20' title='bbox 1599 293 1670 320; x_wconf 89' lang='lat' dir='ltr'><strong>non</strong></span> <span class='ocrx_word' id='word_1_21' title='bbox 1686 285 1973 336; x_wconf 83' lang='lat' dir='ltr'><strong>aliudquidpiam</strong></span> <span class='ocrx_word' id='word_1_22' title='bbox 1986 289 2208 337; x_wconf 85' lang='lat' dir='ltr'><strong>hujusmodi,</strong></span> <span class='ocrx_word' id='word_1_23' title='bbox 2224 294 2330 340; x_wconf 82' lang='lat' dir='ltr'><strong>quale</strong></span> <span class='ocrx_word' id='word_1_24' title='bbox 2341 297 2412 336; x_wconf 83' lang='lat' dir='ltr'><strong>alio</strong></span> <span class='ocrx_word' id='word_1_25' title='bbox 2421 299 2503 339; x_wconf 84' lang='lat' dir='ltr'><strong>loeo</strong></span> 
     </span>
    </p>
   </div>
   <div class='ocr_carea' id='block_1_6' title="bbox 319 339 1378 1172">
    <p class='ocr_par' dir='ltr' id='par_1_6' title="bbox 319 339 1378 1172">
     <span class='ocr_line' id='line_1_6' title="bbox 329 339 1377 387; baseline -0.007 -3"><span class='ocrx_word' id='word_1_26' title='bbox 329 358 397 385; x_wconf 83' lang='lat' dir='ltr'><strong>tur.</strong></span> <span class='ocrx_word' id='word_1_27' title='bbox 416 346 665 383; x_wconf 74' lang='lat' dir='ltr'><strong>visitationem</strong></span> <span class='ocrx_word' id='word_1_28' title='bbox 689 346 808 377; x_wconf 83' lang='lat' dir='ltr'><strong>autem</strong></span> <span class='ocrx_word' id='word_1_29' title='bbox 823 339 876 375; x_wconf 88' lang='lat' dir='ltr'><strong>eis</strong></span> <span class='ocrx_word' id='word_1_30' title='bbox 895 340 1075 386; x_wconf 77' lang='lat' dir='ltr'><strong>promisit,</strong></span> <span class='ocrx_word' id='word_1_31' title='bbox 1096 340 1133 375; x_wconf 90' lang='lat' dir='ltr'><strong>id</strong></span> <span class='ocrx_word' id='word_1_32' title='bbox 1149 344 1218 382; x_wconf 87' lang='lat' dir='ltr'><strong>est,</strong></span> <span class='ocrx_word' id='word_1_33' title='bbox 1242 350 1263 375; x_wconf 91' lang='lat' dir='ltr'><strong>a</strong></span> <span class='ocrx_word' id='word_1_34' title='bbox 1286 340 1377 387; x_wconf 88' lang='lat' dir='ltr'><strong>legis</strong></span> 
     </span>
     <span class='ocr_line' id='line_1_7' title="bbox 328 398 1375 448; baseline -0.007 -4"><span class='ocrx_word' id='word_1_35' title='bbox 328 407 498 444; x_wconf 85' lang='lat' dir='ltr'><strong>servitute</strong></span> <span class='ocrx_word' id='word_1_36' title='bbox 512 405 725 441; x_wconf 88' lang='lat' dir='ltr'><strong>libertatem.</strong></span> <span class='ocrx_word' id='word_1_37' title='bbox 743 399 820 435; x_wconf 89' lang='lat' dir='ltr'><strong>Mos</strong></span> <span class='ocrx_word' id='word_1_38' title='bbox 833 399 930 434; x_wconf 88' lang='lat' dir='ltr'><strong>enim</strong></span> <span class='ocrx_word' id='word_1_39' title='bbox 947 406 1003 434; x_wconf 90' lang='lat' dir='ltr'><strong>est</strong></span> <span class='ocrx_word' id='word_1_40' title='bbox 1019 398 1149 435; x_wconf 84' lang='lat' dir='ltr'><strong>divinae</strong></span> <span class='ocrx_word' id='word_1_41' title='bbox 1166 398 1375 448; x_wconf 67' lang='lat' dir='ltr'><strong>Scripturas,</strong></span> 
     </span>
     <span class='ocr_line' id='line_1_8' title="bbox 327 457 1378 503; baseline -0.006 0"><span class='ocrx_word' id='word_1_42' title='bbox 327 467 525 503; x_wconf 85' lang='lat' dir='ltr'><strong>libertatem</strong></span> <span class='ocrx_word' id='word_1_43' title='bbox 541 460 780 499; x_wconf 83' lang='lat' dir='ltr'><strong>visitationem</strong></span> <span class='ocrx_word' id='word_1_44' title='bbox 800 458 995 503; x_wconf 86' lang='lat' dir='ltr'><strong>appellare.</strong></span> <span class='ocrx_word' id='word_1_45' title='bbox 1016 457 1107 494; x_wconf 83' lang='lat' dir='ltr'><strong>Nam</strong></span> <span class='ocrx_word' id='word_1_46' title='bbox 1127 463 1164 495; x_wconf 86' lang='lat' dir='ltr'><strong>et</strong></span> <span class='ocrx_word' id='word_1_47' title='bbox 1188 459 1378 497; x_wconf 88' lang='lat' dir='ltr'><strong>liberatio-</strong></span> 
     </span>
     <span class='ocr_line' id='line_1_9' title="bbox 327 517 1377 564; baseline -0.005 -3"><span class='ocrx_word' id='word_1_48' title='bbox 327 535 407 561; x_wconf 83' lang='lat' dir='ltr'><strong>nem</strong></span> <span class='ocrx_word' id='word_1_49' title='bbox 417 521 596 560; x_wconf 85' lang='lat' dir='ltr'><strong>servitutis</strong></span> <span class='ocrx_word' id='word_1_50' title='bbox 610 518 768 564; x_wconf 86' lang='lat' dir='ltr'><strong>AEgypti,</strong></span> <span class='ocrx_word' id='word_1_51' title='bbox 784 517 1029 553; x_wconf 81' lang='lat' dir='ltr'><strong>visitationem</strong></span> <span class='ocrx_word' id='word_1_52' title='bbox 1044 518 1247 556; x_wconf 85' lang='lat' dir='ltr'><strong>invenimus</strong></span> <span class='ocrx_word' id='word_1_53' title='bbox 1262 520 1377 556; x_wconf 90' lang='lat' dir='ltr'><strong>Deum</strong></span> 
     </span>
     <span class='ocr_line' id='line_1_10' title="bbox 325 577 1377 624; baseline -0.002 -4"><span class='ocrx_word' id='word_1_54' title='bbox 325 584 578 623; x_wconf 84' lang='lat' dir='ltr'><strong>nominantem,</strong></span> <span class='ocrx_word' id='word_1_55' title='bbox 601 578 742 624; x_wconf 85' lang='lat' dir='ltr'><strong>quando</strong></span> <span class='ocrx_word' id='word_1_56' title='bbox 768 578 814 613; x_wconf 83' lang='lat' dir='ltr'><strong>ad</strong></span> <span class='ocrx_word' id='word_1_57' title='bbox 842 577 990 624; x_wconf 87' lang='lat' dir='ltr'><strong>Moysen</strong></span> <span class='ocrx_word' id='word_1_58' title='bbox 1014 578 1157 616; x_wconf 88' lang='lat' dir='ltr'><strong>dicebat</strong></span> <span class='ocrx_word' id='word_1_59' title='bbox 1186 591 1197 617; x_wconf 71' lang='grc' dir='ltr'>ε</span> <span class='ocrx_word' id='word_1_60' title='bbox 1217 579 1377 618; x_wconf 86' lang='lat' dir='ltr'><strong>Gonvoca</strong></span> 
     </span>
     <span class='ocr_line' id='line_1_11' title="bbox 322 637 1375 686; baseline -0.002 -6"><span class='ocrx_word' id='word_1_61' title='bbox 322 643 470 681; x_wconf 77' lang='lat' dir='ltr'><strong>seniores</strong></span> <span class='ocrx_word' id='word_1_62' title='bbox 500 640 652 686; x_wconf 82' lang='lat' dir='ltr'><strong>filiorum</strong></span> <span class='ocrx_word' id='word_1_63' title='bbox 680 637 808 682; x_wconf 84' lang='lat' dir='ltr'><strong>Israel,</strong></span> <span class='ocrx_word' id='word_1_64' title='bbox 844 644 877 674; x_wconf 84' lang='lat' dir='ltr'><strong>et</strong></span> <span class='ocrx_word' id='word_1_65' title='bbox 908 638 1003 674; x_wconf 84' lang='lat' dir='ltr'><strong>dices</strong></span> <span class='ocrx_word' id='word_1_66' title='bbox 1029 640 1075 675; x_wconf 89' lang='lat' dir='ltr'><strong>ad</strong></span> <span class='ocrx_word' id='word_1_67' title='bbox 1093 651 1151 677; x_wconf 88' lang='lat' dir='ltr'><strong>eos</strong></span> <span class='ocrx_word' id='word_1_68' title='bbox 1172 641 1375 678; x_wconf 82' lang='lat' dir='ltr'><strong>:Dominus</strong></span> 
     </span>
     <span class='ocr_line' id='line_1_12' title="bbox 322 699 1378 748; baseline -0.001 -9"><span class='ocrx_word' id='word_1_69' title='bbox 322 703 414 739; x_wconf 89' lang='lat' dir='ltr'><strong>Deus</strong></span> <span class='ocrx_word' id='word_1_70' title='bbox 442 707 579 748; x_wconf 85' lang='lat' dir='ltr'><strong>patrum</strong></span> <span class='ocrx_word' id='word_1_71' title='bbox 612 705 804 735; x_wconf 81' lang='lat' dir='ltr'><strong>vestrorum</strong></span> <span class='ocrx_word' id='word_1_72' title='bbox 832 699 995 745; x_wconf 79' lang='lat' dir='ltr'><strong>apparuit</strong></span> <span class='ocrx_word' id='word_1_73' title='bbox 1008 700 1108 744; x_wconf 83' lang='lat' dir='ltr'><strong>mihi,</strong></span> <span class='ocrx_word' id='word_1_74' title='bbox 1143 701 1238 737; x_wconf 87' lang='lat' dir='ltr'><strong>Deus</strong></span> <span class='ocrx_word' id='word_1_75' title='bbox 1265 702 1378 738; x_wconf 81' lang='lat' dir='ltr'><strong>Abra-</strong></span> 
     </span>
     <span class='ocr_line' id='line_1_13' title="bbox 323 759 1376 807; baseline 0 -8"><span class='ocrx_word' id='word_1_76' title='bbox 323 765 415 807; x_wconf 82' lang='lat' dir='ltr'><strong>lzam,</strong></span> <span class='ocrx_word' id='word_1_77' title='bbox 433 769 465 799; x_wconf 88' lang='lat' dir='ltr'><strong>et</strong></span> <span class='ocrx_word' id='word_1_78' title='bbox 483 763 576 798; x_wconf 85' lang='lat' dir='ltr'><strong>Deus</strong></span> <span class='ocrx_word' id='word_1_79' title='bbox 596 761 710 803; x_wconf 79' lang='lat' dir='ltr'><strong>Isaac,</strong></span> <span class='ocrx_word' id='word_1_80' title='bbox 741 765 772 795; x_wconf 81' lang='lat' dir='ltr'><strong>et</strong></span> <span class='ocrx_word' id='word_1_81' title='bbox 782 759 876 795; x_wconf 86' lang='lat' dir='ltr'><strong>Deus</strong></span> <span class='ocrx_word' id='word_1_82' title='bbox 893 759 1018 804; x_wconf 83' lang='lat' dir='ltr'><strong>Jacob,</strong></span> <span class='ocrx_word' id='word_1_83' title='bbox 1046 761 1164 798; x_wconf 83' lang='lat' dir='ltr'><strong>dicens</strong></span> <span class='ocrx_word' id='word_1_84' title='bbox 1183 774 1195 798; x_wconf 90' lang='lat'><em>:</em></span> <span class='ocrx_word' id='word_1_85' title='bbox 1227 762 1376 799; x_wconf 84' lang='lat' dir='ltr'><strong>Visitans</strong></span> 
     </span>
     <span class='ocr_line' id='line_1_14' title="bbox 323 820 1377 869; baseline 0 -8"><span class='ocrx_word' id='word_1_86' title='bbox 323 826 454 862; x_wconf 82' lang='lat' dir='ltr'><strong>visitavi</strong></span> <span class='ocrx_word' id='word_1_87' title='bbox 472 835 528 860; x_wconf 83' lang='lat' dir='ltr'><strong>vos</strong></span> <span class='ocrx_word' id='word_1_88' title='bbox 547 822 674 865; x_wconf 66' lang='lat' dir='ltr'><strong>(Emod.</strong></span> <span class='ocrx_word' id='word_1_89' title='bbox 705 820 775 868; x_wconf 79' lang='grc' dir='ltr'>ιιι).</span> <span class='ocrx_word' id='word_1_90' title='bbox 798 820 869 858; x_wconf 86' lang='lat' dir='ltr'><strong>Sed</strong></span> <span class='ocrx_word' id='word_1_91' title='bbox 890 822 975 868; x_wconf 88' lang='lat' dir='ltr'><strong>quia</strong></span> <span class='ocrx_word' id='word_1_92' title='bbox 1007 823 1115 869; x_wconf 91' lang='lat' dir='ltr'><strong>primi</strong></span> <span class='ocrx_word' id='word_1_93' title='bbox 1140 822 1252 860; x_wconf 84' lang='lat' dir='ltr'><strong>Judaei</strong></span> <span class='ocrx_word' id='word_1_94' title='bbox 1282 825 1377 861; x_wconf 89' lang='lat' dir='ltr'><strong>hane</strong></span> 
     </span>
     <span class='ocr_line' id='line_1_15' title="bbox 323 882 1376 929; baseline 0 -8"><span class='ocrx_word' id='word_1_95' title='bbox 323 885 471 921; x_wconf 87' lang='lat' dir='ltr'><strong>salutem</strong></span> <span class='ocrx_word' id='word_1_96' title='bbox 491 889 526 919; x_wconf 90' lang='lat' dir='ltr'><strong>et</strong></span> <span class='ocrx_word' id='word_1_97' title='bbox 544 882 806 925; x_wconf 82' lang='lat' dir='ltr'><strong>liberationem,</strong></span> <span class='ocrx_word' id='word_1_98' title='bbox 846 887 888 918; x_wconf 87' lang='lat' dir='ltr'><strong>ut</strong></span> <span class='ocrx_word' id='word_1_99' title='bbox 909 888 995 929; x_wconf 84' lang='lat' dir='ltr'><strong>pote</strong></span> <span class='ocrx_word' id='word_1_100' title='bbox 1029 884 1138 919; x_wconf 87' lang='lat' dir='ltr'><strong>etiam</strong></span> <span class='ocrx_word' id='word_1_101' title='bbox 1157 884 1246 921; x_wconf 88' lang='lat' dir='ltr'><strong>alios</strong></span> <span class='ocrx_word' id='word_1_102' title='bbox 1267 886 1376 921; x_wconf 91' lang='lat' dir='ltr'><strong>sedu-</strong></span> 
     </span>
     <span class='ocr_line' id='line_1_16' title="bbox 321 943 1373 991; baseline 0.001 -10"><span class='ocrx_word' id='word_1_103' title='bbox 321 951 453 987; x_wconf 86' lang='lat' dir='ltr'><strong>centes,</strong></span> <span class='ocrx_word' id='word_1_104' title='bbox 478 943 655 979; x_wconf 81' lang='lat' dir='ltr'><strong>habebant</strong></span> <span class='ocrx_word' id='word_1_105' title='bbox 671 944 934 987; x_wconf 84' lang='lat' dir='ltr'><strong>neeessariam,</strong></span> <span class='ocrx_word' id='word_1_106' title='bbox 965 954 1046 980; x_wconf 91' lang='lat' dir='ltr'><strong>cum</strong></span> <span class='ocrx_word' id='word_1_107' title='bbox 1067 945 1125 981; x_wconf 89' lang='lat' dir='ltr'><strong>his</strong></span> <span class='ocrx_word' id='word_1_108' title='bbox 1149 946 1209 991; x_wconf 88' lang='lat' dir='ltr'><strong>qui</strong></span> <span class='ocrx_word' id='word_1_109' title='bbox 1230 947 1373 990; x_wconf 87' lang='lat' dir='ltr'><strong>dormit,</strong></span> 
     </span>
     <span class='ocr_line' id='line_1_17' title="bbox 321 1003 1376 1049; baseline 0.003 -10"><span class='ocrx_word' id='word_1_110' title='bbox 321 1005 355 1040; x_wconf 91' lang='lat' dir='ltr'><strong>id</strong></span> <span class='ocrx_word' id='word_1_111' title='bbox 379 1009 447 1047; x_wconf 92' lang='lat' dir='ltr'><strong>est,</strong></span> <span class='ocrx_word' id='word_1_112' title='bbox 475 1003 536 1049; x_wconf 87' lang='lat' dir='ltr'><strong>qui</strong></span> <span class='ocrx_word' id='word_1_113' title='bbox 562 1003 746 1046; x_wconf 90' lang='lat' dir='ltr'><strong>miscetur,</strong></span> <span class='ocrx_word' id='word_1_114' title='bbox 766 1008 806 1038; x_wconf 92' lang='lat' dir='ltr'><strong>ut</strong></span> <span class='ocrx_word' id='word_1_115' title='bbox 823 1003 973 1039; x_wconf 89' lang='lat' dir='ltr'><strong>seminis</strong></span> <span class='ocrx_word' id='word_1_116' title='bbox 995 1014 1122 1040; x_wconf 90' lang='lat' dir='ltr'><strong>eorum</strong></span> <span class='ocrx_word' id='word_1_117' title='bbox 1152 1010 1188 1041; x_wconf 90' lang='lat' dir='ltr'><strong>et</strong></span> <span class='ocrx_word' id='word_1_118' title='bbox 1203 1006 1376 1042; x_wconf 83' lang='lat' dir='ltr'><strong>doetrinae</strong></span> 
     </span>
     <span class='ocr_line' id='line_1_18' title="bbox 319 1063 1376 1113; baseline 0.004 -14"><span class='ocrx_word' id='word_1_119' title='bbox 319 1065 496 1111; x_wconf 83' lang='lat' dir='ltr'><strong>particeps</strong></span> <span class='ocrx_word' id='word_1_120' title='bbox 516 1063 705 1107; x_wconf 86' lang='lat' dir='ltr'><strong>efficiatur,</strong></span> <span class='ocrx_word' id='word_1_121' title='bbox 734 1064 819 1101; x_wconf 93' lang='lat' dir='ltr'><strong>huie</strong></span> <span class='ocrx_word' id='word_1_122' title='bbox 851 1075 917 1112; x_wconf 89' lang='lat' dir='ltr'><strong>per</strong></span> <span class='ocrx_word' id='word_1_123' title='bbox 935 1065 1154 1102; x_wconf 85' lang='lat' dir='ltr'><strong>sacrificium</strong></span> <span class='ocrx_word' id='word_1_124' title='bbox 1180 1072 1376 1113; x_wconf 86' lang='lat' dir='ltr'><strong>praestatur</strong></span> 
     </span>
     <span class='ocr_line' id='line_1_19' title="bbox 320 1125 1375 1172; baseline 0.002 -10"><span class='ocrx_word' id='word_1_125' title='bbox 320 1126 496 1168; x_wconf 86' lang='lat' dir='ltr'><strong>remissio,</strong></span> <span class='ocrx_word' id='word_1_126' title='bbox 531 1126 593 1161; x_wconf 89' lang='lat' dir='ltr'><strong>sed</strong></span> <span class='ocrx_word' id='word_1_127' title='bbox 614 1136 679 1172; x_wconf 89' lang='lat' dir='ltr'><strong>per</strong></span> <span class='ocrx_word' id='word_1_128' title='bbox 692 1125 851 1162; x_wconf 88' lang='lat' dir='ltr'><strong>Christi:</strong></span> <span class='ocrx_word' id='word_1_129' title='bbox 877 1127 946 1163; x_wconf 93' lang='lat' dir='ltr'><strong>hoc</strong></span> <span class='ocrx_word' id='word_1_130' title='bbox 967 1127 1063 1162; x_wconf 86' lang='lat' dir='ltr'><strong>enim</strong></span> <span class='ocrx_word' id='word_1_131' title='bbox 1082 1128 1298 1164; x_wconf 83' lang='lat' dir='ltr'><strong>sacrificium</strong></span> <span class='ocrx_word' id='word_1_132' title='bbox 1327 1128 1375 1164; x_wconf 91' lang='lat' dir='ltr'><strong>si-</strong></span> 
     </span>
    </p>
   </div>
   <div class='ocr_carea' id='block_1_7' title="bbox 1444 345 2534 1191">
    <p class='ocr_par' dir='ltr' id='par_1_7' title="bbox 1444 345 2534 1191">
     <span class='ocr_line' id='line_1_20' title="bbox 1447 345 2502 403; baseline 0.019 -22"><span class='ocrx_word' id='word_1_133' title='bbox 1447 345 1506 382; x_wconf 84' lang='lat' dir='ltr'><strong>lex</strong></span> <span class='ocrx_word' id='word_1_134' title='bbox 1531 348 1576 383; x_wconf 89' lang='lat' dir='ltr'><strong>ad</strong></span> <span class='ocrx_word' id='word_1_135' title='bbox 1602 347 1758 386; x_wconf 84' lang='lat' dir='ltr'><strong>litteram</strong></span> <span class='ocrx_word' id='word_1_136' title='bbox 1785 354 1969 399; x_wconf 80' lang='lat' dir='ltr'><strong>praecepit.</strong></span> <span class='ocrx_word' id='word_1_137' title='bbox 1989 354 2084 402; x_wconf 85' lang='lat' dir='ltr'><strong>Ergo</strong></span> <span class='ocrx_word' id='word_1_138' title='bbox 2104 362 2209 393; x_wconf 78' lang='lat' dir='ltr'><strong>vacat</strong></span> <span class='ocrx_word' id='word_1_139' title='bbox 2228 363 2435 403; x_wconf 57' lang='lat' dir='ltr'><strong>necessario</strong></span> <span class='ocrx_word' id='word_1_140' title='bbox 2455 366 2502 402; x_wconf 84' lang='lat' dir='ltr'><strong>ad</strong></span> 
     </span>
     <span class='ocr_line' id='line_1_21' title="bbox 1446 409 2503 462; baseline 0.02 -21"><span class='ocrx_word' id='word_1_141' title='bbox 1446 409 1788 454; x_wconf 87' lang='lat' dir='ltr'><strong>contemplationem</strong></span> <span class='ocrx_word' id='word_1_142' title='bbox 1811 413 1960 459; x_wconf 87' lang='lat' dir='ltr'><strong>spiritus</strong></span> <span class='ocrx_word' id='word_1_143' title='bbox 1982 424 2065 452; x_wconf 90' lang='lat' dir='ltr'><strong>eum</strong></span> <span class='ocrx_word' id='word_1_144' title='bbox 2085 417 2235 462; x_wconf 89' lang='lat' dir='ltr'><strong>quinon</strong></span> <span class='ocrx_word' id='word_1_145' title='bbox 2255 420 2370 458; x_wconf 88' lang='lat' dir='ltr'><strong>solum</strong></span> <span class='ocrx_word' id='word_1_146' title='bbox 2389 425 2503 462; x_wconf 88' lang='lat' dir='ltr'><strong>medi-</strong></span> 
     </span>
     <span class='ocr_line' id='line_1_22' title="bbox 1446 468 2502 527; baseline 0.019 -24"><span class='ocrx_word' id='word_1_147' title='bbox 1446 468 1517 504; x_wconf 84' lang='lat' dir='ltr'><strong>tari</strong></span> <span class='ocrx_word' id='word_1_148' title='bbox 1536 469 1668 516; x_wconf 85' lang='lat' dir='ltr'><strong>legem,</strong></span> <span class='ocrx_word' id='word_1_149' title='bbox 1692 473 1755 508; x_wconf 87' lang='lat' dir='ltr'><strong>sed</strong></span> <span class='ocrx_word' id='word_1_150' title='bbox 1771 479 1808 509; x_wconf 92' lang='lat' dir='ltr'><strong>et</strong></span> <span class='ocrx_word' id='word_1_151' title='bbox 1833 475 1978 521; x_wconf 89' lang='lat' dir='ltr'><strong>aliquod</strong></span> <span class='ocrx_word' id='word_1_152' title='bbox 1995 487 2042 513; x_wconf 84' lang='lat' dir='ltr'><strong>ex</strong></span> <span class='ocrx_word' id='word_1_153' title='bbox 2063 488 2106 514; x_wconf 92' lang='lat' dir='ltr'><strong>ea</strong></span> <span class='ocrx_word' id='word_1_154' title='bbox 2134 480 2322 527; x_wconf 87' lang='lat' dir='ltr'><strong>percipere</strong></span> <span class='ocrx_word' id='word_1_155' title='bbox 2344 494 2502 524; x_wconf 87' lang='lat' dir='ltr'><strong>eommo-</strong></span> 
     </span>
     <span class='ocr_line' id='line_1_23' title="bbox 1445 525 2503 589; baseline 0.021 -28"><span class='ocrx_word' id='word_1_156' title='bbox 1445 525 1530 562; x_wconf 89' lang='lat' dir='ltr'><strong>dum</strong></span> <span class='ocrx_word' id='word_1_157' title='bbox 1545 530 1657 575; x_wconf 84' lang='lat' dir='ltr'><strong>cupit.</strong></span> <span class='ocrx_word' id='word_1_158' title='bbox 1679 531 1830 568; x_wconf 87' lang='lat' dir='ltr'><strong>Terram</strong></span> <span class='ocrx_word' id='word_1_159' title='bbox 1852 544 1938 580; x_wconf 81' lang='lat' dir='ltr'><strong>ergo</strong></span> <span class='ocrx_word' id='word_1_160' title='bbox 1955 535 2051 573; x_wconf 91' lang='lat' dir='ltr'><strong>Deus</strong></span> <span class='ocrx_word' id='word_1_161' title='bbox 2067 538 2142 582; x_wconf 89' lang='lat' dir='ltr'><strong>dat,</strong></span> <span class='ocrx_word' id='word_1_162' title='bbox 2161 549 2270 585; x_wconf 86' lang='lat' dir='ltr'><strong>quam</strong></span> <span class='ocrx_word' id='word_1_163' title='bbox 2286 542 2402 589; x_wconf 90' lang='lat' dir='ltr'><strong>ipsum</strong></span> <span class='ocrx_word' id='word_1_164' title='bbox 2416 546 2503 584; x_wconf 87' lang='lat' dir='ltr'><strong>dare</strong></span> 
     </span>
     <span class='ocr_line' id='line_1_24' title="bbox 1446 586 2500 646; baseline 0.019 -24"><span class='ocrx_word' id='word_1_165' title='bbox 1446 586 1562 632; x_wconf 89' lang='lat' dir='ltr'><strong>decet,</strong></span> <span class='ocrx_word' id='word_1_166' title='bbox 1598 589 1636 624; x_wconf 92' lang='lat' dir='ltr'><strong>id</strong></span> <span class='ocrx_word' id='word_1_167' title='bbox 1665 595 1736 634; x_wconf 89' lang='lat' dir='ltr'><strong>est,</strong></span> <span class='ocrx_word' id='word_1_168' title='bbox 1770 591 1930 629; x_wconf 86' lang='lat' dir='ltr'><strong>divinam</strong></span> <span class='ocrx_word' id='word_1_169' title='bbox 1954 594 2181 642; x_wconf 88' lang='lat' dir='ltr'><strong>Scripturam</strong></span> <span class='ocrx_word' id='word_1_170' title='bbox 2216 610 2296 646; x_wconf 85' lang='lat' dir='ltr'><strong>quae</strong></span> <span class='ocrx_word' id='word_1_171' title='bbox 2326 603 2500 642; x_wconf 86' lang='lat' dir='ltr'><strong>virtutum</strong></span> 
     </span>
     <span class='ocr_line' id='line_1_25' title="bbox 1444 645 2500 702; baseline 0.019 -20"><span class='ocrx_word' id='word_1_172' title='bbox 1444 645 1584 684; x_wconf 83' lang='lat' dir='ltr'><strong>fructus</strong></span> <span class='ocrx_word' id='word_1_173' title='bbox 1604 648 1709 695; x_wconf 81' lang='lat' dir='ltr'><strong>ferat,</strong></span> <span class='ocrx_word' id='word_1_174' title='bbox 1737 662 1816 698; x_wconf 88' lang='lat' dir='ltr'><strong>quae</strong></span> <span class='ocrx_word' id='word_1_175' title='bbox 1843 653 1953 691; x_wconf 89' lang='lat' dir='ltr'><strong>habet</strong></span> <span class='ocrx_word' id='word_1_176' title='bbox 1971 655 2069 691; x_wconf 90' lang='lat' dir='ltr'><strong>illam</strong></span> <span class='ocrx_word' id='word_1_177' title='bbox 2086 657 2213 702; x_wconf 86' lang='lat' dir='ltr'><strong>vitam,</strong></span> <span class='ocrx_word' id='word_1_178' title='bbox 2245 666 2282 697; x_wconf 91' lang='lat' dir='ltr'><strong>et</strong></span> <span class='ocrx_word' id='word_1_179' title='bbox 2311 662 2396 700; x_wconf 90' lang='lat' dir='ltr'><strong>colit</strong></span> <span class='ocrx_word' id='word_1_180' title='bbox 2425 665 2500 702; x_wconf 72' lang='lat' dir='ltr'><strong>siva</strong></span> 
     </span>
     <span class='ocr_line' id='line_1_26' title="bbox 1444 712 2498 767; baseline 0.018 -26"><span class='ocrx_word' id='word_1_181' title='bbox 1444 713 1629 752; x_wconf 89' lang='lat' dir='ltr'><strong>operatur,</strong></span> <span class='ocrx_word' id='word_1_182' title='bbox 1657 719 1766 755; x_wconf 86' lang='lat' dir='ltr'><strong>quam</strong></span> <span class='ocrx_word' id='word_1_183' title='bbox 1786 712 1898 749; x_wconf 86' lang='lat' dir='ltr'><strong>David</strong></span> <span class='ocrx_word' id='word_1_184' title='bbox 1928 714 2047 751; x_wconf 90' lang='lat' dir='ltr'><strong>colere</strong></span> <span class='ocrx_word' id='word_1_185' title='bbox 2075 721 2111 753; x_wconf 90' lang='lat' dir='ltr'><strong>et</strong></span> <span class='ocrx_word' id='word_1_186' title='bbox 2131 720 2272 764; x_wconf 88' lang='lat' dir='ltr'><strong>operari</strong></span> <span class='ocrx_word' id='word_1_187' title='bbox 2306 724 2498 767; x_wconf 84' lang='lat' dir='ltr'><strong>promittit.</strong></span> 
     </span>
     <span class='ocr_line' id='line_1_27' title="bbox 1446 765 2534 831; baseline 0.019 -30"><span class='ocrx_word' id='word_1_188' title='bbox 1446 765 1515 803; x_wconf 89' lang='lat' dir='ltr'><strong>Ubi</strong></span> <span class='ocrx_word' id='word_1_189' title='bbox 1532 768 1629 803; x_wconf 90' lang='lat' dir='ltr'><strong>enim</strong></span> <span class='ocrx_word' id='word_1_190' title='bbox 1649 770 1723 806; x_wconf 92' lang='lat' dir='ltr'><strong>Deo</strong></span> <span class='ocrx_word' id='word_1_191' title='bbox 1742 771 1886 816; x_wconf 90' lang='lat' dir='ltr'><strong>placere</strong></span> <span class='ocrx_word' id='word_1_192' title='bbox 1896 775 2011 822; x_wconf 88' lang='lat' dir='ltr'><strong>magis</strong></span> <span class='ocrx_word' id='word_1_193' title='bbox 2021 776 2128 814; x_wconf 90' lang='lat' dir='ltr'><strong>homo</strong></span> <span class='ocrx_word' id='word_1_194' title='bbox 2147 788 2254 824; x_wconf 89' lang='lat' dir='ltr'><strong>quam</strong></span> <span class='ocrx_word' id='word_1_195' title='bbox 2269 780 2307 817; x_wconf 91' lang='lat' dir='ltr'><strong>in</strong></span> <span class='ocrx_word' id='word_1_196' title='bbox 2318 784 2502 822; x_wconf 86' lang='lat' dir='ltr'><strong>mandatis</strong></span> <span class='ocrx_word' id='word_1_197' title='bbox 2531 826 2534 831; x_wconf 55' lang='grc'><strong><em>,</em></strong></span> 
     </span>
     <span class='ocr_line' id='line_1_28' title="bbox 1445 830 2500 886; baseline 0.02 -23"><span class='ocrx_word' id='word_1_198' title='bbox 1445 833 1482 863; x_wconf 90' lang='lat' dir='ltr'><strong>et</strong></span> <span class='ocrx_word' id='word_1_199' title='bbox 1501 830 1671 875; x_wconf 90' lang='lat' dir='ltr'><strong>operibus</strong></span> <span class='ocrx_word' id='word_1_200' title='bbox 1689 833 1794 870; x_wconf 90' lang='lat' dir='ltr'><strong>bonis</strong></span> <span class='ocrx_word' id='word_1_201' title='bbox 1807 836 1950 880; x_wconf 85' lang='lat' dir='ltr'><strong>potest?</strong></span> <span class='ocrx_word' id='word_1_202' title='bbox 1965 837 2026 872; x_wconf 87' lang='lat' dir='ltr'><strong>Ait</strong></span> <span class='ocrx_word' id='word_1_203' title='bbox 2039 839 2135 874; x_wconf 91' lang='lat' dir='ltr'><strong>enim</strong></span> <span class='ocrx_word' id='word_1_204' title='bbox 2151 852 2160 876; x_wconf 77' lang='lat' dir='ltr'><strong>t</strong></span> <span class='ocrx_word' id='word_1_205' title='bbox 2178 840 2324 880; x_wconf 82' lang='lat' dir='ltr'><strong>Placebo</strong></span> <span class='ocrx_word' id='word_1_206' title='bbox 2348 845 2500 886; x_wconf 83' lang='lat' dir='ltr'><strong>Domino</strong></span> 
     </span>
     <span class='ocr_line' id='line_1_29' title="bbox 1445 889 2495 953; baseline 0.021 -29"><span class='ocrx_word' id='word_1_207' title='bbox 1445 889 1480 925; x_wconf 83' lang='lat' dir='ltr'><strong>in</strong></span> <span class='ocrx_word' id='word_1_208' title='bbox 1502 892 1640 937; x_wconf 64' lang='lat' dir='ltr'><strong>regione</strong></span> <span class='ocrx_word' id='word_1_209' title='bbox 1663 894 1818 931; x_wconf 83' lang='lat' dir='ltr'><strong>vivorum</strong></span> <span class='ocrx_word' id='word_1_210' title='bbox 1848 896 1962 944; x_wconf 80' lang='lat' dir='ltr'><strong>(Psat.</strong></span> <span class='ocrx_word' id='word_1_211' title='bbox 1977 899 2088 947; x_wconf 80' lang='lat' dir='ltr'><strong>cxiv).</strong></span> <span class='ocrx_word' id='word_1_212' title='bbox 2122 902 2173 938; x_wconf 86' lang='lat' dir='ltr'><strong>De</strong></span> <span class='ocrx_word' id='word_1_213' title='bbox 2192 904 2321 949; x_wconf 83' lang='lat' dir='ltr'><strong>quibus</strong></span> <span class='ocrx_word' id='word_1_214' title='bbox 2340 906 2418 953; x_wconf 89' lang='lat' dir='ltr'><strong>ipse</strong></span> <span class='ocrx_word' id='word_1_215' title='bbox 2446 909 2495 946; x_wconf 40' lang='lat' dir='ltr'><strong>di.</strong></span> 
     </span>
     <span class='ocr_line' id='line_1_30' title="bbox 1446 951 2499 1014; baseline 0.018 -28"><span class='ocrx_word' id='word_1_216' title='bbox 1446 951 1496 986; x_wconf 87' lang='lat' dir='ltr'><strong>cit</strong></span> <span class='ocrx_word' id='word_1_217' title='bbox 1515 961 1525 987; x_wconf 72' lang='grc' dir='ltr'><strong>ε</strong></span> <span class='ocrx_word' id='word_1_218' title='bbox 1545 951 1615 995; x_wconf 82' lang='lat' dir='ltr'><strong>Qui</strong></span> <span class='ocrx_word' id='word_1_219' title='bbox 1632 964 1719 991; x_wconf 92' lang='lat' dir='ltr'><strong>vero</strong></span> <span class='ocrx_word' id='word_1_220' title='bbox 1741 963 1940 1003; x_wconf 78' lang='lat' dir='ltr'><strong>exspectant</strong></span> <span class='ocrx_word' id='word_1_221' title='bbox 1959 959 2149 998; x_wconf 85' lang='lat' dir='ltr'><strong>Dominum</strong></span> <span class='ocrx_word' id='word_1_222' title='bbox 2171 963 2374 1002; x_wconf 76' lang='lat' dir='ltr'><strong>hoereditate</strong></span> <span class='ocrx_word' id='word_1_223' title='bbox 2393 968 2499 1014; x_wconf 75' lang='lat' dir='ltr'><strong>possi-</strong></span> 
     </span>
     <span class='ocr_line' id='line_1_31' title="bbox 1445 1011 2502 1075; baseline 0.02 -30"><span class='ocrx_word' id='word_1_224' title='bbox 1445 1011 1573 1047; x_wconf 85' lang='lat' dir='ltr'><strong>debunt</strong></span> <span class='ocrx_word' id='word_1_225' title='bbox 1591 1019 1720 1050; x_wconf 83' lang='lat' dir='ltr'><strong>terram</strong></span> <span class='ocrx_word' id='word_1_226' title='bbox 1752 1015 1868 1062; x_wconf 86' lang='lat' dir='ltr'><strong>(Psal.</strong></span> <span class='ocrx_word' id='word_1_227' title='bbox 1886 1019 2025 1067; x_wconf 75' lang='lat' dir='ltr'><strong>xxxvi).</strong></span> <span class='ocrx_word' id='word_1_228' title='bbox 2059 1021 2299 1061; x_wconf 84' lang='lat' dir='ltr'><strong>Possidebunt</strong></span> <span class='ocrx_word' id='word_1_229' title='bbox 2315 1027 2410 1063; x_wconf 91' lang='lat' dir='ltr'><strong>enim</strong></span> <span class='ocrx_word' id='word_1_230' title='bbox 2425 1027 2502 1075; x_wconf 87' lang='lat' dir='ltr'><strong>ple-</strong></span> 
     </span>
     <span class='ocr_line' id='line_1_32' title="bbox 1444 1073 2497 1137; baseline 0.02 -32"><span class='ocrx_word' id='word_1_231' title='bbox 1444 1081 1528 1106; x_wconf 88' lang='lat' dir='ltr'><strong>nam</strong></span> <span class='ocrx_word' id='word_1_232' title='bbox 1543 1073 1607 1108; x_wconf 92' lang='lat' dir='ltr'><strong>Dei</strong></span> <span class='ocrx_word' id='word_1_233' title='bbox 1624 1075 1752 1119; x_wconf 88' lang='lat' dir='ltr'><strong>spiritu</strong></span> <span class='ocrx_word' id='word_1_234' title='bbox 1773 1076 2011 1124; x_wconf 87' lang='lat' dir='ltr'><strong>Scripturam,</strong></span> <span class='ocrx_word' id='word_1_235' title='bbox 2028 1086 2153 1128; x_wconf 86' lang='lat' dir='ltr'><strong>etquae</strong></span> <span class='ocrx_word' id='word_1_236' title='bbox 2167 1093 2211 1120; x_wconf 84' lang='lat' dir='ltr'><strong>ex</strong></span> <span class='ocrx_word' id='word_1_237' title='bbox 2224 1094 2266 1121; x_wconf 92' lang='lat' dir='ltr'><strong>ea</strong></span> <span class='ocrx_word' id='word_1_238' title='bbox 2285 1093 2368 1123; x_wconf 91' lang='lat' dir='ltr'><strong>sunt</strong></span> <span class='ocrx_word' id='word_1_239' title='bbox 2387 1088 2497 1137; x_wconf 80' lang='lat' dir='ltr'><strong>bona,</strong></span> 
     </span>
     <span class='ocr_line' id='line_1_33' title="bbox 1445 1133 2501 1191; baseline 0.021 -25"><span class='ocrx_word' id='word_1_240' title='bbox 1445 1142 1524 1177; x_wconf 82' lang='lat' dir='ltr'><strong>quae</strong></span> <span class='ocrx_word' id='word_1_241' title='bbox 1548 1133 1662 1169; x_wconf 90' lang='lat' dir='ltr'><strong>Deum</strong></span> <span class='ocrx_word' id='word_1_242' title='bbox 1685 1143 1914 1182; x_wconf 86' lang='lat' dir='ltr'><strong>exspectans,</strong></span> <span class='ocrx_word' id='word_1_243' title='bbox 1935 1142 2184 1179; x_wconf 88' lang='lat' dir='ltr'><strong>mandatorum</strong></span> <span class='ocrx_word' id='word_1_244' title='bbox 2205 1155 2285 1191; x_wconf 77' lang='lat' dir='ltr'><strong>quae</strong></span> <span class='ocrx_word' id='word_1_245' title='bbox 2300 1147 2337 1183; x_wconf 92' lang='lat' dir='ltr'><strong>in</strong></span> <span class='ocrx_word' id='word_1_246' title='bbox 2354 1159 2396 1186; x_wconf 88' lang='lat' dir='ltr'><strong>ea</strong></span> <span class='ocrx_word' id='word_1_247' title='bbox 2413 1161 2501 1188; x_wconf 87' lang='lat' dir='ltr'><strong>con-</strong></span> 
     </span>
    </p>
   </div>
   <div class='ocr_carea' id='block_1_8' title="bbox 318 1186 2498 1247">
    <p class='ocr_par' dir='ltr' id='par_1_8' title="bbox 318 1186 2498 1247">
     <span class='ocr_line' id='line_1_34' title="bbox 318 1186 2498 1247; baseline 0.011 -26"><span class='ocrx_word' id='word_1_248' title='bbox 318 1186 500 1233; x_wconf 87' lang='lat' dir='ltr'><strong>gnificans,</strong></span> <span class='ocrx_word' id='word_1_249' title='bbox 513 1186 663 1223; x_wconf 88' lang='lat' dir='ltr'><strong>arietem</strong></span> <span class='ocrx_word' id='word_1_250' title='bbox 678 1197 744 1233; x_wconf 89' lang='lat' dir='ltr'><strong>pro</strong></span> <span class='ocrx_word' id='word_1_251' title='bbox 759 1192 909 1233; x_wconf 87' lang='lat' dir='ltr'><strong>peceato</strong></span> <span class='ocrx_word' id='word_1_252' title='bbox 924 1188 1096 1234; x_wconf 84' lang='lat' dir='ltr'><strong>praecepit</strong></span> <span class='ocrx_word' id='word_1_253' title='bbox 1113 1188 1250 1231; x_wconf 81' lang='lat' dir='ltr'><strong>offerri,</strong></span> <span class='ocrx_word' id='word_1_254' title='bbox 1263 1194 1299 1225; x_wconf 91' lang='lat' dir='ltr'><strong>et</strong></span> <span class='ocrx_word' id='word_1_255' title='bbox 1311 1198 1376 1235; x_wconf 91' lang='lat' dir='ltr'><strong>per</strong></span> <span class='ocrx_word' id='word_1_256' title='bbox 1394 1192 1426 1231; x_wconf 88' lang='lat' dir='ltr'><strong>B</strong></span> <span class='ocrx_word' id='word_1_257' title='bbox 1446 1191 1607 1229; x_wconf 88' lang='lat' dir='ltr'><strong>tinentur</strong></span> <span class='ocrx_word' id='word_1_258' title='bbox 1632 1195 1907 1233; x_wconf 89' lang='lat' dir='ltr'><strong>retributionem</strong></span> <span class='ocrx_word' id='word_1_259' title='bbox 1935 1201 2126 1244; x_wconf 89' lang='lat' dir='ltr'><strong>promittit.</strong></span> <span class='ocrx_word' id='word_1_260' title='bbox 2157 1201 2257 1241; x_wconf 88' lang='lat' dir='ltr'><strong>Hanc</strong></span> <span class='ocrx_word' id='word_1_261' title='bbox 2287 1211 2422 1244; x_wconf 86' lang='lat' dir='ltr'><strong>terram</strong></span> <span class='ocrx_word' id='word_1_262' title='bbox 2444 1210 2498 1247; x_wconf 91' lang='lat' dir='ltr'><strong>in-</strong></span> 
     </span>
    </p>
   </div>
   <div class='ocr_carea' id='block_1_9' title="bbox 316 1246 1376 2924">
    <p class='ocr_par' dir='ltr' id='par_1_9' title="bbox 316 1246 1376 2924">
     <span class='ocr_line' id='line_1_35' title="bbox 316 1246 1375 1294; baseline 0.006 -13"><span class='ocrx_word' id='word_1_263' title='bbox 316 1246 393 1292; x_wconf 88' lang='lat' dir='ltr'><strong>ejus</strong></span> <span class='ocrx_word' id='word_1_264' title='bbox 413 1246 627 1283; x_wconf 85' lang='lat' dir='ltr'><strong>oblationem</strong></span> <span class='ocrx_word' id='word_1_265' title='bbox 645 1248 873 1284; x_wconf 85' lang='lat' dir='ltr'><strong>sacerdotem</strong></span> <span class='ocrx_word' id='word_1_266' title='bbox 893 1249 1095 1294; x_wconf 86' lang='lat' dir='ltr'><strong>deprecari.</strong></span> <span class='ocrx_word' id='word_1_267' title='bbox 1127 1250 1215 1294; x_wconf 87' lang='lat' dir='ltr'><strong>Quis</strong></span> <span class='ocrx_word' id='word_1_268' title='bbox 1232 1256 1287 1287; x_wconf 89' lang='lat' dir='ltr'><strong>est</strong></span> <span class='ocrx_word' id='word_1_269' title='bbox 1311 1262 1375 1287; x_wconf 86' lang='lat' dir='ltr'><strong>au-</strong></span> 
     </span>
     <span class='ocr_line' id='line_1_36' title="bbox 318 1308 1376 1357; baseline 0.007 -15"><span class='ocrx_word' id='word_1_270' title='bbox 318 1313 389 1342; x_wconf 91' lang='lat' dir='ltr'><strong>tem</strong></span> <span class='ocrx_word' id='word_1_271' title='bbox 406 1308 462 1343; x_wconf 89' lang='lat' dir='ltr'><strong>hic</strong></span> <span class='ocrx_word' id='word_1_272' title='bbox 478 1309 538 1354; x_wconf 89' lang='lat' dir='ltr'><strong>qui</strong></span> <span class='ocrx_word' id='word_1_273' title='bbox 555 1309 670 1355; x_wconf 89' lang='lat' dir='ltr'><strong>primo</strong></span> <span class='ocrx_word' id='word_1_274' title='bbox 687 1309 849 1345; x_wconf 90' lang='lat' dir='ltr'><strong>omnium</strong></span> <span class='ocrx_word' id='word_1_275' title='bbox 864 1311 1000 1347; x_wconf 92' lang='lat' dir='ltr'><strong>mundo</strong></span> <span class='ocrx_word' id='word_1_276' title='bbox 1021 1310 1237 1357; x_wconf 84' lang='lat' dir='ltr'><strong>deprecatus</strong></span> <span class='ocrx_word' id='word_1_277' title='bbox 1251 1318 1320 1357; x_wconf 88' lang='lat' dir='ltr'><strong>est,</strong></span> <span class='ocrx_word' id='word_1_278' title='bbox 1339 1319 1376 1350; x_wconf 86' lang='lat' dir='ltr'><strong>et</strong></span> 
     </span>
     <span class='ocr_line' id='line_1_37' title="bbox 319 1368 1374 1416; baseline 0.008 -14"><span class='ocrx_word' id='word_1_279' title='bbox 319 1368 398 1413; x_wconf 83' lang='lat' dir='ltr'><strong>quis</strong></span> <span class='ocrx_word' id='word_1_280' title='bbox 414 1369 507 1405; x_wconf 91' lang='lat' dir='ltr'><strong>aries</strong></span> <span class='ocrx_word' id='word_1_281' title='bbox 522 1370 582 1414; x_wconf 90' lang='lat' dir='ltr'><strong>qui</strong></span> <span class='ocrx_word' id='word_1_282' title='bbox 599 1380 665 1416; x_wconf 89' lang='lat' dir='ltr'><strong>pro</strong></span> <span class='ocrx_word' id='word_1_283' title='bbox 678 1375 826 1415; x_wconf 88' lang='lat' dir='ltr'><strong>peccato</strong></span> <span class='ocrx_word' id='word_1_284' title='bbox 841 1371 1003 1414; x_wconf 82' lang='lat' dir='ltr'><strong>offertur,</strong></span> <span class='ocrx_word' id='word_1_285' title='bbox 1022 1377 1133 1408; x_wconf 89' lang='lat' dir='ltr'><strong>eteur</strong></span> <span class='ocrx_word' id='word_1_286' title='bbox 1143 1379 1226 1408; x_wconf 92' lang='lat' dir='ltr'><strong>ante</strong></span> <span class='ocrx_word' id='word_1_287' title='bbox 1242 1374 1374 1410; x_wconf 90' lang='lat' dir='ltr'><strong>ostium</strong></span> 
     </span>
     <span class='ocr_line' id='line_1_38' title="bbox 318 1430 1375 1478; baseline 0.006 -13"><span class='ocrx_word' id='word_1_288' title='bbox 318 1430 536 1467; x_wconf 84' lang='lat' dir='ltr'><strong>tabernaculi</strong></span> <span class='ocrx_word' id='word_1_289' title='bbox 557 1433 752 1469; x_wconf 89' lang='lat' dir='ltr'><strong>testimonii</strong></span> <span class='ocrx_word' id='word_1_290' title='bbox 774 1434 819 1469; x_wconf 89' lang='lat' dir='ltr'><strong>ad</strong></span> <span class='ocrx_word' id='word_1_291' title='bbox 838 1434 1058 1470; x_wconf 81' lang='lat' dir='ltr'><strong>sacrificium</strong></span> <span class='ocrx_word' id='word_1_292' title='bbox 1078 1435 1289 1478; x_wconf 84' lang='lat' dir='ltr'><strong>deducatur,</strong></span> <span class='ocrx_word' id='word_1_293' title='bbox 1312 1437 1375 1472; x_wconf 89' lang='lat' dir='ltr'><strong>sed</strong></span> 
     </span>
     <span class='ocr_line' id='line_1_39' title="bbox 320 1492 1374 1542; baseline 0.008 -17"><span class='ocrx_word' id='word_1_294' title='bbox 320 1496 356 1526; x_wconf 89' lang='lat' dir='ltr'><strong>et</strong></span> <span class='ocrx_word' id='word_1_295' title='bbox 376 1492 437 1536; x_wconf 93' lang='lat' dir='ltr'><strong>qui</strong></span> <span class='ocrx_word' id='word_1_296' title='bbox 471 1494 615 1539; x_wconf 82' lang='lat' dir='ltr'><strong>proprie</strong></span> <span class='ocrx_word' id='word_1_297' title='bbox 639 1494 745 1530; x_wconf 89' lang='lat' dir='ltr'><strong>debet</strong></span> <span class='ocrx_word' id='word_1_298' title='bbox 765 1495 915 1542; x_wconf 83' lang='lat' dir='ltr'><strong>intelligi</strong></span> <span class='ocrx_word' id='word_1_299' title='bbox 933 1501 1123 1542; x_wconf 90' lang='lat' dir='ltr'><strong>peccatum</strong></span> <span class='ocrx_word' id='word_1_300' title='bbox 1152 1497 1303 1533; x_wconf 89' lang='lat' dir='ltr'><strong>delicti?</strong></span> <span class='ocrx_word' id='word_1_301' title='bbox 1322 1497 1374 1533; x_wconf 89' lang='lat' dir='ltr'><strong>Ea</strong></span> 
     </span>
     <span class='ocr_line' id='line_1_40' title="bbox 318 1553 1375 1605; baseline 0.008 -18"><span class='ocrx_word' id='word_1_302' title='bbox 318 1561 394 1596; x_wconf 82' lang='lat' dir='ltr'><strong>quae</strong></span> <span class='ocrx_word' id='word_1_303' title='bbox 415 1553 458 1589; x_wconf 91' lang='lat' dir='ltr'><strong>de</strong></span> <span class='ocrx_word' id='word_1_304' title='bbox 479 1554 666 1591; x_wconf 84' lang='lat' dir='ltr'><strong>sacrificiis</strong></span> <span class='ocrx_word' id='word_1_305' title='bbox 683 1556 768 1591; x_wconf 89' lang='lat' dir='ltr'><strong>olim</strong></span> <span class='ocrx_word' id='word_1_306' title='bbox 796 1557 934 1593; x_wconf 90' lang='lat' dir='ltr'><strong>sancita</strong></span> <span class='ocrx_word' id='word_1_307' title='bbox 955 1563 1037 1594; x_wconf 88' lang='lat' dir='ltr'><strong>sunt</strong></span> <span class='ocrx_word' id='word_1_308' title='bbox 1054 1564 1090 1594; x_wconf 90' lang='lat' dir='ltr'><strong>et</strong></span> <span class='ocrx_word' id='word_1_309' title='bbox 1107 1559 1268 1605; x_wconf 85' lang='lat' dir='ltr'><strong>exposita</strong></span> <span class='ocrx_word' id='word_1_310' title='bbox 1294 1569 1375 1605; x_wconf 90' lang='lat' dir='ltr'><strong>per-</strong></span> 
     </span>
     <span class='ocr_line' id='line_1_41' title="bbox 316 1598 1374 1666; baseline 0.01 -21"><span class='ocrx_word' id='word_1_311' title='bbox 316 1598 497 1655; x_wconf 71' lang='lat' dir='ltr'><strong>scrutans,</strong></span> <span class='ocrx_word' id='word_1_312' title='bbox 518 1614 680 1650; x_wconf 87' lang='lat' dir='ltr'><strong>invenies</strong></span> <span class='ocrx_word' id='word_1_313' title='bbox 698 1615 881 1652; x_wconf 81' lang='lat' dir='ltr'><strong>Christum</strong></span> <span class='ocrx_word' id='word_1_314' title='bbox 908 1618 943 1652; x_wconf 92' lang='lat' dir='ltr'><strong>in</strong></span> <span class='ocrx_word' id='word_1_315' title='bbox 964 1618 1016 1653; x_wconf 89' lang='lat' dir='ltr'><strong>eis</strong></span> <span class='ocrx_word' id='word_1_316' title='bbox 1042 1619 1139 1654; x_wconf 83' lang='lat' dir='ltr'><strong>velut</strong></span> <span class='ocrx_word' id='word_1_317' title='bbox 1160 1619 1197 1654; x_wconf 90' lang='lat' dir='ltr'><strong>in</strong></span> <span class='ocrx_word' id='word_1_318' title='bbox 1218 1619 1374 1666; x_wconf 85' lang='lat' dir='ltr'><strong>imagine</strong></span> 
     </span>
     <span class='ocr_line' id='line_1_42' title="bbox 318 1671 1371 1720; baseline 0.01 -15"><span class='ocrx_word' id='word_1_319' title='bbox 318 1671 523 1717; x_wconf 82' lang='lat' dir='ltr'><strong>figuratum,</strong></span> <span class='ocrx_word' id='word_1_320' title='bbox 542 1675 602 1719; x_wconf 88' lang='lat' dir='ltr'><strong>qui</strong></span> <span class='ocrx_word' id='word_1_321' title='bbox 620 1685 683 1720; x_wconf 91' lang='lat' dir='ltr'><strong>per</strong></span> <span class='ocrx_word' id='word_1_322' title='bbox 702 1686 846 1712; x_wconf 89' lang='lat' dir='ltr'><strong>crucem</strong></span> <span class='ocrx_word' id='word_1_323' title='bbox 865 1678 1071 1715; x_wconf 87' lang='lat' dir='ltr'><strong>immolatus</strong></span> <span class='ocrx_word' id='word_1_324' title='bbox 1094 1690 1176 1715; x_wconf 87' lang='lat' dir='ltr'><strong>eum</strong></span> <span class='ocrx_word' id='word_1_325' title='bbox 1197 1680 1277 1716; x_wconf 83' lang='lat' dir='ltr'><strong>aliis</strong></span> <span class='ocrx_word' id='word_1_326' title='bbox 1293 1691 1371 1717; x_wconf 92' lang='lat' dir='ltr'><strong>om-</strong></span> 
     </span>
     <span class='ocr_line' id='line_1_43' title="bbox 318 1730 1373 1784; baseline 0.012 -20"><span class='ocrx_word' id='word_1_327' title='bbox 318 1730 422 1765; x_wconf 89' lang='lat' dir='ltr'><strong>nibus</strong></span> <span class='ocrx_word' id='word_1_328' title='bbox 446 1734 614 1776; x_wconf 89' lang='lat' dir='ltr'><strong>peccatis,</strong></span> <span class='ocrx_word' id='word_1_329' title='bbox 649 1735 758 1771; x_wconf 90' lang='lat' dir='ltr'><strong>etiam</strong></span> <span class='ocrx_word' id='word_1_330' title='bbox 784 1736 853 1773; x_wconf 88' lang='lat' dir='ltr'><strong>hoe</strong></span> <span class='ocrx_word' id='word_1_331' title='bbox 874 1737 1010 1784; x_wconf 77' lang='lat' dir='ltr'><strong>ignovit</strong></span> <span class='ocrx_word' id='word_1_332' title='bbox 1042 1740 1137 1784; x_wconf 91' lang='lat' dir='ltr'><strong>quod</strong></span> <span class='ocrx_word' id='word_1_333' title='bbox 1167 1739 1373 1777; x_wconf 85' lang='lat' dir='ltr'><strong>Judaeorum</strong></span> 
     </span>
     <span class='ocr_line' id='line_1_44' title="bbox 319 1793 1373 1848; baseline 0.011 -21"><span class='ocrx_word' id='word_1_334' title='bbox 319 1793 499 1829; x_wconf 88' lang='lat' dir='ltr'><strong>commisit</strong></span> <span class='ocrx_word' id='word_1_335' title='bbox 522 1795 686 1840; x_wconf 87' lang='lat' dir='ltr'><strong>populus,</strong></span> <span class='ocrx_word' id='word_1_336' title='bbox 707 1801 742 1832; x_wconf 89' lang='lat' dir='ltr'><strong>et</strong></span> <span class='ocrx_word' id='word_1_337' title='bbox 762 1798 792 1833; x_wconf 89' lang='lat' dir='ltr'><strong>is</strong></span> <span class='ocrx_word' id='word_1_338' title='bbox 815 1801 876 1844; x_wconf 84' lang='lat' dir='ltr'><strong>qui</strong></span> <span class='ocrx_word' id='word_1_339' title='bbox 895 1806 973 1835; x_wconf 90' lang='lat' dir='ltr'><strong>crat</strong></span> <span class='ocrx_word' id='word_1_340' title='bbox 988 1801 1019 1836; x_wconf 90' lang='lat' dir='ltr'><strong>ei</strong></span> <span class='ocrx_word' id='word_1_341' title='bbox 1039 1802 1172 1838; x_wconf 84' lang='lat' dir='ltr'><strong>mixtus</strong></span> <span class='ocrx_word' id='word_1_342' title='bbox 1193 1813 1236 1838; x_wconf 84' lang='lat' dir='ltr'><strong>ex</strong></span> <span class='ocrx_word' id='word_1_343' title='bbox 1257 1804 1373 1848; x_wconf 82' lang='lat' dir='ltr'><strong>genti-</strong></span> 
     </span>
     <span class='ocr_line' id='line_1_45' title="bbox 317 1853 1372 1909; baseline 0.012 -21"><span class='ocrx_word' id='word_1_344' title='bbox 317 1853 398 1897; x_wconf 87' lang='lat' dir='ltr'><strong>bus,</strong></span> <span class='ocrx_word' id='word_1_345' title='bbox 431 1855 491 1900; x_wconf 92' lang='lat' dir='ltr'><strong>qui</strong></span> <span class='ocrx_word' id='word_1_346' title='bbox 506 1856 615 1891; x_wconf 87' lang='lat' dir='ltr'><strong>etiam</strong></span> <span class='ocrx_word' id='word_1_347' title='bbox 636 1858 791 1895; x_wconf 86' lang='lat' dir='ltr'><strong>dormire</strong></span> <span class='ocrx_word' id='word_1_348' title='bbox 811 1870 891 1896; x_wconf 87' lang='lat' dir='ltr'><strong>eum</strong></span> <span class='ocrx_word' id='word_1_349' title='bbox 910 1862 962 1898; x_wconf 90' lang='lat' dir='ltr'><strong>eis</strong></span> <span class='ocrx_word' id='word_1_350' title='bbox 987 1862 1119 1898; x_wconf 92' lang='lat' dir='ltr'><strong>dicitur</strong></span> <span class='ocrx_word' id='word_1_351' title='bbox 1135 1890 1144 1906; x_wconf 92' lang='lat'><strong>,</strong></span> <span class='ocrx_word' id='word_1_352' title='bbox 1167 1864 1281 1909; x_wconf 88' lang='lat' dir='ltr'><strong>legem</strong></span> <span class='ocrx_word' id='word_1_353' title='bbox 1301 1875 1372 1901; x_wconf 91' lang='lat' dir='ltr'><strong>non</strong></span> 
     </span>
     <span class='ocr_line' id='line_1_46' title="bbox 320 1915 1373 1967; baseline 0.011 -19"><span class='ocrx_word' id='word_1_354' title='bbox 320 1915 521 1950; x_wconf 87' lang='lat' dir='ltr'><strong>secundum</strong></span> <span class='ocrx_word' id='word_1_355' title='bbox 542 1916 777 1954; x_wconf 87' lang='lat' dir='ltr'><strong>intentionem</strong></span> <span class='ocrx_word' id='word_1_356' title='bbox 797 1919 1015 1965; x_wconf 81' lang='lat' dir='ltr'><strong>legislatoris</strong></span> <span class='ocrx_word' id='word_1_357' title='bbox 1034 1923 1256 1967; x_wconf 85' lang='lat' dir='ltr'><strong>accipiendo.</strong></span> <span class='ocrx_word' id='word_1_358' title='bbox 1289 1924 1373 1961; x_wconf 80' lang='lat' dir='ltr'><strong>Hoec</strong></span> 
     </span>
     <span class='ocr_line' id='line_1_47' title="bbox 317 1977 1373 2031; baseline 0.007 -18"><span class='ocrx_word' id='word_1_359' title='bbox 317 1980 435 2013; x_wconf 70' lang='lat' dir='ltr'><strong>autem</strong></span> <span class='ocrx_word' id='word_1_360' title='bbox 452 1986 522 2012; x_wconf 93' lang='lat' dir='ltr'><strong>non</strong></span> <span class='ocrx_word' id='word_1_361' title='bbox 538 1977 740 2023; x_wconf 85' lang='lat' dir='ltr'><strong>importune</strong></span> <span class='ocrx_word' id='word_1_362' title='bbox 756 1980 791 2014; x_wconf 92' lang='lat' dir='ltr'><strong>in</strong></span> <span class='ocrx_word' id='word_1_363' title='bbox 812 1981 880 2015; x_wconf 89' lang='lat' dir='ltr'><strong>hoe</strong></span> <span class='ocrx_word' id='word_1_364' title='bbox 898 1981 991 2023; x_wconf 86' lang='lat' dir='ltr'><strong>loeo,</strong></span> <span class='ocrx_word' id='word_1_365' title='bbox 1010 1982 1073 2017; x_wconf 89' lang='lat' dir='ltr'><strong>sed</strong></span> <span class='ocrx_word' id='word_1_366' title='bbox 1089 1982 1161 2018; x_wconf 88' lang='lat' dir='ltr'><strong>imo</strong></span> <span class='ocrx_word' id='word_1_367' title='bbox 1180 1983 1287 2020; x_wconf 87' lang='lat' dir='ltr'><strong>nimis</strong></span> <span class='ocrx_word' id='word_1_368' title='bbox 1309 1995 1373 2031; x_wconf 91' lang='lat' dir='ltr'><strong>op-</strong></span> 
     </span>
     <span class='ocr_line' id='line_1_48' title="bbox 317 2039 1371 2087; baseline 0.011 -18"><span class='ocrx_word' id='word_1_369' title='bbox 317 2041 469 2079; x_wconf 65' lang='lat' dir='ltr'><strong>portuno</strong></span> <span class='ocrx_word' id='word_1_370' title='bbox 487 2041 656 2082; x_wconf 86' lang='lat' dir='ltr'><strong>tempore,</strong></span> <span class='ocrx_word' id='word_1_371' title='bbox 668 2049 738 2083; x_wconf 85' lang='lat' dir='ltr'><strong>quo</strong></span> <span class='ocrx_word' id='word_1_372' title='bbox 757 2039 921 2083; x_wconf 84' lang='lat' dir='ltr'><strong>jumenta</strong></span> <span class='ocrx_word' id='word_1_373' title='bbox 937 2051 1006 2076; x_wconf 91' lang='lat' dir='ltr'><strong>non</strong></span> <span class='ocrx_word' id='word_1_374' title='bbox 1025 2048 1209 2087; x_wconf 87' lang='lat' dir='ltr'><strong>oporteret</strong></span> <span class='ocrx_word' id='word_1_375' title='bbox 1224 2044 1371 2082; x_wconf 88' lang='lat' dir='ltr'><strong>alterius</strong></span> 
     </span>
     <span class='ocr_line' id='line_1_49' title="bbox 319 2095 1372 2150; baseline 0.012 -21"><span class='ocrx_word' id='word_1_376' title='bbox 319 2096 460 2140; x_wconf 79' lang='lat' dir='ltr'><strong>generis</strong></span> <span class='ocrx_word' id='word_1_377' title='bbox 468 2095 641 2139; x_wconf 87' lang='lat' dir='ltr'><strong>jumentis</strong></span> <span class='ocrx_word' id='word_1_378' title='bbox 654 2098 833 2144; x_wconf 87' lang='lat' dir='ltr'><strong>conjungi,</strong></span> <span class='ocrx_word' id='word_1_379' title='bbox 856 2100 892 2135; x_wconf 92' lang='lat' dir='ltr'><strong>id</strong></span> <span class='ocrx_word' id='word_1_380' title='bbox 912 2106 978 2142; x_wconf 88' lang='lat' dir='ltr'><strong>est,</strong></span> <span class='ocrx_word' id='word_1_381' title='bbox 997 2111 1069 2137; x_wconf 90' lang='lat' dir='ltr'><strong>non</strong></span> <span class='ocrx_word' id='word_1_382' title='bbox 1087 2102 1211 2139; x_wconf 87' lang='lat' dir='ltr'><strong>liceret</strong></span> <span class='ocrx_word' id='word_1_383' title='bbox 1229 2115 1291 2141; x_wconf 90' lang='lat' dir='ltr'><strong>eos</strong></span> <span class='ocrx_word' id='word_1_384' title='bbox 1311 2107 1372 2150; x_wconf 84' lang='lat' dir='ltr'><strong>qui</strong></span> 
     </span>
     <span class='ocr_line' id='line_1_50' title="bbox 320 2153 1373 2210; baseline 0.012 -22"><span class='ocrx_word' id='word_1_385' title='bbox 320 2153 479 2200; x_wconf 88' lang='lat' dir='ltr'><strong>subjugo</strong></span> <span class='ocrx_word' id='word_1_386' title='bbox 495 2155 580 2191; x_wconf 86' lang='lat' dir='ltr'><strong>sacti</strong></span> <span class='ocrx_word' id='word_1_387' title='bbox 602 2162 684 2191; x_wconf 91' lang='lat' dir='ltr'><strong>sunt</strong></span> <span class='ocrx_word' id='word_1_388' title='bbox 701 2157 832 2193; x_wconf 84' lang='lat' dir='ltr'><strong>Christi</strong></span> <span class='ocrx_word' id='word_1_389' title='bbox 850 2158 1035 2195; x_wconf 86' lang='lat' dir='ltr'><strong>Judaicum</strong></span> <span class='ocrx_word' id='word_1_390' title='bbox 1048 2160 1173 2207; x_wconf 83' lang='lat' dir='ltr'><strong>jugum</strong></span> <span class='ocrx_word' id='word_1_391' title='bbox 1189 2166 1373 2210; x_wconf 88' lang='lat' dir='ltr'><strong>suscipere</strong></span> 
     </span>
     <span class='ocr_line' id='line_1_51' title="bbox 320 2212 1374 2266; baseline 0.012 -19"><span class='ocrx_word' id='word_1_392' title='bbox 320 2212 549 2259; x_wconf 83' lang='lat' dir='ltr'><strong>significavit.</strong></span> <span class='ocrx_word' id='word_1_393' title='bbox 583 2214 810 2253; x_wconf 81' lang='lat' dir='ltr'><strong>Confirmans</strong></span> <span class='ocrx_word' id='word_1_394' title='bbox 829 2218 924 2253; x_wconf 84' lang='lat' dir='ltr'><strong>enirn</strong></span> <span class='ocrx_word' id='word_1_395' title='bbox 942 2220 1023 2263; x_wconf 88' lang='lat' dir='ltr'><strong>hoc,</strong></span> <span class='ocrx_word' id='word_1_396' title='bbox 1049 2224 1239 2266; x_wconf 62' lang='lat' dir='ltr'><strong>praesentia</strong></span> <span class='ocrx_word' id='word_1_397' title='bbox 1253 2224 1374 2259; x_wconf 88' lang='lat' dir='ltr'><strong>subdi-</strong></span> 
     </span>
     <span class='ocr_line' id='line_1_52' title="bbox 320 2272 1370 2322; baseline 0.01 -15"><span class='ocrx_word' id='word_1_398' title='bbox 320 2272 385 2315; x_wconf 87' lang='lat' dir='ltr'><strong>dit,</strong></span> <span class='ocrx_word' id='word_1_399' title='bbox 413 2284 477 2319; x_wconf 90' lang='lat' dir='ltr'><strong>per</strong></span> <span class='ocrx_word' id='word_1_400' title='bbox 496 2285 575 2320; x_wconf 80' lang='lat' dir='ltr'><strong>quae</strong></span> <span class='ocrx_word' id='word_1_401' title='bbox 595 2277 754 2312; x_wconf 85' lang='lat' dir='ltr'><strong>ostendit</strong></span> <span class='ocrx_word' id='word_1_402' title='bbox 772 2278 853 2322; x_wconf 85' lang='lat' dir='ltr'><strong>quia</strong></span> <span class='ocrx_word' id='word_1_403' title='bbox 875 2284 910 2314; x_wconf 89' lang='lat' dir='ltr'><strong>et</strong></span> <span class='ocrx_word' id='word_1_404' title='bbox 926 2284 1008 2314; x_wconf 90' lang='lat' dir='ltr'><strong>ante</strong></span> <span class='ocrx_word' id='word_1_405' title='bbox 1025 2280 1217 2316; x_wconf 79' lang='lat' dir='ltr'><strong>adventum</strong></span> <span class='ocrx_word' id='word_1_406' title='bbox 1236 2282 1370 2318; x_wconf 84' lang='lat' dir='ltr'><strong>Christi</strong></span> 
     </span>
     <span class='ocr_line' id='line_1_53' title="bbox 319 2333 1370 2386; baseline 0.011 -20"><span class='ocrx_word' id='word_1_407' title='bbox 319 2333 522 2379; x_wconf 83' lang='lat' dir='ltr'><strong>quicunque</strong></span> <span class='ocrx_word' id='word_1_408' title='bbox 543 2340 747 2371; x_wconf 82' lang='lat' dir='ltr'><strong>exterorum</strong></span> <span class='ocrx_word' id='word_1_409' title='bbox 775 2337 845 2373; x_wconf 90' lang='lat' dir='ltr'><strong>illis</strong></span> <span class='ocrx_word' id='word_1_410' title='bbox 860 2339 1175 2383; x_wconf 88' lang='lat' dir='ltr'><strong>commiscebatur,</strong></span> <span class='ocrx_word' id='word_1_411' title='bbox 1198 2351 1287 2386; x_wconf 83' lang='lat' dir='ltr'><strong>opus</strong></span> <span class='ocrx_word' id='word_1_412' title='bbox 1305 2343 1370 2378; x_wconf 88' lang='lat' dir='ltr'><strong>ha-</strong></span> 
     </span>
     <span class='ocr_line' id='line_1_54' title="bbox 319 2393 1372 2446; baseline 0.01 -19"><span class='ocrx_word' id='word_1_413' title='bbox 319 2393 425 2428; x_wconf 87' lang='lat' dir='ltr'><strong>bebat</strong></span> <span class='ocrx_word' id='word_1_414' title='bbox 443 2393 676 2440; x_wconf 86' lang='lat' dir='ltr'><strong>intelligibilis</strong></span> <span class='ocrx_word' id='word_1_415' title='bbox 691 2397 815 2432; x_wconf 91' lang='lat' dir='ltr'><strong>arietis</strong></span> <span class='ocrx_word' id='word_1_416' title='bbox 830 2398 1007 2435; x_wconf 83' lang='lat' dir='ltr'><strong>sacrificio</strong></span> <span class='ocrx_word' id='word_1_417' title='bbox 1025 2400 1069 2434; x_wconf 88' lang='lat' dir='ltr'><strong>ad</strong></span> <span class='ocrx_word' id='word_1_418' title='bbox 1081 2401 1372 2446; x_wconf 88' lang='lat' dir='ltr'><strong>propitiationem</strong></span> 
     </span>
     <span class='ocr_line' id='line_1_55' title="bbox 322 2454 1371 2506; baseline 0.012 -20"><span class='ocrx_word' id='word_1_419' title='bbox 322 2461 438 2496; x_wconf 88' lang='lat' dir='ltr'><strong>suam,</strong></span> <span class='ocrx_word' id='word_1_420' title='bbox 461 2454 649 2490; x_wconf 84' lang='lat' dir='ltr'><strong>conserens</strong></span> <span class='ocrx_word' id='word_1_421' title='bbox 668 2456 753 2492; x_wconf 91' lang='lat' dir='ltr'><strong>illud</strong></span> <span class='ocrx_word' id='word_1_422' title='bbox 773 2463 895 2493; x_wconf 90' lang='lat' dir='ltr'><strong>mente</strong></span> <span class='ocrx_word' id='word_1_423' title='bbox 926 2464 961 2494; x_wconf 90' lang='lat' dir='ltr'><strong>et</strong></span> <span class='ocrx_word' id='word_1_424' title='bbox 976 2459 1183 2496; x_wconf 86' lang='lat' dir='ltr'><strong>describens</strong></span> <span class='ocrx_word' id='word_1_425' title='bbox 1202 2462 1295 2506; x_wconf 83' lang='lat' dir='ltr'><strong>apud</strong></span> <span class='ocrx_word' id='word_1_426' title='bbox 1315 2474 1371 2500; x_wconf 89' lang='lat' dir='ltr'><strong>se-</strong></span> 
     </span>
     <span class='ocr_line' id='line_1_56' title="bbox 318 2511 1370 2560; baseline 0.012 -15"><span class='ocrx_word' id='word_1_427' title='bbox 318 2511 508 2557; x_wconf 89' lang='lat' dir='ltr'><strong>metipsum</strong></span> <span class='ocrx_word' id='word_1_428' title='bbox 527 2523 593 2558; x_wconf 90' lang='lat' dir='ltr'><strong>per</strong></span> <span class='ocrx_word' id='word_1_429' title='bbox 608 2514 741 2560; x_wconf 82' lang='lat' dir='ltr'><strong>figuras</strong></span> <span class='ocrx_word' id='word_1_430' title='bbox 757 2517 961 2552; x_wconf 88' lang='lat' dir='ltr'><strong>veritatem.</strong></span> <span class='ocrx_word' id='word_1_431' title='bbox 985 2517 1044 2555; x_wconf 84' lang='lat' dir='ltr'><strong>Sic</strong></span> <span class='ocrx_word' id='word_1_432' title='bbox 1060 2520 1155 2555; x_wconf 92' lang='lat' dir='ltr'><strong>enim</strong></span> <span class='ocrx_word' id='word_1_433' title='bbox 1174 2531 1245 2556; x_wconf 92' lang='lat' dir='ltr'><strong>non</strong></span> <span class='ocrx_word' id='word_1_434' title='bbox 1255 2523 1370 2558; x_wconf 93' lang='lat' dir='ltr'><strong>solum</strong></span> 
     </span>
     <span class='ocr_line' id='line_1_57' title="bbox 316 2574 1370 2620; baseline 0.013 -14"><span class='ocrx_word' id='word_1_435' title='bbox 316 2582 386 2606; x_wconf 92' lang='lat' dir='ltr'><strong>non</strong></span> <span class='ocrx_word' id='word_1_436' title='bbox 412 2574 644 2611; x_wconf 86' lang='lat' dir='ltr'><strong>condemnari</strong></span> <span class='ocrx_word' id='word_1_437' title='bbox 670 2587 715 2612; x_wconf 81' lang='lat' dir='ltr'><strong>ex</strong></span> <span class='ocrx_word' id='word_1_438' title='bbox 728 2578 940 2615; x_wconf 87' lang='lat' dir='ltr'><strong>obveniente</strong></span> <span class='ocrx_word' id='word_1_439' title='bbox 959 2580 1026 2616; x_wconf 89' lang='lat' dir='ltr'><strong>sibi</strong></span> <span class='ocrx_word' id='word_1_440' title='bbox 1061 2582 1194 2619; x_wconf 89' lang='lat' dir='ltr'><strong>virtute</strong></span> <span class='ocrx_word' id='word_1_441' title='bbox 1213 2582 1370 2620; x_wconf 85' lang='lat' dir='ltr'><strong>Judaicae</strong></span> 
     </span>
     <span class='ocr_line' id='line_1_58' title="bbox 316 2631 1369 2684; baseline 0.014 -18"><span class='ocrx_word' id='word_1_442' title='bbox 316 2631 459 2677; x_wconf 80' lang='lat' dir='ltr'><strong>litterae,</strong></span> <span class='ocrx_word' id='word_1_443' title='bbox 482 2635 543 2670; x_wconf 86' lang='lat' dir='ltr'><strong>sed</strong></span> <span class='ocrx_word' id='word_1_444' title='bbox 558 2636 664 2671; x_wconf 90' lang='lat' dir='ltr'><strong>etiam</strong></span> <span class='ocrx_word' id='word_1_445' title='bbox 680 2637 825 2674; x_wconf 87' lang='lat' dir='ltr'><strong>liberari</strong></span> <span class='ocrx_word' id='word_1_446' title='bbox 846 2640 891 2676; x_wconf 90' lang='lat' dir='ltr'><strong>ab</strong></span> <span class='ocrx_word' id='word_1_447' title='bbox 911 2650 966 2684; x_wconf 84' lang='lat' dir='ltr'><strong>ea,</strong></span> <span class='ocrx_word' id='word_1_448' title='bbox 987 2647 1023 2677; x_wconf 87' lang='lat' dir='ltr'><strong>et</strong></span> <span class='ocrx_word' id='word_1_449' title='bbox 1042 2653 1061 2678; x_wconf 86' lang='lat' dir='ltr'><strong>a</strong></span> <span class='ocrx_word' id='word_1_450' title='bbox 1079 2649 1195 2679; x_wconf 89' lang='lat' dir='ltr'><strong>morte</strong></span> <span class='ocrx_word' id='word_1_451' title='bbox 1216 2644 1369 2681; x_wconf 85' lang='lat' dir='ltr'><strong>infideli·</strong></span> 
     </span>
     <span class='ocr_line' id='line_1_59' title="bbox 319 2693 1369 2752; baseline 0.015 -26"><span class='ocrx_word' id='word_1_452' title='bbox 319 2693 416 2736; x_wconf 90' lang='lat' dir='ltr'><strong>tatis,</strong></span> <span class='ocrx_word' id='word_1_453' title='bbox 437 2694 647 2739; x_wconf 88' lang='lat' dir='ltr'><strong>spiritaliter</strong></span> <span class='ocrx_word' id='word_1_454' title='bbox 671 2698 786 2743; x_wconf 86' lang='lat' dir='ltr'><strong>legem</strong></span> <span class='ocrx_word' id='word_1_455' title='bbox 807 2701 1000 2746; x_wconf 89' lang='lat' dir='ltr'><strong>accipiens,</strong></span> <span class='ocrx_word' id='word_1_456' title='bbox 1029 2708 1066 2739; x_wconf 88' lang='lat' dir='ltr'><strong>et</strong></span> <span class='ocrx_word' id='word_1_457' title='bbox 1094 2704 1271 2741; x_wconf 84' lang='lat' dir='ltr'><strong>sacrificia</strong></span> <span class='ocrx_word' id='word_1_458' title='bbox 1291 2705 1369 2752; x_wconf 86' lang='lat' dir='ltr'><strong>ejus</strong></span> 
     </span>
     <span class='ocr_line' id='line_1_60' title="bbox 320 2753 929 2804; baseline 0.013 -16"><span class='ocrx_word' id='word_1_459' title='bbox 320 2754 364 2789; x_wconf 84' lang='lat' dir='ltr'><strong>ad</strong></span> <span class='ocrx_word' id='word_1_460' title='bbox 381 2753 562 2792; x_wconf 83' lang='lat' dir='ltr'><strong>Christum</strong></span> <span class='ocrx_word' id='word_1_461' title='bbox 580 2756 757 2801; x_wconf 85' lang='lat' dir='ltr'><strong>reserens,</strong></span> <span class='ocrx_word' id='word_1_462' title='bbox 774 2766 929 2804; x_wconf 90' lang='lat' dir='ltr'><strong>poterat.</strong></span> 
     </span>
     <span class='ocr_line' id='line_1_61' title="bbox 729 2819 960 2857; baseline 0.009 -3"><span class='ocrx_word' id='word_1_463' title='bbox 729 2819 878 2855; x_wconf 88' lang='lat' dir='ltr'><strong>CAPUT</strong></span> <span class='ocrx_word' id='word_1_464' title='bbox 908 2822 960 2857; x_wconf 87' lang='lat' dir='ltr'><strong>vl.</strong></span> 
     </span>
     <span class='ocr_line' id='line_1_62' title="bbox 316 2875 1364 2924; baseline 0.013 -14"><span class='ocrx_word' id='word_1_465' title='bbox 316 2875 368 2911; x_wconf 89' lang='lat' dir='ltr'><strong>De</strong></span> <span class='ocrx_word' id='word_1_466' title='bbox 390 2877 591 2922; x_wconf 75' lang='lat' dir='ltr'><strong>auferendis</strong></span> <span class='ocrx_word' id='word_1_467' title='bbox 610 2880 788 2924; x_wconf 81' lang='lat' dir='ltr'><strong>proeputiis</strong></span> <span class='ocrx_word' id='word_1_468' title='bbox 816 2881 980 2917; x_wconf 85' lang='lat' dir='ltr'><strong>arborum</strong></span> <span class='ocrx_word' id='word_1_469' title='bbox 1005 2883 1042 2918; x_wconf 86' lang='lat' dir='ltr'><strong>in</strong></span> <span class='ocrx_word' id='word_1_470' title='bbox 1064 2889 1157 2920; x_wconf 84' lang='lat' dir='ltr'><strong>terra</strong></span> <span class='ocrx_word' id='word_1_471' title='bbox 1183 2885 1364 2924; x_wconf 69' lang='lat' dir='ltr'><strong>Cleanaan.</strong></span> 
     </span>
    </p>
   </div>
   <div class='ocr_carea' id='block_1_10' title="bbox 365 2938 1367 2994">
    <p class='ocr_par' dir='ltr' id='par_1_10' title="bbox 365 2938 1367 2994">
     <span class='ocr_line' id='line_1_63' title="bbox 365 2938 1367 2994; baseline 0.012 -22"><span class='ocrx_word' id='word_1_472' title='bbox 365 2938 487 2986; x_wconf 82' lang='lat' dir='ltr'><strong>(Into.)</strong></span> <span class='ocrx_word' id='word_1_473' title='bbox 515 2939 663 2982; x_wconf 84' lang='lat' dir='ltr'><strong>Quando</strong></span> <span class='ocrx_word' id='word_1_474' title='bbox 694 2941 839 2987; x_wconf 62' lang='lat' dir='ltr'><strong>ingressi</strong></span> <span class='ocrx_word' id='word_1_475' title='bbox 865 2943 1004 2988; x_wconf 75' lang='lat' dir='ltr'><strong>[ueritis</strong></span> <span class='ocrx_word' id='word_1_476' title='bbox 1026 2950 1154 2981; x_wconf 83' lang='lat' dir='ltr'><strong>terram</strong></span> <span class='ocrx_word' id='word_1_477' title='bbox 1181 2954 1213 2982; x_wconf 87' lang='lat' dir='ltr'><strong>et</strong></span> <span class='ocrx_word' id='word_1_478' title='bbox 1229 2948 1367 2994; x_wconf 83' lang='lat' dir='ltr'><strong>planta-</strong></span> 
     </span>
    </p>
   </div>
   <div class='ocr_carea' id='block_1_11' title="bbox 318 2990 1418 3052">
    <p class='ocr_par' dir='ltr' id='par_1_11' title="bbox 318 2990 1418 3052">
     <span class='ocr_line' id='line_1_64' title="bbox 318 2990 1418 3052; baseline 0.013 -21"><span class='ocrx_word' id='word_1_479' title='bbox 318 2997 432 3032; x_wconf 79' lang='lat' dir='ltr'><strong>veritis</strong></span> <span class='ocrx_word' id='word_1_480' title='bbox 462 2998 499 3032; x_wconf 90' lang='lat' dir='ltr'><strong>in</strong></span> <span class='ocrx_word' id='word_1_481' title='bbox 532 3009 573 3034; x_wconf 86' lang='lat' dir='ltr'><strong>ea</strong></span> <span class='ocrx_word' id='word_1_482' title='bbox 601 2998 695 3045; x_wconf 74' lang='lat' dir='ltr'><strong>liqna</strong></span> <span class='ocrx_word' id='word_1_483' title='bbox 717 3002 898 3051; x_wconf 76' lang='lat' dir='ltr'><strong>pomifera,</strong></span> <span class='ocrx_word' id='word_1_484' title='bbox 921 3003 1085 3048; x_wconf 75' lang='lat' dir='ltr'><strong>auferetis</strong></span> <span class='ocrx_word' id='word_1_485' title='bbox 1109 3008 1279 3052; x_wconf 80' lang='lat' dir='ltr'><strong>proeputia</strong></span> <span class='ocrx_word' id='word_1_486' title='bbox 1309 3021 1366 3044; x_wconf 90' lang='lat' dir='ltr'><strong>eo·</strong></span> <span class='ocrx_word' id='word_1_487' title='bbox 1382 2990 1418 3028; x_wconf 83' lang='lat' dir='ltr'><strong>D</strong></span> 
     </span>
    </p>
   </div>
   <div class='ocr_carea' id='block_1_12' title="bbox 271 3061 1366 3832">
    <p class='ocr_par' dir='ltr' id='par_1_12' title="bbox 314 3061 1366 3354">
     <span class='ocr_line' id='line_1_65' title="bbox 317 3061 1364 3112; baseline 0.013 -22"><span class='ocrx_word' id='word_1_488' title='bbox 317 3067 416 3099; x_wconf 87' lang='lat' dir='ltr'><strong>rum;</strong></span> <span class='ocrx_word' id='word_1_489' title='bbox 430 3068 532 3103; x_wconf 87' lang='lat' dir='ltr'><strong>poma</strong></span> <span class='ocrx_word' id='word_1_490' title='bbox 548 3069 625 3105; x_wconf 77' lang='lat' dir='ltr'><strong>quw</strong></span> <span class='ocrx_word' id='word_1_491' title='bbox 643 3061 836 3106; x_wconf 64' lang='lat' dir='ltr'><strong>germinant</strong></span> <span class='ocrx_word' id='word_1_492' title='bbox 857 3062 1037 3099; x_wconf 75' lang='lat' dir='ltr'><strong>immunda</strong></span> <span class='ocrx_word' id='word_1_493' title='bbox 1061 3072 1162 3101; x_wconf 88' lang='lat' dir='ltr'><strong>erunt</strong></span> <span class='ocrx_word' id='word_1_494' title='bbox 1175 3066 1280 3112; x_wconf 81' lang='lat' dir='ltr'><strong>vobis,</strong></span> <span class='ocrx_word' id='word_1_495' title='bbox 1304 3080 1364 3104; x_wconf 84' lang='lat' dir='ltr'><strong>nec</strong></span> 
     </span>
     <span class='ocr_line' id='line_1_66' title="bbox 315 3116 1362 3169; baseline 0.013 -19"><span class='ocrx_word' id='word_1_496' title='bbox 315 3116 422 3152; x_wconf 86' lang='lat' dir='ltr'><strong>edetis</strong></span> <span class='ocrx_word' id='word_1_497' title='bbox 436 3127 478 3152; x_wconf 80' lang='lat' dir='ltr'><strong>ea:</strong></span> <span class='ocrx_word' id='word_1_498' title='bbox 497 3118 559 3154; x_wconf 84' lang='lat' dir='ltr'><strong>eis.</strong></span> <span class='ocrx_word' id='word_1_499' title='bbox 584 3118 716 3162; x_wconf 85' lang='lat' dir='ltr'><strong>Quarto</strong></span> <span class='ocrx_word' id='word_1_500' title='bbox 735 3131 828 3156; x_wconf 84' lang='lat' dir='ltr'><strong>anno</strong></span> <span class='ocrx_word' id='word_1_501' title='bbox 843 3123 954 3158; x_wconf 85' lang='lat' dir='ltr'><strong>omnis</strong></span> <span class='ocrx_word' id='word_1_502' title='bbox 973 3123 1107 3169; x_wconf 78' lang='lat' dir='ltr'><strong>fructus</strong></span> <span class='ocrx_word' id='word_1_503' title='bbox 1121 3136 1241 3162; x_wconf 80' lang='lat' dir='ltr'><strong>eorum</strong></span> <span class='ocrx_word' id='word_1_504' title='bbox 1258 3138 1362 3164; x_wconf 84' lang='lat' dir='ltr'><strong>sanc-</strong></span> 
     </span>
     <span class='ocr_line' id='line_1_67' title="bbox 315 3175 1364 3229; baseline 0.013 -19"><span class='ocrx_word' id='word_1_505' title='bbox 315 3175 505 3220; x_wconf 77' lang='lat' dir='ltr'><strong>tificabitur</strong></span> <span class='ocrx_word' id='word_1_506' title='bbox 524 3177 711 3214; x_wconf 87' lang='lat' dir='ltr'><strong>laudabilis</strong></span> <span class='ocrx_word' id='word_1_507' title='bbox 725 3180 888 3225; x_wconf 87' lang='lat' dir='ltr'><strong>Domino,</strong></span> <span class='ocrx_word' id='word_1_508' title='bbox 907 3184 1027 3229; x_wconf 83' lang='lat' dir='ltr'><strong>quinto</strong></span> <span class='ocrx_word' id='word_1_509' title='bbox 1049 3191 1165 3221; x_wconf 83' lang='lat' dir='ltr'><strong>autem</strong></span> <span class='ocrx_word' id='word_1_510' title='bbox 1185 3198 1277 3222; x_wconf 87' lang='lat' dir='ltr'><strong>anno</strong></span> <span class='ocrx_word' id='word_1_511' title='bbox 1309 3199 1364 3224; x_wconf 84' lang='lat' dir='ltr'><strong>co-</strong></span> 
     </span>
     <span class='ocr_line' id='line_1_68' title="bbox 314 3230 1362 3292; baseline 0.012 -23"><span class='ocrx_word' id='word_1_512' title='bbox 314 3230 455 3272; x_wconf 68' lang='lat' dir='ltr'><strong>medetis</strong></span> <span class='ocrx_word' id='word_1_513' title='bbox 485 3237 632 3283; x_wconf 76' lang='lat' dir='ltr'><strong>fructus,</strong></span> <span class='ocrx_word' id='word_1_514' title='bbox 662 3248 908 3287; x_wconf 63' lang='lat' dir='ltr'><strong>congregantes</strong></span> <span class='ocrx_word' id='word_1_515' title='bbox 939 3255 1042 3289; x_wconf 87' lang='lat' dir='ltr'><strong>poma</strong></span> <span class='ocrx_word' id='word_1_516' title='bbox 1064 3255 1142 3291; x_wconf 84' lang='lat' dir='ltr'><strong>quoe</strong></span> <span class='ocrx_word' id='word_1_517' title='bbox 1166 3247 1362 3292; x_wconf 75' lang='lat' dir='ltr'><strong>proferunt.</strong></span> 
     </span>
     <span class='ocr_line' id='line_1_69' title="bbox 316 3295 1366 3354; baseline 0.013 -25"><span class='ocrx_word' id='word_1_518' title='bbox 316 3295 389 3341; x_wconf 71' lang='lat' dir='ltr'><strong>Eyo</strong></span> <span class='ocrx_word' id='word_1_519' title='bbox 414 3296 581 3334; x_wconf 84' lang='lat' dir='ltr'><strong>Dominus</strong></span> <span class='ocrx_word' id='word_1_520' title='bbox 602 3299 698 3336; x_wconf 88' lang='lat' dir='ltr'><strong>Deus</strong></span> <span class='ocrx_word' id='word_1_521' title='bbox 712 3308 834 3337; x_wconf 87' lang='lat' dir='ltr'><strong>vester.</strong></span> <span class='ocrx_word' id='word_1_522' title='bbox 864 3302 936 3350; x_wconf 73' lang='lat' dir='ltr'><strong>(Em</strong></span> <span class='ocrx_word' id='word_1_523' title='bbox 949 3303 1153 3354; x_wconf 76' lang='lat' dir='ltr'><strong>Hesychio.)</strong></span> <span class='ocrx_word' id='word_1_524' title='bbox 1173 3305 1366 3344; x_wconf 87' lang='lat' dir='ltr'><strong>Permanet</strong></span> 
     </span>
    </p>

    <p class='ocr_par' dir='ltr' id='par_1_13' title="bbox 271 3356 1365 3832">
     <span class='ocr_line' id='line_1_70' title="bbox 316 3356 1365 3412; baseline 0.012 -21"><span class='ocrx_word' id='word_1_525' title='bbox 316 3356 350 3391; x_wconf 90' lang='lat' dir='ltr'><strong>in</strong></span> <span class='ocrx_word' id='word_1_526' title='bbox 381 3358 576 3396; x_wconf 87' lang='lat' dir='ltr'><strong>intentione</strong></span> <span class='ocrx_word' id='word_1_527' title='bbox 606 3362 714 3397; x_wconf 87' lang='lat' dir='ltr'><strong>etiam</strong></span> <span class='ocrx_word' id='word_1_528' title='bbox 746 3374 842 3400; x_wconf 92' lang='lat' dir='ltr'><strong>nunc</strong></span> <span class='ocrx_word' id='word_1_529' title='bbox 876 3365 1072 3411; x_wconf 86' lang='lat' dir='ltr'><strong>legislator,</strong></span> <span class='ocrx_word' id='word_1_530' title='bbox 1103 3377 1211 3412; x_wconf 90' lang='lat' dir='ltr'><strong>quam</strong></span> <span class='ocrx_word' id='word_1_531' title='bbox 1238 3368 1365 3404; x_wconf 89' lang='lat' dir='ltr'><strong>hahuit</strong></span> 
     </span>
     <span class='ocr_line' id='line_1_71' title="bbox 271 3406 1362 3470; baseline 0.016 -23"><span class='ocrx_word' id='word_1_532' title='bbox 271 3406 273 3408; x_wconf 73' lang='grc'><strong>’</strong></span> <span class='ocrx_word' id='word_1_533' title='bbox 315 3415 415 3458; x_wconf 87' lang='lat' dir='ltr'><strong>prius</strong></span> <span class='ocrx_word' id='word_1_534' title='bbox 433 3417 510 3453; x_wconf 89' lang='lat' dir='ltr'><strong>aliis</strong></span> <span class='ocrx_word' id='word_1_535' title='bbox 527 3413 944 3467; x_wconf 79' lang='lat' dir='ltr'><strong>verbis&#39;praeeedentibus</strong></span> <span class='ocrx_word' id='word_1_536' title='bbox 962 3424 1092 3461; x_wconf 88' lang='lat' dir='ltr'><strong>similia</strong></span> <span class='ocrx_word' id='word_1_537' title='bbox 1107 3427 1284 3470; x_wconf 88' lang='lat' dir='ltr'><strong>sanciens,</strong></span> <span class='ocrx_word' id='word_1_538' title='bbox 1300 3438 1362 3464; x_wconf 89' lang='lat' dir='ltr'><strong>os-</strong></span> 
     </span>
     <span class='ocr_line' id='line_1_72' title="bbox 318 3475 1363 3524; baseline 0.017 -17"><span class='ocrx_word' id='word_1_539' title='bbox 318 3475 467 3511; x_wconf 87' lang='lat' dir='ltr'><strong>tendens</strong></span> <span class='ocrx_word' id='word_1_540' title='bbox 487 3479 627 3522; x_wconf 86' lang='lat' dir='ltr'><strong>quidem</strong></span> <span class='ocrx_word' id='word_1_541' title='bbox 647 3492 713 3518; x_wconf 90' lang='lat' dir='ltr'><strong>nec</strong></span> <span class='ocrx_word' id='word_1_542' title='bbox 730 3483 864 3520; x_wconf 88' lang='lat' dir='ltr'><strong>habere</strong></span> <span class='ocrx_word' id='word_1_543' title='bbox 881 3484 1039 3521; x_wconf 81' lang='lat' dir='ltr'><strong>fructum</strong></span> <span class='ocrx_word' id='word_1_544' title='bbox 1055 3487 1190 3523; x_wconf 92' lang='lat' dir='ltr'><strong>bonum</strong></span> <span class='ocrx_word' id='word_1_545' title='bbox 1220 3486 1363 3524; x_wconf 86' lang='lat' dir='ltr'><strong>Judaeo-</strong></span> 
     </span>
     <span class='ocr_line' id='line_1_73' title="bbox 318 3538 1364 3595; baseline 0.018 -27"><span class='ocrx_word' id='word_1_546' title='bbox 318 3545 397 3570; x_wconf 91' lang='lat' dir='ltr'><strong>rum</strong></span> <span class='ocrx_word' id='word_1_547' title='bbox 413 3538 579 3582; x_wconf 92' lang='lat' dir='ltr'><strong>populum</strong></span> <span class='ocrx_word' id='word_1_548' title='bbox 593 3547 674 3579; x_wconf 85' lang='lat' dir='ltr'><strong>aute</strong></span> <span class='ocrx_word' id='word_1_549' title='bbox 691 3545 831 3582; x_wconf 88' lang='lat' dir='ltr'><strong>Domini</strong></span> <span class='ocrx_word' id='word_1_550' title='bbox 850 3548 1080 3592; x_wconf 77' lang='lat' dir='ltr'><strong>praesentiam</strong></span> <span class='ocrx_word' id='word_1_551' title='bbox 1095 3550 1270 3595; x_wconf 90' lang='lat' dir='ltr'><strong>potuisse.</strong></span> <span class='ocrx_word' id='word_1_552' title='bbox 1291 3550 1364 3587; x_wconf 90' lang='lat' dir='ltr'><strong>Cur</strong></span> 
     </span>
     <span class='ocr_line' id='line_1_74' title="bbox 317 3596 1363 3655; baseline 0.019 -26"><span class='ocrx_word' id='word_1_553' title='bbox 317 3596 412 3631; x_wconf 87' lang='lat' dir='ltr'><strong>enim</strong></span> <span class='ocrx_word' id='word_1_554' title='bbox 430 3598 582 3637; x_wconf 89' lang='lat' dir='ltr'><strong>triennio</strong></span> <span class='ocrx_word' id='word_1_555' title='bbox 602 3601 759 3640; x_wconf 80' lang='lat' dir='ltr'><strong>fructum</strong></span> <span class='ocrx_word' id='word_1_556' title='bbox 775 3606 853 3651; x_wconf 88' lang='lat' dir='ltr'><strong>ejus</strong></span> <span class='ocrx_word' id='word_1_557' title='bbox 866 3609 982 3644; x_wconf 86' lang='lat' dir='ltr'><strong>omnis</strong></span> <span class='ocrx_word' id='word_1_558' title='bbox 1001 3609 1087 3655; x_wconf 85' lang='lat' dir='ltr'><strong>ligni</strong></span> <span class='ocrx_word' id='word_1_559' title='bbox 1106 3620 1179 3646; x_wconf 91' lang='lat' dir='ltr'><strong>non</strong></span> <span class='ocrx_word' id='word_1_560' title='bbox 1195 3621 1274 3647; x_wconf 90' lang='lat' dir='ltr'><strong>esse</strong></span> <span class='ocrx_word' id='word_1_561' title='bbox 1292 3611 1363 3647; x_wconf 86' lang='lat' dir='ltr'><strong>esi-</strong></span> 
     </span>
     <span class='ocr_line' id='line_1_75' title="bbox 318 3655 1365 3714; baseline 0.016 -24"><span class='ocrx_word' id='word_1_562' title='bbox 318 3655 424 3692; x_wconf 90' lang='lat' dir='ltr'><strong>bilem</strong></span> <span class='ocrx_word' id='word_1_563' title='bbox 448 3658 603 3705; x_wconf 86' lang='lat' dir='ltr'><strong>dieebat,</strong></span> <span class='ocrx_word' id='word_1_564' title='bbox 625 3664 686 3699; x_wconf 92' lang='lat' dir='ltr'><strong>sed</strong></span> <span class='ocrx_word' id='word_1_565' title='bbox 704 3675 771 3701; x_wconf 90' lang='lat' dir='ltr'><strong>nec</strong></span> <span class='ocrx_word' id='word_1_566' title='bbox 802 3666 873 3703; x_wconf 90' lang='lat' dir='ltr'><strong>ullo</strong></span> <span class='ocrx_word' id='word_1_567' title='bbox 892 3669 998 3704; x_wconf 91' lang='lat' dir='ltr'><strong>modo</strong></span> <span class='ocrx_word' id='word_1_568' title='bbox 1029 3670 1216 3714; x_wconf 90' lang='lat' dir='ltr'><strong>mundum,</strong></span> <span class='ocrx_word' id='word_1_569' title='bbox 1247 3671 1309 3707; x_wconf 89' lang='lat' dir='ltr'><strong>sed</strong></span> <span class='ocrx_word' id='word_1_570' title='bbox 1328 3675 1365 3707; x_wconf 91' lang='lat' dir='ltr'><strong>et</strong></span> 
     </span>
     <span class='ocr_line' id='line_1_76' title="bbox 317 3717 1365 3768; baseline 0.015 -18"><span class='ocrx_word' id='word_1_571' title='bbox 317 3717 583 3756; x_wconf 85' lang='lat' dir='ltr'><strong>mundationem</strong></span> <span class='ocrx_word' id='word_1_572' title='bbox 605 3728 733 3767; x_wconf 87' lang='lat' dir='ltr'><strong>quarto</strong></span> <span class='ocrx_word' id='word_1_573' title='bbox 755 3734 850 3762; x_wconf 83' lang='lat' dir='ltr'><strong>anno</strong></span> <span class='ocrx_word' id='word_1_574' title='bbox 872 3729 1114 3765; x_wconf 81' lang='lat' dir='ltr'><strong>neeessariam</strong></span> <span class='ocrx_word' id='word_1_575' title='bbox 1140 3730 1365 3768; x_wconf 77' lang='lat' dir='ltr'><strong>habentem?</strong></span> 
     </span>
     <span class='ocr_line' id='line_1_77' title="bbox 320 3772 1361 3832; baseline 0.02 -25"><span class='ocrx_word' id='word_1_576' title='bbox 320 3772 365 3807; x_wconf 81' lang='lat' dir='ltr'><strong>Et</strong></span> <span class='ocrx_word' id='word_1_577' title='bbox 378 3784 457 3821; x_wconf 83' lang='lat' dir='ltr'><strong>quae</strong></span> <span class='ocrx_word' id='word_1_578' title='bbox 473 3783 552 3815; x_wconf 86' lang='lat' dir='ltr'><strong>erat</strong></span> <span class='ocrx_word' id='word_1_579' title='bbox 562 3779 637 3818; x_wconf 82' lang='lat' dir='ltr'><strong>haec</strong></span> <span class='ocrx_word' id='word_1_580' title='bbox 654 3783 863 3821; x_wconf 87' lang='lat' dir='ltr'><strong>mundatio?</strong></span> <span class='ocrx_word' id='word_1_581' title='bbox 875 3795 948 3822; x_wconf 89' lang='lat' dir='ltr'><strong>non</strong></span> <span class='ocrx_word' id='word_1_582' title='bbox 964 3788 1139 3832; x_wconf 84' lang='lat' dir='ltr'><strong>aspersio,</strong></span> <span class='ocrx_word' id='word_1_583' title='bbox 1155 3799 1227 3826; x_wconf 89' lang='lat' dir='ltr'><strong>non</strong></span> <span class='ocrx_word' id='word_1_584' title='bbox 1246 3789 1361 3827; x_wconf 87' lang='lat' dir='ltr'><strong>saeri-</strong></span> 
     </span>
    </p>
   </div>
   <div class='ocr_carea' id='block_1_13' title="bbox 1391 2090 1419 2130">
    <p class='ocr_par' dir='ltr' id='par_1_14' title="bbox 1391 2090 1419 2130">
     <span class='ocr_line' id='line_1_78' title="bbox 1391 2090 1419 2130; baseline 0 0"><span class='ocrx_word' id='word_1_585' title='bbox 1391 2090 1419 2130; x_wconf 93' lang='lat' dir='ltr'><strong>C</strong></span> 
     </span>
    </p>
   </div>
   <div class='ocr_carea' id='block_1_14' title="bbox 1430 1253 2540 3847">
    <p class='ocr_par' dir='ltr' id='par_1_15' title="bbox 1442 1253 2498 1360">
     <span class='ocr_line' id='line_1_79' title="bbox 1445 1253 2498 1310; baseline 0.019 -23"><span class='ocrx_word' id='word_1_586' title='bbox 1445 1253 1546 1298; x_wconf 85' lang='lat' dir='ltr'><strong>gredi</strong></span> <span class='ocrx_word' id='word_1_587' title='bbox 1566 1254 1718 1299; x_wconf 85' lang='lat' dir='ltr'><strong>quidem·</strong></span> <span class='ocrx_word' id='word_1_588' title='bbox 1728 1255 1791 1292; x_wconf 86' lang='lat' dir='ltr'><strong>filii</strong></span> <span class='ocrx_word' id='word_1_589' title='bbox 1809 1255 2016 1295; x_wconf 83' lang='lat' dir='ltr'><strong>Judaeorum</strong></span> <span class='ocrx_word' id='word_1_590' title='bbox 2042 1263 2210 1309; x_wconf 81' lang='lat' dir='ltr'><strong>praecepti</strong></span> <span class='ocrx_word' id='word_1_591' title='bbox 2225 1270 2320 1310; x_wconf 91' lang='lat' dir='ltr'><strong>sunt,</strong></span> <span class='ocrx_word' id='word_1_592' title='bbox 2344 1272 2380 1303; x_wconf 90' lang='lat' dir='ltr'><strong>et</strong></span> <span class='ocrx_word' id='word_1_593' title='bbox 2394 1278 2498 1307; x_wconf 87' lang='lat' dir='ltr'><strong>acce-</strong></span> 
     </span>
     <span class='ocr_line' id='line_1_80' title="bbox 1442 1315 1747 1360; baseline 0.016 -13"><span class='ocrx_word' id='word_1_594' title='bbox 1442 1318 1575 1358; x_wconf 90' lang='lat' dir='ltr'><strong>perunt</strong></span> <span class='ocrx_word' id='word_1_595' title='bbox 1595 1315 1747 1360; x_wconf 90' lang='lat' dir='ltr'><strong>priores.</strong></span> 
     </span>
    </p>

    <p class='ocr_par' dir='ltr' id='par_1_16' title="bbox 1439 1373 2499 2169">
     <span class='ocr_line' id='line_1_81' title="bbox 1490 1373 2499 1434; baseline 0.018 -26"><span class='ocrx_word' id='word_1_596' title='bbox 1490 1373 1601 1410; x_wconf 92' lang='lat' dir='ltr'><strong>Primi</strong></span> <span class='ocrx_word' id='word_1_597' title='bbox 1633 1377 1730 1412; x_wconf 87' lang='lat' dir='ltr'><strong>enim</strong></span> <span class='ocrx_word' id='word_1_598' title='bbox 1759 1387 1882 1414; x_wconf 88' lang='lat' dir='ltr'><strong>sacras</strong></span> <span class='ocrx_word' id='word_1_599' title='bbox 1915 1388 2151 1428; x_wconf 86' lang='lat' dir='ltr'><strong>susceperunt</strong></span> <span class='ocrx_word' id='word_1_600' title='bbox 2170 1383 2323 1431; x_wconf 89' lang='lat' dir='ltr'><strong>litteras,</strong></span> <span class='ocrx_word' id='word_1_601' title='bbox 2352 1394 2499 1434; x_wconf 90' lang='lat' dir='ltr'><strong>propter</strong></span> 
     </span>
     <span class='ocr_line' id='line_1_82' title="bbox 1442 1435 2498 1490; baseline 0.016 -21"><span class='ocrx_word' id='word_1_602' title='bbox 1442 1435 1539 1480; x_wconf 89' lang='lat' dir='ltr'><strong>quod</strong></span> <span class='ocrx_word' id='word_1_603' title='bbox 1567 1440 1603 1471; x_wconf 89' lang='lat' dir='ltr'><strong>et</strong></span> <span class='ocrx_word' id='word_1_604' title='bbox 1625 1435 1774 1484; x_wconf 87' lang='lat' dir='ltr'><strong>lignum,</strong></span> <span class='ocrx_word' id='word_1_605' title='bbox 1803 1441 1901 1485; x_wconf 87' lang='lat' dir='ltr'><strong>quod</strong></span> <span class='ocrx_word' id='word_1_606' title='bbox 1925 1441 1982 1477; x_wconf 92' lang='lat' dir='ltr'><strong>edi</strong></span> <span class='ocrx_word' id='word_1_607' title='bbox 2009 1448 2139 1488; x_wconf 90' lang='lat' dir='ltr'><strong>potest,</strong></span> <span class='ocrx_word' id='word_1_608' title='bbox 2166 1446 2202 1482; x_wconf 92' lang='lat' dir='ltr'><strong>id</strong></span> <span class='ocrx_word' id='word_1_609' title='bbox 2223 1452 2293 1490; x_wconf 91' lang='lat' dir='ltr'><strong>est,</strong></span> <span class='ocrx_word' id='word_1_610' title='bbox 2328 1450 2498 1486; x_wconf 80' lang='lat' dir='ltr'><strong>mandata</strong></span> 
     </span>
     <span class='ocr_line' id='line_1_83' title="bbox 1442 1496 2498 1552; baseline 0.017 -23"><span class='ocrx_word' id='word_1_611' title='bbox 1442 1505 1522 1540; x_wconf 83' lang='lat' dir='ltr'><strong>quae</strong></span> <span class='ocrx_word' id='word_1_612' title='bbox 1538 1496 1708 1541; x_wconf 86' lang='lat' dir='ltr'><strong>diximus,</strong></span> <span class='ocrx_word' id='word_1_613' title='bbox 1725 1498 1889 1544; x_wconf 87' lang='lat' dir='ltr'><strong>plantare</strong></span> <span class='ocrx_word' id='word_1_614' title='bbox 1899 1500 1992 1545; x_wconf 78' lang='lat' dir='ltr'><strong>Jussi</strong></span> <span class='ocrx_word' id='word_1_615' title='bbox 2012 1509 2109 1548; x_wconf 86' lang='lat' dir='ltr'><strong>sunt,</strong></span> <span class='ocrx_word' id='word_1_616' title='bbox 2130 1505 2169 1541; x_wconf 86' lang='lat' dir='ltr'><strong>hi</strong></span> <span class='ocrx_word' id='word_1_617' title='bbox 2181 1507 2325 1552; x_wconf 87' lang='lat' dir='ltr'><strong>quidem</strong></span> <span class='ocrx_word' id='word_1_618' title='bbox 2341 1519 2403 1546; x_wconf 88' lang='lat' dir='ltr'><strong>eas</strong></span> <span class='ocrx_word' id='word_1_619' title='bbox 2423 1520 2498 1546; x_wconf 87' lang='lat' dir='ltr'><strong>me-</strong></span> 
     </span>
     <span class='ocr_line' id='line_1_84' title="bbox 1442 1555 2496 1615; baseline 0.017 -27"><span class='ocrx_word' id='word_1_620' title='bbox 1442 1555 1611 1599; x_wconf 84' lang='lat' dir='ltr'><strong>ditantes,</strong></span> <span class='ocrx_word' id='word_1_621' title='bbox 1635 1556 1672 1591; x_wconf 90' lang='lat' dir='ltr'><strong>hi</strong></span> <span class='ocrx_word' id='word_1_622' title='bbox 1692 1563 1812 1593; x_wconf 87' lang='lat' dir='ltr'><strong>autem</strong></span> <span class='ocrx_word' id='word_1_623' title='bbox 1834 1564 1870 1594; x_wconf 94' lang='lat' dir='ltr'><strong>et</strong></span> <span class='ocrx_word' id='word_1_624' title='bbox 1887 1561 2138 1605; x_wconf 71' lang='lat' dir='ltr'><strong>praedicantes.</strong></span> <span class='ocrx_word' id='word_1_625' title='bbox 2166 1563 2257 1609; x_wconf 83' lang='lat' dir='ltr'><strong>Quia</strong></span> <span class='ocrx_word' id='word_1_626' title='bbox 2276 1567 2371 1603; x_wconf 94' lang='lat' dir='ltr'><strong>enim</strong></span> <span class='ocrx_word' id='word_1_627' title='bbox 2392 1568 2496 1615; x_wconf 86' lang='lat' dir='ltr'><strong>plan·</strong></span> 
     </span>
     <span class='ocr_line' id='line_1_85' title="bbox 1441 1616 2497 1675; baseline 0.014 -24"><span class='ocrx_word' id='word_1_628' title='bbox 1441 1616 1569 1652; x_wconf 75' lang='lat' dir='ltr'><strong>lationi</strong></span> <span class='ocrx_word' id='word_1_629' title='bbox 1587 1617 1767 1663; x_wconf 86' lang='lat' dir='ltr'><strong>lignorum</strong></span> <span class='ocrx_word' id='word_1_630' title='bbox 1784 1619 1970 1656; x_wconf 91' lang='lat' dir='ltr'><strong>meditatio</strong></span> <span class='ocrx_word' id='word_1_631' title='bbox 1987 1621 2075 1668; x_wconf 86' lang='lat' dir='ltr'><strong>legis</strong></span> <span class='ocrx_word' id='word_1_632' title='bbox 2089 1628 2125 1659; x_wconf 85' lang='lat' dir='ltr'><strong>et</strong></span> <span class='ocrx_word' id='word_1_633' title='bbox 2145 1625 2365 1671; x_wconf 65' lang='lat' dir='ltr'><strong>praedicatio,</strong></span> <span class='ocrx_word' id='word_1_634' title='bbox 2390 1638 2497 1675; x_wconf 92' lang='lat' dir='ltr'><strong>prop-</strong></span> 
     </span>
     <span class='ocr_line' id='line_1_86' title="bbox 1442 1682 2496 1734; baseline 0.011 -19"><span class='ocrx_word' id='word_1_635' title='bbox 1442 1685 1497 1715; x_wconf 92' lang='lat' dir='ltr'><strong>ter</strong></span> <span class='ocrx_word' id='word_1_636' title='bbox 1513 1690 1593 1716; x_wconf 91' lang='lat' dir='ltr'><strong>eum</strong></span> <span class='ocrx_word' id='word_1_637' title='bbox 1611 1682 1811 1727; x_wconf 80' lang='lat' dir='ltr'><strong>profectum</strong></span> <span class='ocrx_word' id='word_1_638' title='bbox 1830 1684 1965 1730; x_wconf 90' lang='lat' dir='ltr'><strong>quiper</strong></span> <span class='ocrx_word' id='word_1_639' title='bbox 1981 1691 2103 1731; x_wconf 89' lang='lat' dir='ltr'><strong>partes</strong></span> <span class='ocrx_word' id='word_1_640' title='bbox 2120 1689 2297 1734; x_wconf 90' lang='lat' dir='ltr'><strong>provenit,</strong></span> <span class='ocrx_word' id='word_1_641' title='bbox 2319 1690 2496 1727; x_wconf 85' lang='lat' dir='ltr'><strong>assimila-</strong></span> 
     </span>
     <span class='ocr_line' id='line_1_87' title="bbox 1440 1744 2497 1796; baseline 0.009 -18"><span class='ocrx_word' id='word_1_642' title='bbox 1440 1749 1512 1786; x_wconf 89' lang='lat' dir='ltr'><strong>tur,</strong></span> <span class='ocrx_word' id='word_1_643' title='bbox 1529 1744 1734 1781; x_wconf 86' lang='lat' dir='ltr'><strong>audiDavid</strong></span> <span class='ocrx_word' id='word_1_644' title='bbox 1755 1746 1933 1783; x_wconf 89' lang='lat' dir='ltr'><strong>dicentem</strong></span> <span class='ocrx_word' id='word_1_645' title='bbox 1952 1761 1959 1783; x_wconf 92' lang='lat'>:</span> <span class='ocrx_word' id='word_1_646' title='bbox 1979 1748 2025 1785; x_wconf 84' lang='lat' dir='ltr'><strong>Et</strong></span> <span class='ocrx_word' id='word_1_647' title='bbox 2042 1750 2079 1784; x_wconf 86' lang='lat' dir='ltr'><strong>in</strong></span> <span class='ocrx_word' id='word_1_648' title='bbox 2096 1749 2167 1796; x_wconf 78' lang='lat' dir='ltr'><strong>leqe</strong></span> <span class='ocrx_word' id='word_1_649' title='bbox 2181 1750 2257 1796; x_wconf 88' lang='lat' dir='ltr'><strong>ejus</strong></span> <span class='ocrx_word' id='word_1_650' title='bbox 2271 1751 2497 1788; x_wconf 84' lang='lat' dir='ltr'><strong>meditabitur</strong></span> 
     </span>
     <span class='ocr_line' id='line_1_88' title="bbox 1440 1805 2491 1858; baseline 0.009 -19"><span class='ocrx_word' id='word_1_651' title='bbox 1440 1805 1494 1840; x_wconf 86' lang='lat' dir='ltr'><strong>die</strong></span> <span class='ocrx_word' id='word_1_652' title='bbox 1514 1817 1554 1841; x_wconf 84' lang='lat' dir='ltr'><strong>ae</strong></span> <span class='ocrx_word' id='word_1_653' title='bbox 1570 1813 1678 1851; x_wconf 85' lang='lat' dir='ltr'><strong>nocte,</strong></span> <span class='ocrx_word' id='word_1_654' title='bbox 1709 1814 1741 1842; x_wconf 88' lang='lat' dir='ltr'><strong>et</strong></span> <span class='ocrx_word' id='word_1_655' title='bbox 1759 1809 1827 1844; x_wconf 75' lang='lat' dir='ltr'><strong>erit</strong></span> <span class='ocrx_word' id='word_1_656' title='bbox 1840 1815 2007 1856; x_wconf 85' lang='lat' dir='ltr'><strong>tanquam</strong></span> <span class='ocrx_word' id='word_1_657' title='bbox 2025 1810 2158 1857; x_wconf 77' lang='lat' dir='ltr'><strong>liqnum</strong></span> <span class='ocrx_word' id='word_1_658' title='bbox 2185 1812 2277 1857; x_wconf 85' lang='lat' dir='ltr'><strong>quod</strong></span> <span class='ocrx_word' id='word_1_659' title='bbox 2294 1811 2491 1858; x_wconf 79' lang='lat' dir='ltr'><strong>plantatum</strong></span> 
     </span>
     <span class='ocr_line' id='line_1_89' title="bbox 1439 1868 2494 1918; baseline 0.007 -17"><span class='ocrx_word' id='word_1_660' title='bbox 1439 1872 1488 1901; x_wconf 86' lang='lat' dir='ltr'><strong>est</strong></span> <span class='ocrx_word' id='word_1_661' title='bbox 1517 1878 1614 1903; x_wconf 87' lang='lat' dir='ltr'><strong>secus</strong></span> <span class='ocrx_word' id='word_1_662' title='bbox 1635 1868 1802 1904; x_wconf 83' lang='lat' dir='ltr'><strong>decursus</strong></span> <span class='ocrx_word' id='word_1_663' title='bbox 1832 1880 2003 1915; x_wconf 86' lang='lat' dir='ltr'><strong>aquarum</strong></span> <span class='ocrx_word' id='word_1_664' title='bbox 2019 1870 2133 1917; x_wconf 86' lang='lat' dir='ltr'><strong>(Psal.</strong></span> <span class='ocrx_word' id='word_1_665' title='bbox 2151 1870 2191 1918; x_wconf 90' lang='lat'><strong>1).</strong></span> <span class='ocrx_word' id='word_1_666' title='bbox 2214 1870 2346 1908; x_wconf 89' lang='lat' dir='ltr'><strong>Paulus</strong></span> <span class='ocrx_word' id='word_1_667' title='bbox 2372 1877 2494 1908; x_wconf 90' lang='lat' dir='ltr'><strong>autem</strong></span> 
     </span>
     <span class='ocr_line' id='line_1_90' title="bbox 1439 1926 2491 1978; baseline 0.008 -19"><span class='ocrx_word' id='word_1_668' title='bbox 1439 1926 1482 1960; x_wconf 91' lang='lat' dir='ltr'><strong>de</strong></span> <span class='ocrx_word' id='word_1_669' title='bbox 1499 1927 1752 1971; x_wconf 82' lang='lat' dir='ltr'><strong>praedieatione</strong></span> <span class='ocrx_word' id='word_1_670' title='bbox 1769 1938 1876 1974; x_wconf 88' lang='lat' dir='ltr'><strong>quam</strong></span> <span class='ocrx_word' id='word_1_671' title='bbox 1890 1929 2097 1974; x_wconf 76' lang='lat' dir='ltr'><strong>praedicavit</strong></span> <span class='ocrx_word' id='word_1_672' title='bbox 2109 1930 2302 1967; x_wconf 88' lang='lat' dir='ltr'><strong>Corinthiis</strong></span> <span class='ocrx_word' id='word_1_673' title='bbox 2322 1932 2465 1978; x_wconf 87' lang='lat' dir='ltr'><strong>scripsit</strong></span> <span class='ocrx_word' id='word_1_674' title='bbox 2482 1943 2491 1967; x_wconf 77' lang='lat' dir='ltr'><em>z</em></span> 
     </span>
     <span class='ocr_line' id='line_1_91' title="bbox 1440 1984 2494 2036; baseline 0.007 -16"><span class='ocrx_word' id='word_1_675' title='bbox 1440 1984 1517 2031; x_wconf 66' lang='lat'><strong>1590</strong></span> <span class='ocrx_word' id='word_1_676' title='bbox 1539 1987 1707 2033; x_wconf 82' lang='lat' dir='ltr'><strong>plantavi,</strong></span> <span class='ocrx_word' id='word_1_677' title='bbox 1723 1988 1847 2035; x_wconf 87' lang='lat' dir='ltr'><strong>Apollo</strong></span> <span class='ocrx_word' id='word_1_678' title='bbox 1883 1990 2020 2036; x_wconf 76' lang='lat' dir='ltr'><strong>riqavit,</strong></span> <span class='ocrx_word' id='word_1_679' title='bbox 2049 1990 2108 2025; x_wconf 91' lang='lat' dir='ltr'><strong>sed</strong></span> <span class='ocrx_word' id='word_1_680' title='bbox 2126 1990 2221 2026; x_wconf 87' lang='lat' dir='ltr'><strong>Deus</strong></span> <span class='ocrx_word' id='word_1_681' title='bbox 2246 1991 2494 2027; x_wconf 84' lang='lat' dir='ltr'><strong>incrementum</strong></span> 
     </span>
     <span class='ocr_line' id='line_1_92' title="bbox 1441 2046 2492 2096; baseline 0.008 -16"><span class='ocrx_word' id='word_1_682' title='bbox 1441 2046 1535 2081; x_wconf 83' lang='lat' dir='ltr'><strong>dedit</strong></span> <span class='ocrx_word' id='word_1_683' title='bbox 1567 2046 1603 2092; x_wconf 92' lang='grc' dir='ltr'><strong>(Ι</strong></span> <span class='ocrx_word' id='word_1_684' title='bbox 1622 2047 1703 2083; x_wconf 79' lang='lat' dir='ltr'><strong>Cor.</strong></span> <span class='ocrx_word' id='word_1_685' title='bbox 1719 2049 1793 2096; x_wconf 76' lang='grc' dir='ltr'><strong>ω).</strong></span> <span class='ocrx_word' id='word_1_686' title='bbox 1825 2048 1896 2085; x_wconf 78' lang='lat' dir='ltr'><strong>Sed</strong></span> <span class='ocrx_word' id='word_1_687' title='bbox 1915 2051 2086 2086; x_wconf 87' lang='lat' dir='ltr'><strong>mandata</strong></span> <span class='ocrx_word' id='word_1_688' title='bbox 2105 2051 2248 2096; x_wconf 90' lang='lat' dir='ltr'><strong>quidem</strong></span> <span class='ocrx_word' id='word_1_689' title='bbox 2275 2051 2368 2088; x_wconf 88' lang='lat' dir='ltr'><strong>bona</strong></span> <span class='ocrx_word' id='word_1_690' title='bbox 2386 2052 2492 2089; x_wconf 88' lang='lat' dir='ltr'><strong>nimis</strong></span> 
     </span>
     <span class='ocr_line' id='line_1_93' title="bbox 1441 2103 2443 2169; baseline 0.006 -26"><span class='ocrx_word' id='word_1_691' title='bbox 1441 2115 1557 2152; x_wconf 84' lang='lat' dir='ltr'><strong>erant,</strong></span> <span class='ocrx_word' id='word_1_692' title='bbox 1585 2118 1731 2157; x_wconf 89' lang='lat' dir='ltr'><strong>propter</strong></span> <span class='ocrx_word' id='word_1_693' title='bbox 1750 2113 1844 2158; x_wconf 89' lang='lat' dir='ltr'><strong>quod</strong></span> <span class='ocrx_word' id='word_1_694' title='bbox 1859 2118 1895 2149; x_wconf 87' lang='lat' dir='ltr'><strong>et</strong></span> <span class='ocrx_word' id='word_1_695' title='bbox 1920 2113 2055 2159; x_wconf 86' lang='lat' dir='ltr'><strong>lignum</strong></span> <span class='ocrx_word' id='word_1_696' title='bbox 2074 2103 2203 2150; x_wconf 80' lang='lat' dir='ltr'><strong>edibile</strong></span> <span class='ocrx_word' id='word_1_697' title='bbox 2219 2113 2443 2169; x_wconf 28' lang='lat' dir='ltr'><strong>appellatur..</strong></span> 
     </span>
    </p>

    <p class='ocr_par' dir='ltr' id='par_1_17' title="bbox 1430 2168 2540 3847">
     <span class='ocr_line' id='line_1_94' title="bbox 1495 2168 2489 2220; baseline 0.006 -18"><span class='ocrx_word' id='word_1_698' title='bbox 1495 2168 1547 2203; x_wconf 88' lang='lat' dir='ltr'><strong>Illi</strong></span> <span class='ocrx_word' id='word_1_699' title='bbox 1564 2175 1684 2206; x_wconf 84' lang='lat' dir='ltr'><strong>autem</strong></span> <span class='ocrx_word' id='word_1_700' title='bbox 1713 2173 1818 2208; x_wconf 91' lang='lat' dir='ltr'><strong>modo</strong></span> <span class='ocrx_word' id='word_1_701' title='bbox 1833 2183 1904 2218; x_wconf 87' lang='lat' dir='ltr'><strong>quo</strong></span> <span class='ocrx_word' id='word_1_702' title='bbox 1932 2173 2109 2209; x_wconf 88' lang='lat' dir='ltr'><strong>debebant</strong></span> <span class='ocrx_word' id='word_1_703' title='bbox 2134 2183 2205 2208; x_wconf 92' lang='lat' dir='ltr'><strong>non</strong></span> <span class='ocrx_word' id='word_1_704' title='bbox 2229 2173 2489 2220; x_wconf 87' lang='lat' dir='ltr'><strong>operabantur,</strong></span> 
     </span>
     <span class='ocr_line' id='line_1_95' title="bbox 1441 2224 2492 2281; baseline 0.006 -18"><span class='ocrx_word' id='word_1_705' title='bbox 1441 2229 1637 2265; x_wconf 89' lang='lat' dir='ltr'><strong>seeundum</strong></span> <span class='ocrx_word' id='word_1_706' title='bbox 1667 2231 1827 2268; x_wconf 89' lang='lat' dir='ltr'><strong>litteram</strong></span> <span class='ocrx_word' id='word_1_707' title='bbox 1847 2224 2107 2280; x_wconf 43' lang='lat' dir='ltr'><strong>lege-utentes.</strong></span> <span class='ocrx_word' id='word_1_708' title='bbox 2144 2233 2232 2269; x_wconf 87' lang='lat' dir='ltr'><strong>Erat</strong></span> <span class='ocrx_word' id='word_1_709' title='bbox 2263 2243 2348 2281; x_wconf 84' lang='lat' dir='ltr'><strong>ergo</strong></span> <span class='ocrx_word' id='word_1_710' title='bbox 2367 2244 2492 2271; x_wconf 90' lang='lat' dir='ltr'><strong>eorum</strong></span> 
     </span>
     <span class='ocr_line' id='line_1_96' title="bbox 1439 2289 2492 2343; baseline 0.009 -20"><span class='ocrx_word' id='word_1_711' title='bbox 1439 2289 1587 2333; x_wconf 86' lang='lat' dir='ltr'><strong>fruetus,</strong></span> <span class='ocrx_word' id='word_1_712' title='bbox 1605 2294 1766 2337; x_wconf 89' lang='lat' dir='ltr'><strong>operatio</strong></span> <span class='ocrx_word' id='word_1_713' title='bbox 1788 2295 1955 2331; x_wconf 89' lang='lat' dir='ltr'><strong>videlicet</strong></span> <span class='ocrx_word' id='word_1_714' title='bbox 1969 2296 2071 2343; x_wconf 89' lang='lat' dir='ltr'><strong>legis,</strong></span> <span class='ocrx_word' id='word_1_715' title='bbox 2100 2296 2254 2332; x_wconf 90' lang='lat' dir='ltr'><strong>triennio</strong></span> <span class='ocrx_word' id='word_1_716' title='bbox 2272 2296 2492 2332; x_wconf 90' lang='lat' dir='ltr'><strong>immundus.</strong></span> 
     </span>
     <span class='ocr_line' id='line_1_97' title="bbox 1440 2349 2495 2403; baseline 0.009 -19"><span class='ocrx_word' id='word_1_717' title='bbox 1440 2350 1532 2385; x_wconf 90' lang='lat' dir='ltr'><strong>Dicit</strong></span> <span class='ocrx_word' id='word_1_718' title='bbox 1552 2357 1672 2387; x_wconf 86' lang='lat' dir='ltr'><strong>autem</strong></span> <span class='ocrx_word' id='word_1_719' title='bbox 1689 2353 1881 2390; x_wconf 87' lang='lat' dir='ltr'><strong>triennium</strong></span> <span class='ocrx_word' id='word_1_720' title='bbox 1905 2366 1924 2391; x_wconf 90' lang='lat' dir='ltr'><strong>a</strong></span> <span class='ocrx_word' id='word_1_721' title='bbox 1942 2362 2102 2401; x_wconf 89' lang='lat' dir='ltr'><strong>tempore</strong></span> <span class='ocrx_word' id='word_1_722' title='bbox 2117 2356 2207 2403; x_wconf 86' lang='lat' dir='ltr'><strong>legis</strong></span> <span class='ocrx_word' id='word_1_723' title='bbox 2229 2349 2346 2403; x_wconf 82' lang='lat' dir='ltr'><strong>usque</strong></span> <span class='ocrx_word' id='word_1_724' title='bbox 2360 2357 2407 2393; x_wconf 86' lang='lat' dir='ltr'><strong>ad</strong></span> <span class='ocrx_word' id='word_1_725' title='bbox 2426 2357 2495 2392; x_wconf 85' lang='lat' dir='ltr'><strong>Da-</strong></span> 
     </span>
     <span class='ocr_line' id='line_1_98' title="bbox 1438 2410 2493 2463; baseline 0.008 -20"><span class='ocrx_word' id='word_1_726' title='bbox 1438 2410 1498 2444; x_wconf 83' lang='lat' dir='ltr'><strong>vid</strong></span> <span class='ocrx_word' id='word_1_727' title='bbox 1517 2416 1673 2456; x_wconf 87' lang='lat' dir='ltr'><strong>tempus,</strong></span> <span class='ocrx_word' id='word_1_728' title='bbox 1708 2419 1744 2449; x_wconf 89' lang='lat' dir='ltr'><strong>et</strong></span> <span class='ocrx_word' id='word_1_729' title='bbox 1762 2424 1783 2448; x_wconf 87' lang='lat' dir='ltr'><strong>a</strong></span> <span class='ocrx_word' id='word_1_730' title='bbox 1802 2413 1913 2449; x_wconf 90' lang='lat' dir='ltr'><strong>David</strong></span> <span class='ocrx_word' id='word_1_731' title='bbox 1935 2426 2049 2460; x_wconf 88' lang='lat' dir='ltr'><strong>usque</strong></span> <span class='ocrx_word' id='word_1_732' title='bbox 2074 2417 2120 2451; x_wconf 88' lang='lat' dir='ltr'><strong>ad</strong></span> <span class='ocrx_word' id='word_1_733' title='bbox 2140 2416 2493 2463; x_wconf 81' lang='lat' dir='ltr'><strong>transmigrationem</strong></span> 
     </span>
     <span class='ocr_line' id='line_1_99' title="bbox 1437 2468 2494 2521; baseline 0.008 -17"><span class='ocrx_word' id='word_1_734' title='bbox 1437 2468 1657 2516; x_wconf 83' lang='lat' dir='ltr'><strong>Babyloniae,</strong></span> <span class='ocrx_word' id='word_1_735' title='bbox 1696 2478 1732 2507; x_wconf 90' lang='lat' dir='ltr'><strong>et</strong></span> <span class='ocrx_word' id='word_1_736' title='bbox 1755 2481 1774 2506; x_wconf 87' lang='lat' dir='ltr'><strong>a</strong></span> <span class='ocrx_word' id='word_1_737' title='bbox 1794 2474 2111 2519; x_wconf 83' lang='lat' dir='ltr'><strong>transmigratione</strong></span> <span class='ocrx_word' id='word_1_738' title='bbox 2142 2474 2348 2521; x_wconf 87' lang='lat' dir='ltr'><strong>Babyloniae</strong></span> <span class='ocrx_word' id='word_1_739' title='bbox 2379 2485 2494 2521; x_wconf 85' lang='lat' dir='ltr'><strong>usque</strong></span> 
     </span>
     <span class='ocr_line' id='line_1_100' title="bbox 1438 2529 2495 2571; baseline 0.008 -8"><span class='ocrx_word' id='word_1_740' title='bbox 1438 2529 1483 2563; x_wconf 91' lang='lat' dir='ltr'><strong>ad</strong></span> <span class='ocrx_word' id='word_1_741' title='bbox 1516 2530 1709 2566; x_wconf 91' lang='lat' dir='ltr'><strong>adventum</strong></span> <span class='ocrx_word' id='word_1_742' title='bbox 1738 2531 1894 2567; x_wconf 90' lang='lat' dir='ltr'><strong>Domini.</strong></span> <span class='ocrx_word' id='word_1_743' title='bbox 1927 2532 1987 2569; x_wconf 90' lang='lat' dir='ltr'><strong>Sic</strong></span> <span class='ocrx_word' id='word_1_744' title='bbox 2013 2534 2110 2570; x_wconf 90' lang='lat' dir='ltr'><strong>enim</strong></span> <span class='ocrx_word' id='word_1_745' title='bbox 2139 2539 2175 2570; x_wconf 88' lang='lat' dir='ltr'><strong>et</strong></span> <span class='ocrx_word' id='word_1_746' title='bbox 2205 2533 2395 2570; x_wconf 79' lang='lat' dir='ltr'><strong>Matthaeus</strong></span> <span class='ocrx_word' id='word_1_747' title='bbox 2420 2535 2495 2571; x_wconf 83' lang='lat' dir='ltr'><strong>dis-</strong></span> 
     </span>
     <span class='ocr_line' id='line_1_101' title="bbox 1438 2588 2494 2638; baseline 0.009 -16"><span class='ocrx_word' id='word_1_748' title='bbox 1438 2588 1556 2624; x_wconf 89' lang='lat' dir='ltr'><strong>tinxit.</strong></span> <span class='ocrx_word' id='word_1_749' title='bbox 1589 2590 1680 2634; x_wconf 85' lang='lat' dir='ltr'><strong>Quia</strong></span> <span class='ocrx_word' id='word_1_750' title='bbox 1704 2601 1791 2638; x_wconf 84' lang='lat' dir='ltr'><strong>ergo</strong></span> <span class='ocrx_word' id='word_1_751' title='bbox 1807 2598 1936 2637; x_wconf 88' lang='lat' dir='ltr'><strong>quarto</strong></span> <span class='ocrx_word' id='word_1_752' title='bbox 1957 2594 2026 2629; x_wconf 90' lang='lat' dir='ltr'><strong>hoe</strong></span> <span class='ocrx_word' id='word_1_753' title='bbox 2060 2603 2154 2629; x_wconf 85' lang='lat' dir='ltr'><strong>anno</strong></span> <span class='ocrx_word' id='word_1_754' title='bbox 2170 2603 2315 2630; x_wconf 90' lang='lat' dir='ltr'><strong>omnem</strong></span> <span class='ocrx_word' id='word_1_755' title='bbox 2336 2594 2494 2632; x_wconf 85' lang='lat' dir='ltr'><strong>fructum</strong></span> 
     </span>
     <span class='ocr_line' id='line_1_102' title="bbox 1437 2648 2493 2695; baseline 0.009 -12"><span class='ocrx_word' id='word_1_756' title='bbox 1437 2648 1549 2694; x_wconf 88' lang='lat' dir='ltr'><strong>ipsius</strong></span> <span class='ocrx_word' id='word_1_757' title='bbox 1563 2649 1653 2695; x_wconf 87' lang='lat' dir='ltr'><strong>legis</strong></span> <span class='ocrx_word' id='word_1_758' title='bbox 1673 2655 1838 2687; x_wconf 88' lang='lat' dir='ltr'><strong>sanctum</strong></span> <span class='ocrx_word' id='word_1_759' title='bbox 1851 2658 1888 2688; x_wconf 90' lang='lat' dir='ltr'><strong>et</strong></span> <span class='ocrx_word' id='word_1_760' title='bbox 1903 2653 2122 2690; x_wconf 85' lang='lat' dir='ltr'><strong>laudabilem</strong></span> <span class='ocrx_word' id='word_1_761' title='bbox 2136 2654 2288 2692; x_wconf 90' lang='lat' dir='ltr'><strong>Domino</strong></span> <span class='ocrx_word' id='word_1_762' title='bbox 2306 2665 2493 2693; x_wconf 88' lang='lat' dir='ltr'><strong>commen·</strong></span> 
     </span>
     <span class='ocr_line' id='line_1_103' title="bbox 1437 2711 2491 2757; baseline 0.012 -13"><span class='ocrx_word' id='word_1_763' title='bbox 1437 2711 1548 2753; x_wconf 86' lang='lat' dir='ltr'><strong>davit,</strong></span> <span class='ocrx_word' id='word_1_764' title='bbox 1579 2721 1651 2746; x_wconf 90' lang='lat' dir='ltr'><strong>non</strong></span> <span class='ocrx_word' id='word_1_765' title='bbox 1666 2718 1787 2749; x_wconf 89' lang='lat' dir='ltr'><strong>tamen</strong></span> <span class='ocrx_word' id='word_1_766' title='bbox 1806 2714 1862 2751; x_wconf 89' lang='lat' dir='ltr'><strong>vel</strong></span> <span class='ocrx_word' id='word_1_767' title='bbox 1901 2719 1988 2752; x_wconf 89' lang='lat' dir='ltr'><strong>tune</strong></span> <span class='ocrx_word' id='word_1_768' title='bbox 2007 2717 2133 2753; x_wconf 89' lang='lat' dir='ltr'><strong>esibile</strong></span> <span class='ocrx_word' id='word_1_769' title='bbox 2153 2717 2240 2755; x_wconf 90' lang='lat' dir='ltr'><strong>illud</strong></span> <span class='ocrx_word' id='word_1_770' title='bbox 2255 2727 2334 2755; x_wconf 89' lang='lat' dir='ltr'><strong>esse</strong></span> <span class='ocrx_word' id='word_1_771' title='bbox 2359 2719 2491 2757; x_wconf 84' lang='lat' dir='ltr'><strong>Judaeis</strong></span> 
     </span>
     <span class='ocr_line' id='line_1_104' title="bbox 1436 2772 2491 2826; baseline 0.009 -19"><span class='ocrx_word' id='word_1_772' title='bbox 1436 2772 1590 2815; x_wconf 80' lang='lat' dir='ltr'><strong>dixerat,</strong></span> <span class='ocrx_word' id='word_1_773' title='bbox 1623 2773 1711 2809; x_wconf 89' lang='lat' dir='ltr'><strong>illud</strong></span> <span class='ocrx_word' id='word_1_774' title='bbox 1731 2775 1808 2810; x_wconf 90' lang='lat' dir='ltr'><strong>sine</strong></span> <span class='ocrx_word' id='word_1_775' title='bbox 1827 2775 1945 2821; x_wconf 91' lang='lat' dir='ltr'><strong>aliqua</strong></span> <span class='ocrx_word' id='word_1_776' title='bbox 1965 2778 2186 2814; x_wconf 89' lang='lat' dir='ltr'><strong>dubitatione</strong></span> <span class='ocrx_word' id='word_1_777' title='bbox 2202 2779 2381 2825; x_wconf 88' lang='lat' dir='ltr'><strong>probavit,</strong></span> <span class='ocrx_word' id='word_1_778' title='bbox 2407 2781 2491 2826; x_wconf 85' lang='lat' dir='ltr'><strong>quia</strong></span> 
     </span>
     <span class='ocr_line' id='line_1_105' title="bbox 1437 2835 2491 2886; baseline 0.008 -17"><span class='ocrx_word' id='word_1_779' title='bbox 1437 2839 1532 2869; x_wconf 87' lang='lat' dir='ltr'><strong>totus</strong></span> <span class='ocrx_word' id='word_1_780' title='bbox 1546 2835 1634 2880; x_wconf 89' lang='lat' dir='ltr'><strong>legis</strong></span> <span class='ocrx_word' id='word_1_781' title='bbox 1652 2835 1791 2871; x_wconf 78' lang='lat' dir='ltr'><strong>fructus</strong></span> <span class='ocrx_word' id='word_1_782' title='bbox 1806 2836 1842 2871; x_wconf 91' lang='lat' dir='ltr'><strong>in</strong></span> <span class='ocrx_word' id='word_1_783' title='bbox 1853 2837 2008 2874; x_wconf 89' lang='lat' dir='ltr'><strong>adventu</strong></span> <span class='ocrx_word' id='word_1_784' title='bbox 2023 2838 2166 2875; x_wconf 92' lang='lat' dir='ltr'><strong>Domini</strong></span> <span class='ocrx_word' id='word_1_785' title='bbox 2181 2844 2249 2875; x_wconf 90' lang='lat' dir='ltr'><strong>est.</strong></span> <span class='ocrx_word' id='word_1_786' title='bbox 2264 2839 2378 2886; x_wconf 88' lang='lat' dir='ltr'><strong>Hujus</strong></span> <span class='ocrx_word' id='word_1_787' title='bbox 2394 2841 2491 2877; x_wconf 91' lang='lat' dir='ltr'><strong>enim</strong></span> 
     </span>
     <span class='ocr_line' id='line_1_106' title="bbox 1436 2895 2492 2946; baseline 0.009 -19"><span class='ocrx_word' id='word_1_788' title='bbox 1436 2899 1578 2938; x_wconf 88' lang='lat' dir='ltr'><strong>tempus</strong></span> <span class='ocrx_word' id='word_1_789' title='bbox 1603 2895 1799 2930; x_wconf 89' lang='lat' dir='ltr'><strong>secundum</strong></span> <span class='ocrx_word' id='word_1_790' title='bbox 1817 2897 1980 2933; x_wconf 90' lang='lat' dir='ltr'><strong>ordinem</strong></span> <span class='ocrx_word' id='word_1_791' title='bbox 1999 2904 2203 2945; x_wconf 90' lang='lat' dir='ltr'><strong>temporum</strong></span> <span class='ocrx_word' id='word_1_792' title='bbox 2239 2900 2406 2946; x_wconf 91' lang='lat' dir='ltr'><strong>superius</strong></span> <span class='ocrx_word' id='word_1_793' title='bbox 2425 2910 2492 2936; x_wconf 92' lang='lat' dir='ltr'><strong>no-</strong></span> 
     </span>
     <span class='ocr_line' id='line_1_107' title="bbox 1435 2953 2490 3006; baseline 0.011 -20"><span class='ocrx_word' id='word_1_794' title='bbox 1435 2953 1653 2988; x_wconf 86' lang='lat' dir='ltr'><strong>minatorum</strong></span> <span class='ocrx_word' id='word_1_795' title='bbox 1669 2964 1784 2991; x_wconf 87' lang='lat' dir='ltr'><strong>annus</strong></span> <span class='ocrx_word' id='word_1_796' title='bbox 1799 2963 1897 2993; x_wconf 90' lang='lat' dir='ltr'><strong>recte</strong></span> <span class='ocrx_word' id='word_1_797' title='bbox 1914 2959 2161 2996; x_wconf 88' lang='lat' dir='ltr'><strong>nominabitur</strong></span> <span class='ocrx_word' id='word_1_798' title='bbox 2177 2965 2328 3006; x_wconf 88' lang='lat' dir='ltr'><strong>quartus</strong></span> <span class='ocrx_word' id='word_1_799' title='bbox 2342 2966 2490 2998; x_wconf 84' lang='lat' dir='ltr'><strong>sanctus</strong></span> 
     </span>
     <span class='ocr_line' id='line_1_108' title="bbox 1434 3013 2490 3071; baseline 0.012 -24"><span class='ocrx_word' id='word_1_800' title='bbox 1434 3013 1624 3050; x_wconf 89' lang='lat' dir='ltr'><strong>laudabilis</strong></span> <span class='ocrx_word' id='word_1_801' title='bbox 1640 3015 1728 3059; x_wconf 90' lang='lat' dir='ltr'><strong>Deo,</strong></span> <span class='ocrx_word' id='word_1_802' title='bbox 1757 3018 1840 3062; x_wconf 88' lang='lat' dir='ltr'><strong>quia</strong></span> <span class='ocrx_word' id='word_1_803' title='bbox 1856 3018 2022 3056; x_wconf 90' lang='lat' dir='ltr'><strong>Christus</strong></span> <span class='ocrx_word' id='word_1_804' title='bbox 2043 3031 2127 3057; x_wconf 91' lang='lat' dir='ltr'><strong>eum</strong></span> <span class='ocrx_word' id='word_1_805' title='bbox 2145 3020 2366 3071; x_wconf 68' lang='lat' dir='ltr'><strong>fructiferum</strong></span> <span class='ocrx_word' id='word_1_806' title='bbox 2381 3022 2490 3060; x_wconf 83' lang='lat' dir='ltr'><strong>sacie-</strong></span> 
     </span>
     <span class='ocr_line' id='line_1_109' title="bbox 1434 3073 2488 3125; baseline 0.011 -17"><span class='ocrx_word' id='word_1_807' title='bbox 1434 3073 1510 3116; x_wconf 90' lang='lat' dir='ltr'><strong>bat,</strong></span> <span class='ocrx_word' id='word_1_808' title='bbox 1544 3077 1847 3120; x_wconf 86' lang='lat' dir='ltr'><strong>quemadmodum</strong></span> <span class='ocrx_word' id='word_1_809' title='bbox 1874 3086 2015 3125; x_wconf 89' lang='lat' dir='ltr'><strong>oportet</strong></span> <span class='ocrx_word' id='word_1_810' title='bbox 2044 3082 2154 3118; x_wconf 90' lang='lat' dir='ltr'><strong>etiam</strong></span> <span class='ocrx_word' id='word_1_811' title='bbox 2179 3092 2246 3119; x_wconf 87' lang='lat' dir='ltr'><strong>nos</strong></span> <span class='ocrx_word' id='word_1_812' title='bbox 2269 3082 2488 3120; x_wconf 82' lang='lat' dir='ltr'><strong>fructificare</strong></span> 
     </span>
     <span class='ocr_line' id='line_1_110' title="bbox 1435 3131 2487 3188; baseline 0.011 -21"><span class='ocrx_word' id='word_1_813' title='bbox 1435 3131 1580 3169; x_wconf 92' lang='lat' dir='ltr'><strong>docens.</strong></span> <span class='ocrx_word' id='word_1_814' title='bbox 1617 3133 1728 3172; x_wconf 88' lang='lat' dir='ltr'><strong>Recte</strong></span> <span class='ocrx_word' id='word_1_815' title='bbox 1745 3145 1830 3183; x_wconf 84' lang='lat' dir='ltr'><strong>ergo</strong></span> <span class='ocrx_word' id='word_1_816' title='bbox 1860 3143 2006 3175; x_wconf 86' lang='lat' dir='ltr'><strong>sanctus</strong></span> <span class='ocrx_word' id='word_1_817' title='bbox 2020 3145 2114 3184; x_wconf 85' lang='lat' dir='ltr'><strong>erat,</strong></span> <span class='ocrx_word' id='word_1_818' title='bbox 2148 3146 2285 3188; x_wconf 84' lang='lat' dir='ltr'><strong>utpote</strong></span> <span class='ocrx_word' id='word_1_819' title='bbox 2314 3152 2335 3178; x_wconf 89' lang='lat' dir='ltr'><strong>a</strong></span> <span class='ocrx_word' id='word_1_820' title='bbox 2356 3141 2487 3179; x_wconf 83' lang='lat' dir='ltr'><strong>Sancto</strong></span> 
     </span>
     <span class='ocr_line' id='line_1_111' title="bbox 1434 3195 2486 3241; baseline 0.011 -14"><span class='ocrx_word' id='word_1_821' title='bbox 1434 3198 1641 3229; x_wconf 91' lang='lat' dir='ltr'><strong>sanctorum</strong></span> <span class='ocrx_word' id='word_1_822' title='bbox 1655 3195 1858 3241; x_wconf 83' lang='lat' dir='ltr'><strong>perfectus3</strong></span> <span class='ocrx_word' id='word_1_823' title='bbox 1881 3199 1944 3234; x_wconf 90' lang='lat' dir='ltr'><strong>sed</strong></span> <span class='ocrx_word' id='word_1_824' title='bbox 1957 3199 2204 3238; x_wconf 86' lang='lat' dir='ltr'><strong>etlaudahihis</strong></span> <span class='ocrx_word' id='word_1_825' title='bbox 2225 3213 2234 3238; x_wconf 75' lang='lat' dir='ltr'><strong><em>z</em></strong></span> <span class='ocrx_word' id='word_1_826' title='bbox 2255 3202 2376 3238; x_wconf 83' lang='lat' dir='ltr'><strong>omnia</strong></span> <span class='ocrx_word' id='word_1_827' title='bbox 2390 3202 2486 3238; x_wconf 84' lang='lat' dir='ltr'><strong>enim</strong></span> 
     </span>
     <span class='ocr_line' id='line_1_112' title="bbox 1431 3252 2486 3310; baseline 0.013 -24"><span class='ocrx_word' id='word_1_828' title='bbox 1431 3261 1512 3296; x_wconf 83' lang='lat' dir='ltr'><strong>quae</strong></span> <span class='ocrx_word' id='word_1_829' title='bbox 1525 3252 1689 3290; x_wconf 88' lang='lat' dir='ltr'><strong>Christus</strong></span> <span class='ocrx_word' id='word_1_830' title='bbox 1707 3263 1892 3300; x_wconf 89' lang='lat' dir='ltr'><strong>operatur,</strong></span> <span class='ocrx_word' id='word_1_831' title='bbox 1929 3259 2032 3295; x_wconf 88' lang='lat' dir='ltr'><strong>bonae</strong></span> <span class='ocrx_word' id='word_1_832' title='bbox 2049 3260 2154 3297; x_wconf 66' lang='lat' dir='ltr'><strong>samse</strong></span> <span class='ocrx_word' id='word_1_833' title='bbox 2173 3268 2256 3299; x_wconf 88' lang='lat' dir='ltr'><strong>sunt</strong></span> <span class='ocrx_word' id='word_1_834' title='bbox 2287 3268 2395 3310; x_wconf 83' lang='lat' dir='ltr'><strong>atque</strong></span> <span class='ocrx_word' id='word_1_835' title='bbox 2411 3262 2486 3310; x_wconf 78' lang='lat' dir='ltr'><strong>glo-</strong></span> 
     </span>
     <span class='ocr_line' id='line_1_113' title="bbox 1431 3312 2483 3368; baseline 0.012 -22"><span class='ocrx_word' id='word_1_836' title='bbox 1431 3312 1543 3355; x_wconf 88' lang='lat' dir='ltr'><strong>riosa,</strong></span> <span class='ocrx_word' id='word_1_837' title='bbox 1574 3312 1626 3348; x_wconf 89' lang='lat' dir='ltr'><strong>ita</strong></span> <span class='ocrx_word' id='word_1_838' title='bbox 1643 3318 1683 3348; x_wconf 91' lang='lat' dir='ltr'><strong>ut</strong></span> <span class='ocrx_word' id='word_1_839' title='bbox 1704 3314 1814 3349; x_wconf 83' lang='lat' dir='ltr'><strong>etiam</strong></span> <span class='ocrx_word' id='word_1_840' title='bbox 1839 3317 1885 3351; x_wconf 89' lang='lat' dir='ltr'><strong>ab</strong></span> <span class='ocrx_word' id='word_1_841' title='bbox 1903 3316 2055 3363; x_wconf 81' lang='lat' dir='ltr'><strong>ingratis</strong></span> <span class='ocrx_word' id='word_1_842' title='bbox 2070 3317 2204 3356; x_wconf 85' lang='lat' dir='ltr'><strong>Judaeis</strong></span> <span class='ocrx_word' id='word_1_843' title='bbox 2223 3321 2483 3368; x_wconf 83' lang='lat' dir='ltr'><strong>glorificentur.</strong></span> 
     </span>
     <span class='ocr_line' id='line_1_114' title="bbox 1433 3370 2540 3431; baseline 0.011 -24"><span class='ocrx_word' id='word_1_844' title='bbox 1433 3370 1523 3407; x_wconf 92' lang='lat' dir='ltr'><strong>Cum</strong></span> <span class='ocrx_word' id='word_1_845' title='bbox 1549 3372 1647 3408; x_wconf 89' lang='lat' dir='ltr'><strong>enim</strong></span> <span class='ocrx_word' id='word_1_846' title='bbox 1681 3371 1940 3421; x_wconf 71' lang='lat' dir='ltr'><strong>paralyticum*</strong></span> <span class='ocrx_word' id='word_1_847' title='bbox 1946 3383 2150 3422; x_wconf 86' lang='lat' dir='ltr'><strong>portantem</strong></span> <span class='ocrx_word' id='word_1_848' title='bbox 2183 3389 2291 3426; x_wconf 88' lang='lat' dir='ltr'><strong>super</strong></span> <span class='ocrx_word' id='word_1_849' title='bbox 2314 3382 2483 3423; x_wconf 81' lang='lat' dir='ltr'><strong>humeros</strong></span> <span class='ocrx_word' id='word_1_850' title='bbox 2532 3388 2540 3431; x_wconf 61' lang='lat' dir='ltr'><strong>-j</strong></span> 
     </span>
     <span class='ocr_line' id='line_1_115' title="bbox 1432 3432 2530 3495; baseline 0.01 -28"><span class='ocrx_word' id='word_1_851' title='bbox 1432 3432 1620 3478; x_wconf 84' lang='lat' dir='ltr'><strong>grabatum</strong></span> <span class='ocrx_word' id='word_1_852' title='bbox 1627 3432 1816 3477; x_wconf 79' lang='lat' dir='ltr'><strong>vidissent,</strong></span> <span class='ocrx_word' id='word_1_853' title='bbox 1831 3434 2073 3480; x_wconf 70' lang='lat' dir='ltr'><strong>alorificabant</strong></span> <span class='ocrx_word' id='word_1_854' title='bbox 2082 3437 2211 3483; x_wconf 86' lang='lat' dir='ltr'><strong>Deum,</strong></span> <span class='ocrx_word' id='word_1_855' title='bbox 2228 3439 2289 3486; x_wconf 85' lang='lat' dir='ltr'><strong>qui</strong></span> <span class='ocrx_word' id='word_1_856' title='bbox 2305 3439 2410 3476; x_wconf 86' lang='lat' dir='ltr'><strong>talem</strong></span> <span class='ocrx_word' id='word_1_857' title='bbox 2424 3452 2485 3488; x_wconf 85' lang='lat' dir='ltr'><strong>po-</strong></span> <span class='ocrx_word' id='word_1_858' title='bbox 2528 3489 2530 3495; x_wconf 35' lang='grc' dir='ltr'>Ι</span> 
     </span>
     <span class='ocr_line' id='line_1_116' title="bbox 1431 3492 2483 3547; baseline 0.012 -20"><span class='ocrx_word' id='word_1_859' title='bbox 1431 3497 1588 3528; x_wconf 84' lang='lat' dir='ltr'><strong>testatem</strong></span> <span class='ocrx_word' id='word_1_860' title='bbox 1616 3492 1766 3528; x_wconf 81' lang='lat' dir='ltr'><strong>dedisset</strong></span> <span class='ocrx_word' id='word_1_861' title='bbox 1797 3493 1996 3531; x_wconf 79' lang='lat' dir='ltr'><strong>hominibus</strong></span> <span class='ocrx_word' id='word_1_862' title='bbox 2032 3495 2176 3543; x_wconf 68' lang='lat' dir='ltr'><strong>(Malta.</strong></span> <span class='ocrx_word' id='word_1_863' title='bbox 2197 3497 2262 3547; x_wconf 83' lang='lat' dir='ltr'><strong>ix).</strong></span> <span class='ocrx_word' id='word_1_864' title='bbox 2295 3499 2396 3538; x_wconf 87' lang='lat' dir='ltr'><strong>Unde</strong></span> <span class='ocrx_word' id='word_1_865' title='bbox 2408 3511 2483 3539; x_wconf 86' lang='lat' dir='ltr'><strong>non</strong></span> 
     </span>
     <span class='ocr_line' id='line_1_117' title="bbox 1431 3551 2540 3614; baseline 0.013 -28"><span class='ocrx_word' id='word_1_866' title='bbox 1431 3551 1643 3598; x_wconf 85' lang='lat' dir='ltr'><strong>simpliciter</strong></span> <span class='ocrx_word' id='word_1_867' title='bbox 1660 3552 1723 3589; x_wconf 84' lang='lat' dir='ltr'><strong>sed</strong></span> <span class='ocrx_word' id='word_1_868' title='bbox 1742 3551 1957 3590; x_wconf 84' lang='lat' dir='ltr'><strong>laudabilem</strong></span> <span class='ocrx_word' id='word_1_869' title='bbox 1972 3555 2125 3594; x_wconf 89' lang='lat' dir='ltr'><strong>Domino</strong></span> <span class='ocrx_word' id='word_1_870' title='bbox 2138 3557 2296 3596; x_wconf 74' lang='lat' dir='ltr'><strong>fructum</strong></span> <span class='ocrx_word' id='word_1_871' title='bbox 2311 3561 2408 3598; x_wconf 82' lang='lat' dir='ltr'><strong>hune</strong></span> <span class='ocrx_word' id='word_1_872' title='bbox 2421 3560 2483 3599; x_wconf 82' lang='lat' dir='ltr'><strong>lex</strong></span> <span class='ocrx_word' id='word_1_873' title='bbox 2500 3563 2540 3614; x_wconf 55' lang='grc' dir='ltr'><strong>[ρ</strong></span> 
     </span>
     <span class='ocr_line' id='line_1_118' title="bbox 1431 3613 2513 3672; baseline 0.013 -24"><span class='ocrx_word' id='word_1_874' title='bbox 1431 3613 1635 3659; x_wconf 82' lang='lat' dir='ltr'><strong>appellavit.</strong></span> <span class='ocrx_word' id='word_1_875' title='bbox 1654 3613 1813 3651; x_wconf 86' lang='lat' dir='ltr'><strong>Necdum</strong></span> <span class='ocrx_word' id='word_1_876' title='bbox 1829 3619 1951 3652; x_wconf 85' lang='lat' dir='ltr'><strong>autem</strong></span> <span class='ocrx_word' id='word_1_877' title='bbox 1970 3623 2049 3653; x_wconf 89' lang='lat' dir='ltr'><strong>erat</strong></span> <span class='ocrx_word' id='word_1_878' title='bbox 2066 3620 2198 3666; x_wconf 90' lang='lat' dir='ltr'><strong>populo</strong></span> <span class='ocrx_word' id='word_1_879' title='bbox 2215 3621 2372 3667; x_wconf 82' lang='lat' dir='ltr'><strong>edibilis,</strong></span> <span class='ocrx_word' id='word_1_880' title='bbox 2392 3631 2482 3661; x_wconf 76' lang='lat' dir='ltr'><strong>nee-</strong></span> <span class='ocrx_word' id='word_1_881' title='bbox 2497 3621 2513 3672; x_wconf 63' lang='grc' dir='ltr'><strong>ζ’,</strong></span> 
     </span>
     <span class='ocr_line' id='line_1_119' title="bbox 1433 3674 2519 3733; baseline 0.012 -24"><span class='ocrx_word' id='word_1_882' title='bbox 1433 3674 1519 3709; x_wconf 87' lang='lat' dir='ltr'><strong>dum</strong></span> <span class='ocrx_word' id='word_1_883' title='bbox 1541 3674 1638 3710; x_wconf 88' lang='lat' dir='ltr'><strong>enim</strong></span> <span class='ocrx_word' id='word_1_884' title='bbox 1654 3674 1714 3711; x_wconf 91' lang='lat' dir='ltr'><strong>hie</strong></span> <span class='ocrx_word' id='word_1_885' title='bbox 1731 3675 1928 3733; x_wconf 61' lang='lat' dir='ltr'><strong>seQndum</strong></span> <span class='ocrx_word' id='word_1_886' title='bbox 1946 3677 2111 3723; x_wconf 85' lang='lat' dir='ltr'><strong>spiritum</strong></span> <span class='ocrx_word' id='word_1_887' title='bbox 2134 3679 2266 3718; x_wconf 87' lang='lat' dir='ltr'><strong>Christi</strong></span> <span class='ocrx_word' id='word_1_888' title='bbox 2287 3692 2481 3721; x_wconf 79' lang='lat' dir='ltr'><strong>conversa-</strong></span> <span class='ocrx_word' id='word_1_889' title='bbox 2515 3688 2519 3691; x_wconf 76' lang='grc'><em>’</em></span> 
     </span>
     <span class='ocr_line' id='line_1_120' title="bbox 1431 3732 2481 3791; baseline 0.012 -23"><span class='ocrx_word' id='word_1_890' title='bbox 1431 3732 1567 3769; x_wconf 88' lang='lat' dir='ltr'><strong>tionem</strong></span> <span class='ocrx_word' id='word_1_891' title='bbox 1585 3736 1736 3780; x_wconf 79' lang='lat' dir='ltr'><strong>adeptus</strong></span> <span class='ocrx_word' id='word_1_892' title='bbox 1754 3735 1886 3779; x_wconf 81' lang='lat' dir='ltr'><strong>ruerat,</strong></span> <span class='ocrx_word' id='word_1_893' title='bbox 1913 3735 2028 3773; x_wconf 83' lang='lat' dir='ltr'><strong>sedin</strong></span> <span class='ocrx_word' id='word_1_894' title='bbox 2054 3749 2149 3776; x_wconf 88' lang='lat' dir='ltr'><strong>anno</strong></span> <span class='ocrx_word' id='word_1_895' title='bbox 2171 3741 2311 3788; x_wconf 83' lang='lat' dir='ltr'><strong>quinto,</strong></span> <span class='ocrx_word' id='word_1_896' title='bbox 2335 3742 2374 3779; x_wconf 88' lang='lat' dir='ltr'><strong>in</strong></span> <span class='ocrx_word' id='word_1_897' title='bbox 2393 3753 2481 3791; x_wconf 85' lang='lat' dir='ltr'><strong>apo-</strong></span> 
     </span>
     <span class='ocr_line' id='line_1_121' title="bbox 1430 3792 2479 3847; baseline 0.013 -19"><span class='ocrx_word' id='word_1_898' title='bbox 1430 3792 1555 3829; x_wconf 88' lang='lat' dir='ltr'><strong>stolica</strong></span> <span class='ocrx_word' id='word_1_899' title='bbox 1572 3794 1735 3832; x_wconf 78' lang='lat' dir='ltr'><strong>videlicet</strong></span> <span class='ocrx_word' id='word_1_900' title='bbox 1751 3796 1995 3842; x_wconf 83' lang='lat' dir='ltr'><strong>generatione.</strong></span> <span class='ocrx_word' id='word_1_901' title='bbox 2014 3796 2115 3836; x_wconf 87' lang='lat' dir='ltr'><strong>Illinc</strong></span> <span class='ocrx_word' id='word_1_902' title='bbox 2133 3801 2231 3838; x_wconf 85' lang='lat' dir='ltr'><strong>enim</strong></span> <span class='ocrx_word' id='word_1_903' title='bbox 2248 3801 2327 3847; x_wconf 79' lang='lat' dir='ltr'><strong>ipse</strong></span> <span class='ocrx_word' id='word_1_904' title='bbox 2338 3801 2479 3841; x_wconf 75' lang='lat' dir='ltr'><strong>Judaeo·</strong></span> 
     </span>
    </p>
   </div>
   <div class='ocr_carea' id='block_1_15' title="bbox 2482 3609 2540 4016">
    <p class='ocr_par' dir='ltr' id='par_1_18' title="bbox 2482 3609 2540 4016">
     <span class='ocr_line' id='line_1_122' title="bbox 2482 3609 2540 4016; baseline 0 -314"><span class='ocrx_word' id='word_1_905' title='bbox 2482 3609 2540 4016; x_wconf 95' lang='lat' dir='ltr'><strong>  </strong></span> 
     </span>
    </p>
   </div>
  </div>
 </body>
</html>
