2540 4016
318 195 392 234 807

316 327 453 364 semina
478 327 560 365 laeta
585 329 689 378 fruge
706 331 934 377 multiplicet.
962 333 1025 368 Est
1053 344 1138 380 ergo
1156 334 1320 389 quaedam
1340 337 1379 373 in

314 394 426 431 regno
444 385 508 422 Dei
526 391 636 431 terra,
654 397 734 433 quae
749 391 948 427 mansuetis
963 393 1200 438 promittitur,
1223 399 1258 431 et
1280 401 1378 433 terra

314 453 394 490 quae
406 443 607 480 viventium
626 446 847 492 nominatur,
863 454 901 485 et
914 454 1014 486 terra
1027 452 1065 487 10
1081 453 1234 491 excelsis
1245 456 1375 502 posita,

313 503 357 540 de
389 513 460 548 qua
490 505 536 540 ad
558 505 697 552 ,iustum
722 506 902 554 Propheta
933 510 1051 548 dicit:
1073 513 1239 551 Exaltavi
1268 522 1304 552 te
1335 521 1377 553 ut

311 565 503 602 haeredites
532 571 683 604 terram.
719 569 827 606 Istius
862 581 948 618 ergo
981 573 1226 613 haereditatem
1256 583 1374 622 terrae,

310 630 545 672 posteaquam
578 628 623 664 de
656 630 782 666 mundi
810 631 916 678 hujus
951 633 1107 682 AEgypto
1133 638 1274 682 exierit,
1302 640 1375 676 Deo

311 686 461 723 credens
485 688 606 724 anima
637 697 895 737 consequetur.
923 693 968 730 Et
991 695 1075 732 alibi
1093 697 1238 742 quidem
1257 698 1293 733 hi
1313 699 1375 744 qui

311 747 378 783 sub
404 747 482 792 lege
509 749 691 795 vixerunt,
721 751 808 789 alibi
835 760 956 791 autem
978 757 1039 802 qui
1057 767 1122 803 per
1138 757 1223 794 Jesu
1241 758 1375 795 Christi

310 806 417 843 fidem
446 815 482 844 et
514 810 669 855 gratiam
702 812 900 859 dispensati
932 822 1028 852 sunt.
1050 818 1309 855 Verumtamen
1336 820 1374 855 hi

310 866 371 911 qui
404 867 571 904 videntur
598 870 704 915 primi
733 878 770 908 et
798 883 863 919 per
893 874 1038 922 Moysen
1066 878 1274 923 dispensati,
1302 889 1375 915 non

309 925 410 970 prius
427 934 696 974 consequuntur
714 931 967 970 haereditatem
993 935 1062 971 sibi
1087 937 1284 982 decretam,
1303 938 1374 975 nisi

309 990 346 1020 01
367 985 435 1031 ipsi
460 992 646 1024 transeant
670 999 751 1026 cum
786 992 844 1028 his
876 1003 966 1039 quos
985 993 1089 1031 Jcsus
1119 996 1316 1042 dispensat,
1337 1003 1374 1035 et

310 1054 446 1094 pugnat
466 1060 549 1086 cum
571 1050 624 1087 eis
643 1057 770 1089 contra
798 1054 976 1098 inimicos,
1000 1062 1036 1092 et
1055 1057 1237 1098 ,collocent
1254 1068 1315 1095 eos
1335 1059 1373 1095 in

308 1108 454 1144 sedibus
485 1110 572 1154 suis,
594 1111 645 1147 ita
670 1117 707 1147 et
736 1112 805 1158 ipsi
830 1121 1103 1160 consequuntur
1123 1117 1373 1154 haereditatem

309 1178 418 1214 quam
438 1169 558 1217 Moyse
578 1171 669 1208 duce
689 1180 914 1211 meruerunt.
936 1174 1008 1212 Sed
1027 1176 1104 1214 haec
1122 1178 1191 1214 nisi
1212 1189 1256 1215 ex
1275 1179 1373 1216 Scri-

306 1230 422 1276 pturis
446 1230 578 1268 divinis
595 1233 854 1279 approbantur,
880 1235 1010 1272 101101εο
1025 1237 1255 1275 videbuntur.
1275 1239 1370 1276 Pau-

307 1288 363 1326 lus
390 1300 476 1336 ergo
500 1291 629 1327 horum
656 1295 877 1338 producatur
906 1298 1057 1336 idoneus
1086 1302 1209 1346 testis,
1242 1304 1303 1348 qui
1334 1303 1371 1339 in

306 1348 466 1396 Epistola
495 1351 541 1386 ad
570 1352 757 1398 Hebraeos,
777 1357 838 1391 ubi
865 1358 1035 1395 describit
1058 1361 1136 1397 illos
1157 1373 1283 1400 omnes
1302 1365 1370 1400 Pa-

306 1413 380 1445 tres
403 1415 439 1445 et
462 1411 687 1456 patriarchas
714 1424 757 1450 ac
787 1418 982 1462 prophetas
1001 1420 1063 1464 qui
1081 1431 1146 1466 per
1166 1422 1272 1458 fidem
1289 1424 1368 1470 pla-

305 1474 458 1504 cuerunt
489 1469 583 1515 Deo,
618 1479 700 1518 post
735 1478 1044 1514 enumerationem
1075 1487 1299 1528 cunctorum,
1331 1485 1370 1521 10

303 1528 431 1565 0111010
460 1531 690 1569 conclusione
724 1535 777 1571 sic
808 1535 896 1573 dicit
922 1539 966 1575 de
991 1539 1044 1576 eis
1071 1553 1079 1576 :
1102 1542 1147 1577 Et
1170 1543 1208 1578 hi
1227 1554 1366 1590 omnes,

304 1590 510 1627 testimonio
532 1591 616 1629 fidei
635 1601 797 1641 accepto,
819 1607 891 1633 non
910 1607 1150 1646 perceperunt
1177 1605 1369 1648 repromis-

304 1650 437 1693 siones,
455 1651 528 1688 Deo
547 1663 613 1698 pro
634 1655 738 1691 nobis
756 1656 892 1702 aliquid
914 1660 1136 1704 providente,
1157 1663 1209 1698 uti
1226 1675 1272 1700 ne
1291 1665 1368 1701 sine

304 1709 407 1745 nobis
430 1720 780 1750 consummarentur.
812 1716 922 1760 Quasi
949 1719 1002 1755 sic
1026 1721 1161 1757 diceret
1179 1734 1186 1757 :
1204 1723 1284 1759 Istae
1303 1735 1368 1761 no-

303 1778 384 1804 vem
409 1771 517 1807 semis
536 1773 650 1810 tribus
674 1782 865 1821 propterca
901 1789 973 1814 non
1000 1789 1218 1828 acceperunt
1243 1795 1367 1831 repro-

302 1830 512 1869 missionem
534 1840 639 1871 terra:
665 1836 760 1873 illius
784 1849 862 1883 quae
881 1840 935 1876 eis
959 1846 1061 1877 extra
1088 1842 1283 1881 Jordanem
1301 1856 1367 1892 per

302 1890 449 1938 Moysen
483 1894 628 1932 decreta
649 1903 716 1941 est,
748 1898 822 1935 Deo
851 1910 916 1945 pro
942 1902 1046 1939 nobis
1074 1904 1201 1941 melius
1232 1906 1366 1952 aliquid

299 1952 526 1998 providente,
547 1961 647 1993 utne
677 1959 755 1996 sine
777 1961 882 1997 nobis
907 1971 1258 2002 consummarentur.
1278 1966 1366 2003 Pro-

300 2018 423 2058 pterea
443 2024 528 2060 ergo
549 2021 733 2054 transeant
757 2020 946 2057 nobiscum
972 2024 1103 2059 armati
1121 2025 1165 2061 ad
1185 2026 1363 2071 praelium,

301 2074 474 2119 etjuvent
493 2087 558 2113 nos
578 2079 624 2114 ad
648 2080 935 2127 belligerandum
955 2085 999 2120 ad
1018 2088 1275 2132 expugnandos
1298 2088 1366 2124 ini·
1385 2088 1414 2130 C

302 2136 428 2172 micos.
453 2136 524 2173 Sed
559 2139 610 2174 1111
645 2146 833 2178 1101150001
857 2144 917 2189 qui
944 2146 1073 2181 armati
1096 2153 1193 2191 sunt,
1215 2149 1276 2195 qui
1297 2149 1365 2186 viri

300 2195 414 2232 fortes
436 2204 519 2234 sunt
551 2205 587 2235 et
605 2207 785 2246 potentes,
818 2205 938 2240 caeteri
965 2215 1051 2243 vero
1075 2218 1213 2253 omnes,
1236 2210 1364 2256 ignava

301 2266 428 2295 manus
458 2265 495 2296 et
521 2261 690 2306 imbellis,
725 2272 916 2302 remanent
949 2275 1050 2304 extra
1079 2268 1285 2307 Jordanem.
1326 2272 1364 2309 Si

301 2320 361 2364 qui
386 2327 505 2357 autem
531 2323 568 2357 in
588 2324 674 2369 ipsis
695 2326 763 2361 viri
788 2326 901 2364 sortes
922 2336 1018 2374 sunt,
1040 2332 1175 2368 relictis
1201 2334 1363 2371 animali-

299 2381 366 2416 bus
385 2386 421 2417 et
439 2384 644 2428 pecoribus,
666 2392 703 2422 ct
721 2388 886 2426 omnibus
907 2390 1186 2438 impcdimenfis,
1205 2403 1365 2442 pugnent

299 2440 489 2477 adversum
508 2444 650 2480 hostem
666 2447 868 2493 nobiscum,
888 2460 1074 2497 usquequo
1090 2454 1279 2492 vincantur
1295 2457 1363 2493 ini-

299 2503 383 2539 mici
419 2506 555 2549 nostri,
584 2508 776 2555 usquequo
819 2513 1067 2551 haereditatem
1105 2522 1211 2554 terrae
1244 2519 1360 2565 bonae,

299 2568 404 2599 terrae
432 2565 550 2602 mellis
577 2567 754 2615 lactisque
781 2573 979 2619 capiamus.
1001 2574 1089 2620 Quis
1109 2578 1204 2613 enim
1223 2579 1363 2616 dubitat

297 2625 391 2669 quod
406 2627 521 2661 sancti
536 2629 671 2674 quique
685 2636 831 2675 patrum
849 2639 885 2669 et
901 2636 1128 2674 orationibus
1141 2648 1207 2675 nos
1218 2639 1359 2685 juvent,

271 2675 333 2717 ¹ct
371 2690 556 2728 gestorum
591 2698 738 2725 5001010
774 2692 990 2731 confirment
1025 2702 1132 2743 atque
1171 2698 1362 2736 hortentur

298 2743 498 2788 exemplis?
519 2744 590 2781 Sed
611 2753 647 2782 et
662 2749 902 2790 voluminibus
921 2756 996 2792 suis
1013 2766 1078 2803 per
1095 2769 1137 2794 ea
1161 2770 1240 2806 quae
1257 2762 1361 2798 nobis

299 2800 344 2837 ad
376 2803 589 2839 memoriam
620 2807 753 2853 scripta
779 2811 1016 2858 reliquerunt,
1045 2817 1214 2854 docentes
1234 2830 1299 2856 nos
1324 2825 1362 2856 et

297 2859 518 2899 instruentes
542 2867 721 2910 quomodo
754 2869 943 2907 adversum
971 2874 1137 2912 inimicas
1163 2885 1361 2924 potestates

298 2921 542 2959 dimicandum
561 2926 621 2970 sit,
642 2932 679 2962 et
697 2931 875 2973 quomodo
903 2943 1058 2979 agonum
1078 2937 1262 2975 toleranda
1283 2951 1360 2976 cer-

297 2981 449 3017 tamina.
474 2983 640 3030 Pugnant
665 2988 761 3023 enim
795 3000 861 3034 pro
883 2993 1000 3036 1101115,
1027 3001 1062 3030 01
1093 2997 1162 3041 ipsi
1189 2999 1359 3037 incedunt

295 3039 405 3088 primi
433 3047 517 3078 ante
535 3053 602 3080 nos
629 3047 772 3082 armati.
791 3048 891 3094 Ipsos
911 3052 1007 3087 enim
1032 3064 1099 3091 nos
1122 3056 1296 3095 1101100105
1312 3061 1358 3097 011

297 3102 516 3149 exemplum,
544 3109 580 3141 et
607 3115 734 3143 eorum
763 3109 926 3148 videntes
956 3123 1022 3159 per
1053 3117 1217 3162 spiritum
1250 3119 1358 3158 sortia

296 3159 406 3205 sacta,
439 3173 624 3201 armamur
649 3167 694 3203 ad
716 3169 879 3214 praelium
908 3173 1081 3220 spiritale,
1101 3182 1138 3213 et
1166 3179 1358 3217 adversum

298 3223 474 3269 spiritalia
491 3227 660 3273 nequitiae
679 3229 717 3264 in
731 3231 940 3270 coelestibus
959 3235 1186 3275 dimicamus.
1211 3239 1271 3276 Sic
1297 3241 1360 3277 de-

298 3284 407 3331 nique
421 3286 483 3332 qui
499 3287 566 3324 sub
580 3286 665 3325 Jesu
683 3288 782 3327 Nave
801 3292 972 3339 militant,
989 3296 1137 3343 triginta
1152 3304 1188 3334 et
1203 3299 1356 3345 amplius

298 3354 400 3392 reges
419 3347 615 3394 perimunt,
640 3355 677 3386 et
702 3356 818 3388 terras
848 3363 973 3391 eorum
1010 3363 1107 3394 sorte
1136 3358 1356 3397 haereditatis

299 3405 493 3451 accipiunt.
509 3409 673 3455 Depulsis
699 3421 855 3459 namque
880 3415 1102 3462 spiritalibus
1123 3420 1294 3466 nequitiis
1312 3421 1356 3458 de

299 3467 518 3514 coelestibus,
538 3473 786 3511 haereditatem
807 3477 910 3523 regni
925 3477 1083 3516 coelestis
1097 3478 1182 3517 Jesu
1202 3480 1357 3519 Domino

300 3533 423 3565 nostro
450 3531 630 3570 dividente
647 3536 863 3582 percipiunt.
890 3537 1013 3576 Potest
1034 3546 1072 3577 et
1093 3541 1222 3578 tertius
1241 3542 1358 3580 adhuc

290 3589 533 3635 ,expositionis
551 3593 664 3630 videri
684 3597 824 3641 modus,
849 3604 888 3634 ut
919 3599 955 3635 in
986 3594 1069 3637 siliis
1089 3601 1213 3647 Israel,
1234 3603 1270 3640 id
1288 3608 1356 3649 est,

300 3648 337 3684 in
355 3651 486 3698 populo
501 3651 684 3701 Ecclesiae,
705 3658 952 3706 intelligantur
971 3662 1118 3708 quidam
1143 3673 1223 3701 esse
1252 3665 1357 3712 spiri-

301 3707 405 3753 tales,
449 3717 486 3748 et
524 3714 618 3752 intra
649 3717 842 3757 Jordanem
884 3723 1070 3769 percipere
1110 3726 1358 3765 haereditatem

302 3774 420 3818 terrae,
439 3772 582 3818 fluentis
599 3778 654 3817 lac
672 3785 708 3818 01
724 3782 810 3828 mel,
828 3784 1014 3828 sapientiae
1033 3785 1172 3825 scilicet
1188 3794 1225 3826 et
1239 3787 1356 3828 scien-

755 195 797 233 B.
824 195 995 236 RABANI
1021 198 1168 238 MAURI
1191 201 1405 240 ARCHIEP.
1429 200 1637 245 MOGUNT.
1665 207 1855 248 OPERUM
1878 206 1999 250 PARS
2023 212 2053 249 1.

318 272 414 304 terra
437 265 613 304 efficimur
642 277 689 306 ex
717 271 834 315 arida,
869 281 948 318 quae
980 275 1080 310 verbi
1114 275 1178 311 Dei
1212 281 1379 322 suscepta
1395 279 1432 320 A
1447 279 1506 315 tiae
1530 281 1756 319 dulcedinem
1782 284 1967 331 capientes
1988 298 1998 321 ;
2019 272 2446 347 quorumflumine'ffiyi

1389 1186 1421 1226 Β
1440 1194 1681 1234 consequetur
1703 1195 1836 1227 terram
1863 1193 1899 1228 in
1925 1204 1996 1239 qua
2026 1196 2097 1232 duo
2130 1207 2232 1245 reges
2263 1201 2374 1237 occisi
2403 1208 2515 1251 sunt„›

1444 339 1523 385 Dei,
1549 343 1643 388 quod
1669 345 1847 391 repletum
1864 346 1968 390 aquis
1993 345 2125 383 divinae
2156 348 2417 398 intelligentiae,
2429 355 2464 390 c‘

1443 403 1635 439 cumdatur
1664 409 1701 440 et
1718 405 1868 450 rigatur.
1894 404 1966 440 Alii
1998 412 2119 444 autem
2144 416 2228 446 sunt
2246 413 2421 458 carnales,

1438 460 1614 507 jumentis
1629 469 1665 499 et
1681 464 1895 508 pecudibus,
1915 465 1952 501 id
1969 473 2038 511 est,
2058 470 2193 508 crassis
2216 476 2252 508 et
2275 473 2398 511 solidis
2423 485 2462 513 se

1443 522 1544 558 sibus
1568 523 1807 567 abundantes,
1832 524 1927 561 sicut
1946 532 2049 563 erant
2067 528 2119 564 illi
2144 531 2188 566 de
2214 532 2343 577 quibus
2362 533 2465 572 diceb

1441 582 1661 629 Apostolus:
1684 581 1744 617 lta
1773 583 1942 620 insensati
1965 587 2061 631 estis,
2093 594 2129 624 nt
2148 600 2226 626 cum
2246 594 2415 639 coeperitis
2433 606 2450 630 s

1443 643 1528 684 ritu,
1556 653 1648 678 nanc
1669 654 1775 680 carne
1802 650 2116 686 consummemini?
2142 656 2192 695 et,
2214 663 2234 687 ο
2252 651 2401 700 Galatoe,

1442 700 1629 745 fascinavit
1652 714 1718 746 ‚vos
1748 705 1886 741 veritati
1918 717 1988 744 non
2018 708 2183 746 obed-ire?
2208 710 2303 759 (Gal.
2328 715 2400 762 111.)

1442 764 1690 811 unusquisque
1719 772 1882 804 nostrum
1913 770 1983 806 nisi
1999 781 2038 808 sc
2055 775 2263 820 armaverit,
2290 785 2327 813 et
2354 777 2497 826 abjecti]

1442 824 1558 860 brutis
1577 831 1612 861 et
1629 826 1796 865 belluinis
1812 831 1990 875 sensibus,
2020 835 2065 870 ad
2089 836 2287 882 spiritalem
2307 839 2495 888 intelligen

1442 885 1529 921 tiam
1557 890 1819 935 properaverit,
1841 894 2043 930 remanebit
2068 902 2172 933 extra
2200 897 2411 945 Jordanem,
2437 912 2481 938 ne

1440 946 1574 991 poterit
1591 957 1657 992 per
1675 950 1862 996 sapientiae
1880 951 2014 989 flumen
2038 954 2208 994 incedere
2233 959 2328 1004 quod
2346 960 2487 999 laetifica

1441 1005 1625 1043 civitatem
1644 1008 1722 1052 Dei,
1752 1011 1788 1046 id
1813 1019 1883 1056 est,
1913 1014 2072 1050 animam
2103 1016 2167 1052 Dei
2200 1027 2371 1064 capacem
2394 1032 2403 1056 :
2431 1031 2478 1058 no

1442 1073 1653 1112 assequetur
1672 1069 1897 1115 eloquiorum
1925 1065 2068 1111 Domini
2101 1076 2289 1122 interiora,
2316 1089 2396 1125 quae
2420 1090 2487 1118 sun

1442 1125 1600 1163 dulciora
1618 1139 1727 1175 super
1741 1131 1812 1166 mel
1829 1136 1865 1167 et
1883 1132 2026 1178 favum;
2048 1136 2110 1172 scd
2136 1137 2234 1174 illam
2254 1142 2479 1178 tantummod
2517 1142 2520 1148 '

2427 647 2490 704 ἓ..

1440 1248 1501 1284 0111
1533 1249 1674 1285 dicatur
1691 1251 1723 1286 ei
1741 1263 1750 1286 ε
1771 1251 1873 1288 Nihil
1902 1254 2001 1290 aliud
2026 1258 2187 1302 ιιἰιάίειιυί
2212 1262 2380 1308 meipsum
2411 1263 2513 1303 inter,

1439 1321 1496 1346 vos
1525 1311 1627 1355 scire,
1661 1313 1729 1348 nisi
1758 1312 1936 1351 Christum
1965 1317 2101 1362 Jesum,
2130 1327 2162 1355 et
2181 1322 2273 1357 hunc
2294 1316 2527 1375 crucifixum-³,¹

1440 1369 1475 1415 (Ι
1503 1369 1584 1405 Cor.
1605 1370 1661 1418 11).
1685 1372 1754 1416 Qui
1782 1379 1902 1411 autem
1928 1379 2086 1422 potuerit
2107 1382 2263 1418 transire
2292 1382 2502 1431 Jordanem,

1439 1434 1475 1463 et
1495 1430 1540 1464 ad
1559 1430 1734 1468 interiora
1759 1440 1963 1479 penetrare,
1997 1438 2057 1473 11111
2082 1439 2207 1476 Jesum
2232 1442 2504 1484 (3111151010Βο-
2529 1434 2540 1488 i

1438 1489 1576 1525 minum
1602 1497 1766 1528 nostrum
1795 1504 1962 1540 sequens,
1990 1498 2184 1536 interficiet
2215 1503 2363 1549 triginta
2394 1512 2430 1543 et
2458 1517 2503 1544 οο
2531 1498 2540 1548 1

1437 1550 1592 1595 amplius
1607 1561 1724 1599 reges,
1746 1553 1826 1590 illos
1841 1554 1996 1593 sortasse
2015 1559 2058 1594 de
2075 1560 2205 1605 quibus
2229 1562 2362 1599 dicitur
2380 1577 2388 1600 ε
2410 1566 2506 1609 Quia>
2528 1549 2540 1611 ³

1437 1612 1621 1647 astiterunt
1640 1624 1733 1659 reyes
1752 1622 1870 1660 terrie,
1896 1623 1929 1652 et
1951 1619 2124 1666 principes
2143 1624 2342 1669 conyreyati
2365 1631 2446 1661 sunt
2465 1627 2503 1663 in
2531 1618 2540 1665 Ῐ

1437 1684 1561 1717 unum,
1580 1674 1746 1711 adversas
1770 1676 1957 1714 Dominum
1982 1686 2014 1715 et
2041 1681 2206 1718 adversus
2226 1683 2402 1722 Christum
2425 1688 2502 1733 eJ'us
2532 1675 2540 1730 ξ

1438 1732 1553 1779 (Psat.
1595 1734 1649 1781 11).
1689 1736 1926 1784 Depulsisque
1957 1740 2015 1776 his
2045 1741 2190 1788 regibus
2222 1749 2257 1780 et
2294 1747 2500 1791 prostratis,
2530 1759 2540 1783 ε·

1437 1802 1609 1842 agnoscet
1645 1799 1840 1835 secretiora
1876 1803 2063 1847 mysteria,
2098 1814 2285 1852 usquequo
2315 1808 2424 1844 etiam
2456 1809 2502 1847 ad
2530 1813 2540 1856 ’ς

1436 1855 1537 1891 1110111
1564 1857 1685 1893 veniat
1716 1858 1836 1895 locum
1856 1861 1918 1896 ubi
1941 1862 2043 1898 sedes
2071 1870 2127 1900 est
2145 1864 2223 1908 Dei,
2249 1871 2284 1902 et
2301 1865 2500 1905 Jerusalem
2535 1876 2540 1907 ἶ

1435 1915 1562 1952 civitas
1582 1916 1647 1953 Dei
1666 1918 1845 1955 viventis:
1870 1931 1940 1957 000
1971 1922 2040 1958 1510
2070 1934 2149 1970 quae
2168 1926 2279 1961 servit
2304 1937 2385 1963 cum
2415 1927 2501 1966 filiis
2533 1975 2540 1983 Ι

1436 1976 1511 2012 5015
1538 1978 1574 2013 111
1596 1983 1707 2023 10110,
1728 1980 1870 2018 sedilia
1888 1993 1968 2029 quae
1995 1983 2106 2021 libera
2133 1991 2190 2023 est
2214 1992 2251 2023 et
2273 1993 2391 2025 mater
2419 1999 2498 2026 om·
2537 1992 2540 1994 ’

1436 2036 1537 2073 01001
1558 2045 1737 2076 00511010.

1837 2102 1990 2140 CAPUT
2008 2103 2095 2140 Vlll.

1430 2158 1485 2195 De
1507 2161 1744 2208 quadraginta
1773 2163 1909 2199 duabus
1934 2166 2176 2201 mansionibus
2193 2166 2349 2211 filiorum
2366 2166 2496 2206 Israel.
2537 2220 2540 2221 ⁷

1481 2221 1582 2268 (Car.
1606 2224 1753 2271 xxxm.)
1781 2225 1848 2262 11oe
1872 2232 1954 2262 sunt
1974 2228 2171 2263 mansiones
2190 2228 2347 2274 filiorum
2366 2228 2496 2275 Israel,

1430 2282 1489 2327 qui
1510 2284 1638 2328 eyressi
1655 2290 1735 2319 sunt
1755 2284 1797 2320 de
1818 2285 1974 2332 AEyypto
1992 2298 2053 2332 per
2078 2293 2212 2323 turmas
2230 2299 2311 2324 suas
2331 2289 2367 2324 in
2389 2300 2498 2327 manu
2534 2320 2540 2330 2

1431 2341 1548 2387 Moysi
1576 2348 1609 2378 et
1639 2343 1785 2379 Aaron:
1805 2356 1893 2391 quas
1924 2346 2106 2392 descripsit
2138 2347 2277 2394 Moyses
2299 2350 2409 2395 juxta
2433 2350 2496 2386 ca-

1429 2408 1581 2438 strorum
1601 2402 1690 2446 loca,
1719 2415 1795 2450 qua:¹
1823 2405 1966 2440 Domini
1986 2406 2148 2451 jussione
2175 2410 2412 2445 mutabantur.
2431 2409 2498 2447 Lo-
2535 2446 2540 2450 ,

1429 2462 1547 2506 gimus
1578 2462 1729 2498 Paulum
1755 2464 1971 2508 apostolum,
1999 2476 2079 2501 cum
2115 2469 2496 2507 commemorationem
2535 2480 2540 2482 ·

1428 2523 1563 2558 veteris
1582 2523 1742 2561 historiae
1770 2536 1849 2572 quae
1869 2527 1906 2563 111
1931 2528 2036 2565 1111115
2061 2529 2150 2576 legis
2175 2535 2210 2566 et
2236 2531 2515 2587 prophetarum.

1431 2583 1690 2629 comprehensa
1710 2590 1779 2629 est,
1802 2585 1962 2631 iecisset,
1988 2588 2122 2625 dixisse
2143 2601 2150 2624 :
2177 2589 2263 2626 Hoec
2280 2598 2396 2627 autem
2417 2604 2494 2629 om·

1430 2643 1488 2677 nia
1506 2644 1543 2678 in
1560 2643 1676 2690 fiyura
1696 2646 1937 2692 continyebant
1963 2647 2034 2683 illis
2055 2658 2068 2684 .·
2086 2649 2216 2695 scripta
2234 2657 2316 2686 sunt
2337 2652 2428 2688 enim
2447 2652 2494 2690 ad
2535 2648 2540 2666 ³

1429 2704 1732 2740 commonitionem
1747 2713 1918 2750 nostram,
1937 2707 1974 2742 in
1990 2719 2076 2754 quos
2096 2708 2184 2753 fines
2203 2710 2413 2747 soeculorum
2428 2712 2493 2748 de·
2534 2714 2540 2746 1

1429 2769 1607 2798 venerunt.
1629 2763 1722 2800 Nolo
1742 2776 1801 2801 vos
1824 2766 1999 2812 iynorare,
2023 2768 2166 2814 fratres,
2193 2771 2358 2816 quoniam
2377 2778 2493 2818 patres
2533 2769 2540 2809 1

1429 2824 1539 2858 nostri
1560 2834 1677 2859 omnes
1702 2825 1764 2860 sub
1797 2826 1886 2862 nube
1912 2827 2067 2873 suerunt,
2100 2835 2133 2864 et
2156 2840 2274 2866 omnes
2302 2842 2365 2878 per
2397 2844 2493 2869 mare

1429 2884 1657 2928 transierunt,
1676 2892 1709 2920 et
1726 2897 1843 2924 omnes
1861 2889 1897 2924 in
1915 2889 2036 2936 Moyse
2054 2890 2222 2937 baptizati
2238 2899 2333 2938 sunt,
2350 2895 2388 2930 in
2404 2896 2493 2932 nabe

1429 2949 1461 2979 et
1485 2944 1522 2978 in
1547 2945 1638 2979 mari
1657 2954 1668 2979 :
1688 2952 1719 2981 et
1740 2958 1857 2984 omnes
1875 2950 2030 2986 eamdem
2051 2962 2165 2987 escam
2184 2954 2377 2999 spiritalem
2396 2967 2492 2992 man-
2510 2995 2514 2999 .

1428 3003 1655 3048 ducaverunss
1676 3012 1707 3041 et
1727 3018 1844 3044 omnes
1863 3010 2022 3046 eamdem
2043 3018 2163 3058 potum
2179 3014 2371 3060 spiritalem
2397 3016 2490 3051 bibe·
2504 3005 2510 3052 f

1427 3069 1523 3100 runt.
1538 3063 1707 3102 Biberunt
1722 3068 1813 3104 enim
1829 3069 1871 3105 de
1887 3070 2039 3116 spiritati
2053 3080 2280 3120 consequente
2292 3086 2350 3111 eos
2365 3081 2462 3123 petra
2474 3079 2503 3111 .·“

1427 3130 1526 3170 petra
1559 3133 1676 3162 autem
1701 3135 1776 3164 erat
1797 3129 1956 3166 Christus
1977 3131 2014 3179 (I
2030 3131 2112 3169 Cor.
2140 3134 2193 3181 x).
2225 3134 2264 3171 Si
2295 3146 2380 3184 ergo
2405 3148 2489 3184 pars

1427 3184 1589 3222 historiae
1622 3187 1764 3225 itineris
1801 3199 1847 3226 ex
1882 3190 2041 3239 AEgypto
2066 3194 2277 3240 spiritaliter
2299 3197 2488 3244 accipitur,

1428 3248 1465 3278 et
1506 3251 1636 3281 caetera
1669 3257 1750 3292 quae
1780 3249 1826 3284 ab
1856 3249 2028 3297 Apostolo
2051 3263 2119 3298 pro
2144 3257 2308 3302 angustia
2349 3264 2488 3304 tempo-

1425 3302 1476 3337 ris
1507 3305 1751 3347 praetermissa
1789 3313 1896 3350 sunt,
1924 3310 2085 3355 ejusdem
2120 3313 2366 3358 intelligentia:
2401 3326 2488 3353 con-

1426 3361 1631 3398 vincentur.
1662 3363 1708 3399 Et
1737 3364 1775 3400 in
1804 3366 1974 3411 psalmo:
2005 3368 2135 3406 Revela
2163 3373 2281 3409 oculos
2307 3385 2424 3420 meos,
2453 3384 2486 3414 et

1429 3422 1654 3459 considerabo
1676 3424 1851 3461 mirabilia
1870 3427 1913 3463 de
1928 3427 2000 3475 leye
2018 3434 2079 3466 tua
2099 3430 2213 3478 (Psal.
2230 3434 2369 3484 cxviii).
2390 3435 2487 3475 Pau-

1424 3483 1481 3520 lus
1503 3494 1647 3531 quoque
1675 3484 1732 3521 lex
1750 3486 1919 3533 spiritalis
1945 3494 2013 3525 est.
2043 3489 2089 3527 Et
2119 3491 2196 3538 ipse
2223 3492 2422 3532 Dominus:
2443 3495 2484 3536 st

1427 3545 1611 3584 crederetis
1630 3547 1759 3595 Moysi,
1776 3555 1809 3586 et
1825 3550 1913 3585 milti
1939 3551 2135 3589 crederetis.
2163 3554 2216 3592 De
2231 3566 2286 3592 me
2306 3558 2399 3594 enim
2423 3558 2452 3594 il

1425 3607 1564 3654 scripsit
1580 3607 1702 3655 (Ioan.
1722 3608 1773 3656 v).
1791 3609 1837 3646 Et
1857 3610 2089 3659 Evangelium
2106 3616 2303 3652 secundum
2319 3617 2455 3656 Lucam
2468 3629 2483 3656 ε,

1427 3668 1525 3705 Tunc
1558 3670 1727 3717 incipiens
1746 3683 1768 3708 a
1783 3671 1904 3719 Moyse
1932 3680 1965 3710 et
1989 3675 2146 3712 omnibus
2163 3679 2352 3725 prophetis,
2369 3681 2462 3717 inter

1423 3729 1627 3776 pretabatur
1638 3729 1710 3767 illis
1726 3732 1762 3767 in
1779 3734 1913 3770 cunctis
1935 3733 2126 3783 Scriptaris
2144 3748 2222 3784 qaae
2239 3738 2282 3775 de
2296 3739 2370 3787 ipso
2387 3738 2424 3775 dn·

1425 3795 1523 3827 erant
1552 3789 1652 3838 (Lac.
1673 3790 1769 3838 ala).
1794 3792 1908 3842 Igitur
1937 3794 2064 3843 Judaei,
2087 3798 2228 3845 parvuli
2252 3804 2290 3838 et
2310 3799 2374 3848 qui
