2540 4016
54 174 60 178 ·
69 151 140 191 ⁸21

679 148 1012 190 EXPOSITIONES
1031 147 1079 187 IN
1102 146 1367 186 Lssvl'rlcutt.
1392 167 1441 176 -
1461 149 1549 187 Lm.
1574 151 1648 190 vu.

1410 0 1435 18 ,ὃ

1210 0 1250 37 0

1708 69 1741 95 ι

2171 164 2243 204 522

70 228 122 266 ita
139 231 180 264 ut
199 230 237 263 et
251 226 356 264 nobis
373 222 588 263 conveniant
603 226 681 263 haec
694 225 798 261 Pauli
814 220 940 270 verba,
956 222 1122 271 templum
1141 225 1178 266 A
1193 223 1331 269 mundi,
1352 227 1462 269 negat
1486 233 1568 260 esse
1584 229 1727 271 patrem
1745 225 1892 264 Christi.
1914 229 1986 269 Nos
2001 245 2087 274 vero
2114 240 2176 286 qui
2197 252 2245 279 ex

68 292 162 329 enim
180 292 246 329 Dei
261 297 420 329 sanctum
435 297 499 335 est,
510 290 603 338 quod
618 291 701 327 estis
719 301 792 326 vos.
808 289 961 337 Insuper
975 288 1125 326 elevans

69 353 147 400 ejus
166 354 317 402 gloriam
347 358 383 390 et
402 352 567 400 mysterii
586 352 800 402 dignitatem
817 350 974 388 efferens
1001 350 1039 386 in
1065 360 1126 386 su-

68 414 191 459 blime,
214 415 351 452 addidit
371 426 380 450 2
400 413 570 451 Sanctum
589 420 792 450 sanctorum
806 420 871 458 est,
888 414 931 449 de
948 413 1124 459 sacrificio

67 473 211 510 Domini
223 475 308 521 jure
322 480 498 521 perpetuo.
509 474 744 521 Ergo-sancta
762 479 818 511 est
829 474 975 520 quidem
991 473 1123 517 oratio,

68 540 194 570 sancta
214 534 345 571 divinae
375 534 571 581 Scripturae
604 535 712 571 lectio
745 541 782 571 et
815 534 1125 581 interpretationis

68 592 146 638 ejus
161 593 322 636 auditio:
340 599 465 631 sancta
485 600 582 639 sunt,
616 600 657 631 ut
674 596 833 633 breviter
852 596 984 639 dicam,
1002 595 1124 631 omnia

68 664 149 700 quae
168 655 206 690 in
221 654 396 691 Ecclesiis
417 655 481 692 Dei
507 658 706 694 secundum
726 657 843 705 legem
857 656 934 702 ejus
954 657 1126 693 dicuntur

66 720 104 752 et
135 720 303 763 aguntur.
335 715 468 753 Sancta
505 725 621 755 autem
647 727 850 755 sanctorum
874 719 917 754 de
949 718 1125 763 sacrificio

65 775 210 814 Domini
226 803 236 820 ,
271 777 316 814 de
341 778 510 816 omnihus
539 780 708 817 videlicet
734 790 814 826 quae
846 779 1048 816 offeruntur
1087 784 1123 814 et

65 841 222 882 aguntur
247 836 292 872 ad
311 837 390 884 eJus
421 839 573 885 gloriam
588 868 597 883 ,
623 850 748 876 mensa
772 844 830 876 est
858 847 967 885 quam
990 837 1036 874 de
1065 848 1124 875 sa-

0 888 1 940 l
62 896 203 935 orificio
229 907 296 934 suo
314 896 480 935 Christus
494 900 676 945 proponit.

474 1000 625 1038 CAPUT
648 1000 707 1036 111.

62 1078 116 1116 De
139 1078 337 1125 blasphemo
367 1077 542 1125 quomodo
565 1088 608 1112 ex
640 1076 783 1112 Domini
819 1081 991 1124 praecepto
1014 1078 1120 1114 morti

426 1124 652 1170 adjudicatus
671 1124 729 1159 sit.

110 1200 226 1249 (inm.)
243 1200 334 1236 Ecce
359 1204 475 1235 autem
502 1210 658 1245 egressus
679 1198 774 1244 filius
791 1198 950 1235 mulieris
974 1198 1121 1235 Israeli-

59 1262 158 1306 tidis,
185 1255 287 1309 quem
309 1267 489 1309 pepererat
522 1261 565 1297 de
599 1262 673 1296 viro
706 1260 874 1307 AEqyptio
909 1261 1000 1296 inter
1027 1261 1118 1306 filios

58 1321 199 1366 Israel,
220 1322 386 1368 juryalus
425 1328 474 1357 est
509 1323 547 1357 in
580 1322 704 1357 castris
736 1333 814 1356 cum
835 1323 908 1357 viro
934 1322 1116 1358 Israelita.

60 1382 214 1430 Cumque
229 1382 498 1429 blasphemasset
518 1394 642 1418 nomen
660 1383 816 1426 Domini,
834 1388 865 1418 et
880 1383 1118 1418 maledioeisset

58 1443 104 1486 ei,
126 1443 301 1479 adductus
319 1449 369 1478 est
396 1443 441 1478 ad
461 1442 618 1488 Moysen.
639 1442 860 1489 (Vocabatur
875 1448 991 1477 autem
1007 1449 1120 1477 mater

58 1504 135 1550 ejus
157 1503 344 1548 salamim,
364 1504 440 1549 filia
457 1504 569 1539 Dabri
589 1505 631 1538 de
662 1504 756 1538 tribu
786 1502 897 1550 Dan.)
929 1502 1118 1539 Miserunt·

58 1576 124 1611 que
150 1576 228 1600 eum
249 1566 285 1600 in
315 1576 489 1600 carcerem
506 1592 515 1608 ‚
549 1565 658 1600 donec
684 1571 823 1600 nossent
853 1566 938 1612 quid
977 1565 1118 1611 juberet

57 1625 245 1661 Dominus.
282 1625 350 1668 Qui
378 1625 513 1661 locutus
541 1632 591 1661 est
611 1626 658 1661 ad
679 1625 826 1672 Moysen
847 1625 964 1661 dicens
983 1635 994 1658 .·
1018 1626 1119 1660 Educ

59 1685 298 1732 blasphemum
325 1692 426 1721 extra
445 1692 562 1721 castra
578 1713 588 1729 ,
615 1692 647 1721 et
663 1692 795 1732 ponant
817 1696 934 1721 omnes
962 1687 1020 1732 qui
1056 1698 1121 1721 au-

58 1747 198 1783 dierunt
224 1759 350 1784 nzanus
379 1760 462 1784 suas
478 1759 582 1794 super
603 1754 706 1794 caput
730 1748 819 1794 ejus,
842 1755 875 1783 et
894 1748 1023 1795 lapidet
1041 1759 1120 1784 eum

57 1810 171 1844 omnis
186 1809 347 1855 populus.
371 1809 442 1855 (Ex
456 1809 700 1855 Adamantio.)
717 1810 812 1845 Duos
828 1819 915 1855 ergo
931 1809 1122 1856 Scriptura

57 1870 243 1916 proposuit
262 1869 455 1915 litigantes,
490 1881 600 1905 unum
634 1881 678 1906 ex
715 1871 857 1917 integro
883 1871 1089 1907 Israelitam
1109 1899 1118 1915 ,

57 1932 119 1977 qui
139 1931 292 1978 litigavit
318 1932 463 1978 quidem
481 1959 491 1975 ‚
512 1933 574 1968 sed
595 1942 666 1968 non
685 1934 876 1978 peccavit;
900 1934 1011 1969 istum
1033 1945 1120 1971 vero

58 1990 160 2037 cujus
180 1997 369 2037 peccatum
398 1992 590 2039 designat,
616 1992 775 2027 maxima
807 2003 853 2028 ex
882 1999 986 2038 parte
1010 1994 1120 2030 istum

57 2061 138 2089 esse
155 2052 326 2100 AEgyptio
347 2063 481 2100 genere
506 2054 642 2089 indicat
656 2053 847 2089 adversum
876 2064 983 2099 quem
1004 2054 1121 2101 litigat

55 2112 218 2150 Israelita
253 2126 261 2149 :
293 2119 329 2150 et
364 2114 459 2150 forte
489 2120 737 2160 competenter
782 2120 817 2151 et
858 2115 1121 2152 rationabiliter

57 2171 187 2218 litigat.
199 2172 289 2208 Nam
297 2178 334 2208 ct
344 2173 381 2208 in
394 2173 518 2209 Exodo
531 2174 692 2209 Israelita
705 2181 866 2221 superat,
877 2181 913 2212 et
927 2175 1121 2223 AEgyptius

58 2231 168 2267 cadit.
203 2231 314 2278 Igitur
346 2237 383 2268 et
415 2242 482 2278 ego
515 2233 621 2268 hodie
637 2234 666 2269 si
687 2234 877 2270 veritatem
898 2235 1116 2279 defendam,

59 2292 88 2328 si
109 2302 266 2338 pugnem
285 2303 351 2338 pro
371 2293 619 2330 ecclesiastica
648 2294 718 2330 fide
742 2296 932 2332 adversum
954 2307 1037 2333 eum
1058 2299 1119 2343 qui

57 2361 102 2388 ex
122 2358 226 2398 parte
257 2353 402 2398 quidem
422 2355 538 2390 credit
555 2354 719 2398 Christo,
743 2361 779 2391 et
797 2357 926 2402 recipit
956 2357 1121 2403 Scriptu-

58 2423 142 2456 ras,
181 2414 244 2450 sed
265 2425 336 2450 non
358 2415 497 2461 integre
517 2424 663 2451 sensum
687 2426 813 2451 earum
832 2442 841 2459 ,
864 2427 932 2453 nec
964 2417 1120 2454 fideliter

58 2473 200 2519 recipit,
231 2472 331 2519 litigo
359 2473 550 2509 adversum
579 2475 745 2510 eumdem
762 2475 823 2521 qui
842 2485 886 2511 ex
905 2481 1022 2512 matre
1040 2477 1120 2521 qui-

60 2533 142 2569 dem
174 2532 339 2568 Israelita
358 2539 434 2575 est,
457 2543 501 2568 ex
519 2538 623 2579 patre
651 2544 738 2571 vero
771 2535 977 2581 AEgyptius.
999 2535 1037 2570 Si
1059 2536 1120 2580 qui

59 2603 145 2639 ergo
179 2598 215 2629 et
252 2593 335 2629 fidei
371 2594 584 2629 credulitate
620 2601 657 2629 et
700 2595 926 2640 professione
964 2595 1122 2632 nominis

60 2653 291 2689 Christianus
316 2658 372 2689 est
399 2659 436 2689 et
456 2653 656 2688 catholicus
670 2680 680 2696 ,
699 2653 768 2689 iste
786 2663 829 2689 ex
847 2659 1002 2699 utraque
1018 2661 1123 2700 parte

60 2713 222 2749 Israelita
243 2718 299 2749 est
322 2725 330 2748 :
351 2713 414 2758 qui
432 2723 519 2748 vero
538 2711 763 2759 professione
782 2714 928 2759 quidem
949 2713 1123 2750 Christia-

60 2786 128 2812 nus
145 2780 211 2818 est‚
228 2775 414 2811 intellectu
433 2780 553 2811 autem
571 2775 654 2811 fidei
670 2776 864 2812 hacreticus
877 2781 914 2812 et
926 2787 1121 2823 perversus

61 2840 128 2880 est,
147 2836 214 2872 iste
234 2841 388 2872 matrem
408 2836 555 2882 quidem
580 2835 818 2872 Israelitidem
835 2863 844 2880 ,
865 2843 1007 2883 patrem
1035 2849 1122 2875 vero

60 2895 270 2943 AEgyptium
290 2896 412 2932 habet.
434 2896 623 2940 Quomodo
649 2906 736 2942 ergo
756 2898 825 2934 hoc
847 2898 1003 2934 accidit?
1030 2899 1121 2936 Cum

62 2957 271 3003 Scripturas
291 2958 373 3004 quis
396 2957 513 3004 legit,
536 2963 573 2994 et
589 2958 750 2994 litteram
769 2959 914 3005 quidem
938 2951 1116 3007 sequitur,

62 3018 286 3055 intellectum
311 3028 397 3055 vero
418 3019 582 3065 repudiat
614 3020 813 3065 spiritalem
832 3047 842 3065 ,
880 3022 940 3058 hic
965 3029 1119 3061 matrem

62 3078 206 3123 quidem
226 3078 462 3114 Israelitidem
481 3079 605 3122 habet,
638 3080 676 3115 id
697 3086 754 3117 est
779 3081 950 3127 litteram,
972 3094 1120 3122 sensum

61 3147 148 3175 vero
179 3138 264 3184 quia
297 3138 496 3185 spiritalem
515 3151 588 3176 non
613 3142 796 3187 sequitur,
819 3144 883 3180 sed
906 3146 1087 3183 carnalem
1107 3174 1118 3191 ,

62 3198 132 3236 iste
151 3204 206 3235 est
223 3199 256 3235 ei
274 3198 465 3246 AEgyptius
487 3207 604 3246 pater,
624 3207 661 3238 et
679 3203 762 3240 ideo
782 3205 974 3242 adversum
994 3208 1120 3244 catho-

64 3257 172 3295 licum
204 3258 320 3305 litigat
353 3269 435 3296 eum
467 3262 529 3308 qui
555 3272 600 3298 ex
627 3268 781 3310 utraque
816 3273 920 3311 parte
955 3267 1118 3305 Israelita

65 3322 134 3362 est,
162 3319 246 3364 quia
266 3324 303 3355 et
321 3321 518 3357 secundum
537 3322 695 3359 litteram
718 3325 882 3362 Israelita
906 3333 976 3371 est,
1003 3335 1039 3365 et
1060 3341 1118 3366 se—

67 3378 223 3416 eundum
243 3380 411 3427 spiritum
426 3382 589 3420 Israelita
609 3395 682 3422 non
696 3392 765 3430 est,
778 3388 903 3434 sicque
919 3392 1121 3428 secundum

69 3435 227 3478 litteram
259 3442 406 3488 quidem
437 3443 603 3481 Israelita
626 3452 694 3491 est,
733 3449 932 3486 secundum
949 3452 1119 3498 spiritum

70 3506 157 3535 vero
188 3498 392 3549 AEgyptius.
419 3504 514 3549 Quid
535 3515 622 3553 ergo
639 3512 696 3543 est
713 3509 876 3554 utrisque
895 3509 1124 3558 litigantibus

73 3561 340 3599 necessarium?
363 3564 426 3601 Ille
444 3566 507 3612 qui
538 3568 723 3605 carnalem
751 3570 917 3616 sequitur
948 3580 1095 3608 sensum
1113 3599 1124 3618 ,

74 3621 247 3666 tanquam
259 3623 305 3661 de
325 3624 482 3674 AEgypto
501 3638 614 3675 genus
633 3630 784 3677 ducens,
807 3643 942 3670 nomen
961 3634 1126 3672 nominat

76 3682 114 3715 et
129 3679 336 3721 maledicit:
354 3689 517 3726 nominat
531 3691 630 3728 enim
642 3703 774 3730 nomen
792 3694 872 3740 Dei,
889 3699 926 3732 et
942 3705 1028 3733 eum
1045 3706 1126 3733 ma-

32 3781 38 3787 .
77 3738 208 3781 Ῑθᾱὶθῑῡ
225 3743 402 3790 nonum,
434 3755 542 3797 negat
577 3752 675 3790 enim
705 3763 791 3793 eum
818 3761 1023 3801 creatorem
1043 3766 1127 3796 esse

360 3808 552 3864 ‚rsvm.
577 3812 726 3858 cvm.

1139 1121 1171 1161 B

1192 291 1348 331 utroque
1366 294 1498 337 genere
1514 284 1687 321 Israelitae
1704 296 1841 331 sumus,
1871 295 1908 325 et
1938 291 2095 334 litteram
2110 307 2148 337 et
2167 304 2243 350 spi.

1192 344 1303 380 ritum
1320 345 1357 379 in
1376 343 1574 390 Scripturis
1591 345 1729 382 sanctis
1752 344 1991 394 defendimus,
2011 359 2047 388 et
2063 355 2245 404 litigamus

1192 403 1384 440 adversum
1407 414 1470 442 eos
1484 405 1546 451 qui
1568 415 1612 442 ex
1625 406 1744 443 media
1759 413 1863 454 parte
1882 408 2053 449 Israelitae
2066 415 2245 466 videntur,

1192 469 1229 501 et
1248 464 1402 502 dicimus
1432 466 1516 511 quia
1535 476 1652 512 neque
1671 468 1869 504 secuudum
1901 469 2062 508 litteram
2081 475 2247 516 maledici

1191 529 1348 570 oportet,
1379 534 1497 570 neque
1519 525 1715 562 secundum
1734 527 1935 574 spiritalem
1969 530 2249 579 intelligentiam

1190 587 1458 634 blasphemari,
1476 589 1673 627 maledicus
1701 590 1798 627 enim
1824 602 1896 628 non
1916 593 2034 629 solum
2053 595 2090 631 in
2108 596 2220 634 Deum
2236 626 2249 644 ,

1191 648 1256 684 sed
1276 649 1386 685 etiam
1403 649 1441 685 in
1457 650 1684 696 proximum,
1705 653 1858 698 apostoli
1889 653 1992 690 Pauli
2029 659 2210 695 sententia
2230 670 2251 695 a

1191 719 1301 756 regno
1333 710 1397 747 Dei
1432 710 1650 750 excluditur.
1686 713 1776 750 Vide
1810 715 1907 752 enim
1949 720 2130 763 quomodo
2166 721 2254 761 dicit

1190 771 1410 818 Apostolus:
1434 773 1555 810 Nolite
1588 786 1705 812 errare
1728 803 1737 819 ,
1766 788 1876 824 neque
1909 778 2107 826 fornicarii,
2143 794 2252 830 neque

1190 832 1356 878 adulteri,
1381 845 1489 881 neque
1508 835 1644 880 molles,
1664 849 1772 884 neque
1791 840 2030 877 masculorum
2049 844 2250 881 concubito-

1191 905 1258 938 res,
1279 906 1387 942 neque
1404 896 1513 942 sures,
1533 909 1640 944 neque
1657 901 1768 944 avari,
1786 912 1894 948 neque
1909 903 2087 950 maledici,
2104 917 2251 953 regnum

1189 951 1257 987 Dei
1292 955 1518 999 possidebunt
1545 957 1582 1004 (Ι
1602 958 1683 994 Gor.
1707 959 1773 1006 vi).
1799 960 1925 999 Videte
1950 963 2045 1001 inter
2071 976 2153 1012 quae
2175 968 2250 1004 cri-

1189 1013 1302 1056 mina,
1335 1015 1432 1050 inter
1455 1016 1658 1061 adulteros,
1688 1019 1784 1055 inter
1802 1022 2051 1060 masculorum
2074 1029 2250 1065 concubi-

1189 1077 1302 1117 tores,
1320 1074 1414 1109 inter
1432 1085 1574 1120 avaros,
1595 1087 1685 1123 quos
1704 1079 1790 1116 alibi
1809 1081 1911 1125 dicit,
1930 1083 2035 1119 idolis
2048 1088 2250 1132 servientes,

1189 1135 1300 1171 etiam
1323 1135 1520 1174 maledicos
1541 1139 1687 1184 posuit,
1715 1146 1751 1177 et
1771 1151 1792 1177 a
1825 1153 1936 1190 regno
1967 1145 2031 1180 Dei
2059 1156 2141 1182 cum
2180 1149 2252 1186 illis

1189 1196 1326 1243 pariter
1341 1198 1507 1235 exclusit.
1529 1198 1683 1237 Videant
1699 1211 1784 1248 ergo
1810 1203 1841 1239 si
1871 1204 1933 1249 qui
1956 1215 1997 1241 os
2032 1216 2137 1243 suum
2165 1218 2254 1255 quo-

1190 1257 1326 1294 tidiana
1357 1269 1451 1305 pene
1488 1263 1750 1300 consuetudine
1784 1265 1853 1301 hoc
1886 1265 1975 1302 vitio
2012 1267 2250 1315 insuescunt,

1188 1317 1275 1362 quid
1305 1318 1357 1354 eis
1395 1321 1546 1365 periculi
1583 1322 1795 1366 immineat;
1831 1331 2002 1370 putantes
2027 1334 2088 1364 aut
2114 1329 2192 1366 leve
2213 1336 2251 1367 et

1189 1378 1295 1415 facile
1317 1381 1386 1416 hoc
1412 1392 1493 1419 esse
1525 1390 1714 1430 peccatum
1731 1413 1740 1429 ,
1767 1396 1837 1422 non
1868 1387 1974 1425 facile
2005 1398 2134 1428 cavent
2155 1405 2164 1428 ε
2184 1392 2253 1433 sed

1190 1441 1423 1477 considerent
1439 1442 1664 1489 Apostolum,
1678 1448 1858 1491 quomodo
1873 1449 2088 1487 maledicum
2102 1463 2122 1488 a
2138 1463 2250 1500 regno

1189 1501 1253 1536 Dei
1272 1501 1450 1546 excludit,
1483 1510 1519 1539 et
1539 1505 1634 1540 Deus
1652 1515 1718 1550 per
1739 1506 1885 1553 Moysen
1901 1535 1910 1551 ‚
1933 1511 2114 1554 quomodo
2134 1513 2249 1550 male-

1189 1561 1310 1597 dicum
1330 1563 1450 1607 puniri
1479 1563 1595 1610 jubet.
1623 1565 1726 1602 Unde
1757 1574 1793 1604 et
1820 1579 1886 1616 ego
1915 1571 2018 1608 valde
2050 1574 2251 1612 admiratus

1164 1670 1166 1672 ‚
1190 1632 1270 1657 sum
1291 1623 1386 1667 quod
1417 1623 1454 1658 in
1479 1624 1549 1660 hoc
1580 1625 1661 1662 loco
1692 1637 1800 1672 quem
1828 1630 2003 1667 habemus
2026 1633 2062 1668 in
2083 1636 2251 1672 manibus

1140 2020 1169 2061 C

1193 1683 1381 1730 Scriptura
1417 1696 1489 1721 non
1523 1693 1647 1733 aperte
1682 1689 1883 1736 designavit
1918 1694 2001 1738 quia
2027 1694 2096 1731 iste
2118 1695 2178 1741 qui
2205 1706 2251 1732 ex

1190 1744 1351 1791 AEgypto
1371 1757 1484 1792 genus
1503 1748 1601 1784 ducit
1619 1750 1847 1787 maledixerit
1867 1753 1981 1790 Deum
1999 1782 2008 1797 ,
2029 1756 2093 1791 sed
2108 1762 2252 1794 tantum

1190 1805 1311 1850 posuit
1324 1807 1409 1852 quia
1429 1809 1620 1846 nominans
1644 1811 1886 1857 maledixerit,
1903 1820 1938 1850 et
1959 1815 2105 1861 reliquit
2122 1818 2157 1853 in
2176 1829 2254 1855 me-

1192 1866 1263 1907 dio,
1289 1866 1347 1900 vel
1367 1867 1410 1901 de
1429 1868 1516 1910 Deo,
1547 1869 1603 1904 vel
1629 1871 1674 1906 de
1691 1872 1838 1908 homine
1852 1875 2122 1920 suspicandum.
2148 1877 2252 1914 Unde

1191 1925 1281 1960 mihi
1303 1926 1445 1962 videtur
1459 1928 1595 1965 idcirco
1613 1931 1772 1968 noluisse
1787 1940 1910 1979 aperte
1929 1936 1973 1971 de
1997 1936 2070 1973 Deo
2094 1948 2253 1983 pronun-

1191 1985 1296 2027 tiare,
1317 1995 1362 2021 ne
1382 1986 1426 2021 de
1447 1987 1652 2025 hominibus
1675 1992 1859 2028 videretur
1878 1995 2020 2032 dedisse
2046 1997 2251 2043 licentiam,

1191 2053 1227 2083 et
1265 2047 1346 2083 idco
1378 2048 1434 2084 vel
1466 2049 1510 2085 de
1537 2050 1611 2087 Deo
1632 2078 1640 2094 ‚
1663 2052 1720 2087 vel
1740 2053 1784 2088 de
1805 2054 1951 2091 homine
1971 2056 2127 2101 siluisse,
2149 2064 2189 2094 ut
2210 2060 2253 2095 de

1189 2113 1344 2153 utroque
1388 2116 1591 2146 caveretur.
1643 2111 1774 2148 Verum
1811 2116 1983 2160 quoniam
2034 2119 2253 2155 sententiam

1188 2168 1354 2214 Apostoli
1374 2173 1628 2217 proposuimus
1649 2184 1720 2219 qua
1753 2175 1840 2211 dicit
1869 2177 2065 2214 maledicos
2089 2184 2111 2215 a
2141 2190 2254 2227 regno

1189 2227 1254 2264 Dei
1279 2229 1537 2274 excludendos,
1557 2232 1694 2282 aliquid
1710 2235 1872 2280 exposcit
1895 2236 1962 2272 iste
1977 2248 2097 2275 sermo
2118 2240 2251 2284 solatii,

1188 2299 1234 2324 ne
1251 2291 1468 2327 omnimodis
1488 2292 1778 2338 desperationem
1799 2296 1987 2332 videamur
2011 2298 2170 2335 indicere
2197 2301 2255 2335 his

1188 2353 1249 2397 qui
1268 2353 1478 2398 quotidiana
1506 2365 1600 2399 pene
1631 2357 1870 2394 maledicendi
1904 2362 2165 2396 consuetudine
2195 2373 2254 2397 ra-

1188 2414 1336 2460 piuntur
1354 2441 1362 2457 ,
1386 2420 1422 2450 et
1451 2415 1508 2450 ori
1539 2426 1603 2452 suo
1631 2417 1802 2454 adhibere
1823 2419 2023 2455 custodiam
2043 2421 2098 2455 vel
2118 2422 2253 2458 ostium

1190 2474 1392 2520 negligunt.
1415 2474 1677 2512 Promissionis
1693 2477 1823 2513 futurae
1841 2489 1911 2514 non
1928 2490 2021 2515 unus
2039 2486 2094 2515 est
2108 2482 2250 2525 modus,

1188 2543 1307 2578 neque
1325 2534 1479 2579 simplex
1495 2536 1649 2579 species,
1662 2536 1726 2571 sed
1738 2537 1830 2572 sicut
1848 2539 1970 2574 docuit
1986 2540 2062 2584 ipse
2079 2541 2254 2578 Dominus

1189 2595 1226 2630 in
1243 2594 1438 2640 Evangelio
1469 2605 1550 2630 cum
1577 2595 1705 2632 beatos
1729 2597 1818 2633 dicit
1846 2610 2022 2644 pauperes
2046 2602 2196 2646 spiritu,
2217 2609 2254 2639 et

1190 2653 1353 2698 ipsorum
1374 2654 1529 2690 affirmat
1546 2665 1626 2691 esse
1646 2667 1798 2702 regnum
1828 2659 2003 2696 coelorum
2028 2688 2037 2703 ,
2063 2667 2096 2697 ct
2119 2663 2252 2700 iterum

1190 2713 1316 2749 beatos
1339 2714 1425 2750 dicit
1440 2715 1561 2758 mites,
1588 2726 1655 2752 nec
1685 2723 1805 2753 tamen
1835 2720 1887 2755 eis
1916 2721 2088 2758 coelorum
2115 2734 2224 2771 regna
2240 2752 2250 2768 ‚

1191 2773 1254 2809 sed
1275 2780 1382 2810 terrae
1398 2775 1648 2813 haereditatem
1667 2780 1868 2824 promittit;
1887 2781 1973 2818 dicit
1992 2783 2115 2820 beatos
2133 2791 2170 2820 et
2188 2796 2253 2831 pa-

1192 2835 1329 2878 cilicos,
1348 2836 1412 2872 sed
1434 2846 1480 2872 ne
1503 2837 1593 2883 ipsis
1608 2839 1754 2883 quidem
1776 2850 1926 2886 regnum
1946 2843 2120 2879 coelorum
2140 2846 2250 2890 dedit,

1192 2896 1286 2932 filios
1306 2904 1426 2933 tamen
1442 2908 1505 2934 eos
1526 2899 1589 2934 Dei
1608 2910 1687 2936 esse
1705 2903 1929 2947 pronuntiat,
1945 2910 1982 2939 et
2001 2915 2082 2940 cum
2100 2907 2254 2943 diversis

1193 2958 1336 2994 diversa
1353 2959 1599 3005 repromittat,
1621 2971 1746 2998 omnes
1766 2962 1893 2999 beatos
1917 2965 2004 3000 dicit
2023 2966 2083 3010 qui
2105 2967 2149 3002 ad
2169 2978 2255 3013 pro-

1191 3020 1303 3057 missa
1310 3022 1540 3066 perveniunt,
1551 3033 1623 3058 non
1636 3029 1757 3060 tamen
1767 3026 1935 3062 omnibus
1947 3027 2122 3063 coelorum
2141 3038 2251 3075 regna

1191 3082 1384 3117 concessit.
1407 3082 1531 3119 Potest
1551 3094 1637 3130 ergo
1651 3085 1730 3122 fieri
1745 3092 1784 3122 ut
1800 3087 1929 3132 aliquis
1947 3089 1984 3124 in
2001 3091 2141 3125 caeteris
2158 3090 2252 3126 forte

1189 3143 1360 3188 operibus
1375 3150 1412 3180 et
1426 3146 1567 3182 actibus
1595 3148 1808 3184 emendatus
1827 3149 1874 3184 sit
1889 3155 1926 3184 et
1943 3149 2138 3194 perfectus,
2163 3152 2248 3186 sub-

1190 3205 1345 3251 ripiatur
1375 3206 1409 3242 ei
1434 3212 1553 3244 tamen
1580 3208 1617 3243 in
1638 3209 1712 3244 oris
1737 3208 1825 3243 vitio
1851 3208 2023 3254 lapsuque
2041 3211 2248 3254 sermonis;

1193 3265 1290 3308 huic,
1308 3266 1451 3302 etiamsi
1481 3268 1678 3303 secundum
1697 3267 1859 3312 Apostoli
1877 3269 2094 3303 sententiam
2111 3279 2247 3315 negan-

1193 3330 1252 3361 tur
1273 3336 1384 3372 regna
1401 3327 1575 3363 coelorum
1597 3337 1668 3362 non
1696 3332 1814 3362 tamen
1837 3327 1986 3362 alterius
2012 3327 2250 3367 beatitudinis

1193 3387 1417 3422 abscinditur
1445 3387 1545 3422 locus
1575 3396 1585 3421 ;
1620 3393 1867 3421 verumtamen
1900 3395 1943 3422 eo
1976 3389 2090 3433 magis
2125 3390 2156 3426 si
2190 3391 2252 3437 qui

1194 3447 1232 3483 in
1252 3448 1393 3483 caeteris
1408 3446 1590 3492 perfectus
1599 3451 1666 3488 est,
1678 3446 1843 3482 laborare
1861 3447 1971 3483 etiam
1992 3448 2028 3484 in
2047 3449 2115 3486 hoc
2130 3450 2252 3497 debet,

1194 3517 1240 3543 ne
1268 3508 1301 3542 ei
1325 3506 1527 3551 subripiens
1556 3515 1677 3550 pravae
1695 3507 1966 3545 consuetudinis
1983 3509 2127 3554 vitium,
2145 3511 2250 3546 coelo-

1194 3577 1275 3604 rum
1300 3575 1426 3612 regna,
1443 3565 1541 3610 quod
1557 3570 1614 3600 est
1627 3565 1790 3601 omnium
1809 3566 2072 3605 beatitudinum
2088 3569 2250 3614 culmen,

1195 3628 1338 3673 eripiat,
1356 3626 1522 3673 quamvis
1549 3626 1723 3663 Dominus
1753 3627 1886 3664 dixerit
1905 3640 1913 3664 :
1934 3628 1980 3664 In
2006 3629 2110 3665 domo
2130 3628 2252 3667 Patris

1195 3691 1264 3728 mei
1289 3691 1487 3727 mansiones
1517 3690 1636 3726 multoe
1661 3695 1743 3726 sunt
1774 3689 1896 3738 (Joan.
1930 3689 2020 3739 x1v).
2051 3690 2252 3730 Possumus

1198 3754 1316 3791 adhuc
1329 3753 1461 3791 addere
1477 3753 1586 3790 etiam
1601 3752 1689 3791 illud
1702 3751 1800 3800 quod
1816 3757 1949 3790 natura
1962 3751 2105 3798 peccati
2120 3751 2251 3791 similis

1586 3865 1641 3882 ...Β
