2540 4016
278 219 357 266 335⁴
730 220 772 255 Β.
799 214 969 255 uanam
993 216 1142 256 naum
1165 215 1381 255 ARcfflEP.
1407 187 1614 261 uocum.
1638 225 1829 266 orntum
1851 228 1973 269 raas
1996 231 2025 268 1.
2377 233 2448 272 sss

276 309 313 344 in
330 301 511 346 hoe,enim
525 299 690 337 Christus
702 296 872 338 veniens,
902 295 1002 331 dedit
1019 296 1124 332 nobis
1143 296 1332 341 acquirere
1348 295 1385 335 A
1400 300 1492 346 quod
1506 302 1536 336 si
1553 313 1624 338 non
1659 304 1826 343 invenerit
1843 318 1970 345 manus
1985 309 2062 354 ejus
2088 314 2127 345 ut
2146 310 2270 346 reddat
2284 313 2447 358 pretium,

274 365 424 406 fructus,
444 362 576 409 quibus
599 360 636 395 in
652 355 797 403 propria
815 360 1026 391 nostrorum
1042 354 1327 402 uniuscujusque

273 421 600 461 consummatione,
636 421 672 451 et
690 415 727 450 in
754 414 937 450 communi
972 415 1239 453 resurrectione
1273 423 1327 453 at-

273 494 342 530 que
369 481 605 520 retributione
622 473 754 511 nutriri
782 474 978 520 possimus,
1006 480 1185 520 praestans
1203 479 1326 524 generi

273 547 430 582 humano
457 538 680 576 abundanter
705 534 926 572 fructificare
943 536 1109 581 virtutes,
1129 543 1164 574 et
1184 544 1325 576 tantum

269 612 311 643 ut
328 607 364 641 hi
384 604 444 650 qui
463 602 558 637 circa
577 599 704 633 horam
721 597 952 633 undecimam
975 598 1144 635 conducti
1171 606 1255 636 sunt
1280 600 1325 636 ad

268 664 510 714 operandum,
541 669 622 695 cum
651 658 722 694 illis
753 659 815 704 qui
840 669 947 695 mane
977 661 1145 697 conducti
1174 661 1322 703 fuerint,

269 723 404 761 denarii
426 721 630 766 acciperent
648 718 865 755 mercedem.
889 718 1061 765 Sequitur
1082 733 1091 755 z

315 784 424 819 Terra
440 793 574 830 quoque
594 791 663 816 non
677 779 844 816 vendetur
863 781 900 815 in
919 787 1134 827 perpetuum,
1150 783 1233 827 quia
1248 793 1325 817 mea

267 852 329 889 est,
357 851 389 880 et
409 855 465 880 vos
486 843 626 879 advenae
646 847 680 878 et
708 841 821 878 coloni
854 843 923 878 mei
949 844 1053 885 estis,·
1087 844 1178 879 unde
1200 850 1325 878 cuncta

267 908 360 953 reqio
377 905 599 953 possessionis
623 909 745 940 vestroe
768 903 831 939 sub
859 903 1106 950 redemptionis
1127 903 1326 938 conditione

266 969 442 1004 vendetur.
466 966 537 1014 (Ex
557 964 783 1012 Augustino.)
808 963 856 999 Et
874 971 967 1000 terra
983 975 1051 1000 non
1070 964 1325 1000 venundabitur

264 1030 301 1064 in
326 1028 626 1074 profanationem,
651 1026 711 1062 alii
738 1026 881 1062 codices
900 1026 1055 1068 habent,
1077 1026 1114 1060 in
1138 1025 1325 1070 confirma-

264 1091 414 1133 tionem,
443 1095 551 1134 quam
579 1087 856 1124 mendositatem
880 1086 915 1121 in
945 1086 1129 1122 alterutris
1156 1086 1257 1131 prius
1288 1085 1323 1120 in

264 1149 389 1185 Graeco
427 1149 600 1185 accidisse
639 1148 814 1187 arbitror,
850 1152 997 1192 propter
1033 1146 1133 1181 verbi
1169 1145 1323 1181 similem

1395 362 1531 400 habebit
1549 372 1682 413 emptor
1710 369 1803 415 quod
1822 376 1955 406 emerat
1987 382 2095 418 usque
2115 371 2162 407 ad
2193 382 2325 408 annum
2353 374 2450 420 jubi-

1396 422 1499 459 loeum
1516 434 1529 459 .·
1547 426 1585 460 in
1598 426 1673 473 ipso
1705 435 1822 464 autem
1851 431 1963 467 omnis
1980 432 2130 468 venditio
2153 432 2242 468 redit
2259 433 2305 468 ad
2327 433 2451 471 Domi-

1395 493 1479 518 num
1515 491 1548 520 et
1586 497 1819 531 possessorem
1842 491 2044 536 pristinum.
2080 491 2199 539 (inin.)
2240 492 2313 540 [Ex
2338 493 2451 540 Hesy-
2514 526 2516 531 ,

1395 543 1502 590 chia]
1539 545 1830 592 Uniuscujusque
1848 557 1934 594 ergo
1951 550 2110 587 hominis
2144 553 2341 596 possessio,
2355 554 2450 590 bona

1395 606 1622 640 conversatio
1641 613 1710 648 est,
1730 617 1838 652 quam
1871 610 1990 645 sortiti
2027 620 2151 647 sumus
2171 623 2192 647 a
2211 612 2299 655 Deo,
2321 614 2364 650 de
2379 624 2450 660 qua

1394 661 1525 698 Paulus
1545 664 1700 707 dicebat,
1722 668 1959 714 unusquisque
1988 670 2025 705 in
2045 681 2114 716 qua
2146 673 2322 708 vocatione
2348 685 2450 709 voca-

1393 727 1450 756 tus
1481 728 1542 765 est,
1561 722 1704 768 fratres,
1723 725 1760 760 in
1785 727 1907 762 eadem
1924 735 2064 765 maneat
2096 729 2131 776 (1
2145 730 2228 766 Cor.
2249 732 2328 779 vn),
2355 733 2449 778 apud

1394 781 1521 825 Deum,
1547 783 1605 818 hic
1639 785 1735 820 enim
1760 786 2021 833 virginitatem,
2057 790 2117 827 ille
2153 797 2272 828 autem
2306 800 2448 829 castum

1394 841 1615 889 conjugium,
1643 846 1734 882 alter
1755 847 1865 883 vitam
1881 837 2046 894 justitiae,
2067 851 2158 888 alius
2193 858 2314 889 autem
2333 855 2445 890 silen-

1395 903 1485 938 tium
1523 907 1833 953 remotionemque
1867 920 2074 954 causarum,
2111 912 2172 948 hic
2191 914 2446 957 sacerdotium,

1394 962 1453 998 ille
1471 974 1668 1010 pauperum
1688 969 1946 1013 patrocinium,
1983 971 2075 1007 alter
2093 971 2178 1015 alia,
2201 973 2449 1019 unusquisque

1394 1026 1590 1062 secundum
1608 1029 1792 1073 propriam
1810 1030 1981 1066 virtutem
2010 1033 2183 1077 possidet,
2207 1034 2271 1069 sed
2305 1034 2448 1080 quando

1391 1096 1458 1131 per
1494 1088 1667 1125 desidiam
1701 1092 1939 1137 cogitationes
1980 1100 2113 1130 nostrae
2155 1096 2346 1132 infirmatae
2372 1098 2450 1133 fue-

1393 1147 1479 1189 rint,
1502 1152 1588 1184 tunc
1605 1159 1650 1185 ex
1667 1156 1771 1196 parte
1792 1152 1835 1187 de
1853 1154 1998 1198 propria
2019 1155 2182 1191 cadimus
2206 1158 2445 1202 possessione.

264 1220 414 1251 sonum;
445 1210 631 1257 βεὸήλωσις
650 1208 744 1243 enim
773 1206 975 1252 profanatio
1000 1207 1150 1250 dicitur;
1174 1208 1320 1253 βεὸαίω-
1341 1197 1372 1235 Β
1393 1206 1430 1243 Si
1452 1215 1651 1246 attenuatus
1691 1212 1802 1257 frater
1834 1221 1927 1257 tuus,
1963 1216 2038 1251 sive
2072 1218 2268 1253 secundum
2295 1218 2449 1264 Septua«

265 1287 319 1313 σις
355 1277 473 1307 autem
512 1269 749 1306 confirmatio.
794 1267 862 1303 Sed
908 1267 966 1303 ille
1009 1277 1135 1303 sensus
1178 1271 1321 1313 apertus

265 1339 340 1376 est,
373 1339 404 1368 et
435 1338 528 1367 terra
558 1341 626 1365 non
657 1327 912 1364 venundabitur
944 1328 981 1362 in
1016 1327 1319 1373 profanationem,

265 1395 302 1429 id
334 1398 401 1436 est,
436 1402 481 1427 ne
513 1391 592 1436 quis
623 1390 770 1425 auderet
808 1394 942 1424 terram
985 1397 1093 1433 quam
1133 1387 1270 1431 accepit
1301 1397 1321 1421 a

264 1454 339 1490 Deo
366 1453 522 1489 vendere
550 1450 723 1497 profanis,
746 1449 806 1495 qui
838 1459 880 1484 ea
910 1454 1056 1483 utantur
1085 1447 1129 1482 ad
1158 1447 1323 1492 impieta-

265 1519 337 1548 tcm
368 1512 575 1557 cultumque
595 1512 742 1546 deorum
777 1509 975 1544 alienorum
997 1512 1106 1553 atque
1132 1506 1318 1542 falsorum.

264 1575 353 1610 Illud
391 1580 511 1610 autem
548 1573 807 1608 subobscurum
844 1576 923 1612 est,
962 1580 1030 1604 non
1068 1569 1322 1604 venundabitur

268 1641 360 1670 terra
389 1636 426 1669 in
466 1634 787 1678 confirmationem,
826 1632 921 1677 quod
954 1636 1041 1676 puto
1077 1640 1148 1666 non
1187 1629 1319 1665 intelli-

268 1696 437 1740 gendum,
475 1694 546 1728 nisi
567 1704 612 1728 ne
631 1693 681 1727 ita
717 1692 875 1727 venditio
914 1690 1159 1733 confirmetur,
1181 1695 1221 1725 ut
1240 1700 1320 1725 eam

269 1754 342 1792 non'
382 1755 534 1800 recipiat
558 1754 724 1790 venditor
759 1759 919 1798 tempore
957 1751 1195 1793 remissionis,
1228 1751 1322 1786 sicut

267 1822 489 1863 praeceptum
506 1823 573 1852 est.
608 1815 709 1858 Quod
727 1824 812 1850 vero
846 1814 1032 1860 sequitur,
1057 1813 1201 1858 utrique
1239 1822 1321 1848 sen-

269 1879 322 1914 sui
361 1882 479 1923 potest
513 1886 723 1922 congruere,
760 1876 834 1911 sive
867 1875 1034 1921 legatur:
1057 1873 1104 1908 Et
1127 1879 1220 1908 terra
1251 1883 1321 1907 non

268 1938 523 1975 venundabitur
537 1939 574 1973 in
599 1938 894 1983 profanationem,
927 1937 1001 1971 sive
1024 1936 1062 1969 in
1083 1934 1321 1979 confirmatio-

269 2012 358 2036 nem.
380 2000 532 2036 Secutus
565 2000 696 2045 quippe
725 1997 900 2042 adjunxit,
929 1995 1008 2031 Mea
1032 1997 1124 2031 enim
1141 2002 1189 2031 est
1211 2002 1318 2039 terra,

269 2067 407 2106 propter
439 2060 530 2106 quod
555 2059 719 2104 proselyti
749 2064 780 2092 et
812 2057 935 2092 incoloe
959 2068 1018 2091 vos
1039 2058 1120 2092 estis
1152 2062 1230 2092 ante
1249 2068 1316 2099 me,

271 2127 303 2155 et
324 2131 384 2165 per
406 2129 539 2154 omnem
567 2124 695 2152 terram
725 2116 950 2162 possessionis
984 2122 1105 2151 vestrae
1126 2117 1318 2152 mercedem
1337 2097 1368 2140 C

271 2179 401 2215 dabitis
411 2184 525 2219 terrae,
538 2176 598 2210 alii
610 2180 728 2209 autem
740 2175 881 2210 codices
894 2174 1039 2218 habent,
1052 2175 1320 2220 redemptionem

275 2240 403 2275 dabitis
437 2245 551 2274 terrte.
580 2236 716 2272 Sensus
741 2246 826 2282 ergo
846 2236 906 2272 hic
926 2242 980 2271 est
1006 2248 1013 2270 :
1038 2235 1121 2271 Non
1144 2235 1322 2270 venunda-

272 2300 366 2334 bitur
403 2305 497 2334 terra
526 2299 563 2333 in
593 2298 888 2344 profanationem,
926 2296 1046 2339 idest,
1083 2295 1154 2331 illis
1193 2296 1322 2342 quiea

272 2366 419 2398 utantur
459 2361 494 2395 in
514 2360 683 2406 injuriam
707 2358 915 2401 Creatoris;
945 2362 1006 2393 aut
1030 2358 1067 2392 in
1085 2357 1323 2403 confirmatio-

270 2434 360 2465 nem,
383 2421 419 2457 id
437 2426 504 2463 est,
525 2426 564 2456 ut
582 2431 663 2456 eam
684 2425 823 2466 emptor
844 2423 1017 2465 perpetuo
1037 2417 1234 2463 possideat,
1254 2427 1322 2453 nec

270 2488 368 2519 certo
386 2482 586 2518 secundum
607 2481 670 2517 Dei
689 2486 912 2526 praeceptum
932 2479 1124 2515 intervallo
1145 2487 1320 2514 annorum

270 2545 437 2580 restituat
458 2541 649 2578 venditori.
669 2540 751 2576 Mea
781 2541 872 2575 enim
893 2547 954 2582 est,
978 2540 1108 2586 inquit,
1127 2546 1236 2583 terra,
1255 2550 1323 2575 un-

271 2607 315 2642 de
344 2604 541 2641 secundum
579 2594 699 2638 meum
738 2607 957 2648 praeceptum
990 2611 1032 2637 ea
1067 2601 1119 2636 uti
1146 2600 1320 2637 debeatis.

269 2667 386 2712 Atque
403 2671 444 2701 ut
464 2665 670 2701 ostenderet
698 2674 801 2699 suam
835 2672 914 2698 csse
950 2672 1022 2698 non
1040 2662 1213 2708 ipsorum,
1237 2661 1323 2706 quid

272 2728 341 2773 ipsi
361 2728 398 2762 in
429 2737 471 2762 ea
503 2731 638 2768 essent,
665 2730 928 2771 consequenter
964 2725 1127 2771 adjunxit
1170 2724 1320 2769 dicens:

274 2786 423 2832 Propter
451 2784 542 2832 quod
563 2783 729 2831 proselyti
753 2790 784 2819 et
809 2784 933 2819 incolae
958 2795 1016 2819 vos
1046 2784 1126 2819 estis
1157 2790 1236 2819 ante
1253 2794 1319 2826 me,

271 2848 340 2882 hoc
360 2851 429 2889 est,
467 2844 630 2891 quamvis
655 2843 841 2889 proselyti,
867 2843 902 2878 id
921 2848 989 2885 est,
1012 2843 1158 2878 advenae
1179 2844 1324 2878 sintvo-

270 2910 343 2951 his,
362 2917 441 2952 quae
472 2918 516 2943 ex
537 2905 749 2952 alienigenis
783 2905 1025 2951 adjunguntur
1060 2905 1155 2950 genti
1177 2910 1319 2947 vestrae,

270 2973 311 3005 ut
332 2968 470 3010 incolae,
493 2967 529 3002 id
549 2972 616 3009 est,
655 2976 727 3001 non
744 2965 781 3001 in
816 2971 914 3000 terra
931 2965 1078 3011 propria
1106 2970 1320 3001 manentes:

270 3034 393 3063 tamen
420 3026 530 3062 etiam
565 3035 629 3061 vos
649 3034 774 3060 omnes
810 3029 893 3059 ante
925 3033 983 3059 me
1006 3023 1152 3058 advena}
1180 3023 1267 3059 estis
1287 3030 1322 3059 et

270 3087 409 3124 incolae.
448 3085 522 3121 Hoc
555 3085 649 3120 Deus
686 3084 786 3126 dicit,
811 3083 887 3119 sive
916 3082 1100 3125 Israelitis,
1122 3083 1217 3128 quod
1235 3082 1322 3118 alia-

271 3157 352 3182 rum
376 3147 534 3193 gentium
555 3151 691 3181 terram
717 3154 806 3190 quas
822 3142 971 3189 expulit,
992 3143 1045 3178 eis
1063 3143 1201 3179 dederit
1218 3154 1228 3186 ;
1246 3143 1322 3179 sive

271 3208 368 3244 omni
387 3207 539 3250 homini,
560 3206 731 3252 quoniam
757 3210 841 3241 ante
859 3205 972 3240 Deum
1007 3205 1067 3250 qui
1086 3214 1228 3250 semper
1246 3215 1322 3240 ma-

271 3274 348 3312 net,
371 3273 408 3304 et
423 3268 518 3304 sicut
536 3268 713 3313 scriptum
731 3271 799 3309 est,
822 3265 952 3302 coelum
972 3270 1009 3302 et
1025 3270 1160 3300 terram
1180 3264 1319 3310 implet,

271 3331 396 3377 utique
413 3331 610 3376 praesentia
651 3339 731 3372 sua,
750 3328 869 3365 omnis
890 3329 998 3365 homo
1018 3328 1158 3364 advena
1184 3331 1239 3363 est
1254 3336 1321 3362 na-

274 3392 419 3434 scendo,
457 3396 494 3426 et
527 3389 644 3426 incola
682 3389 848 3433 vivendo,
885 3387 1055 3434 quoniam
1098 3386 1324 3433 compellitur

275 3451 432 3497 migrare
455 3451 653 3488 moriendo.
674 3450 714 3487 Si
732 3456 934 3487 attenuatus
952 3450 1061 3496 frater
1090 3455 1170 3484 tuus
1202 3447 1323 3484 vendi-

277 3510 367 3545 derit
394 3511 708 3556 possessiunculam
739 3522 855 3554 suam,
873 3515 905 3546 et
932 3509 1081 3546 voluerit
1108 3509 1322 3556 propinquus

276 3571 368 3616 ejus,
398 3576 510 3617 potest
544 3571 711 3607 redimere
730 3572 822 3619 quod
854 3571 914 3607 ille
936 3570 1158 3614 vendiderat,
1178 3569 1235 3605 sin
1259 3579 1325 3604 au-

280 3637 346 3667 tem
378 3642 448 3668 non
468 3631 626 3667 habuerit
642 3633 853 3679 proximum,
885 3637 918 3668 et
938 3631 1011 3678 ipse
1029 3630 1178 3678 pretium
1203 3628 1249 3665 ad
1273 3639 1327 3664 re-

280 3690 478 3728 dimendum
494 3694 643 3739 potuerit
679 3694 847 3737 invenire,
880 3691 1173 3739 computabuntur
1191 3690 1326 3737 fructus

283 3760 326 3785 ea:
341 3763 380 3786 eo
396 3758 545 3799 tempore
578 3753 670 3800 quod
685 3753 854 3796 vendidit,
886 3758 918 3788 et
941 3752 1033 3799 quod
1055 3751 1228 3798 reliquum
1259 3755 1325 3795 est,

282 3810 404 3847 reddet
425 3814 596 3857 tempori,-
617 3814 732 3860 sieque
747 3813 888 3860 recipiet
923 3813 1175 3860 possessionem
1206 3821 1327 3858 suam,

1392 1268 1504 1314 ginta,
1525 1271 1556 1305 si
1576 1271 1621 1305 ad
1636 1280 1876 1318 paupertatem
1907 1277 2098 1321 pervenerit
2136 1277 2247 1322 frater
2274 1284 2368 1323 tuus,
2387 1281 2447 1326 qui

1391 1336 1584 1374 esttecum,
1623 1331 1774 1369 fratrem
1817 1340 1982 1371 nostrum
2018 1342 2054 1372 et
2074 1337 2133 1382 qui
2172 1339 2358 1374 nobiscum
2377 1345 2445 1384 est,

1391 1391 1570 1427 intellexit
1608 1394 1834 1439 confidelem,
1857 1397 1893 1431 in
1930 1397 2033 1443 cujus
2065 1400 2282 1445 cogitatione
2302 1402 2446 1446 quando

1390 1452 1531 1486 venerit
1557 1460 1744 1498 peccatum
1765 1457 1802 1490 in
1819 1463 2070 1501 paupertatem
2090 1459 2237 1502 labitur,
2259 1467 2294 1496 et
2310 1473 2447 1508 pauper

1390 1520 1476 1546 vere
1497 1519 1566 1554 est,
1583 1513 1645 1558 qui
1666 1514 1811 1551 divitias
1835 1517 1990 1560 perdidit
2009 1518 2202 1562 spiritales,
2223 1519 2338 1555 sactus
2360 1531 2447 1566 qua-

1390 1570 1435 1605 lis
1462 1570 1521 1606 ille
1553 1572 1598 1607 de
1635 1582 1706 1618 quo
1726 1573 1838 1609 David
1879 1574 1995 1610 dixit·
2023 1586 2105 1611 cum
2129 1586 2210 1612 eum
2236 1578 2296 1623 qui
2332 1580 2368 1614 in
2387 1590 2448 1615 co-

1391 1631 1627 1676 gitationibus
1661 1639 1892 1679 peccatorum
1938 1636 2155 1673 constitutus
2180 1644 2258 1673 erat
2292 1649 2448 1685 expone-

1390 1698 1446 1728 ret
1465 1694 1650 1729 hominem
1671 1706 1678 1728 ε
1702 1694 1816 1740 quns
1843 1706 1920 1730 sum
1941 1707 2017 1742 eqo,
2042 1703 2074 1732 et
2091 1698 2127 1732 in
2147 1698 2322 1734 laboribus
2342 1712 2363 1735 a
2378 1701 2443 1745 ju·-

1390 1762 1527 1791 ventute
1541 1767 1635 1799 mea,
1655 1756 1831 1793 exaltatus
1851 1764 1967 1793 autem
1986 1759 2192 1795 humiliatus
2220 1772 2298 1796 sum
2314 1768 2346 1796 et
2362 1773 2444 1797 con-

1391 1816 1493 1862 fusus
1530 1816 1649 1864 (Psal.
1674 1819 1855 1866 Lxxxvn).
1881 1818 2032 1862 Quando
2073 1830 2159 1867 ergo
2180 1822 2240 1857 hic
2268 1823 2328 1868 qui
2364 1822 2447 1859 talis

1389 1883 1459 1921 est,
1484 1884 1623 1923 partem
1657 1879 1813 1925 propriae
1831 1880 2007 1926 bonaeque
2027 1882 2279 1927 possessionis,
2313 1893 2393 1929 quae
2410 1885 2445 1920 ei

1390 1944 1490 1975 sorte
1527 1941 1724 1977 obvenerat
1763 1942 1979 1985 vendiderit,
2023 1943 2283 1990 cogitationem
2307 1947 2447 1991 peccati

1389 2000 1740 2046 suscipiens,vendit
1754 2003 1851 2038 enim
1867 2003 1927 2038 hie
1939 2003 2146 2040 adversario
2161 2015 2261 2041 suam
2272 2011 2444 2049 mentem,

1389 2061 1693 2105 quemadmodum
1714 2062 1809 2099 Deus
1835 2062 1967 2099 Judaeis
1984 2065 2126 2101 dicebat
2146 2078 2153 2101 ε
2182 2065 2274 2101 Ecce
2296 2067 2446 2112 peccatis

1391 2121 1510 2155 vestris
1539 2123 1730 2158 venundati
1750 2124 1830 2159 estis
1861 2124 1951 2170 (Isa.
1979 2126 2081 2172 xxx),
2115 2127 2237 2162 veniet
2264 2125 2380 2162 affinis
2411 2131 2448 2163 et

1389 2181 1614 2225 propinquus
1649 2183 1741 2229 ejus,
1785 2186 1984 2221 secundum
2015 2186 2184 2231 spiritum
2219 2192 2394 2234 cognatus
2411 2191 2448 2223 et

1392 2238 1591 2283 confidelis,
1615 2247 1651 2276 et
1668 2243 1782 2289 legem
1802 2245 2029 2290 cognationis
2049 2246 2219 2292 operibus
2235 2246 2445 2290 ostendens,

1392 2304 1428 2333 et
1442 2299 1612 2337 liberabit
1648 2304 1893 2341 venditionem
1930 2306 2053 2343 fratris
2086 2308 2155 2352 sui,
2184 2307 2270 2343 illud
2293 2307 2447 2353 implens

1392 2362 1487 2406 quod
1517 2362 1649 2398 Paulus
1688 2364 1898 2401 scribebat:
1921 2366 2081 2410 Fratres,
2117 2369 2148 2403 si
2181 2368 2447 2414 comprehensus

1392 2422 1497 2467 fuerit
1515 2423 1616 2458 homo
1651 2424 1688 2459 in
1707 2425 1824 2471 aliquo
1846 2427 1986 2470 delicto,
2004 2440 2061 2463 vos
2081 2431 2139 2475 qui
2166 2430 2341 2475 spiritales
2364 2431 2447 2466 estis

1391 2483 1594 2529 hujusmodi
1615 2484 1777 2520 instruite
1795 2487 1833 2521 in
1853 2488 1979 2532 spiritu
2010 2489 2301 2532 mansuetudinis,
2334 2491 2448 2525 consi-

1391 2543 1518 2578 derans
1537 2543 1700 2589 teipsum,
1716 2556 1757 2580 ne
1775 2552 1807 2580 et
1826 2552 1862 2581 tu
1885 2548 2026 2582 tenteris
2042 2559 2053 2589 ;
2075 2548 2163 2583 alter
2175 2548 2322 2583 alterius
2338 2559 2446 2584 onera

1390 2610 1537 2649 portate,
1568 2610 1600 2639 et
1617 2605 1667 2639 sic
1687 2605 1921 2652 adimplebitis
1952 2608 2060 2653 legem
2081 2606 2211 2643 Christi
2230 2606 2361 2655 (Galat.
2378 2609 2444 2656 vi).

1392 2662 1431 2699 Si
1467 2664 1565 2699 enim
1606 2664 1761 2700 invicem
1796 2676 1906 2702 onera
1947 2673 2072 2703 nostra
2114 2669 2444 2714 exhortationibus,

1392 2723 1745 2768 commonitionibus,
1777 2726 2062 2772 opportunisque
2087 2728 2247 2764 consiliis
2280 2735 2447 2774 portave-

1393 2782 1518 2825 rimus,
1550 2782 1705 2819 liberare
1745 2783 1894 2820 fratrem
1914 2796 1935 2821 a
1950 2791 2164 2832 paupertate
2196 2796 2388 2832 possumus
2408 2791 2446 2824 et

1392 2843 1584 2885 redimere,
1611 2853 1719 2888 quam
1740 2843 1816 2888 ipse
1849 2854 1894 2880 ex
1927 2845 2143 2893 negligentia
2176 2846 2445 2892 possessionem

1393 2913 1474 2938 cum
1490 2902 1639 2937 deberet
1664 2903 1841 2947 vendidit,
1863 2909 1899 2940 et
1920 2907 2026 2942 modo
2040 2906 2197 2952 quodam
2227 2906 2268 2942 iit
2286 2916 2447 2943 commu-

1391 2962 1450 2997 nis
1467 2961 1664 3006 possessio,
1691 2962 1721 2997 si
1742 2969 1863 2999 autem
1900 2964 2007 3001 alicui
2026 2976 2099 3002 non
2131 2965 2242 3002 fuerit
2259 2965 2445 3012 proximus

1393 3022 1452 3058 vel
1475 3023 1714 3069 propinquus,
1749 3023 1902 3061 forsitan
1921 3027 2019 3063 enim
2049 3037 2121 3064 non
2139 3027 2296 3064 ostendit
2317 3036 2446 3073 oppor-

1395 3090 1483 3120 tuno
1501 3089 1661 3130 tempore
1678 3095 1762 3133 erga
1782 3087 1891 3123 alium
1909 3089 2209 3135 compassionem,
2222 3089 2298 3135 ipse
2314 3092 2446 3124 semet-

1394 3145 1512 3191 ipsum
1530 3145 1671 3183 salvare
1694 3147 1814 3191 debet,
1837 3153 1873 3184 et
1890 3150 2073 3195 propriam
2092 3149 2331 3186 substantiam
2349 3148 2445 3184 redi-

1394 3215 1504 3248 mere,
1538 3211 1575 3241 et
1609 3213 1799 3252 propterea
1839 3207 1918 3242 ait:
1938 3206 2002 3243 Sin
2042 3215 2158 3244 autem
2189 3219 2260 3244 non
2285 3206 2446 3243 habuerit

1393 3266 1604 3311 proximum,
1638 3271 1669 3300 et
1691 3266 1764 3311 ipse
1785 3267 1935 3312 pretium
1955 3267 2001 3302 ad
2025 3267 2265 3303 redimendum
2294 3265 2446 3314 potuerit

1392 3324 1560 3366 invenire,
1593 3323 1885 3369 computabuntur
1911 3324 2046 3369 fructus
2073 3336 2116 3361 ex
2139 3336 2178 3360 eo
2197 3331 2349 3369 tempore
2378 3334 2446 3370 quo

1394 3382 1559 3426 vendidit,
1578 3388 1610 3418 et
1636 3382 1728 3429 quod
1744 3382 1914 3428 reliquum
1930 3388 1994 3426 est,
2014 3382 2134 3418 reddet
2152 3383 2313 3428 emptori,
2330 3382 2447 3427 sicque

1395 3443 1535 3490 recipiet
1551 3442 1803 3489 possessionem
1817 3453 1932 3478 suam.
1954 3442 2042 3486 Quis
2073 3452 2159 3489 ergo
2188 3447 2353 3478 nostrum
2370 3442 2448 3478 ido-

1395 3513 1485 3541 neus
1507 3508 1564 3539 est
1577 3529 1586 3546 ,
1612 3506 1674 3538 aut
1703 3506 1823 3548 potest
1841 3510 1888 3537 ex
1905 3502 2041 3538 desidia
2061 3507 2124 3539 aut
2145 3502 2324 3548 pravitate
2345 3511 2447 3538 men-

1397 3570 1468 3602 tem
1489 3563 1674 3600 venditam
1698 3562 1868 3606 liberare,
1902 3567 1943 3599 ut
1964 3573 2037 3599 non
2062 3573 2106 3599 ex
2140 3569 2216 3600 toto
2234 3567 2361 3610 pereat
2378 3563 2446 3600 ab·

1394 3626 1586 3666 alienante,
1605 3624 1677 3662 nisi
1693 3624 1770 3660 vita
1785 3624 1882 3660 bona
1900 3629 1939 3660 et
1963 3624 2059 3660 actio
2076 3624 2256 3671 repellens
2275 3633 2446 3671 quaeeuu-

1360 3679 1363 3682 ’
1394 3696 1464 3734 que
1496 3685 1635 3729 inventi
1659 3683 1836 3721 fuerimus
1853 3684 1893 3720 in
1912 3690 2035 3721 mente
2057 3685 2278 3732 peccantes?
2297 3684 2448 3730 oportet

1395 3757 1480 3796 ergo
1498 3746 1658 3794 cogitare
1674 3749 1849 3792 quantum
1869 3749 2011 3791 tempus
2026 3745 2218 3792 praedictas
2249 3737 2392 3783 mentes
2408 3741 2447 3791 ei

1395 3809 1458 3857 qui
1473 3807 1565 3848 solet
1579 3815 1644 3845 eas
1661 3804 1940 3854 cogitationibus
1971 3805 2078 3844 malis
2095 3815 2233 3851 emere,
2253 3809 2292 3843 et
2307 3803 2448 3854 insere
