2540 4016
109 150 131 187 ¹2
584 145 854 186 ENARRATIO
871 141 1029 192 *SUPER
1053 148 1471 192 DEUTERONOMIUM.
1484 145 1545 182 ”“-’
1567 157 1652 196 LIB.
1677 149 1723 198 1.'

46 146 270 269 sstmanam
290 234 362 263 non
383 228 503 262 tamen
516 223 667 270 alicujus
688 224 847 262 hominis
864 226 1113 271 exprimantur
1131 233 1168 274 Α
1188 241 1201 263 ι
1219 228 1356 266 creavit
1376 227 1552 265 Dominus
1569 228 1666 266 Deus
1681 235 1766 267 tuus
1783 231 1821 267 in
1832 233 2071 277 ministerium
2090 245 2231 282 cunetis

48 279 292 336 fflueamentm
312 288 406 325 sicut
435 287 594 334 pictores
611 287 668 323 vel
696 287 864 324 statuarii
883 287 1035 332 faciunt,
1059 289 1116 325 in-

46 355 202 388 nuentes
228 361 291 387 eos
311 361 403 398 quos
430 351 583 398 pingunt
612 349 669 386 vel
700 351 854 398 fingunt.
887 350 989 387 Hanc
1017 350 1115 386 enim

46 410 252 457 limaginem
269 412 341 448 dici
370 420 477 448 nemo
499 411 732 456 dubitaverit,
756 412 955 449 seeundum
985 411 1114 448 distin-

44 471 216 508 actionem
236 482 306 517 qua
325 473 443 508 omnis
463 473 581 519 imago
601 473 710 509 etiam
740 473 936 509 similitudo
951 477 1019 516 est,
1041 482 1114 510 non

44 531 175 568 oomnis
191 531 388 569 similitudo
407 534 515 570 etiam
536 534 667 581 imago.
687 534 792 571 Unde
815 535 846 572 si
867 535 1000 582 gemini
1019 534 1114 571 inter

45 602 99 630 use
111 591 248 628 similes
269 599 367 636 sunt,
403 594 600 631 similitudo
626 596 698 632 dici
726 600 845 643 potest
877 596 1025 632 alterius
1047 605 1113 631 eu-

42 653 201 702 ljuslibet
218 654 256 689 in
281 653 408 698 altero,
435 666 506 692 non
526 657 655 703 imago.
679 658 718 694 Si
743 664 863 695 autem
890 658 987 704 patri
1019 657 1114 695 filius

44 715 183 753 tsimilis
208 715 268 758 sit,
299 716 408 751 etiam
434 715 552 762 imago
579 722 678 754 recte
702 717 847 761 dicitur,
879 723 919 754 ut
943 718 990 753 sit
1009 723 1115 762 pater

45 777 167 815 ttotius
186 776 281 812 unde
308 776 369 812 illa
402 777 521 825 imago
541 788 710 824 expressa
738 779 929 814 videatur:
952 787 1108 823 quarum

46 836 135 874 «aliae
151 843 234 873 sunt
248 835 407 881 ejusdem
427 838 651 882 substantiae,
683 839 777 874 sicut
807 838 916 880 filius,
935 836 1014 872 aliae
1041 848 1114 873 non

45 893 231 940 seiusdcm,
254 894 348 930 sicut
381 895 534 940 pictura.
554 895 657 931 Unde
676 895 764 930 illud
791 894 886 939 quod
915 893 953 929 in
981 893 1113 930 Genesi

46 955 230 1000 scriptum
251 960 331 991 est:
360 967 372 988 ‹
394 954 495 990 Fecit
515 955 610 990 Deus
637 954 822 989 hominem
851 953 896 988 ad
920 953 1113 999 imaginem

55 1025 157 1051 suam
177 1014 278 1062 (Gen.
302 1014 343 1060 1),
369 1027 380 1048 ›
405 1014 637 1049 manifestum
658 1018 714 1049 est
731 1013 781 1047 ita
803 1012 955 1057 dictum,
981 1019 1021 1049 ut
1042 1026 1112 1051 non

44 1076 214 1122 .ejusdem
231 1075 441 1111 substantiae
461 1074 507 1110 sit
523 1074 641 1118 imago
660 1082 739 1118 quae
756 1072 850 1109 faeta
869 1079 935 1109 est.
960 1073 998 1109 Si
1016 1075 1112 1111 enim

2157 170 2230 213 858

1188 299 1201 322 ι
1218 289 1385 336 gentibus
1403 298 1484 335 quae
1500 289 1567 325 suh
1585 288 1679 325 coelo
1693 294 1792 333 sunt,
1811 292 1896 336 quia
1914 294 2094 336 distribuit
2109 302 2234 341 Domi-

1187 359 1201 382 «
1217 359 1286 384 nus
1304 350 1400 386 Deus
1418 354 1502 386 tuus
1519 359 1563 386 ea
1576 349 1744 386 omnibus
1763 351 1931 396 gentibus
1956 363 2036 398 quae
2053 359 2120 394 sub
2141 363 2233 400 eoelo

1187 421 1200 443 ι
1219 414 1316 446 sunt.
1338 423 1351 444 ι
1374 410 1453 447 Non
1474 412 1524 447 ita
1553 410 1690 447 dietum
1709 414 1767 446 est
1790 415 1965 457 tanquam
1981 412 2078 450 Deus
2101 425 2236 460 praeoe.
2254 413 2285 459 ’ἶ

1181 470 1276 517 perit
1303 479 1346 506 ea
1362 471 1432 507 coli
1461 481 1482 506 a
1502 472 1683 518 gentibus,
1713 480 1735 506 a
1765 470 1842 507 solo
1872 476 1994 508 autem
2023 474 2155 520 populo
2172 486 2237 514 suo

1183 540 1255 568 non
1281 530 1364 567 coli.
1385 530 1457 567 Sed
1475 537 1537 567 aut
1552 532 1603 567 ita
1620 531 1757 568 dictum
1773 536 1829 568 est
1846 537 2018 578 tanquam
2040 535 2240 579 praescierit

1183 596 1309 639 gentes
1326 591 1504 628 culturam
1524 593 1749 629 exhibituras
1764 593 1821 629 his
1831 593 2053 638 coelestibus,
2070 599 2106 630 et
2119 600 2240 634 tamen

1182 653 1252 689 hoe
1280 653 1475 698 praesciens
1511 653 1692 690 creaverit
1729 664 1794 697 ea;
1839 664 1921 691 curn
1951 665 2040 691 vero
2070 656 2242 701 populum

1184 724 1289 750 suum
1309 724 1389 750 esse
1405 714 1630 761 praesciverit
1646 715 1706 761 qui
1725 715 1794 751 ista
1807 726 1878 752 non
1894 716 2041 760 coleret,
2064 722 2126 752 aut
2141 729 2154 751 ‹
2170 718 2243 754 dis-

1184 776 1310 812 tribuit
1330 789 1342 810 »
1366 776 1499 812 dictum
1529 781 1597 820 est,
1619 781 1660 812 ut
1687 776 1909 823 intelligatur
1937 788 2039 822 usus,
2061 779 2122 825 qui
2140 788 2241 815 com-

1183 838 1374 873 mendatur
1389 837 1426 872 in
1442 836 1587 881 Genesi,
1619 849 1631 871 ‹
1649 842 1689 873 ut
1707 838 1779 873 sint
1798 837 1834 873 in
1856 837 1969 885 signis
1988 844 2024 874 et
2046 838 2082 874 in
2103 844 2242 886 tempo-

1182 898 1284 934 ribus
1303 903 1340 933 et
1367 897 1404 933 in
1424 897 1549 934 diebus
1569 902 1605 934 et
1630 897 1667 933 in
1689 898 1806 934 annis.
1831 911 1843 932 i
1866 898 1981 942 Quem
2001 910 2107 936 usum
2133 900 2170 936 in
2190 900 2244 937 eis

1184 967 1412 993 communem
1440 957 1549 993 habet
1578 957 1731 1003 populus
1750 957 1814 993 Dei
1846 968 1930 994 cum
1963 959 2130 995 omnibus
2158 969 2243 1006 gen-

1184 1018 1295 1061 tibus,
1313 1029 1385 1054 non
1402 1024 1524 1054 autem
1553 1019 1690 1054 cultum
1709 1029 1816 1064 quem
1837 1020 1971 1056 habent
1999 1021 2078 1056 aliae
2102 1028 2242 1068 gentes.

1189 1090 1201 1111 ‹
1218 1077 1315 1114 Cave
1346 1088 1392 1114 ne
1418 1078 1612 1123 aliquando
1640 1079 1866 1115 obliviscaris
1890 1081 1988 1126 pacti
2018 1081 2160 1117 Domini
2180 1082 2245 1118 Dei

43 1136 216 1184 :ejusdem
235 1140 345 1178 esset,
366 1145 438 1170 non
465 1133 575 1177 facta,
594 1134 655 1170 sed
677 1134 798 1180 genita
817 1134 1010 1171 diceretur.
1043 1136 1114 1172 Sed
1132 1134 1164 1172 B
1187 1150 1199 1172 ε
1219 1138 1331 1174 nostri
1355 1139 1450 1184 quod
1468 1139 1604 1185 pepigit
1632 1144 1764 1183 tecum,
1787 1145 1822 1176 et
1839 1140 1953 1177 facias
1973 1141 2037 1177 tibi
2068 1142 2244 1188 sculptam

42 1198 150 1246 equod
178 1208 248 1234 non
280 1197 430 1240 addidit,
462 1202 499 1233 et
521 1197 807 1241 similitudinem,
834 1208 916 1234 cum
949 1200 1112 1245 superius

43 1259 189 1295 odietum
206 1263 315 1300 esset,
344 1270 355 1291 ‹
375 1256 566 1294 Faciamus
595 1258 778 1294 hominem
798 1259 841 1293 ad
862 1259 1057 1303 imaginem
1077 1265 1114 1297 et

44 1320 324 1356 similitudinem
359 1324 535 1362 nostram,
559 1332 570 1353 n
597 1319 813 1364 quibusdam
831 1319 948 1354 visum
979 1326 1035 1355 est
1065 1321 1113 1356 si-

44 1381 292 1418 ·militudinem
323 1380 458 1425 aliquid
491 1379 642 1424 amplius
661 1389 741 1415 esse
775 1389 883 1424 quam
903 1380 1110 1425 imaginem,

42 1440 147 1487 oquod
162 1440 297 1476 homini
316 1439 548 1475 reformando
562 1448 627 1484 per
641 1438 777 1474 Christi
806 1440 959 1484 gratiam
986 1445 1113 1485 postea

43 1506 311 1537 ‚reservaretun
341 1499 452 1535 Miror
473 1504 593 1534 autem
614 1499 644 1535 si
669 1510 740 1535 non
764 1506 956 1545 propterea
986 1506 1113 1546 postea

44 1563 246 1609 dmaginem
285 1562 397 1598 solam
431 1561 543 1596 voluit
578 1572 893 1605 commemorare,
936 1562 1019 1607 quia
1052 1562 1113 1598 ubi

42 1625 185 1670 «imago,
211 1629 248 1660 et
269 1624 467 1659 similitudo
487 1628 553 1659 est.
578 1623 681 1660 Unde
699 1624 809 1660 ethic
828 1624 967 1671 Moyses
987 1625 1114 1660 simili-

43 1685 213 1722 ttudinem
240 1690 276 1720 et
310 1685 506 1730 imaginem
537 1685 616 1721 fieri
646 1690 756 1728 vetat,
801 1687 996 1722 secundum
1031 1696 1112 1722 eam

42 1746 204 1783 tl’ormam
232 1745 289 1782 vel
306 1745 463 1782 sortasse
488 1756 567 1782 eam
600 1747 779 1782 rationem
802 1757 911 1793 quam
940 1747 1109 1782 diximus.

42 1805 90 1843 lln
108 1806 280 1851 decalogo
313 1811 434 1842 autem
465 1806 682 1853 generaliter
711 1807 844 1843 dicitur
874 1807 1009 1842 nullam
1035 1806 1114 1841 fieri

41 1872 183 1909 ‹debere
219 1871 507 1914 similitudinem,
540 1880 608 1907 nec
640 1871 758 1917 imago
792 1876 1110 1907 commemoratur.

40 1932 142 1970 teum
165 1932 260 1969 enim
274 1932 372 1968 nulla
389 1931 586 1968 similitudo
600 1931 653 1975 fit,
670 1931 796 1977 procul
811 1931 920 1967 dubio
937 1941 1002 1966 nec
1022 1931 1112 1965 ima-

40 2004 95 2042 igo
112 1993 166 2037 fit,
187 1993 358 2039 quoniam
383 1992 414 2027 si
438 1992 570 2037 imago,
597 1992 721 2036 utique
738 1996 774 2027 et
796 1990 1010 2027 similitudo.
1030 1990 1108 2025 Non

42 2060 171 2090 mutem
188 2052 216 2089 si
238 2051 278 2087 fit
296 2051 506 2094 similitudo,
542 2050 714 2087 continuo
743 2051 783 2086 fit
815 2055 851 2086 et
884 2050 1027 2096 imago;
1058 2055 1111 2085 ta·
1131 2042 1160 2083 C

42 2123 134 2150 nmen
165 2113 195 2149 si
226 2112 323 2148 nulla
352 2112 563 2155 similitudo,
597 2112 758 2157 sequitur
789 2117 830 2147 ut
854 2111 953 2146 nulla
977 2111 1109 2158 imago.

42 2174 211 2219 lDenique
226 2172 289 2208 ubi
316 2173 502 2218 prohibuit
533 2171 806 2208 similitudinem
836 2178 873 2209 et
901 2172 1109 2219 imaginem,

40 2233 208 2270 lhominis
223 2232 373 2278 intelligi
387 2231 513 2274 voluit,
531 2232 592 2267 ubi
609 2237 645 2267 et
667 2232 865 2268 similitudo
882 2232 959 2267 fieri
977 2237 1110 2277 potest,

41 2303 123 2330 mon
138 2292 245 2338 hujus
264 2298 325 2328 aut
344 2293 451 2335 illius,
471 2293 534 2329 sed
558 2292 749 2339 cujuslibet
767 2293 944 2335 hominis;
966 2299 1003 2329 et
1020 2294 1112 2329 ima-

40 2364 112 2402 sgo,
147 2353 183 2390 id
207 2359 276 2397 est,
312 2353 419 2399 hujus
449 2354 595 2400 proprie
615 2353 672 2389 vel
701 2353 798 2389 illius
827 2352 999 2388 hominis.
1023 2352 1113 2388 Cum

38 2423 139 2453 'vero
165 2415 209 2451 de
237 2415 429 2462 pecoribus
455 2415 637 2450 diceretur
663 2419 771 2460 atque
806 2413 1114 2449 irrationabilibus

42 2474 311 2518 animantibus,
337 2474 450 2511 solam
478 2473 754 2510 similitudinem
774 2473 875 2509 dixit.
899 2473 986 2516 Quis
1014 2473 1110 2508 enim

41 2535 205 2582 treperiri
229 2540 350 2581 potest
367 2535 426 2580 qui
446 2535 515 2570 sibi
533 2545 644 2570 unum
668 2534 866 2570 constituat
891 2543 1034 2576 canem,
1056 2532 1113 2568 vel

41 2596 139 2644 uquid
169 2595 361 2641 ejusmodi,
393 2604 499 2639 quem
532 2595 676 2629 intuens
713 2593 792 2638 ejus
821 2593 1016 2639 imaginem
1052 2597 1113 2628 aut

41 2657 176 2705 1pingat
191 2659 253 2691 aut
270 2654 406 2701 fingat?
422 2653 525 2697 Quod
543 2654 587 2690 de
610 2653 818 2689 hominibus
836 2653 1114 2689 usitatissimum

40 2723 120 2755 «est.
146 2730 158 2751 ‹
184 2715 462 2752 similitudinem
479 2715 640 2750 omnium
656 2714 902 2760 jumentorum
922 2724 1003 2759 quae
1028 2719 1113 2750 sunt

43 2791 72 2816 «ι
89 2789 196 2827 super
216 2783 365 2821 terram,
385 2776 440 2812 vel
474 2777 592 2812 avium
618 2776 684 2812 sub
703 2776 796 2812 coelo
815 2775 1026 2817 volantium,
1061 2781 1114 2811 at-

43 2850 72 2874 ‹t
92 2849 162 2886 que
177 2837 358 2884 reptilium
371 2846 451 2881 quoe
468 2841 660 2871 moventur
674 2835 711 2871 in
731 2841 840 2878 terra,
863 2836 938 2871 sive
955 2835 1112 2881 piscium

44 2910 72 2934 ιι
91 2898 152 2945 qui
167 2898 233 2934 sub
252 2903 351 2933 terra
369 2903 557 2933 morantur
573 2896 610 2932 in
635 2896 751 2941 aquis.
775 2909 787 2930 ι
809 2895 904 2940 Quid
922 2901 977 2932 est
991 2900 1112 2931 autem

1171 1212 1201 1252 ,ι
1221 1199 1495 1236 similitudinem
1510 1199 1652 1236 illorum
1667 1211 1746 1246 quse
1762 1201 1839 1237 fieri
1854 1201 2028 1238 Dominus
2038 1203 2243 1248 prohibuit:

1188 1273 1201 1294 t
1221 1261 1306 1307 quia
1338 1261 1511 1298 Dominus
1544 1261 1639 1297 Deus
1674 1267 1756 1298 tuus
1790 1263 1884 1309 ignis
1919 1273 2137 1300 consumens
2174 1269 2243 1308 est,

1186 1335 1198 1357 ‹
1222 1324 1318 1358 Deus
1343 1322 1543 1365 aemulator,
1569 1328 1639 1359 etc.
1665 1336 1676 1358 n
1715 1323 1781 1359 Hic
1810 1328 1908 1360 certe
1944 1325 2163 1371 generaliter
2194 1325 2245 1361 lo-

1182 1394 1312 1430 quens,
1335 1384 1605 1420 similitudinem
1629 1385 1763 1430 posuit,
1783 1385 1976 1431 imaginem
1998 1386 2132 1427 tacuit,
2156 1395 2245 1432 quo-

1181 1446 1279 1481 niam
1317 1446 1346 1482 si
1378 1446 1476 1481 nulla
1503 1446 1550 1482 sit
1582 1447 1779 1484 similitudo
1804 1447 1967 1494 profecto
2001 1459 2067 1485 nee
2097 1449 2243 1496 imago:

1183 1506 1266 1551 quia
1296 1506 1356 1541 ubi
1390 1506 1522 1553 imago,
1557 1507 1726 1543 continuo
1744 1508 1956 1553 similitudo,
1986 1510 2152 1555 quamvis
2171 1519 2246 1546 non

1182 1566 1243 1602 ubi
1274 1566 1485 1610 similitudo,
1508 1567 1681 1604 continuo
1703 1569 1834 1615 imago.
1853 1581 1865 1602 c
1891 1569 2095 1606 Novissime
2123 1575 2245 1606 autem

1187 1631 1383 1672 «tempore
1414 1628 1606 1663 reverteris
1627 1628 1671 1663 ad
1701 1628 1896 1663 Dominum
1926 1628 2039 1664 Deum
2071 1634 2188 1672 tuum,
2209 1634 2247 1665 et

1187 1699 1198 1720 ι
1218 1688 1340 1723 audies
1360 1698 1485 1723 vocem
1504 1687 1591 1732 ejus,
1614 1688 1697 1734 quia
1717 1688 1924 1725 misericors
1951 1689 2046 1725 Deus
2065 1694 2101 1724 et
2125 1689 2247 1725 Domi-

1188 1760 1199 1782 ι
1219 1759 1286 1784 nus
1319 1755 1413 1791 tuus,
1457 1754 1526 1786 etc.
1554 1763 1565 1784 »
1608 1749 1674 1785 Hic
1719 1749 1996 1786 conversionem
2037 1749 2245 1786 Israeliticae

1182 1810 1299 1857 gentis
1318 1810 1363 1845 ad
1382 1809 1488 1845 fldem
1516 1810 1651 1846 Christi
1684 1810 1916 1856 praenuntiat,
1939 1810 2083 1856 quando
2116 1819 2245 1846 secun-

1182 1870 1265 1906 dum
1299 1870 1450 1915 apostoli
1484 1869 1586 1905 Pauli
1618 1872 1848 1915 sententiam,
1874 1883 1886 1904 ‹
1910 1876 2101 1918 postquam
2130 1869 2246 1916 pleni-

1181 1931 1268 1965 tudo
1318 1931 1478 1977 gentium
1519 1931 1806 1975 subintraverit,
1844 1938 1931 1969 tune
1972 1931 2090 1968 omnis
2131 1930 2245 1968 Israel

1185 1992 1307 2029 salvus
1341 1992 1412 2028 erit
1435 1992 1552 2039 (Rom.
1587 1993 1654 2040 xl).
1683 2007 1694 2028 ι

1233 2052 1447 2098 «Interroga
1467 2053 1510 2088 de
1537 2053 1663 2089 diebus
1695 2053 1866 2099 antiquis,
1892 2054 1954 2099 qui
1984 2053 2133 2090 fuerunt
2160 2058 2247 2090 ante

1185 2126 1197 2147 ι
1217 2119 1264 2158 te,
1284 2124 1329 2150 ex
1344 2113 1403 2150 die
1424 2124 1494 2159 qua
1509 2115 1647 2150 creavit
1662 2114 1758 2150 Deus
1774 2114 1956 2150 hominem
1971 2120 2245 2161 superterram,

1186 2185 1197 2206 ι
1217 2184 1237 2208 a
1257 2183 1397 2210 summo
1423 2173 1507 2209 coeli
1524 2183 1639 2219 usque
1656 2174 1700 2210 ad
1719 2184 1900 2210 summum
1918 2173 2008 2218 ejus,
2032 2174 2061 2210 si
2078 2173 2174 2210 sacta
2194 2178 2250 2210 est

1187 2246 1198 2267 α
1219 2234 1413 2279 aliquando
1429 2233 1645 2278 ·huJ'usmodi
1679 2243 1749 2277 res,
1779 2240 1840 2269 aut
1873 2244 2032 2280 unquam
2061 2234 2248 2280 cognitum

1190 2307 1201 2329 ‹
1219 2302 1286 2336 est,
1306 2300 1346 2330 ut
1361 2295 1503 2331 audiret
1522 2295 1674 2341 populus
1694 2305 1819 2331 vocem
1841 2295 1982 2331 Domini
1999 2295 2177 2340 loquentis
2200 2295 2245 2330 de

1187 2368 1198 2389 ‹
1218 2354 1335 2390 medio
1357 2354 1463 2399 ignis,
1486 2355 1578 2389 sicut
1594 2359 1632 2389 tu
1643 2354 1775 2390 audisti
1801 2359 1838 2389 et
1858 2354 1993 2396 vidisti,
2010 2359 2080 2389 etc.
2107 2367 2119 2387 ›
2141 2353 2246 2397 Quae-

1181 2415 1333 2450 rendum
1369 2414 1548 2458 quomodo
1587 2413 1723 2448 dictum
1765 2413 1834 2455 sit,
1862 2425 1874 2446 ‹
1910 2413 2131 2459 interrogate
2167 2413 2244 2450 dies

1180 2475 1333 2520 priores,
1361 2475 1422 2520 qui
1450 2473 1584 2510 suerint
1614 2474 1755 2519 priores
1786 2479 1834 2517 te,
1864 2483 1909 2509 ex
1928 2474 1985 2509 die
2008 2484 2079 2519 qua
2104 2474 2244 2510 creavit

1181 2534 1277 2570 Deus
1298 2534 1482 2570 hominem
1500 2543 1608 2580 super
1630 2538 1778 2576 terram,
1810 2543 1831 2567 a
1857 2542 1998 2569 summo
2019 2533 2102 2568 coeli
2127 2543 2242 2579 usque

1182 2596 1225 2631 ad
1246 2605 1426 2631 summum
1445 2594 1536 2639 ejus,
1561 2593 1772 2629 subauditur
1792 2592 1903 2635 enim,
1926 2593 2160 2639 interrogate.
2179 2593 2243 2630 vi-

1182 2657 1285 2692 detur
1309 2656 1405 2691 enim
1436 2654 1641 2701 significare
1661 2659 1776 2690 totum
1805 2654 1931 2690 orbem
1952 2659 2146 2690 terrarum.
2171 2653 2243 2691 Sed

1182 2727 1246 2753 cur
1264 2727 1284 2751 a
1304 2726 1444 2752 summo
1475 2715 1557 2751 coeli
1587 2725 1701 2761 usque
1733 2714 1778 2750 ad
1811 2723 1991 2750 summum
2023 2714 2107 2751 coeli
2129 2715 2238 2760 dicat,

1182 2787 1253 2813 non
1272 2787 1291 2812 a
1311 2786 1450 2812 summo
1476 2782 1582 2811 terra}
1610 2783 1724 2820 usque
1742 2775 1787 2810 ad
1818 2785 1998 2810 summum
2028 2780 2149 2818 terrae,
2168 2786 2242 2812 non

1182 2844 1236 2875 est
1253 2838 1356 2874 facile
1374 2838 1599 2883 dignoscere.
1623 2836 1719 2872 Talis
1738 2836 1834 2872 enim
1848 2837 2012 2881 quaedam
2030 2835 2165 2872 locutio
2185 2841 2242 2873 est

1183 2899 1220 2934 in
1242 2898 1437 2945 Evangelio
1456 2908 1538 2934 eum
1568 2897 1741 2933 Dominus
1771 2898 1823 2933 ait
1843 2898 1939 2943 quod
1965 2898 2240 2944 congregabun-

40 2958 152 3008 oquod
164 2959 228 3003 ait,
243 2971 255 2992 ‹
271 2958 542 2995 similitudinem
558 2957 676 2994 omnis
691 2957 800 3002 piscis
813 2958 1020 3004 quicunque
1030 2962 1113 2993 sunt
1129 2938 1165 2977 D
1184 2965 1242 2996 tur
1258 2959 1361 2996 electi
1380 2958 1457 3004 ejus
1476 2972 1488 2992 ‹
1504 2970 1525 2994 a
1555 2959 1705 2994 summis
1726 2958 1900 2995 coelorum
1919 2969 2034 3004 usque
2055 2959 2099 2995 ad
2117 2959 2242 2996 termi-

41 3020 93 3058 lin
108 3021 211 3066 aquis
225 3022 292 3057 sub
307 3020 428 3056 terra?
444 3033 455 3054 ι
467 3020 522 3055 An
536 3025 572 3055 et
586 3024 874 3068 aquampropter
886 3019 1114 3056 tractabilem

40 3080 317 3127 «corpulentiam
344 3084 479 3116 terram
509 3079 661 3126 intelligi
688 3079 824 3116 voluit?
853 3084 890 3116 et
917 3081 1116 3117 secundum

41 3140 124 3180 lboc
141 3142 238 3188 quod
252 3142 290 3177 in
309 3151 353 3178 eo
380 3141 557 3188 seriptum
574 3146 642 3184 est,
664 3153 677 3175 ‹
700 3141 786 3178 fecit
810 3141 905 3178 Deus
930 3141 1062 3178 coelum
1081 3146 1116 3177 et

41 3205 205 3247 toerram,
232 3216 245 3239 ι
269 3213 383 3250 aquas
413 3203 585 3240 debemus
616 3204 798 3250 accipere.
825 3203 980 3240 Assidue
1015 3192 1115 3240 Scri-

39 3267 163 3311 1ptura
190 3264 323 3311 quippe
351 3263 409 3300 his
435 3263 575 3300 duabus
606 3264 774 3310 partibus
807 3264 1112 3307 commemoratis,

41 3324 264 3362 uuniversum
281 3325 455 3362 mundum
485 3325 562 3361 vult
579 3325 745 3373 intelligi,
775 3326 976 3362 seeundum
997 3325 1110 3362 illud:

60 3395 76 3418 ε
93 3382 273 3422 Auxilium
292 3396 412 3422 meum
431 3397 452 3422 a
464 3386 631 3431 Domino,
651 3387 712 3433 qui
727 3386 813 3423 fecit
830 3387 962 3423 coelum
981 3391 1019 3423 et
1039 3392 1112 3423 ter-

42 3453 135 3480 uram
149 3443 262 3491 (Paul.
281 3446 401 3494 cxx),n
419 3452 457 3483 et
473 3447 746 3485 innumerabilia
761 3447 949 3492 ejusmodi.
963 3446 1020 3482 An
1033 3447 1115 3482 ideo

41 3504 193 3542 ‹dietum
223 3511 278 3544 est
301 3519 314 3543 ι
337 3509 402 3545 sub
422 3513 534 3553 terra,
556 3522 568 3543 ι
592 3511 688 3556 quod
718 3515 815 3546 terra
846 3508 918 3544 nisi
948 3507 1114 3554 superior

42 3576 45 3596 ι
59 3565 163 3610 aquis
175 3568 450 3611 esset,habitari
467 3569 593 3615 utique
607 3569 653 3606 ab
666 3570 872 3607 hominibus
890 3574 926 3605 et
943 3566 1112 3604 animalia

42 3627 204 3660 uteri-ena
220 3625 354 3664 babere
369 3638 440 3665 non
457 3629 601 3675 posset?
619 3641 631 3662 ι
651 3629 703 3666 Ne
723 3630 816 3666 sorte
836 3628 949 3665 oculis
966 3626 1114 3663 elevatis

64 3694 78 3718 ι
97 3681 143 3719 ad
161 3683 307 3729 coelum,
324 3687 450 3725 videas
467 3689 582 3726 solem
597 3694 635 3726 et
651 3689 789 3734 lunam,
810 3695 846 3726 et
875 3689 997 3726 omnia
1017 3693 1115 3724 astra

64 3753 81 3783 e
97 3742 200 3790 coeli3
225 3748 264 3783 et
279 3753 403 3787 errore
428 3748 613 3796 deeeptus,
631 3750 764 3788 adores
779 3759 824 3788 ea
842 3754 880 3787 et
898 3749 1012 3794 colas,
1034 3757 1115 3795 quae

1179 3029 1246 3056 nos
1263 3029 1403 3055 eorum.
1424 3032 1435 3052 ι»
1465 3018 1542 3054 Nisi
1561 3017 1654 3054 sorte
1687 3018 1759 3061 hic,
1790 3027 1859 3054 nec
1878 3018 1915 3054 ln
1943 3018 2149 3055 hominibus
2174 3027 2241 3055 nec

1180 3079 1217 3115 in
1237 3078 1372 3126 angelis
1402 3079 1562 3115 auditum
1581 3087 1663 3115 esse
1681 3078 1759 3115 vult
1789 3078 1954 3125 intelligi,
1977 3077 2072 3123 quod
2098 3078 2134 3112 in
2168 3078 2237 3113 hoc

1179 3140 1311 3188 populo
1336 3139 1472 3176 sactum
1499 3139 1681 3187 singulare
1706 3138 1947 3174 commendat.
1970 3137 2046 3172 Hoc
2063 3137 2159 3172 enim
2178 3145 2236 3172 se-

1182 3201 1331 3247 quitur:
1353 3213 1365 3234 ‹
1389 3198 1428 3236 Si
1447 3199 1583 3236 factum
1599 3205 1654 3235 est
1675 3198 1872 3235 seeundum
1890 3197 2042 3232 verbum
2063 3206 2231 3242 magnum

1184 3260 1265 3302 hoc,
1293 3260 1323 3296 si
1341 3260 1503 3296 auditum
1519 3265 1574 3296 est
1589 3259 1659 3294 tale
1674 3257 1777 3302 quid;
1795 3257 1825 3291 si
1844 3255 1980 3291 audivit
1997 3265 2084 3301 gens
2104 3265 2233 3292 vocem

1183 3320 1325 3357 Domini
1350 3320 1516 3362 viventis,
1537 3317 1714 3363 loquentis
1743 3325 1764 3352 e
1782 3315 1900 3350 medio
1925 3314 2030 3361 ignis,
2062 3315 2235 3361 quemad·

1183 3381 1330 3417 modum
1345 3379 1476 3415 audisti
1495 3384 1532 3413 tu
1550 3383 1586 3414 et
1600 3376 1734 3412 vidisti.
1758 3388 1770 3408 ι
1791 3374 1894 3418 Quod
1917 3374 1947 3411 si
1967 3374 2018 3411 ita
2037 3380 2148 3412 estut
2164 3385 2233 3412 nee

1183 3441 1221 3476 in
1241 3439 1444 3477 hominibus
1476 3448 1542 3474 nee
1576 3437 1611 3472 in
1640 3435 1788 3482 angelis,
1823 3435 1892 3472 hoe
1918 3435 2014 3472 dicat
2043 3435 2230 3480 auditum;

1184 3502 1269 3547 quid
1285 3505 1340 3536 est
1369 3509 1455 3545 ergo
1471 3499 1557 3534 illud
1583 3499 1619 3533 in
1647 3496 1854 3544 Evangelio,
1874 3509 1886 3531 ‹
1910 3506 1931 3533 a
1949 3497 2100 3533 summis
2119 3496 2232 3533 coelo-

1184 3572 1264 3598 rum
1282 3570 1396 3606 usque
1409 3560 1454 3595 ad
1469 3559 1642 3596 terminos
1653 3568 1792 3601 eorum,
1815 3571 1827 3593 ι
1849 3567 1933 3594 cum
1949 3558 2029 3594 sine
2044 3557 2152 3594 dubio
2165 3557 2234 3593 Do-

1183 3621 1302 3658 minus
1321 3620 1370 3655 ait
1392 3620 1461 3656 hoc
1486 3629 1568 3655 eum
1596 3619 1640 3654 de
1657 3618 1851 3654 novissima
1870 3618 2068 3654 electorum
2086 3627 2233 3654 suorum

1183 3679 1460 3726 congregatione
1492 3678 1712 3725 loqueretur.
1750 3678 1850 3724 (Car.
1887 3677 1940 3724 v.)
1976 3690 1988 3711 t
2010 3675 2234 3723 Voeavitque

1188 3755 1200 3778 ‹
1219 3741 1359 3788 Moyses
1374 3749 1518 3778 omnem
1542 3739 1665 3786 lsrael,
1685 3745 1722 3778 et
1750 3740 1842 3779 dixit
1864 3740 1910 3779 ad
1924 3749 2008 3778 eum
2022 3748 2033 3776 ε
2049 3738 2157 3786 Audi,
2175 3737 2232 3798 ¹⁸3
