2540 4016
31 166 147 235 'vm
552 180 911 232 mammonas
931 179 981 230 ia
1003 184 1181 231 nsnuu
1203 182 1514 230 ammonuit.
1541 203 1589 222 -ι
1611 184 1700 232 ns.
1723 186 1785 232 iv.
2178 201 2251 245 8„
2277 226 2288 274 ι

60 270 202 310 ‘noster
215 270 262 308 ad
279 273 342 308 eos
360 269 422 318 qni
445 262 483 308 in
495 267 687 318 promndis
704 267 799 306 etin
818 266 917 313 imis,
933 277 1007 304 non
1023 272 1066 303 ut
1084 266 1134 304 ibi
1151 269 1189 311 A
1202 264 1438 315 temperetur,
1479 262 1624 304 dicente
1664 267 1878 315 Scripturae
1913 267 2000 316 Quas
2034 279 2080 316 ad
2112 279 2254 329 tempus
2286 308 2291 325 Ι.

75 331 298 377 demoretur,
315 328 380 369 sed
406 335 446 368 ut
473 328 525 368 ibi
543 329 733 368 victoriam
762 333 1019 375 consequatur.
1038 324 1135 364 Prae-
1200 327 1352 375 pingues
1381 322 1468 364 facit
1499 324 1626 365 fauces
1655 331 1752 373 tuas,
1770 328 1966 368 novissime
1987 334 2073 374 vem
2096 339 2255 380 amaffflg

76 400 248 440 paremus
269 393 374 432 nobis
401 392 664 438 fortitudinem,
684 401 910 430 assumamus
933 389 1135 437 perfectum
1200 385 1286 424 felle
1303 387 1479 426 invenies.
1501 385 1726 436 Profectiqne
1743 388 1787 424 de
1802 384 1907 425 tram
1917 394 2082 429 venerunt
2097 393 2135 432 in
2147 396 2256 446 Etim,

76 454 200 498 robur,
233 459 274 492 ut
304 454 399 492 inter
427 460 594 492 errorum
624 453 794 492 tenebras
825 457 862 490 et
888 449 1136 490 confusionem
1202 447 1263 483 ubi
1282 452 1383 485 erant
1397 446 1581 486 duodecim
1594 445 1706 496 fontes
1724 454 1910 496 aquarum,
1928 453 1961 486 et
1982 449 2108 497 patmoe
2126 462 2260 501 septua-

76 515 193 552 nucfls
211 514 371 553 sejemjae
391 513 526 554 Christi
542 511 664 554 lumen
682 515 876 564 appareat:
899 510 976 552 mes
994 520 1136 562 quoque
1203 510 1314 557 pinta,
1330 510 1446 557 ibique
1472 510 1713 547 castrametati
1731 515 1826 545 sunt.
1855 504 1964 547 Vides
1986 512 2068 557 post
2087 516 2260 554 amaritu-

75 576 202 611 noster
215 575 348 611 nubem
366 574 499 614 babeat
514 580 776 624 protegentem,
798 568 908 612 uthis
922 569 1074 611 ducibus
1092 573 1138 609 ad

77 638 242 672 sanctam
262 638 396 671 terram
411 638 602 683 pervenire
626 636 823 674 valeamus.
858 631 1081 682 Prosecttque
1096 634 1138 670 de

77 690 206 730 umam
216 700 383 731 venerunt
396 701 518 732 contra
531 690 778 739 Philzahiroth‚
795 705 873 743 quoe
887 694 1026 742 respicit
1040 690 1139 729 Beel-

76 755 219 801 tephon,
236 760 267 790 et
281 757 519 792 castrametati
533 764 614 792 sunt
630 764 751 793 contra
766 754 986 803 Maqdatam.
1002 751 1139 797 Quarta

77 815 222 852 mansio
240 815 495 861 phihahiroth,
515 825 595 864 quae
613 818 874 865 interpretatur
893 823 930 852 os
952 813 1136 851 nobilium.

77 874 165 921 Qnae
185 877 357 913 scribitur
390 886 456 925 per
492 878 651 915 litteram
683 875 783 920 beth,
799 880 835 918 2.
855 873 1009 919 Quidam
1045 873 1139 911 male

76 934 199 974 hiroth
219 938 320 975 villas
349 943 478 984 putant
501 944 511 976 t
530 945 703 986 errorque
722 933 935 974 manifestus
954 941 1022 979 est,
1045 937 1139 982 quod

77 1008 143 1046 pro
171 999 379 1046 supradicto
415 985 592 1036 elemento
618 1015 635 1035 ν
662 998 821 1035 litteram
842 997 975 1044 legant.
997 994 1141 1034 Beelse-

77 1059 173 1104 phun
185 1059 222 1094 in
243 1057 400 1104 linguam
419 1062 579 1094 nostram
593 1058 746 1094 vertitur
764 1057 935 1093 Dominus
952 1058 1139 1105 aquilonis,

77 1119 139 1153 aut
172 1123 336 1153 ascensus
373 1117 536 1165 specutae,
575 1123 639 1154 aut
676 1118 806 1154 liabens
842 1130 987 1154 arcana.
1028 1119 1142 1155 Porro

1205 568 1322 614 dines,
1342 575 1425 617 post
1449 571 1664 617 asperitates
1697 566 1951 614 tentationum,
1973 576 2053 616 quae
2070 573 2106 608 te
2123 582 2265 613 amoena

1205 630 1407 677 suscipiunt
1423 630 1534 667 loca?
1551 630 1630 667 Non
1649 630 1809 667 venisses
1826 629 1871 666 ad
1889 630 2044 676 palmas,
2061 632 2130 669 nisi
2148 637 2266 672 tenta-

1206 691 1346 727 tionum
1378 690 1637 727 amaritudines
1666 689 1888 737 pertulisses.
1926 686 2000 727 Nec¹
2037 691 2198 730 venisses
2225 696 2270 732 ad

1208 749 1434 787 dulcedinem
1466 749 1634 793 fontium,
1678 749 1747 786 nisi
1789 760 1869 797 quae
1897 746 2018 788 tristia
2055 749 2201 789 fuerant
2233 761 2269 791 et

1209 819 1338 858 aspera
1360 821 1585 859 superasses.
1611 812 1690 848 Non
1717 823 1795 859 >quo
1810 812 1886 860 jam
1914 813 1997 851 linis
2031 810 2077 851 sit
2109 815 2272 854 interris

1207 867 1266 909 his
1281 878 1317 909 et
1341 873 1518 920 perfectio
1537 879 1764 919 cunctorum,
1799 872 1862 911 sed
1880 874 2109 921 dispensator
2139 877 2274 913 anima-

1210 943 1293 969 rum
1309 933 1404 970 Deus
1424 933 1461 970 in
1495 934 1574 979 ipso
1602 932 1731 971 itinere
1763 935 1949 971 interserit
1965 931 2149 973 laboribus
2163 937 2274 973 etiam

1210 990 1375 1036 quaedam
1396 989 1600 1040 refrigeria,
1635 994 1765 1039 quibus
1789 993 1906 1031 refota
1935 995 2055 1031 anima
2074 997 2275 1044 promptior

1209 1051 1336 1086 redeat
1371 1051 1414 1087 ad
1450 1051 1610 1098 reliquos
1632 1052 1787 1089 labores.
1823 1052 1916 1089 Elim
1949 1060 2071 1091 tamen
2102 1056 2277 1101 interpre-

1211 1115 1311 1146 tatur
1336 1111 1475 1147 arietes.
1513 1111 1655 1149 Arietes
1673 1111 1785 1149 duces
1817 1116 1901 1150 sunt
1917 1122 2080 1160 gregum.
2102 1115 2171 1160 Qui
2191 1122 2275 1154 sunt

76 1176 215 1223 Magdal
238 1177 442 1224 maynitudo
462 1177 520 1214 vel
542 1179 663 1214 turris.
684 1173 880 1225 Assumpta
902 1177 1013 1224 igitur
1038 1178 1142 1215 sorti·
1160 1174 1192 1215 B
1212 1173 1323 1211 duces
1343 1176 1463 1222 gregis
1488 1171 1625 1211 Christi
1657 1174 1727 1213 nisi
1748 1171 1926 1223 Apostoli,
1950 1176 2011 1224 qui
2040 1182 2123 1214 sunt
2142 1183 2178 1215 et
2195 1178 2278 1217 duo-

76 1238 218 1282 tudine,
240 1235 475 1275 nobilitamur
493 1239 530 1275 in
550 1239 720 1284 Domino,
748 1245 784 1276 et
813 1234 1037 1286 Beelsephon
1057 1238 1142 1277 idoli

77 1308 211 1336 arcana
248 1301 512 1337 contemnimus
529 1329 538 1345 ,
573 1300 740 1348 illiusque
773 1301 1080 1348 magnificentiam
1108 1307 1145 1337 et

77 1361 245 1396 turritam
264 1359 470 1407 superbiam
491 1359 726 1398 declinamus.
743 1357 821 1398 Non
837 1363 933 1398 enim
949 1367 1004 1399 est
1020 1363 1065 1399 ab
1083 1373 1144 1399 au-

77 1425 154 1459 stro
173 1420 270 1457 unde
288 1419 462 1458 Dominus
483 1422 596 1467 venit,
621 1428 656 1459 et
676 1433 696 1458 a
713 1422 863 1458 meridie
884 1423 921 1458 in
947 1433 1017 1468 qua
1038 1433 1145 1469 spon-

77 1491 139 1519 sus
158 1482 334 1518 recumbit
354 1482 390 1516 in
422 1482 596 1527 floribus;
635 1483 697 1519 sed
729 1491 919 1529 possessor
950 1484 1142 1530 aquilonis,

78 1545 177 1580 venti
194 1543 431 1590 frigidissimi,
451 1554 471 1579 a
486 1552 557 1590 quo
577 1546 819 1581 exardescunt
836 1545 931 1582 mala
951 1556 1060 1592 super
1075 1550 1146 1582 ter-

78 1614 170 1640 ram.
191 1606 258 1648 Qui
288 1615 372 1641 eum
397 1605 446 1642 sit
469 1605 742 1653 frigidissimus,
768 1608 914 1645 nomine
940 1608 1067 1644 dexter
1083 1617 1146 1644 vo-

78 1671 199 1708 catur,
237 1665 330 1702 salso
362 1666 432 1702 sibi
466 1676 654 1704 assumens
689 1668 902 1705 vocabulum
936 1669 1082 1706 virtutis
1104 1679 1146 1705 ac

79 1722 249 1768 dexterae,
271 1735 354 1761 cum
388 1730 484 1763 totus
511 1727 558 1763 sit
579 1728 617 1764 in
649 1729 810 1766 sinistra.
846 1725 890 1765 Et
926 1730 1072 1777 profecti
1104 1729 1146 1765 de

81 1786 328 1832 Plzihahiroth,
346 1791 562 1826 transierunt
578 1800 640 1838 per
654 1793 807 1828 medium
821 1803 917 1828 mare
933 1793 969 1828 irt
987 1792 1144 1828 deserto:

80 1854 113 1884 et
133 1849 399 1886 ambulaverunt
429 1851 521 1887 uiam
554 1853 661 1888 trium
693 1853 829 1889 dierum
851 1854 888 1890 in
920 1853 1145 1890 solitudinem

81 1908 225 1952 Eurum,
248 1915 279 1945 et
300 1912 536 1947 castrametati
562 1919 643 1948 sunt
662 1913 699 1949 in
718 1913 837 1950 Mara.
856 1914 989 1959 Quinta
1006 1915 1147 1951 mansio

83 1969 198 2014 Mara,
213 1981 293 2018 quae
311 1972 571 2019 interpretatur
586 1976 800 2011 amaritudo.
823 1976 902 2012 Non
917 1978 1086 2023 poterant
1102 1977 1147 2013 ad

82 2029 195 2066 Rubri
214 2032 325 2067 maris
344 2033 503 2079 gurgites
520 2035 722 2080 pervenire,
750 2039 786 2072 et
819 2034 1045 2073 Pharaonem
1063 2048 1146 2074 cum

1214 1229 1466 1272 decim'l‘ontes
1481 1223 1646 1272 {Verum
1666 1237 1837 1283 quoniam
1854 1247 1927 1274 non
1954 1235 2070 1274 solum
2089 1237 2278 1276 duodecim

1212 1296 1319 1343 elegit
1335 1292 1507 1333 Dominus
1521 1301 1557 1333 et
1573 1296 1738 1333 Salvator
1752 1302 1889 1342 noster,
1907 1294 1969 1334 sed
1980 1301 2016 1334 et
2031 1298 2121 1335 alios
2140 1305 2279 1346 septua-

1212 1357 1325 1404 ginta,
1363 1356 1497 1392 idcirco
1534 1367 1606 1393 non
1631 1358 1747 1394 solum
1782 1358 1971 1395 duodecim
1994 1358 2127 1403 fontes,
2149 1361 2212 1397 sed
2242 1365 2279 1398 et

1213 1416 1441 1463 septuaginta
1472 1418 1621 1453 arbores
1656 1418 1865 1454 scribuntur
1895 1429 1974 1455 esse
1995 1419 2213 1466 palmarum.
2233 1421 2279 1458 Et

1214 1477 1281 1523 ipsi
1303 1478 1400 1513 enim
1422 1477 1574 1524 apostoli
1607 1478 1853 1515 nominantur.
1894 1479 1955 1515 Sic
1983 1485 2019 1516 et
2039 1481 2115 1527 ipse
2147 1480 2280 1520 Paulus

1214 1538 1315 1582 dicit,
1339 1549 1421 1574 cum
1453 1537 1497 1574 de
1528 1538 1794 1575 resurrectione
1824 1538 2025 1576 Salvatoris
2055 1547 2276 1587 exponeret:

1219 1597 1326 1635 Visus
1357 1605 1407 1634 est
1426 1598 1509 1642 iltis,
1530 1600 1661 1646 inquit,
1694 1601 1882 1637 undecim:
1916 1601 2041 1638 deinde
2069 1604 2232 1649 apparuit
2246 1609 2279 1640 et

1215 1661 1375 1696 omnibus
1397 1661 1565 1708 apostolis
1584 1658 1618 1710 (Ι
1639 1659 1721 1698 Cor.
1740 1662 1816 1709 xv).
1837 1661 1876 1698 ln
1890 1672 1961 1709 quo
1976 1664 2135 1700 ostendit
2151 1674 2230 1701 esse
2244 1670 2281 1702 et

1215 1721 1305 1758 alios
1321 1723 1504 1769 apostolos
1522 1723 1683 1769 exceptis
1706 1723 1777 1760 illis
1796 1723 1997 1760 duodecim.
2021 1723 2106 1760 Haec
2124 1725 2277 1762 amoeni-

1215 1789 1272 1820 tas
1287 1789 1369 1830 post
1390 1785 1682 1830 amaritudinem,
1700 1786 1778 1822 haec
1796 1788 1831 1823 te
1850 1787 1993 1833 requies
2010 1792 2091 1834 post
2104 1785 2277 1834 laborem,

1215 1844 1292 1880 brec
1310 1849 1343 1880 te
1359 1847 1475 1892 gratia
1490 1852 1572 1892 post
1594 1846 1831 1883 tentationem
1851 1847 2036 1894 suscipiet.
2062 1842 2131 1884 Sed
2146 1853 2181 1884 et
2195 1849 2280 1886 inde

1215 1906 1365 1951 egressi,
1382 1906 1494 1943 fixere
1512 1908 1668 1944 tentoria
1682 1918 1790 1954 super
1805 1918 1904 1944 mare
1915 1901 2078 1944 Rubrum
2094 1921 2102 1944 :
2122 1903 2282 1956 Profecti

1215 1964 1257 2001 de
1275 1965 1384 2009 Elim,
1401 1968 1637 2003 castrametati
1649 1972 1731 2003 sunt
1748 1968 1793 2004 ad
1808 1979 1904 2004 mare
1916 1967 2087 2004 Rubrum.
2098 1965 2195 2005 Mare
2206 1967 2280 2006 Ru-

1213 2024 1319 2065 brum
1330 2029 1425 2076 quod
1443 2025 1621 2067 Hebraice
1639 2029 1856 2077 diciturjam
1871 2031 1958 2078 suph
1976 2031 2045 2089 ’.γὸ
2062 2032 2280 2078 Εῖ,εεῃῑίῐῐια

83 2101 149 2129 suo
172 2093 334 2129 exercitu
364 2095 487 2131 videre
511 2100 735 2143 pereuntem,
762 2097 831 2134 nisi
859 2104 1052 2145 postquam
1083 2098 1146 2135 ha-
1166 2078 1196 2121 C
1216 2094 1357 2131 mansio
1374 2101 1455 2131 est:
1484 2093 1520 2130 et
1539 2096 1715 2140 quaeritur
1738 2094 1919 2140 quomodo
1942 2098 2025 2140 post
2044 2095 2281 2142 transmigra-

82 2152 237 2191 buerant
251 2155 288 2190 in
305 2162 368 2191 ore
387 2155 606 2201 nobilitates,
630 2163 666 2194 et
686 2157 722 2194 in
755 2156 897 2195 Domini
922 2158 1149 2196 confessione

84 2215 250 2252 virtutes.
267 2215 353 2252 Post
376 2216 670 2262 proedieatlonem
687 2215 890 2266 Evangelll‚
914 2225 997 2266 pOSt
1019 2220 1142 2255 taber-

85 2276 215 2311 nacula
253 2277 602 2324 transmigrantium,
633 2283 715 2326 post
748 2284 973 2326 assumptam
1004 2279 1149 2315 sortitu-

86 2336 220 2379 dinem,
238 2342 320 2382 post
339 2337 579 2375 confessionis
594 2339 832 2384 nobilitatem,
849 2330 1008 2387 pericula
1022 2350 1149 2377 rursus

86 2402 294 2432 occurrunt.
313 2397 415 2434 Unde
436 2398 607 2436 discimus
625 2398 804 2437 cavendas
823 2407 966 2447 semper
983 2400 1147 2444 insidias,

87 2462 124 2492 et
143 2457 378 2494 invocandam
401 2460 686 2497 misericordiam
716 2461 796 2505 Dei,
829 2465 870 2497 ut
901 2460 1150 2508 insequcntem

88 2516 313 2554 Pharaonem
337 2520 516 2565 possimus
551 2521 722 2569 effugere,
755 2527 790 2558 et
815 2523 917 2558 nobis
941 2523 976 2557 in
997 2522 1151 2568 spiritali

88 2578 267 2623 baptismo
287 2580 496 2616 suffocetur.
516 2583 682 2628 Egressis
703 2584 747 2618 de
767 2583 858 2618 mari
875 2581 998 2618 Rubro
1017 2588 1150 2618 occur-

89 2638 138 2673 rit
155 2648 298 2674 eremus
327 2639 410 2683 Sur,
441 2651 522 2686 quae
551 2647 587 2677 et
610 2642 764 2678 solitudo
789 2639 919 2679 Etham
945 2643 1088 2679 dicitur.
1110 2642 1150 2680 ln

90 2707 160 2742 qua
199 2699 315 2734 tribus
355 2700 481 2736 dicbus
520 2701 762 2748 ingredientes
782 2730 791 2747 ‚
832 2711 905 2739 non
945 2699 1150 2740 habuerunt

90 2768 247 2804 aquam;
283 2765 319 2795 et
352 2762 564 2806 perveniunt
586 2762 631 2798 ad
661 2762 811 2807 tiaram,
846 2773 926 2810 quae
957 2772 999 2800 cx
1021 2765 1150 2801 amari-

91 2821 215 2856 tudine
231 2830 363 2857 nomen
384 2824 535 2869 accepit.
569 2823 729 2860 Habebat
750 2822 830 2861 lons
856 2832 1000 2871 aquam,
1020 2831 1055 2862 et
1074 2826 1150 2862 dul-

91 2882 252 2918 cedinem
286 2893 356 2919 non
390 2884 556 2920 habebat.
602 2884 803 2922 Murmurat
835 2885 987 2933 populus
1024 2887 1149 2924 videns

93 2951 217 2988 aquas,
253 2948 289 2979 et
324 2949 450 2989 potare
471 2955 542 2980 non
576 2945 769 2982 sustinens.
805 2944 967 2993 Intellige
996 2945 1147 2991 Marum,

91 3011 203 3048 aquas
216 3003 414 3040 occidentis
434 3004 575 3041 litterae.
596 3006 733 3050 Quibus
759 3006 790 3042 si
823 3006 1038 3043 immittatur
1063 3017 1149 3043 cou-

91 3063 200 3101 fessio
215 3067 346 3108 crucis,
365 3072 397 3102 et
413 3068 592 3112 passionis
611 3068 807 3104 Dominicoe
826 3072 1053 3104 sacramenta
1067 3067 1149 3115 jun-

90 3131 235 3172 gantur,
257 3136 363 3162 omne
383 3129 477 3172 quod
497 3130 704 3175 impotabile
723 3133 759 3166 et
778 3130 881 3166 triste
901 3131 1090 3166 videbatur
1106 3141 1149 3166 ae

90 3185 260 3230 rigidum,
278 3190 441 3222 vertetur
465 3188 502 3224 in
523 3187 761 3225 dulcedinem.
786 3184 888 3226 Unde
912 3194 949 3226 et
974 3184 1147 3236 scriptum

90 3252 172 3280 est:
189 3244 386 3283 Constituit
401 3247 496 3284 Deus
512 3247 644 3295 populo
665 3250 780 3296 legem
798 3254 833 3286 et
849 3250 998 3296 judicia,
1019 3253 1055 3286 et
1070 3252 1148 3286 ten-

91 3307 182 3342 tavit
198 3314 295 3343 eum.
318 3307 386 3344 Ubi
419 3308 516 3345 euim
537 3310 745 3358 magnitudo
765 3312 902 3358 gratiae,
936 3311 985 3347 ibi
1005 3311 1146 3358 magni-

79 3368 179 3404 itudo
207 3369 441 3407 discriminis.
474 3371 548 3408 Nec
581 3373 752 3409 terrearis
782 3372 812 3410 si
846 3377 928 3420 post
957 3373 1148 3409 victoriam

93 3427 218 3466 mins
234 3430 280 3466 ad
298 3430 590 3477 amaritudinem,
611 3434 694 3480 quia
714 3437 840 3470 verum
860 3428 995 3479 pascha
1015 3430 1148 3469 facien-

94 3490 166 3530 tes,
191 3493 319 3536 azyma
348 3496 431 3527 oum
451 3491 751 3530 amaritudinibus
781 3487 983 3534 comedunt,
1014 3492 1051 3527 et
1069 3493 1149 3526 ten-

76 3547 184 3586 meo
208 3551 470 3597 probationem,-
492 3551 662 3600 probatio
686 3557 775 3591 vero
806 3558 921 3600 spem,
955 3554 1037 3598 spes
1052 3550 1149 3598 parit

96 3603 264 3648 mum.-
284 3612 389 3659 Apud
414 3614 575 3651 medieas
606 3618 750 3662 qnoque
782 3613 945 3661 quaedam
962 3608 1147 3650 antidotus

99 3663 232 3707 nom
246 3665 426 3711 ‘maeres
451 3674 659 3723 temperans
681 3681 726 3712 ex
757 3673 998 3712 mnan-{tudine
1031 3669 1149 3710 nomi-

100 3730 224 3772 Μῦς
239 3724 329 3776 *a
348 3725 464 3772 uncis
491 3733 696 3772 osoenutun·
722 3734 916 3772 restituens
943 3733 1146 3771 sanitatem.

71 3823 77 3827 .
105 3788 167 3826 She
183 3791 595 3840 embadum
620 3796 730 3840 atque
756 3793 898 3844 muria
914 3792 1152 3831 amaritudine

1029 3903 1046 3912 κ

1167 2980 1204 3023 1)

1218 2155 1354 2192 tionem
1373 2156 1485 2191 maris
1507 2152 1622 2192 Rubri
1644 2159 1680 2192 et
1700 2152 1810 2192 fontis
1834 2153 1934 2190 Mara
1955 2160 1991 2191 et
2014 2155 2107 2191 Elim
2136 2165 2282 2192 rursum

1219 2212 1265 2252 ad
1282 2227 1384 2253 mare
1404 2216 1568 2252 Rubrum
1588 2215 1771 2259 venerint,
1791 2215 1864 2251 nisi
1885 2214 1977 2252 sorte
1998 2213 2034 2251 in
2053 2215 2184 2252 itinere
2196 2225 2281 2261 per-

1218 2277 1385 2324 gentibus
1416 2277 1517 2314 sinus
1547 2276 1694 2324 quidam
1726 2276 1836 2312 maris
1862 2277 2033 2319 occurrit,
2053 2276 2155 2321 juxta
2175 2285 2282 2320 quem

1218 2338 1465 2372 castrametati
1484 2342 1578 2373 sunt.
1594 2334 1700 2373 Aliud
1715 2343 1768 2372 est
1781 2337 1877 2372 enIm
1896 2336 2047 2371 transire
2062 2345 2175 2378 mare,
2186 2334 2283 2371 aliud

1218 2397 1256 2434 in
1274 2398 1440 2443 proximo
1455 2397 1564 2444 ligere
1584 2397 1827 2433 tabernacula.
1861 2395 1914 2431 Ex
1943 2393 2072 2441 quibus
2090 2405 2280 2431 monemur

1218 2459 1327 2495 etiam
1356 2463 1439 2504 post
1459 2458 1702 2505 evangelicam
1733 2457 1958 2503 disciplinam
1977 2462 2012 2492 et
2031 2455 2130 2492 cibos
2149 2455 2281 2493 dulcis-

1218 2518 1330 2555 simos
1351 2518 1628 2564 triumphorum,
1652 2528 1826 2565 apparere
1848 2517 1951 2553 nobis
1971 2517 2150 2553 interdum
2166 2527 2279 2562 mare,

1219 2582 1254 2614 et
1274 2579 1455 2624 przcterita
1480 2578 1689 2614 discrimina
1718 2578 1803 2624 poni
1834 2572 1880 2613 ob
1899 2576 2033 2614 oculos.
2068 2577 2279 2623 Quanquam

1219 2638 1340 2675 multae
1361 2637 1574 2675 differentiae
1594 2639 1641 2675 sit
1663 2639 1815 2674 transire
1831 2648 1945 2681 mare,
1976 2644 2012 2674 et
2039 2647 2139 2673 marc
2156 2638 2282 2684 procul

1219 2700 1396 2746 aspicere.
1418 2700 1578 2736 Verbum
1594 2699 1672 2744 jam
1691 2699 1792 2745 suph,
1815 2698 1908 2744 apud
1924 2695 2107 2741 liehraeos,
2130 2707 2175 2733 ex
2189 2698 2281 2734 mari

1218 2766 1255 2796 et
1273 2761 1382 2797 rubro
1401 2761 1640 2806 compositum
1666 2764 1734 2796 est.
1764 2757 1862 2805 Suplt
1882 2763 2001 2794 autem
2021 2763 2057 2794 et
2078 2758 2227 2794 rubrum
2246 2763 2283 2794 et

1218 2826 1359 2871 scirpus
1396 2830 1559 2861 vocatur.
1595 2823 1698 2860 Unde
1731 2833 1924 2869 possumus
1967 2821 2143 2867 suspicari
2186 2821 2282 2867 quod

1217 2886 1384 2922 venerint
1429 2885 1476 2921 ad
1531 2879 1697 2931 paludem
1740 2883 1931 2929 quamdam
1978 2887 2015 2918 et
2060 2881 2176 2917 lacum
2219 2879 2282 2926 qui
2327 2928 2330 2931 ι

1220 2951 1366 2983 carecto
1387 2951 1423 2982 et
1449 2944 1569 2991 juncis
1587 2945 1715 2990 plenus
1746 2944 1866 2980 suerit.
1888 2940 1990 2986 Quod
2014 2947 2132 2977 autem
2153 2951 2280 2977 omnes

1222 3007 1522 3053 congregationes
1540 3014 1717 3050 aquarum
1745 3002 1933 3049 Scriptura
1954 3006 2077 3038 sancta
2105 3009 2204 3035 mare
2219 3010 2281 3035 vo-

1222 3076 1293 3111 cet,
1314 3067 1409 3103 nulla
1433 3067 1609 3103 dubitatio
1638 3068 1707 3103 est.
1734 3063 1819 3101 Haee
1837 3063 1976 3100 mansio
2007 3063 2044 3098 in
2061 3060 2183 3098 Exodo
2210 3070 2280 3095 non

1222 3129 1386 3171 habetur,
1405 3128 1467 3164 scd
1484 3128 1660 3174 scriptum
1675 3131 1731 3163 est
1746 3135 1812 3172 pro
1827 3135 1869 3160 ea
1882 3123 1975 3169 quod
1991 3122 2034 3158 de
2050 3120 2141 3156 mari
2158 3118 2279 3154 Rubro

1221 3188 1388 3225 venerint
1405 3189 1450 3224 ad
1465 3189 1646 3224 desertum
1666 3186 1744 3229 Sin,
1767 3194 1846 3230 quae
1865 3187 1919 3218 est
1935 3182 2028 3216 inter
2045 3179 2138 3215 Elim
2167 3183 2204 3213 et
2221 3177 2277 3213 Si-

1222 3251 1296 3295 nai,
1318 3251 1443 3298 quinta
1465 3249 1604 3286 decima
1635 3249 1691 3283 die
1725 3244 1860 3300 mensis
1893 3239 2041 3294 secundi
2062 3236 2277 3284 egressionis

1221 3320 1348 3346 eorum
1362 3321 1406 3346 ex
1422 3304 1592 3356 AEgypto,
1610 3307 1646 3342 id
1664 3310 1730 3346 est,
1749 3297 1931 3349 trigesima
1950 3299 2067 3354 prima
2086 3303 2277 3354 postquam

1221 3369 1359 3417 egressi
1375 3374 1458 3405 sunt
1475 3367 1519 3402 de
1543 3361 1727 3401 Ramesse.
1752 3361 1797 3416 Et
1813 3359 1957 3407 profecti
1976 3357 2018 3394 de
2032 3358 2122 3394 mari
2141 3351 2274 3402 Rubro,

1221 3427 1460 3465 castrametati
1472 3430 1553 3460 sunt
1568 3425 1604 3459 in
1617 3423 1748 3458 deserto
1765 3414 1842 3475 Sin.
1861 3417 1996 3474 Octa‘t‘a
2004 3418 2163 3476 mansio,
2178 3417 2274 3461 licet,

1217 3485 1323 3534 juxta
1354 3485 1516 3521 ordinem
1552 3472 1682 3525 Exodi,
1716 3473 1868 3526 septima
1900 3479 1960 3516 sit.
1992 3475 2064 3516 Sed
2091 3478 2276 3516 sciendum

1221 3543 1318 3593 quod
1330 3543 1448 3580 omnis
1468 3547 1583 3588 usque
1597 3533 1642 3576 ad
1662 3544 1818 3576 montem
1837 3537 1938 3574 Sinai
1963 3547 2106 3575 eremus
2124 3536 2188 3572 Sin
2209 3545 2275 3572 vo-

1220 3601 1336 3649 cetur,
1357 3609 1394 3640 et
1416 3613 1462 3640 ex
1482 3606 1557 3639 tota
1583 3600 1768 3648 provincia
1795 3599 1904 3636 etiam
1923 3597 2025 3636 locus
2043 3597 2151 3634 unius
2173 3605 2276 3632 man-

1221 3664 1334 3706 sionis
1351 3674 1482 3702 nomen
1497 3662 1690 3709 acceperit.
1712 3658 1774 3699 Sic
1790 3665 1827 3719 et
1841 3651 1944 3696 Moab
1961 3663 2035 3694 tam
2052 3656 2152 3713 urbis
2166 3665 2275 3704 quam

1221 3725 1416 3777 'provinciae
1427 3733 1559 3763 nomen
1574 3729 1641 3761 est.
1658 3715 1698 3760 ln
1712 3719 1782 3759 hac
1797 3714 1988 3758 solitudine
2004 3718 2164 3778 quinque
2178 3727 2277 3756 man-

1225 3789 1346 3831 siones
1362 3790 1459 3827 sunt.
1477 3780 1557 3824 lam
1587 3780 1700 3842 Suph.
1719 3782 1763 3820 de
1781 3791 1847 3835 qua
1867 3790 1973 3828 supra
2003 3778 2175 3823 diximus,
2196 3786 2274 3819 ere-

1154 3898 1184 3911 ns
1197 3895 1216 3908 σί
