2540 4016
305 259 373 302 ,ω
732 237 772 271 B.
799 229 966 269 RABAN}
990 225 1087 273 MAI]
1093 223 1136 260 1³1
1161 212 1374 267 ΑΒοΗΙΕΡ,

304 334 385 375 dici.
417 330 533 372 oleum
560 316 740 370 unctionis
765 316 928 356 sanetum.
959 305 1027 346 erit
1053 303 1128 369 ‘hoc
1159 296 1261 359 vobis
1283 299 1331 358 ἰιι
1350 290 1387 339 Α,

300 374 483 440 progenies
500 383 650 423 vestras,
675 375 790 419 Super
806 377 950 414 carnem
965 366 1122 405 hominis
1136 364 1208 392 non
1228 353 1334 419 linte-

301 457 370 492 tur‚
396 450 432 484 et
451 437 642 485 secundum
660 430 956 477 compositionem
982 425 1074 461 hanc
1102 425 1172 458 non
1192 413 1334 480 iacietis

301 508 400 548 vobis
415 506 450 542 in
468 500 552 549 ipsis
569 494 744 542 similiter.
771 489 940 528 Sanctum
956 486 1023 524 est,
1040 483 1076 514 et
1096 472 1334 540 sanctificatio

303 569 371 607 erit
382 563 492 603 vobis.
520 557 724 603 Quicunque
740 547 865 584 fecerit
883 541 1061 583 similiter,
1080 539 1335 580 etquicunque

303 629 398 669 (labit
415 626 457 672 de
473 632 514 669 eo
535 623 663 657 exterae
681 609 831 652 nationi,
854 603 1011 641 interibit
1035 600 1080 635 de
1103 595 1235 660 populo
1257 601 1335 627 suo.

302 689 404 724 Jubet
438 683 542 729 igitur
575 685 643 713 non
677 671 762 707 solis
792 663 1051 704 sacerdotibus,
1072 658 1135 695 sed
1170 660 1337 721 universo

300 744 426 793 populo
443 738 560 777 lsrael,
583 741 622 771 ut
641 743 710 768 non
731 730 837 764 saciat
865 725 934 760 tale
954 723 1174 767 unguentum
1195 724 1230 748 in
1251 719 1338 746 usus

302 809 483 843 humanos.
523 797 596 832 Hoc
626 797 681 829 est
710 790 804 827 enim
833 785 927 831 quod
958 782 1036 817 ait:
1060 778 1168 823 Super
1201 780 1339 807 carnem

304 863 446 902 hominis
477 870 543 895 non
573 855 723 890 linietur.
753 846 924 884 Prohibet
955 850 1040 886 ergo
1059 836 1174 873 simile
1204 831 1279 867 lieri
1305 829 1340 863 in

305 935 391 962 usus
409 931 503 963 suoS,
522 923 557 953 et
576 913 759 958 interitum
784 908 954 945 minatur,
980 901 1009 936 si
1037 898 1224 944 quisquam
1242 889 1341 925 simi-

305 988 387 1023 liter
405 982 536 1020 fecerit,
560 979 595 1014 id
615 980 683 1018 est,
704 974 923 1017 unguentum
945 964 989 998 ad
1016 969 1102 996 usus
1121 966 1204 992 suos
1219 950 1342 987 simili-

306 1054 359 1083 ter
376 1043 489 1080 simile
518 1035 722 1075 confecerit,
744 1030 800 1066 vel
815 1028 981 1070 cuiqnam
1009 1022 1091 1056 binc
1110 1014 1267 1052 dederint
1285 1021 1344 1044 ex-

308 1113 392 1143 teroe
422 1099 570 1138 nationi.
603 1098 654 1131 Ac
684 1103 747 1147 per
780 1091 847 1124 hoc
871 1085 964 1131 quod
1001 1082 1064 1122 ait,
1100 1071 1344 1113 Sanctiticatio

308 1167 377 1203 erit
388 1163 583 1199 vobiscum,
603 1164 683 1197 eum
697 1149 824 1198 populo
840 1145 947 1182 lsrael
963 1141 1129 1177 universo
1147 1135 1213 1170 dici
1229 1132 1343 1178 jubet,

309 1237 381 1264 non
406 1224 507 1259 video
540 1217 624 1264 quid
655 1212 862 1255 intelligam,
899 1205 966 1240 nisi
997 1201 1090 1247 quotl
1119 1198 1248 1232 licebat

312 1286 452 1333 quando
467 1279 656 1318 veniebant
671 1284 751 1310 cum
774 1271 847 1306 suis
868 1268 1017 1318 (piisque
1041 1259 1247 1297 uulneribus
1271 1260 1346 1288 tan-

312 1356 395 1394 gere
415 1338 695 1380 tabernaculum,
716 1338 751 1368 et
771 1328 944 1376 tangendo
963 1320 1208 1360 sanctificabat

312 1402 456 1449 Isidor.)
474 1402 621 1446 Propter
631 1395 715 1434 illuzl
727 1394 843 1428 oleum
857 1399 924 1434 quo
934 1390 1058 1422 eum-ta
1071 1385 1240 1428 peruncta
1252 1379 1347 1415 sunt,

312 1471 348 1503 et
387 1465 469 1503 hinc
500 1462 644 1505 dietum,
679 1454 798 1493 Omnis
828 1452 885 1498 qui
924 1448 1030 1493 tanyz't
1055 1439 1348 1485 sanctificabitm·;

312 1535 383 1562 non
403 1530 520 1559 tamen
539 1521 589 1556 sie
608 1513 904 1563 quemadmodum
926 1505 1144 1543 sacerdotes,
1165 1500 1223 1546 qui
1243 1498 1350 1532 etiam

1213 1327 1265 1351 ur.
1278 1313 1348 1361 (Ex

297 1592 352 1621 ‘ut
370 1582 569 1620 sacerdotio
590 1578 820 1623 fungerentur
838 1571 1060 1617 ungebantur
1079 1575 1122 1600 ex
1145 1563 1219 1597 illo.
1238 1560 1352 1597 Porro

313 1648 531 1690 unguentum
548 1647 617 1684 quo
646 1634 856 1681 perungitur
881 1624 1163 1664 tabernaculum,
1198 1619 1353 1654 chrisma

316 1709 456 1747 estque
479 1699 621 1743 ungitur
640 1694 752 1730 fidelis
780 1689 944 1736 populus,
973 1687 1008 1720 in
1039 1684 1167 1729 quibus
1191 1678 1356 1714 diviuitas

317 1769 485 1808 tauquam
513 1759 547 1802 in
573 1753 798 1795 tabernaculo
826 1750 973 1791 habitat.
1001 1746 1122 1781 Potrst
1142 1742 1284 1788 quidem
1306 1739 1358 1773 in-

319 1821 429 1867 telligi
449 1820 516 1855 boc
535 1820 752 1862 unguentum
766 1812 871 1847 etiam
888 1810 1035 1845 virtutes
1056 1809 1274 1840 sanctorum,
1297 1808 1359 1834 seu

319 1877 670 1926 otlorjustitiaelppge
691 1875 832 1919 lateque
843 1870 1003 1911 diffusus,
1021 1868 1062 1902 de
1077 1875 1147 1912 quo
1164 1863 1250 1903 dicit.
1266 1860 1360 1906 Apo-

320 1941 449 1978 stolus:
462 1939 531 1975 Deo
542 1943 655 1974 autem
670 1935 816 1981 qratias,
828 1931 885 1978 qui
899 1927 1086 1972 triumphat
1103 1935 1164 1959 nos
1177 1923 1211 1957 in
1222 1921 1360 1955 Christo

324 2002 421 2044 Jesu,
437 2006 467 2036 et
485 1999 622 2037 odorem
638 1995 785 2041 justitia²
799 1991 997 2040 manifestat
1014 1997 1074 2033 per
1091 1995 1152 2020 nos
1165 1983 1196 2029 (1
1211 1981 1292 2022 Cor,
1305 1978 1359 2025 ιι).

709 2051 857 2089 CAPUT
884 2049 975 2090 xlv,

322 2120 374 2155 De
392 2116 602 2162 confectione
617 2112 849 2160 thymiamatis
867 2120 908 2147 eat
920 2103 1175 2154 pretiosissimis
1194 2100 1360 2142 aromati-

605 2161 679 2202 bus,
705 2166 735 2194 et
759 2154 909 2192 Beseleel
935 2154 1079 2198 artifice.

372 2223 535 2268 Dixitque
551 2220 719 2255 Dominus
739 2217 783 2252 ad
806 2216 947 2260 Moysen
968 2222 978 2246 .·
997 2213 1102 2247 Sume
1125 2210 1185 2244 tibi
1202 2212 1361 2243 aromata

326 2289 455 2324 stacten
469 2290 498 2318 et
517 2281 663 2327 onycha,
679 2278 863 2325 yalbanum
887 2275 965 2309 boni
985 2273 1114 2314 odoris,
1136 2277 1167 2306 et
1184 2270 1260 2304 thus
1280 2268 1366 2302 Iuci-

327 2343 519 2379 dissimum.
539 2338 701 2385 AEqualis
730 2335 889 2382 ponderis
908 2339 1005 2378 erunt
1025 2332 1153 2366 onmia.
1175 2328 1365 2373 Faciesque

327 2404 516 2449 thymiama
548 2397 771 2444 coptpositnm
804 2405 902 2440 opere
940 2389 1185 2438 unyuentarii,
1226 2387 1366 2422 mistum

326 2465 504 2510 diligenter
533 2467 563 2494 et
594 2469 732 2506 purum,
759 2463 789 2491 et
814 2454 1084 2499 sanctificatione
1111 2450 1363 2496 diquissimmn.

326 2522 477 2571 Cumque
494 2521 529 2555 in
541 2519 777 2554 tenuissimum
792 2514 961 2560 pulverem
977 2513 1135 2546 universa
1154 2507 1364 2547 contuderis,

326 2595 429 2634 pones
447 2593 488 2617 ex
501 2593 539 2622 eo
558 2590 674 2615 coram
705 2574 926 2613 tabernaculo
952 2571 1157 2613 testimonii,
1178 2572 1212 2604 in
1236 2569 1309 2604 Ioco
1331 2569 1367 2602 in

327 2657 393 2692 qno
426 2642 594 2691 apparebo
632 2641 705 2675 tibi.
748 2638 913 2679 Sanctum
945 2642 1144 2670 sanctorum
1178 2632 1241 2666 erit
1274 2629 1368 2665 vobis

330 2705 530 2750 tbymiama.
549 2700 666 2734 Talem
682 2697 960 2743 compositionem
983 2706 1050 2729 non
1074 2693 1206 2739 facietis
1226 2692 1263 2725 in
1286 2700 1368 2724 usus

331 2770 470 2803 vestros,
497 2761 578 2806 quia
603 2765 758 2793 sanctum
780 2763 826 2790 est
852 2756 1012 2790 Domino.
1038 2754 1148 2788 Homo
1175 2754 1370 2799 quicunque

335 2822 451 2868 fecerit
485 2818 608 2860 simile,
630 2824 667 2852 ut
695 2816 797 2851 odore
828 2814 922 2848 illius
947 2814 1158 2858 perfruatur,
1179 2812 1299 2857 peribit
1329 2811 1371 2845 de

332 2881 466 2932 populis
482 2880 552 2915 suis
568 2877 696 2925 (Exod.
717 2874 816 2920 xxx):
837 2874 902 2921 [Ex
922 2872 1147 2919 Augustino]
1169 2872 1269 2915 Quod
1284 2882 1374 2916 prae-

334 2942 429 2986 cepit
442 2940 569 2986 quibus
597 2936 815 2978 aromatibus
845 2934 905 2968 [iat
932 2933 1139 2979 thymiama,
1166 2932 1201 2966 id
1228 2937 1295 2973 est,
1317 2932 1372 2966 in-

335 3010 496 3046 censum,
527 3003 561 3034 et
589 2997 675 3032 dicit
708 2994 942 3041 unguentario
975 3003 1073 3028 more
1107 2998 1246 3028 coctum
1280 3002 1366 3037 opus

335 3057 574 3106 unguentarii,
606 3066 678 3091 non
699 3044 778 3090 ideo
805 3059 931 3099 putare
950 3054 1119 3088 debemus
1150 3057 1368 3097 unguentum

337 3119 429 3161 fieri,
450 3117 486 3153 id
503 3122 572 3159 est,
601 3117 693 3156 unde
717 3115 849 3159 aliquid
879 3119 1046 3159 ungatur.
1081 3112 1151 3148 Sed
1172 3118 1209 3146 ut
1237 3112 1369 3146 dictum

335 3183 406 3221 est,
437 3177 628 3224 tbymiama
658 3175 714 3211 vel
740 3175 937 3215 incensum,
969 3173 1060 3218 quod
1090 3172 1292 3216 imponatur
1322 3170 1371 3205 illi

337 3238 439 3274 altari
467 3236 626 3286 incensi,
657 3235 717 3271 ubi
749 3245 820 3270 non
848 3234 979 3270 licebat
1011 3231 1220 3274 sacrificari,
1241 3236 1278 3267 et
1294 3235 1371 3266 erat

338 3301 432 3336 intus
447 3299 482 3334 in
508 3296 640 3339 Sancta
656 3302 874 3338 sanctorum.
896 3293 973 3342 (Ex
1001 3292 1168 3339 Isidoro.)
1186 3292 1372 3327 lneensum

339 3364 456 3399 autem
475 3356 570 3404 quod
599 3366 644 3392 ex
669 3361 823 3402 quatuor
843 3353 1102 3390 odoratissimis
1129 3351 1318 3398 generibus
1338 3350 1373 3384 in

338 3408 530 3452 maximam
558 3414 792 3451 subtilitatem
816 3411 1059 3454 comminutis,
1092 3411 1128 3446 id
1157 3415 1224 3453 est,
1245 3413 1373 3451 stacte,

342 3476 490 3525 onyche,
515 3475 666 3522 galbano
693 3478 730 3510 et
754 3474 860 3509 thure
877 3471 1072 3518 componit,
1094 3471 1171 3506 baee
1192 3469 1228 3504 in
1261 3470 1375 3504 torma

343 3534 543 3579 orationum
568 3533 721 3578 fidelium
735 3534 929 3569 constituta
951 3541 1046 3574 esse,
1070 3531 1195 3567 beatus
1221 3529 1377 3565 soannes

345 3592 488 3647 Apocal-
503 3592 656 3628 ostendit
673 3605 682 3628 :
702 3591 746 3628 Et
761 3590 808 3628 im
824 3591 983 3638 quidem,
1003 3589 1134 3637 inquit,
1155 3590 1275 3641 viyinti
1291 3599 1379 3635 qua·-

347 3661 425 3691 tuor
433 3653 584 3690 seniores
601 3652 819 3701 prociderunt
836 3658 915 3688 ante
931 3663 1072 3700 agnum,
1092 3652 1255 3688 habentes
1269 3662 1378 3688 unus·

349 3714 488 3771 quiaque
513 3713 663 3748 citharas
687 3718 722 3748 et
749 3711 886 3760 phialas
921 3722 1046 3749 aureas
1078 3711 1198 3760 plenae
1230 3712 1376 3756 incestui,

344 3765 427 3843 'ta
443 3767 536 3845 aa
561 3774 734 3850 aare
752 3778 968 3832 mm*-
997 3764 1208 3850 ‘imam
1230 3778 1279 3850 ε’
1297 3780 1379 3854 ⁵13⁹*

1379 2075 1409 2116 C

1401 207 1608 259 mosum.
1635 203 1826 259 erenum.
1847 201 1969 240 PARS
1992 201 2022 237 ι.
2371 196 2444 236 22⁰

1400 285 1493 323 ciem
1514 271 1668 330 quatuor
1685 280 1955 321 elementorum,
1975 278 2103 312 horum
2123 278 2278 320 quatuor
2293 274 2446 311 odorum

1401 352 1540 384 naturae
1548 343 1752 392 significare
1762 341 1950 377 videantur
1961 350 1969 374 ε
1979 342 2020 374 ut
2029 335 2214 382 thus'quod
2222 332 2448 380 perlucidum

1402 411 1470 450 est,
1492 405 1568 441 aeri
1587 409 1828 457 comparetur,
1851 404 1965 436 stacte
1980 407 2066 434 vero
2081 396 2198 441 aquiS‚
2219 394 2395 441 galbanus
2409 398 2448 430 et

1402 477 1495 514 onyx
1517 472 1623 502 terrae
1643 469 1752 510 atque
1775 461 1863 508 igni,
1883 465 1922 496 ut
1939 469 2004 506 per
2027 459 2105 494 haec
2125 456 2287 492 omnium
2311 464 2393 501 quse
2409 454 2447 489 in

1402 526 1493 562 coelo
1518 530 1554 560 et
1581 523 1673 559 infra
1705 529 1835 557 coetum
1865 524 1902 555 et
1932 519 1969 554 in
1996 524 2094 554 terra
2116 521 2154 551 et
2179 516 2215 550 in
2238 515 2340 561 aquis
2367 520 2450 552 sunt

1401 585 1573 631 placitum
1593 582 1668 617 Deo
1686 581 1872 615 incensum
1888 578 1935 613 sit
1950 578 2028 612 haec
2045 579 2222 612 creaturae
2239 574 2355 610 laudis
2370 583 2452 611 ota-

1403 646 1466 680 tio.
1491 643 1703 689 Thymiama
1722 650 1766 675 ex
1787 638 2006 674 aromatibus
2029 636 2265 682 compositum
2286 634 2451 677 facimus,

1405 715 1486 741 eum
1517 704 1552 738 in
1580 701 1684 737 altari
1719 700 1803 736 boui
1839 699 1959 744 operis
1987 698 2160 732 virtutum
2191 695 2456 740 multiplicitate

1406 763 1622 799 redolemus.
1653 759 1755 804 Quod
1781 759 1925 793 mistum
1943 763 1979 792 et
1998 766 2129 802 purum
2147 754 2186 790 fit
2204 766 2212 789 ε
2233 755 2316 800 quia
2341 765 2456 801 quan-

1407 829 1484 859 tum
1503 822 1618 857 virtus
1644 818 1769 853 virtuti
1784 818 1970 863 jungitur,
2001 821 2142 850 tantum
2166 807 2458 849 incensum'boni

1408 883 1527 928 operis
1560 881 1733 916 sincerius
1758 878 1966 919 exliibetur;
2003 876 2063 911 ubi
2093 880 2128 910 et
2153 875 2243 910 bene
2277 871 2461 918 subjungi-

1409 949 1495 978 tur:
1517 940 1671 985 Cumque
1698 940 1735 974 in
1764 938 2005 973 tenuissimum
2027 934 2202 981 pulverem
2236 934 2275 968 in
2302 934 2460 968 universa

1410 1002 1623 1043 contuderis,
1642 1010 1746 1045 pones
1766 1008 1808 1032 ea:
1824 1009 1862 1032 eo
1881 1007 1999 1031 coram
2018 993 2214 1029 testimonio
2230 991 2458 1028 tabernaculi.

1410 1063 1450 1098 In
1471 1061 1721 1097 tenuissimum
1747 1057 1928 1103 pulverem
1956 1060 2119 1090 aromata
2146 1053 2314 1087 universa
2343 1056 2466 1086 conte-

1412 1123 1539 1164 rimus,
1562 1131 1643 1156 cnm
1672 1121 1765 1155 bona
1789 1122 1911 1153 nostra
1934 1125 2014 1161 quae
2035 1115 2070 1149 in
2089 1113 2161 1159 pilo
2187 1112 2307 1150 cordis
2327 1111 2465 1146 occulta

1280 1193 1344 1233 eis,
1365 1178 1396 1215 B
1416 1182 1638 1218 discussione
1671 1179 1866 1220 tundimus,
1902 1181 1938 1212 et
1969 1175 1998 1210 si
2034 1174 2214 1209 veraciter
2243 1173 2337 1208 bona
2371 1177 2466 1211 sunt,

1417 1241 1596 1277 subtiliter
1617 1243 1866 1274 retractamus.
1897 1235 2066 1273 Aromata
2087 1243 2174 1278 ergo
2193 1232 2230 1266 in
2246 1231 2394 1276 pulvere
2413 1238 2471 1264 re-

1416 1299 1543 1349 digere
1561 1306 1615 1336 est
1634 1301 1788 1334 virtutes
1811 1297 2042 1343 recogitando
2070 1301 2200 1337 terere,
2233 1299 2269 1329 et
2291 1302 2404 1338 usque
2427 1291 2472 1327 ad

1418 1364 1652 1400 subtilitatem
1671 1360 1820 1396 occultae
1849 1357 2126 1395 examinationis
2143 1365 2327 1391 revocare.
2347 1354 2391 1389 Et
2409 1362 2473 1388 no-

1418 1424 1565 1459 tandum
1598 1422 1692 1468 quod
1720 1421 1764 1455 tle
1785 1419 1909 1455 eodem
1936 1418 2084 1461 pulvere
2111 1417 2266 1452 dicitur:
2288 1414 2405 1449 Pones
2430 1424 2474 1448 ex

1420 1494 1462 1520 eo
1479 1493 1599 1518 coram
1623 1480 1826 1516 testimonio
1845 1477 2078 1515 tabernaculi,
2101 1476 2184 1520 quia
2204 1481 2289 1510 tunc
2304 1474 2474 1509 nimirum

1418 1545 1513 1580 bona
1541 1548 1664 1579 nostra
1690 1541 1869 1577 veraciter
1896 1540 1932 1574 in
1961 1544 2153 1584 conspectu
2166 1537 2297 1581 judicis
2321 1536 2474 1581 placent,

1420 1616 1502 1641 eum
1533 1605 1609 1639 haec
1640 1612 1740 1637 mens
1773 1601 1940 1636 subtilius
1973 1598 2203 1646 recogitando
2234 1596 2414 1638 conterit,
2441 1599 2478 1630 et
2536 1614 2540 1615 ν

1424 1665 1518 1710 qnod
1542 1665 1584 1699 de
1611 1663 1834 1698 aromatibus
1860 1661 2046 1706 pulverem
2070 1658 2199 1699 reddit,
2239 1667 2283 1692 ne
2309 1666 2476 1702 grassum

1424 1725 1625 1768 durumque
1650 1723 1697 1758 sit
1722 1723 1816 1767 quod
1841 1724 1980 1767 agitur,
2013 1730 2058 1754 ne
2090 1718 2199 1754 etiam
2224 1717 2254 1753 si
2281 1718 2349 1752 hoc
2376 1721 2476 1751 arcta

1426 1784 1655 1821 retractionis
1684 1791 1812 1817 manus
1842 1791 1912 1821 non
1931 1781 2165 1821 comminuat,
2195 1778 2340 1814 odorem
2367 1777 2411 1812 de
2440 1786 2480 1811 se
2530 1817 2535 1820 ⁴

1427 1845 1593 1880 subtilius
1611 1853 1683 1878 non
1706 1845 1885 1886 aspergat.
1907 1839 2139 1885 [Locutusque
2168 1844 2217 1873 est
2245 1837 2416 1872 Dominus
2435 1836 2480 1871 ad

1429 1905 1573 1950 Moysen
1588 1903 1705 1937 dicens
1724 1912 1734 1935 :
1755 1901 1845 1934 Ecce
1860 1898 1978 1933 vocavi
1991 1908 2033 1932 ex
2048 1898 2185 1933 nomine
2198 1897 2351 1933 Beseleel
2368 1896 2481 1943 filium

1432 1964 1506 2005 Uri,
1537 1963 1601 2008 filii
1635 1962 1687 1996 Ur
1712 1961 1754 1996 de
1782 1960 1874 1994 tribu
1893 1958 2006 2001 Juda‚
2036 1964 2066 1993 et
2092 1957 2228 2003 implevi
2247 1968 2325 1992 eum
2356 1957 2482 2002 spiritu

1431 2025 1508 2066 Dei,
1526 2023 1697 2069 sapientia
1715 2028 1745 2056 et
1764 2019 1992 2065 intelliyentia
2019 2045 2029 2062 ,
2055 2018 2199 2053 scientia
2213 2018 2250 2052 in
2277 2018 2372 2052 omni
2393 2023 2480 2052 tem-

1429 2097 1526 2133 pore,
1548 2085 1592 2119 ad
1611 2082 1878 2129 excoyitandum
1894 2081 2005 2126 fabre,
2028 2079 2196 2126 quidquid
2215 2079 2292 2124 fieri
2311 2084 2421 2125 potest
2435 2088 2478 2113 ex
2534 2075 2540 2078 ⁴

1430 2157 1516 2181 auro
1533 2151 1563 2180 et
1582 2149 1725 2189 aryento
1742 2148 1772 2177 et
1792 2153 1874 2184 aere,
1901 2151 2074 2176 marmore
2092 2146 2122 2174 et
2139 2139 2298 2185 gemmis,
2317 2144 2348 2174 et
2370 2138 2484 2173 diver-

1429 2206 1530 2241 sitate
1569 2205 1755 2250 liquorum.
1786 2202 1940 2248 Denique
1976 2202 2007 2235 ei
2039 2200 2171 2238 socium
2212 2198 2337 2236 Ooliab
2370 2198 2485 2244 filium
2531 2206 2540 2219 ·-’

1430 2264 1670 2305 Achisainecb,
1695 2263 1736 2297 de
1756 2262 1848 2297 tribu
1876 2261 1968 2302 Dan,
1989 2262 2073 2295 etin
2093 2260 2196 2294 corde
2219 2259 2330 2294 omnis
2357 2257 2485 2293 eruditi
2530 2283 2540 2287 -

1431 2326 1530 2372 posui
1560 2324 1793 2370 sapientiam,
1830 2327 1866 2356 ut
1905 2322 2037 2367 faciant
2072 2324 2306 2366 cuncta‘quoe
2339 2329 2487 2365 proecepg
2532 2314 2540 2322 ⁴

1433 2386 1507 2428 tibi,
1522 2391 1591 2420 ete.
1614 2383 1751 2429 (Exod.
1784 2381 1900 2429 xxxi.)
1920 2382 2012 2425 Quid
2031 2386 2086 2416 est
2107 2381 2201 2426 quod
2222 2379 2386 2415 Beseleel
2407 2388 2488 2414 cum

1428 2445 1572 2491 juberet
1609 2443 1770 2478 adhiberi
1806 2443 1975 2487 operibus
2022 2440 2243 2476 tabernaculi
2278 2439 2454 2475 faciendis
2471 2464 2481 2481 ,

1435 2507 1525 2542 dixit
1550 2506 1594 2540 ad
1613 2515 1694 2540 eum
1721 2515 1759 2540 se
1788 2503 1982 2548 replevisse
2007 2501 2138 2546 spiritu
2159 2501 2280 2536 divino
2303 2500 2488 2545 sapientiae
2526 2482 2540 2544 ἰ

1434 2572 1471 2602 et
1488 2566 1689 2601 intellectus
1705 2569 1740 2599 et
1760 2563 1932 2604 scientiae,
1959 2562 1997 2596 in
2014 2561 2112 2596 omni
2136 2570 2245 2605 opere
2264 2559 2484 2605 excogitare,
2524 2548 2540 2588 ἲ

1435 2624 1776 2666 etarchitectonari‚
1812 2628 1882 2658 ete.
1920 2622 2046 2657 Utrum
2078 2620 2233 2665 Spiritus
2266 2619 2382 2654 sancti
2408 2628 2487 2653 mus·
2525 2591 2540 2665 ἒ

1436 2687 1514 2722 neri
1533 2686 1642 2720 etiam
1663 2684 1731 2719 ista
1751 2693 1860 2728 opera
1888 2680 2077 2716 tribuenda
2096 2681 2180 2722 sint,
2211 2687 2290 2724 quae
2306 2678 2489 2723 pertinene
2524 2667 2540 2742 ᾗ

1437 2753 1481 2788 ad
1507 2753 1689 2796 opilieium
1714 2749 1903 2785 videntur?
1924 2759 1967 2783 an
1992 2752 2028 2782 et
2058 2747 2126 2781 boe
2161 2744 2398 2791 significa-,ive
2429 2742 2484 2777 di-
2525 2745 2540 2794 fl

1439 2821 1536 2848 etum
1560 2819 1630 2854 est,
1660 2818 1696 2846 ut
1717 2822 1758 2845 ea
1779 2811 1980 2856 pertineant
2004 2809 2047 2843 ad
2065 2807 2225 2844 divinum
2253 2805 2416 2851 spiritum
2433 2813 2489 2839 sa-

1439 2873 1580 2916 pientiae
1600 2878 1634 2906 et
1661 2870 1862 2905 intellectus
1881 2874 1916 2909 et
1944 2868 2118 2910 scientiae,
2135 2877 2213 2912 quic
2243 2865 2298 2900 liis
2314 2865 2422 2900 rebus
2439 2863 2488 2898 si-
2514 2883 2519 2911 J

1441 2932 1668 2978 gnificantur.
1701 2929 1834 2964 Tamen
1859 2929 1967 2963 etiam
1991 2928 2050 2963 hic
2079 2937 2160 2963 cum
2188 2927 2314 2972 spiritu
2331 2924 2501 2970 repletus

1442 2994 1580 3028 dicatur
1612 2991 1679 3027 iste
1708 2991 1827 3025 divino
1853 2991 2035 3035 sapientiae
2063 2994 2099 3026 et
2124 2989 2297 3032 scientiae,
2331 2987 2489 3024 nondum
2510 3011 2515 3023 =,

1442 3053 1570 3099 legitur
1589 3052 1744 3098 Spiritus
1763 3057 1922 3087 sanctus.
2500 3046 2502 3051 ⁴

1839 3110 1990 3147 CAP-UT
2018 3110 2095 3147 KV.

1657 3169 1874 3216 Proeceptum
1890 3169 1932 3204 de
1949 3170 2106 3204 custodia
2122 3169 2270 3206 sabbati.

1487 3231 1638 3267 Locutus
1653 3236 1702 3266 est
1726 3230 1896 3265 Dominus
1916 3228 1962 3263 ad
1993 3228 2135 3274 Moysen
2160 3229 2277 3265 dicens
2294 3237 2307 3264 .·
2336 3227 2452 3276 Loqu
2489 3259 2495 3264 ,

1439 3291 1523 3336 filiis
1541 3296 1573 3325 et
1591 3290 1683 3324 dices
1702 3288 1746 3324 ad
1765 3298 1822 3322 eos
1851 3286 1962 3322 Israel
1979 3296 1990 3320 .-
2025 3286 2141 3327 Videte
2167 3288 2348 3324 sabbatum
2376 3296 2468 3324 mett·
2488 3299 2494 3312 ²

1441 3348 1662 3390 custodiatis,
1683 3347 1765 3393 quia
1788 3346 1923 3391 signum
1940 3351 1988 3380 est
2004 3346 2093 3381 inter
2107 3352 2206 3381 meet
2219 3358 2277 3382 vos
2291 3349 2328 3386 in
2375 3374 2380 3379 ,
2410 3359 2413 3366 =·

1441 3408 1590 3447 tionibus
1608 3406 1742 3448 vestris,
1760 3411 1798 3440 ut
1824 3403 1940 3439 sciatis
1959 3404 2040 3450 quia
2060 3413 2121 3450 eqo
2142 3403 2309 3440 Dominus
2331 3408 2396 3452 qui
2408 3416 2449 3443 ,η

1442 3470 1556 3516 ctifico
1575 3478 1645 3504 vos.
1663 3464 1841 3506 Custodiae
1857 3463 2049 3510 sabbatum.
2079 3463 2248 3509 Sanctum
2263 3471 2313 3509 est
2329 3466 2422 3503 enim
2463 3482 2466 3490 ν

1447 3530 1511 3565 bis.
1535 3527 1604 3572 Qui
1617 3525 1778 3574 petiuerit
1795 3523 1896 3570 illud,
1915 3530 2024 3566 morte
2039 3525 2218 3562 morietur.
2239 3525 2309 3570 Qut
2320 3524 2442 3574 poure}

1446 3601 1486 3625 eo
1501 3599 1586 3637 opus
1598 3614 1607 3631 ‚
1622 3587 1746 3634 potabit
1760 3586 1878 3630 aniana
1893 3585 1988 3621 iuius
2006 3585 2048 3621 de
2061 3585 2173 3624 medio
2190 3587 2418 3634 poputum„
2431 3590 2465 3622 51

1447 3649 1566 3692 diebvs
1583 3648 1723 3696 sociam
1740 3656 1826 3693 optas
1839 3653 1853 3682 .-
1869 3646 1908 3681 ἐπ
1924 3645 1981 3682 dia
1995 3636 2152 3692 septima,
2168 3646 2471 3692 ιιιϋαμηιρ.·;.,

1446 3711 1544 3759 quio·
1561 3707 1872 3752 ana-nmmo.
1894 3705 2018 3744 amnia
2045 3708 2105 3755 qui
2130 3707 2249 3756 meru
2266 3711 2364 3762 Μ

1447 3766 1936 3832 mammo-wem
1956 3767 2274 3824 xamur-,enat
