2540 4016
88 342 93 357 ,-
104 319 258 372 mla
276 331 432 370 quaeque
458 332 483 359 a
509 323 776 371 poenitentibus
793 323 909 376 culpae
925 330 1165 381 mauguinum

93 381 204 426 unde
231 391 280 419 ex.
309 392 401 421 voce
428 393 574 432 quoque
599 384 855 433 poenitentium
884 390 1062 431 Ieremias
1089 397 1164 435 ait:

91 454 125 498 ,ι
142 425 346 483 bivisiones
373 453 552 491 aquarum
569 444 718 483 deduxit
743 449 870 486 oculus
898 461 1002 489 meus
1021 451 1164 501 (Taren.

93 502 191 555 ⁸m);
206 516 219 540 ι
251 503 499 551 principaliter
531 510 652 542 tamen
682 511 1001 556 compunctionum
1033 525 1167 562 genera

15 599 18 601 Α
105 563 176 602 duo
207 568 292 601 sunt
313 575 322 598 :
345 563 431 609 quia
451 563 565 600 Deum
595 566 721 604 sitiens
750 569 885 615 anima,
916 573 1018 618 prius
1036 574 1167 612 timore

7 646 12 651 ,
46 666 47 671 ¹
94 625 372 673 compungitur,
393 631 476 672 post
508 637 644 664 amore.
679 628 785 667 Prius
810 633 909 668 enim
938 644 1018 671 sese
1046 636 1084 672 in
1109 637 1164 675 la-

7 714 15 728 ,
43 707 46 711 ’
105 686 243 734 crymis
262 685 385 730 afficit,
417 688 502 733 quia
531 690 616 725 dum
649 691 827 728 malorum
844 705 992 732 suorum
1023 698 1163 743 recolit,

101 755 168 795 pro
202 747 260 784 his
297 749 436 794 perpeti
469 750 644 798 supplicia
672 757 806 789 aetcrna
846 757 1086 802 pertimescit.
1118 761 1166 797 At

4 817 19 859 ξ
66 822 68 827 ’
100 819 190 847 vero
206 820 290 846 cum
309 811 414 858 longa
434 814 603 850 moeroris
622 815 856 852 anxietudine
874 817 985 854 fuerit
1006 819 1162 859 formido

100 877 330 918 consumpta,
363 873 527 918 quaedam
558 874 635 921 jam
666 876 710 912 de
740 878 1020 924 praesumptione
1050 883 1164 919 veniae

99 934 277 970 securitas
297 935 475 978 nascitur,
497 940 534 970 ct
564 936 600 971 in
620 947 744 973 amore
777 938 980 975 coelestium
1013 944 1162 988 gaudio-

5 984 13 993 ’
51 1003 54 1006 ’
99 1004 181 1032 rum
213 995 358 1031 animus
389 995 637 1033 inflammatur
661 1011 669 1033 :
699 1004 736 1034 et
770 1000 831 1045 qui
855 1002 957 1047 prius
979 1003 1087 1041 flebat
1117 1017 1163 1043 ne

15 1073 25 1101 ¹5.
54 1088 57 1091 ,
94 1055 295 1098 ‚duceretur
314 1056 360 1091 ad
382 1057 614 1102 supplicium,
645 1061 874 1105 postmodum
895 1063 981 1100 ssere
1010 1068 1161 1104 amaris-

98 1116 190 1154 sime
219 1117 346 1163 incipit
373 1118 457 1163 quia
490 1119 656 1156 differtur
685 1132 704 1157 a
737 1134 861 1170 regno.
890 1124 1163 1174 Contemplatur

98 1179 233 1216 etenim
253 1190 357 1216 mens
380 1181 440 1225 qni
464 1187 547 1217 sunt
566 1182 615 1218 illi
641 1184 742 1219 chori
762 1186 986 1231 angelorum,
1010 1199 1090 1235 quae
1110 1202 1163 1227 so-

97 1242 211 1278 cietas
243 1247 454 1279 sanctorum
498 1244 763 1289 spirituumque
801 1247 971 1292 maJ'estas
1010 1249 1161 1288 internae

96 1304 245 1342 visionis
264 1305 328 1340 Dei
347 1317 354 1340 :
376 1310 412 1340 et
433 1306 587 1351 amplius
606 1307 742 1353 plangit
762 1309 846 1353 quia
866 1309 970 1346 bonis
992 1314 1160 1356 perenni-

15 1410 18 1411 7
94 1365 162 1403 bus
178 1366 292 1409 deest,
316 1376 424 1412 quam
445 1367 544 1412 prius
565 1378 645 1403 cum
677 1369 772 1404 mala
793 1374 929 1405 aeterna
949 1372 1154 1417 metuebat3

13 1447 21 1455 .
43 1430 50 1479 J,
95 1427 220 1472 sicque
241 1428 280 1462 lit
300 1434 338 1462 ut
370 1428 531 1473 perfecta
556 1430 786 1474 compunctio
806 1430 1010 1468 formidinis
1038 1434 1159 1470 tradat

43 1482 49 1490 ⁴
94 1489 217 1525 auimo
235 1490 548 1534 compunctionem
565 1491 767 1527 dilectionis
783 1504 791 1528 ;
809 1492 907 1537 quod
926 1493 1015 1529 bene
1035 1494 1072 1530 in
1090 1496 1158 1533 hac

95 1559 200 1586 sacra
225 1549 420 1593 veracique
441 1550 591 1586 historia
616 1551 768 1598 figurata
785 1554 992 1590 narratione
1022 1556 1158 1592 descri-

96 1609 207 1645 bitur.
230 1607 322 1652 Quia
354 1619 453 1655 ergo,
482 1615 522 1645 ut
540 1610 635 1653 dixi,
666 1611 737 1647 duo
765 1619 849 1650 sunt
868 1617 1155 1660 compunctionis

94 1679 243 1716 genera,
263 1669 362 1707 dedit
381 1670 415 1706 ei
442 1676 545 1715 pater
563 1682 648 1708 suus
667 1673 841 1719 irriguum
865 1677 1031 1721 superius
1052 1683 1088 1713 et
1107 1678 1156 1714 ir-

95 1731 239 1778 riguum
272 1730 434 1767 inferius.
467 1731 647 1777 Irriguum
670 1735 802 1781 quippe
826 1738 993 1783 superius
1025 1739 1156 1784 accipit

95 1795 215 1829 anima
235 1805 314 1830 cuin
333 1804 411 1829 sese
432 1794 466 1828 in
486 1793 653 1838 lacrymis
672 1795 828 1831 eoelestis
851 1797 950 1842 regni
966 1797 1145 1834 desiderio

95 1855 239 1901 flffliaiu
260 1855 436 1901 irriguum
459 1863 546 1889 vero
570 1854 718 1891 inferius
741 1857 885 1901 accipit,
906 1867 988 1892 cum
1012 1857 1144 1894 inferni

42 1942 48 1949 .
93 1916 265 1961 supplicia
283 1915 399 1952 flendo
418 1915 654 1961 pertimescit.
677 1916 722 1950 Et
750 1916 893 1962 quidem
924 1917 1024 1962 prius
1054 1918 1146 1953 inse-

94 1976 183 2019 rius,
215 1987 258 2012 ae
287 1982 370 2023 post
404 1978 581 2023 irriguum
617 1978 782 2022 superius
812 1978 941 2013 datur:
969 1979 1032 2014 sed
1063 1973 1173 2024 quia'

93 2038 321 2084 compunctio
357 2039 491 2074 amoris
523 2038 695 2085 dignitate
731 2038 964 2083 praeeminet,
1001 2049 1149 2076 necesse

93 2098 166 2136 suit
182 2104 221 2135 ut
239 2099 340 2144 prius
358 2099 531 2145 irriguum
547 2100 725 2145 superius,
748 2104 877 2144 etpost
895 2099 1070 2153 irriguum
1090 2100 1145 2136 in-·

92 2159 205 2196 serius
222 2166 506 2196 commemorare
522 2159 723 2195 debuisset.

492 2245 643 2282 CAPUT
668 2244 742 2282 vll.

96 2305 199 2352 Quod
215 2304 414 2342 Jebusoenm
440 2304 670 2341 habitatorem
697 2303 893 2341 Jerusalem
923 2316 993 2341 non
1024 2312 1146 2353 potice-

140 2359 222 2390 rtmt
250 2354 317 2399 sitii
346 2352 444 2387 Juda
470 2352 598 2395 delere,
631 2352 865 2399 hcebitam'tque
894 2363 972 2388 cum
1003 2354 1076 2396 eis,·
1117 2358 1148 2389 et

139 2402 231 2449 quod
270 2408 340 2436 non
360 2400 608 2444 interfecerunt
634 2399 700 2444 sitii
722 2399 894 2445 Ephraim
911 2398 1147 2437 chananaeum

139 2449 199 2496 qui
217 2448 351 2484 habitat
368 2447 404 2481 in
429 2445 557 2481 Gazer.

140 2528 262 2576 (lain.)
286 2539 301 2561 e
318 2526 524 2564 tehusaeum
544 2532 666 2564 autem
686 2527 927 2565 habitatorem
952 2531 1153 2567 aerusaiem

41 2632 44 2633 ⁷
96 2601 113 2626 ι
140 2600 211 2627 non
245 2593 441 2634 potuerunt
464 2587 526 2623 sitii
559 2587 651 2623 Juda
680 2589 873 2626 debellare.
900 2590 1152 2638 Habitavitqne

39 2638 46 2693 J
94 2663 111 2686 c
138 2651 324 2687 Jcbusaeus
355 2658 439 2686 cum
460 2650 545 2686 liliis
577 2648 668 2686 Juda
691 2650 726 2686 in
754 2649 954 2688 Jerusalem
977 2664 1090 2700 usque
1116 2655 1151 2691 in

36 2751 38 2755 ,
95 2724 111 2749 ι
141 2718 355 2759 prurientem
387 2711 506 2754 diem,
530 2724 543 2745 ι
573 2717 610 2748 et
631 2717 774 2748 caetera.
811 2712 882 2760 (Ex
910 2714 1151 2763 Adamantio.)

90 2772 173 2811 Filii
191 2772 283 2809 Juda
304 2772 471 2808 volebant
501 2772 710 2818 disperdere
728 2773 786 2809 vel
815 2774 1023 2811 interimere
1045 2775 1152 2812 lebu-

91 2843 184 2871 soeos
199 2834 245 2870 dc
261 2832 477 2875 Jerusalem,
496 2838 532 2869 et
564 2843 635 2870 non
655 2839 866 2879 potuerunt,
886 2842 1035 2882 propter
1058 2839 1152 2883 quod

90 2895 349 2932 habitaverunt
367 2893 522 2930 Jebusaei
553 2904 634 2931 cum
662 2894 746 2931 liliis
770 2894 860 2931 Juda
884 2896 922 2932 in
950 2895 1151 2934 Jerusalem

89 2965 206 3002 usque
233 2955 271 2991 in
289 2955 504 2991 hodiernum
526 2955 634 2993 diem.
658 2955 844 2999 Volumus,
861 2967 882 2992 a
910 2957 1030 2993 littera
1062 2958 1153 2994 inci-

88 3017 246 3064 pientes,
265 3016 450 3061 requirere
467 3016 517 3052 ab
532 3016 591 3053 his
609 3017 672 3062 qui
689 3022 818 3063 putant
846 3018 923 3054 baec
954 3020 1151 3055 secundum

89 3075 251 3113 litteram
271 3080 369 3112 stare
386 3085 507 3122 posse,
527 3077 613 3122 quid
629 3083 687 3114 est
708 3078 776 3114 hoc
797 3079 894 3125 quod
915 3080 1016 3123 dicit,
1038 3091 1153 3127 usque

90 3139 128 3176 in
148 3139 363 3176 hodiernum
381 3138 499 3174 diem?
518 3137 622 3183 Quod
646 3140 796 3176 verbum
817 3139 1004 3186 Scriptura
1024 3152 1094 3188 pro
1107 3152 1152 3179 eo

89 3200 194 3248 ponit
214 3205 259 3237 nt
272 3199 511 3236 ateniitatem
530 3199 655 3235 saeculi
676 3210 740 3245 per
757 3201 825 3236 hoc
841 3201 1037 3248 significem
1057 3203 1150 3239 sicut

91 3261 209 3299 dicit:
236 3271 250 3297 ι
269 3261 388 3298 Nolite
424 3261 596 3298 recedere
624 3273 645 3298 a
676 3262 830 3298 Domino
859 3263 898 3298 in
936 3263 1150 3300 hodiernum

93 3321 190 3358 iem
206 3320 299 3370 (Ios.
313 3321 407 3370 nn)
421 3333 434 3366 ·,
448 3332 461 3357 ι
484 3322 554 3358 boe
573 3327 642 3366 est,
662 3323 778 3360 donec
796 3324 968 3360 saeculum
984 3330 1069 3360 stat.
1085 3324 1151 3362 Os-

0 2803 49 2839 2⁴.

0 2962 17 3224 *JQUM='<
9 2918 15 2938 v-
13 2884 17 2891 ,

91 3448 177 3487 stat,
194 3443 363 3482 habitent
387 3452 471 3481 cum
491 3445 576 3482 titiis
598 3444 691 3483 Juda
718 3446 757 3482 in
774 3444 990 3489 Jerusalem,
1018 3446 1150 3492 quippe

75 3502 176 3542 -m
198 3507 248 3543 no
270 3503 339 3552 ipit
365 3506 513 3552 quietem
536 3506 604 3543 filii
620 3506 712 3544 luda
740 3506 904 3543 habitem
931 3502 1145 3543 Jerusalem.

79 3557 182 3605 nm
189 3571 357 3613 monac
374 3567 474 3604 istud
488 3572 619 3604 vem
634 3574 716 3606 csse
736 3562 979 3616 putantquod
993 3566 1147 3604 sebusaei

86 3621 183 3665 -ffl
203 3621 342 3665 Juffl
370 3626 537 3666 habitent
562 3628 601 3665 in
622 3633 682 3666 σι,
712 3629 785 3667 Sed
810 3634 879 3666 nos
907 3628 1147 3676 intelligamus

85 3678 87 3680 “
200 3689 417 3736 mmet·
439 3694 670 3729 assumentes
696 3690 880 3740 Evangeiii
915 3690 1145 3738 parabolam,

137 3743 142 3746 ’
192 3743 1147 3810 ffloefflmermwnqusmme

70 3403 74 3413 ·
91 3382 242 3420 sudant
253 3392 346 3431 ergo
354 3383 445 3421 mibi
463 3385 646 3431 quomodo
661 3384 833 3428 Jebuseei,
847 3385 962 3422 donec
979 3386 1151 3422 amium
1171 3404 1174 3407 -

1235 290 1321 318 cum
1350 283 1440 331 ipsis
1459 293 1496 325 et
1526 289 1689 330 triticum
1713 291 1968 347 (undam).
1987 315 2004 338 ι
2029 306 2164 351 sime

1236 342 1435 392 Evangelio
1462 351 1723 395 pei-nuttam
1751 355 1893 395 munia
1925 361 2032 402 m
2061 367 2142 408 ω,
2160 377 2282 416 mue„

1236 406 1457 453 coalescere,
1473 413 1600 449 eodem
1614 415 1724 453 modo
1738 416 1849 454 etiam
1863 421 1924 466 qui
1942 422 2003 460 hic
2018 425 2056 462 in
2243 444 2246 445 ⁷

1238 463 1277 500 id
1291 470 1360 508 est,
1378 466 1414 502 in
1434 467 1693 509 Ecclesiasum
1705 472 1874 522 tehusaet,
1893 479 1952 516 ssu
1967 484 2029 528 qui
2047 484 2236 532 ignosaem
2247 466 2284 533 θ’.

1237 524 1452 571 degenerem
1465 529 1577 566 vitam
1596 532 1745 578 ducunt,
1765 537 1827 582 qui
1845 537 1914 576 fide
1929 546 1965 577 et
1983 545 2121 584 actibus
2137 554 2175 585 et
2187 556 2283 591 omni

1237 588 1514 625 conversatione
1533 594 1696 636 perversi
1714 602 1810 632 sunt.
1831 597 1954 646 Neque
1972 605 2143 648 possibile
2157 614 2212 646 est
2235 611 2284 648 ita

1236 653 1277 684 ut
1299 658 1419 696 neque
1444 651 1576 697 impius
1594 654 1630 690 in
1653 666 1706 698 ea,
1726 668 1792 696 nec
1806 661 1996 709 quisquam
2011 656 2179 712 peccator
2195 675 2283 711 resi-

1235 708 1323 746 dere
1345 710 1534 756 videatur3
1559 716 1623 751 sed
1641 717 1712 753 sint
1732 720 1766 755 in
1790 730 1831 759 ea
1851 733 1975 762 omnes
1992 730 2109 765 saneti
2126 735 2162 767 et
2177 732 2283 779 beati,

1235 773 1272 804 et
1290 769 1327 804 in
1347 771 1478 816 quibus
1493 774 1591 811 nulla
1609 786 1754 821 prorsus
1772 785 1909 827 peccati
1930 787 2070 824 macula
2090 791 2285 837 deprehen-

1234 829 1344 866 ditur.
1367 831 1438 869 Sed
1467 834 1559 871 sicut
1577 836 1708 875 dicitur
1724 841 1768 877 de
1788 844 1961 882 zizaniis:
1986 859 1999 881 ι
2019 848 2071 886 Ne
2092 851 2186 890 rorte
2205 864 2284 891 era-

1232 890 1395 930 dicantes
1424 896 1580 942 zizania,
1598 902 1789 940 eradicetis
1808 906 1914 942 simul
1933 918 2014 946 cum
2040 913 2093 949 eis
2123 917 2159 950 et
2190 916 2286 954 triti·

1232 963 1329 997 cum,
1347 969 1359 989 »
1382 956 1431 992 ita
1451 959 1562 994 etiam
1590 971 1697 1007 super
1718 963 1774 1000 liis
1799 967 1868 1002 dici
1886 974 2004 1014 potest
2027 971 2063 1007 in
2081 975 2211 1020 quibus
2228 977 2286 1013 vel

1233 1014 1339 1051 dubia
1357 1018 1413 1053 vel
1430 1020 1570 1055 occulta
1589 1031 1737 1066 peccata
1755 1032 1852 1062 sunt.
1872 1028 1995 1075 Neque
2016 1034 2111 1069 enim
2129 1036 2281 1074 dicimus

1233 1074 1277 1110 de
1294 1076 1351 1112 his
1369 1079 1429 1123 qui
1448 1080 1638 1116 manifeste
1653 1088 1689 1117 et
1716 1085 1902 1123 evidenter
1920 1091 2105 1128 criminosi
2130 1101 2227 1139 sunt,
2247 1103 2284 1134 et

1234 1148 1307 1173 non
1337 1140 1380 1175 de
1404 1140 1567 1178 Ecclesia
1585 1144 1825 1189 expelluntur.
1845 1147 1936 1185 Audi
1954 1160 2039 1198 ergo
2060 1152 2281 1201 Scripturam

1234 1199 1412 1235 dicentem
1443 1203 1527 1246 quia
1555 1214 1625 1239 non
1657 1211 1849 1250 potuerunt
1869 1209 1930 1245 ulii
1958 1210 2048 1248 Judu
2080 1214 2283 1261 disperdere

1232 1261 1431 1307 Jebusaeos,
1458 1267 1519 1300 sed
1543 1266 1796 1304 habitaverunt
1823 1280 1903 1306 cun)
1925 1272 2011 1318 ipsis
2032 1285 2145 1321 usque
2163 1277 2199 1314 in
2219 1279 2281 1315 lio-

1232 1322 1396 1358 diernum
1415 1324 1522 1360 diem.
1544 1326 1646 1362 Unde
1670 1338 1797 1373 precor
1817 1340 1880 1366 vos
1899 1333 1959 1377 qui
1980 1333 2102 1371 fideles
2122 1337 2225 1381 estis,
2246 1345 2285 1375 ut

1228 1382 1279 1418 ita
1295 1383 1406 1419 vitam
1431 1390 1586 1421 vestram
1605 1393 1640 1423 et
1657 1391 1966 1428 conversationem
1985 1397 2148 1439 servetis,
2178 1407 2223 1434 ne
2243 1399 2281 1435 in

1229 1444 1348 1490 aliquo
1367 1446 1422 1482 vel
1452 1446 1520 1492 ipsi
1546 1450 1753 1486 scandalum
1777 1453 1976 1498 patiamini,
1997 1456 2052 1492 vel
2078 1457 2157 1494 aliis
2177 1469 2282 1495 scan-

1228 1506 1346 1542 dalum
1368 1507 1527 1550 saciatis3
1552 1511 1614 1545 sed
1635 1511 1682 1546 sit
1700 1514 1802 1548 vobis
1833 1516 1964 1550 summi
1989 1517 2094 1553 studii
2123 1528 2279 1556 summa-

1226 1576 1297 1612 que
1314 1568 1465 1611 cautela‚
1486 1573 1525 1604 ut
1548 1579 1593 1605 ne
1618 1572 1698 1617 quis
1725 1573 1760 1608 in
1779 1574 1873 1611 banc
1897 1581 2057 1613 sanctam
2086 1589 2278 1617 conversa-

1226 1627 1360 1663 tionem
1379 1634 1537 1665 vestram
1557 1631 1712 1676 pollutus
1730 1634 1897 1678 introeat,
1925 1647 1970 1673 ne
1987 1638 2068 1683 quis
2094 1638 2280 1677 Jebusaeus

1225 1688 1402 1725 inhabitet
1419 1691 1615 1726 vobiscum.
1634 1693 1740 1730 Vides
1759 1696 1853 1730 enim
1872 1698 1955 1742 quia
1985 1698 2072 1734 dicit
2091 1699 2275 1746 Scriptura

1225 1750 1318 1795 quod
1340 1760 1409 1787 non
1436 1758 1627 1798 potuerunt
1654 1755 1716 1790 tilii
1748 1755 1837 1792 «luda
1869 1759 1998 1804 ejicere
2028 1760 2207 1798 Jebusaeos
2233 1764 2277 1799 de

1224 1809 1434 1847 Jerusalem.
1455 1812 1609 1850 Jebusaei
1627 1816 1911 1862 interpretantur
1927 1821 2161 1858 conculcatio.
2180 1823 2274 1870 Ergo

1225 1872 1308 1916 quia
1327 1883 1397 1909 non
1416 1884 1604 1920 possumus
1621 1877 1751 1921 ejicere
1774 1888 1899 1917 omnes
1917 1881 2004 1918 istos
2021 1883 2081 1928 qui
2105 1890 2169 1920 nos
2189 1893 2276 1920 con-

1224 1933 1378 1977 culcant,
1398 1945 1459 1971 cos
1479 1937 1599 1972 statim
1620 1948 1708 1983 quos
1729 1949 1932 1985 possumus,
1950 1951 2100 1988 quorum
2127 1947 2277 1989 peccata

1228 1995 1421 2031 manifesta
1444 2003 1526 2033 sunt
1547 1998 1622 2044 (ubi
1642 2000 1737 2035 enim
1758 2006 1942 2046 peccatum
1959 2003 2104 2040 evidens
2117 2012 2188 2040 non
2207 2010 2276 2049 est.

1227 2054 1361 2099 ejicere
1390 2057 1434 2092 de
1453 2057 1614 2094 Ecclesia
1633 2060 1813 2096 neminem
1834 2063 2038 2111 possumus)
2058 2074 2066 2098 e
2091 2075 2104 2097 ι
2122 2073 2168 2100 ne
2186 2064 2278 2101 forte

1224 2116 1451 2154 eradicantes
1484 2118 1644 2162 zizania,
1673 2120 1897 2159 eradicemus
1922 2123 2028 2159 simul
2058 2124 2165 2161 etiam
2194 2136 2274 2162 cum

1224 2174 1298 2212 illis
1324 2177 1525 2213 triticum.»
1555 2179 1670 2216 Movet
1702 2192 1760 2218 me
1794 2186 1913 2219 tamen
1945 2185 2039 2231 quod
2060 2185 2172 2230 dixit,
2191 2188 2275 2233 quia

1223 2247 1295 2272 non
1315 2244 1510 2282 potuerunt
1529 2240 1662 2285 ejicere
1689 2241 1886 2286 Jebusaeos,
1908 2245 1942 2279 id
1962 2250 2017 2280 cst
2047 2255 2108 2282 eos
2127 2246 2187 2292 qui
2216 2247 2272 2282 in·

1222 2303 1470 2343 terpretantur
1486 2301 1730 2345 concinnatim
1751 2308 1786 2337 et
1805 2303 1886 2338 ideo
1906 2304 2087 2340 videamus
2105 2306 2166 2350 qui
2186 2313 2272 2342 sunt

1222 2358 1259 2393 in
1281 2358 1439 2394 Ecclesia
1470 2360 1733 2396 conculcantes.
1756 2362 1808 2397 lili
1839 2362 1916 2398 sine
1937 2363 2057 2406 dubio,
2079 2363 2123 2399 de
2143 2364 2273 2410 quibus

1223 2418 1396 2453 Dominus
1430 2419 1573 2455 dicebat
1603 2420 1638 2455 in
1675 2421 1871 2467 Evangelio
1897 2435 1905 2458 :
1942 2434 1954 2456 ‹
1980 2423 2096 2459 Nolite
2128 2423 2271 2462 mittere

1220 2482 1386 2514 sanctum
1419 2479 1590 2522 canibus,
1625 2490 1741 2526 neque
1774 2482 1984 2528 margaritas
2014 2487 2153 2519 vestras
2184 2488 2268 2521 ante

1220 2547 1359 2583 porcos,
1381 2549 1425 2574 ne
1445 2537 1537 2575 forte
1556 2541 1765 2577 conculcent
1782 2552 1842 2578 eas
1862 2542 2012 2588 pedibus
2030 2543 2116 2586 suis,
2133 2548 2169 2580 et
2186 2553 2272 2580 con-

1220 2598 1314 2633 versi
1341 2599 1563 2645 disrumpant
1588 2611 1650 2636 vos
1683 2601 1825 2646 (Maeni.
1844 2603 1922 2650 vn).
1941 2615 1953 2637 ι
1975 2602 2037 2639 isti
2071 2608 2153 2641 sunt
2183 2613 2270 2651 ergo

1220 2657 1375 2694 Jcbusaei
1405 2660 1465 2705 qui
1495 2660 1638 2707 indigne
1668 2660 1819 2697 audiunt
1848 2662 1995 2698 verbum
2018 2662 2101 2706 Dei;
2123 2669 2160 2699 et
2186 2674 2268 2700 cum

1221 2719 1414 2763 audierint,
1444 2726 1615 2766 nequent
1636 2720 1800 2759 infideles
1817 2723 2019 2766 discedunt,
2048 2733 2164 2770 neque
2187 2734 2268 2770 pcr-

1220 2786 1368 2816 manent
1399 2780 1542 2824 fideles:
1565 2783 1628 2818 sed
1652 2785 1824 2829 percepta
1854 2784 2105 2830 mysteriorum
2126 2784 2264 2826 notitia,

1221 2845 1256 2877 et
1288 2841 1368 2878 fidei
1397 2847 1528 2878 nostrae
1553 2843 1806 2879 secretioribus
1828 2844 2076 2889 perscrutatis,
2101 2845 2268 2881 conversi

1222 2902 1450 2957 disrumpunt
1479 2913 1568 2946 nos,
1598 2909 1634 2939 et
1663 2903 2008 2941 contradictionibus
2042 2904 2117 2942 suis
2158 2905 2265 2941 corda

1221 2967 1344 2999 nostra
1393 2963 1619 3009 disrumpunt
1637 2992 1645 3007 ,
1689 2965 1941 3001 conculcantes
1985 2965 2084 3002 verbi
2127 2965 2265 3002 Domini

1221 3024 1453 3070 margaritas,
1493 3029 1530 3059 et
1569 3030 1781 3061 ornamenta
1825 3025 1905 3061 fldei
1944 3025 2175 3062 maculantes.
2214 3026 2264 3061 De

1220 3083 1298 3119 istis
1337 3094 1422 3130 crgo
1451 3084 1582 3120 dicitur
1617 3085 1700 3130 quia
1739 3093 1809 3120 non
1844 3089 2037 3129 potuerunt
2072 3082 2133 3118 tilii
2169 3082 2259 3119 Iuda

1218 3144 1351 3190 ejicere
1367 3143 1568 3182 Jebusaeum
1586 3145 1631 3180 de
1649 3144 1844 3180 Jerusalem
1863 3150 1972 3188 usque
1993 3143 2029 3178 in
2046 3142 2258 3180 hodiernum

1218 3205 1367 3313 megin.
1390 3265 1480 3312 xvi.)
1505 3275 1518 3297 ι
1539 3264 1582 3298 Et
1599 3271 1671 3298 non
1698 3261 1955 3298 interfecerunt
1988 3261 2052 3298 filii
2088 3261 2256 3308 Ephraim

1223 3339 1237 3361 e
1265 3327 1505 3364 chananaeum
1524 3325 1583 3370 qui
1605 3322 1787 3360 habitabat
1806 3322 1843 3359 in
1862 3322 1977 3360 Gazer
1994 3332 2009 3367 ;v
2025 3324 2063 3359 et
2080 3324 2256 3361 habitavit

1222 3399 1236 3422 c
1265 3385 1531 3423 Chananaeusin
1543 3380 1713 3430 Ephraim
1722 3390 1837 3430 usque
1850 3382 2222 3422 in-hodiernumdiem.
2239 3397 2251 3420 ι

1216 3447 1383 3494 Epnraim
1402 3445 1659 3493 interpretatur
1675 3443 1918 3482 fructificatio.
1951 3445 2019 3491 Qui
2033 3444 2255 3493 ergorrueti-

1215 3507 1299 3544 fleat
1313 3508 1350 3543 et
1365 3506 1495 3543 crescit
1510 3504 1546 3542 in
1568 3506 1650 3549 tide,
1669 3515 1739 3542 non
1765 3505 1886 3552 potest
1902 3506 2145 3543 exterminare
2156 3503 2251 3542 Cha·

1215 3574 1380 3604 nauseam
1409 3570 1534 3604 semen
1550 3566 1759 3613 pessimum,
1790 3567 1917 3603 semen
1933 3556 2178 3607 mmmm.
2197 3569 2254 3600 ss-

1215 3641 1296 3668 men
1324 3633 1464 3677 semper
1493 3627 1638 3673 mobile,
1658 3635 1805 3676 semper
1831 3623 2038 3665 lacerant
2069 3623 2138 3664 ltoc
2157 3624 2253 3663 enim

1214 3684 1713 3737 interpretaturchananaeus.
1736 3684 1783 3724 m
1799 3687 2006 3739 certantes!
2014 3681 2099 3733 quis
2111 3686 2197 3723 m
2210 3691 2254 3722 co

1215 3750 1281 3802 qui
1290 3748 1484 3790 moneat
1493 3751 1530 3789 ot
1543 3747 1685 3796 emti,
1696 3753 1841 3801 semper
1856 3740 1996 3788 mut
2005 3742 2250 3794 (ἕως
