2540 4016
32 131 124 228 ἔσω

526 154 884 199 ENARRATIONES
907 155 955 194 IN
978 154 1157 195 LIBRUM
1181 151 1502 193 NUMERORUM.
1525 174 1574 182 —-
1597 155 1739 198 ΗΒΑ.

2158 163 2229 200 610

38 243 90 282 sin
105 241 237 290 quibus
264 239 375 288 positi
403 241 488 275 sunt
513 238 668 279 servent,
694 243 763 270 nec
775 230 913 277 majora
938 233 1110 277 appetant
1125 232 1162 271 Α
1177 227 1311 274 genitos
1330 236 1435 262 sexus
1464 225 1652 261 masculini
1670 225 1713 262 de
1734 224 1818 270 filiis
1837 225 1964 277 Israel,
1981 241 2003 266 a
2027 242 2143 270 mense
2160 218 2231 270 uno¹
2277 218 2281 221 ⁵

38 307 161 350 ·quam
201 310 288 338 suus
317 299 418 336 locus
448 300 634 343 exposcet.
673 292 823 340 Mystice
855 295 977 327 autem
1005 289 1110 336 plaga

51 362 238 401 orientalis
258 366 379 398 ortum
403 357 486 395 fidei
510 355 704 404 significat,
723 353 785 391 ubi
804 352 946 400 Moyses
971 351 1032 397 qui
1051 351 1109 387 in-

51 428 272 470 terpretatur
285 422 327 457 de
342 430 435 467 aqua
447 423 618 464 sumptus,
637 420 674 452 et
688 413 823 457 Aaron,
839 414 910 450 hoc
926 417 998 456 est,
1011 421 1110 447 mons

54 484 285 530 fortitudinis,
309 491 390 517 cum
420 479 504 516 liliis
532 478 607 515 suis
634 474 884 514 castrametari
910 472 1110 519 jubentur:

54 546 139 592 quia
158 545 196 579 hi
215 543 277 589 qui
307 543 344 578 in
367 540 528 578 Ecclesia
551 538 785 586 praesulatum
809 538 932 571 tenent
961 533 1044 577 rite,
1077 537 1115 569 et

54 606 184 653 quibus
199 604 319 640 claves
334 603 436 648 regni
455 601 613 638 coelestis
627 598 830 636 commissae
847 600 945 639 sunt,
967 594 1115 640 dignum

55 674 111 706 est
136 673 177 703 ut
195 665 383 702 introitum
411 669 448 700 et
470 663 636 699 ordinem
654 661 725 708 ipsi
742 661 835 696 bene
865 657 1047 699 noverint,
1078 659 1116 691 et

56 730 136 766 aliis
151 729 221 764 hoc
240 727 467 763 incessanter
485 725 696 771 praedicent.
714 721 805 766 Quia
822 725 964 767 oportet
983 728 1114 754 unum—

57 799 235 838 quemque
258 789 295 824 in
326 788 405 823 luce
436 786 518 822 fidei
539 796 603 832 per
619 789 763 832 portam
788 779 1025 819 consessionis
1056 787 1118 813 ca-

55 851 216 893 tholicae,
254 855 290 885 et
321 858 453 894 aquam
486 846 713 893 baptismatis
741 842 895 890 ingredi,
930 845 971 875 ut
1000 839 1048 874 sit
1073 838 1117 874 de

56 920 150 956 aqua
174 915 338 955 sumptus
362 909 458 944 filius
483 907 698 953 adoptionis,
729 910 767 940 et
793 914 860 949 per
888 902 1001 938 robur
1031 910 1117 936 con-

57 970 197 1006 stantiae
217 969 310 1006 filios
330 969 507 1004 bonorum
528 975 676 1012 operum
699 963 850 1009 gignens
865 988 875 1004 ‚
898 960 980 997 fidei
999 959 1115 996 intre-

57 1031 148 1066 itum
162 1040 227 1076 per
243 1038 350 1074 quem
367 1027 403 1061 in
421 1025 622 1061 Ecclesiam
642 1024 826 1069 ingressus
835 1025 905 1065 est,
922 1020 1115 1063 custodiat,

57 1101 102 1126 ne
124 1090 260 1125 otiosus
278 1091 315 1123 et
334 1085 470 1121 inutilis
495 1084 627 1127 factus,
659 1083 742 1118 inde
773 1082 976 1128 abjiciatur.
1011 1080 1118 1116 Meri-

1177 293 1210 323 et
1225 298 1346 334 supra,
1365 292 1398 322 et
1415 285 1556 321 habebis
1579 295 1754 320 summam
1776 295 1909 320 eorum.
1934 286 2111 336 {ollasque
2135 293 2235 330 Lem·-

1178 353 1232 383 tas
1257 347 1344 382 mihi
1366 357 1431 393 pro
1459 346 1554 382 omni
1580 344 1810 391 primoqenito
1834 344 1988 390 filiorum
2017 346 2128 385 Israel
2143 361 2155 386 .·
2173 364 2235 398 eqo

1178 407 1375 450 Dominus,·
1399 413 1431 442 et
1449 417 1576 452 pecora
1592 415 1714 440 eorum
1731 414 1795 450 pro
1814 404 1987 440 universis
2003 406 2238 453 primoqenitig

1178 478 1344 515 pecorum
1361 467 1515 513 filiorum
1533 465 1661 503 Israel.
1680 465 1865 502 Recensuit
1878 464 2033 511 Moyses,
2049 473 2138 502 sicut
2151 479 2241 513 proe-

1181 534 1318 576 ceperat
1339 527 1524 571 Dominus,
1541 526 1788 573 primoqenitos
1807 524 1962 571 filiorum
1977 524 2104 568 Israel,
2121 532 2153 562 et
2168 526 2244 572 sue-

1182 594 1263 624 runt
1283 587 1469 624 masculini
1483 597 1545 633 per
1556 586 1699 622 nomina
1717 596 1797 630 sua,
1817 596 1840 620 a
1855 595 1972 620 mense
1989 596 2059 621 uno
2075 591 2109 621 et
2123 597 2243 633 supra,

1182 650 1302 697 viqinti
1321 649 1391 685 duo
1411 647 1523 684 millia
1544 647 1683 684 ducenti
1702 647 1922 694 septuaginta
1941 652 2023 682 tres.
2046 646 2247 683 Numeran-

1184 716 1243 746 tur
1260 710 1371 746 etiam
1387 708 1523 745 Levitae
1541 718 1726 752 seorsum;
1749 717 1821 743 non
1841 707 1939 743 enim
1958 706 2102 743 fuerant
2122 718 2247 744 recen-

1185 772 1247 808 siti
1269 782 1352 808 cum
1378 770 1462 806 filiis
1479 769 1615 806 lsrael:
1638 775 1675 806 et
1695 769 1849 805 habetur
1877 778 2005 804 eorum
2037 773 2249 814 segregatus

1185 833 1331 878 quidem
1362 842 1404 868 ac
1429 830 1635 878 praecipuus
1658 839 1734 875 prae
1756 828 1896 865 caeteris
1916 838 2179 874 numerusquo
2196 839 2251 864 re-

1186 893 1351 930 seruntur
1368 903 1494 929 omnes
1522 891 1629 928 simul
1656 890 1783 937 viginti
1810 890 1881 925 duo
1899 889 2010 925 millia
2032 889 2180 934 reperti,
2200 889 2248 924 ita

1186 959 1226 988 ut
1240 963 1357 998 neque
1382 951 1534 997 amplius
1562 950 1698 996 aliquid
1727 959 1844 995 neque
1868 949 1987 984 minus
2010 949 2078 984 hoc
2098 959 2251 984 numero

1188 1013 1374 1049 inventum
1391 1013 1450 1048 sit.
1471 1012 1557 1047 Post
1575 1011 1654 1046 haee
1679 1010 1851 1056 praecepit
1867 1010 2043 1046 Dominus
2066 1009 2252 1045 numerari

1188 1074 1296 1110 etiam
1332 1073 1589 1119 primogenitos
1626 1071 1783 1106 liliorum
1811 1071 1933 1114 lsrael,
1969 1072 2096 1107 eodem
2127 1072 2254 1107 ordine

57 1150 163 1186 diana
180 1158 267 1183 vero
283 1145 390 1193 plaga
405 1146 510 1192 juxta
529 1154 637 1191 quam
662 1143 838 1180 Caathitae
857 1143 924 1178 sub
941 1141 1117 1178 Eleazaro
1134 1141 1168 1181 Β
1186 1146 1256 1192 quo
1275 1135 1410 1171 Levitae
1429 1134 1572 1170 fuerant
1596 1132 1789 1174 numerati,
1816 1132 1852 1167 id
1870 1137 1938 1174 est,
1965 1132 2011 1167 ab
2029 1141 2101 1167 uno
2125 1142 2251 1167 mense

57 1208 246 1246 sacerdote
292 1210 616 1248 castrametantur,
654 1203 836 1251 significat
872 1208 955 1249 post
1004 1203 1122 1239 lucem

59 1268 219 1305 scientiae
252 1270 473 1312 perceptam,
497 1274 677 1311 quemque
708 1263 893 1309 patientiae
911 1263 1062 1299 verbum
1087 1269 1124 1298 et

1190 1203 1226 1233 et
1245 1207 1368 1243 supra.
1391 1196 1436 1231 Et
1454 1195 1686 1231 inveniuntur
1706 1192 1936 1239 primogeniti
1963 1191 2118 1228 liliorum
2143 1192 2254 1228 lsrael

1189 1260 1316 1306 viginti
1351 1259 1421 1294 duo
1445 1257 1557 1293 millia
1578 1256 1724 1292 ducenti
1743 1254 1969 1301 septuaginta
1990 1258 2076 1289 tres.
2098 1253 2255 1289 Putasne

60 1329 227 1366 solatium
258 1327 431 1374 proximis
457 1326 533 1362 suis
562 1326 716 1362 discrete
742 1325 873 1361 debere
898 1324 1121 1369 impendere,
1189 1331 1254 1368 per
1274 1321 1350 1356 baec
1376 1318 1488 1355 solam
1508 1317 1692 1353 numerari
1711 1316 1901 1351 historiam
1917 1315 2047 1350 docere
2063 1324 2130 1350 nos
2144 1314 2256 1350 voluit

59 1399 96 1429 et
115 1394 182 1429 hoc
200 1392 266 1428 sub
285 1391 472 1432 Eleazaro,
494 1389 528 1425 id
544 1394 612 1432 est,
634 1389 700 1424 sub
724 1388 902 1434 adjutorio
919 1387 998 1422 Dei.
1018 1386 1121 1430 Quia,

56 1455 161 1502 juxta
180 1454 381 1490 Psalmistae
402 1452 618 1488 sententiam
636 1477 646 1493 ‚
670 1449 751 1484 Nisi
775 1449 947 1484 Dominus
968 1448 1126 1492 oedifica-

61 1516 145 1551 verit
157 1515 313 1556 (tontum,
324 1514 361 1547 in
374 1523 502 1548 vanam
513 1511 757 1546 laboraverunt
768 1510 828 1556 qui
842 1509 1019 1555 aedificant
1033 1519 1124 1543 eam.

63 1577 99 1613 N
103 1577 144 1611 isi
159 1576 330 1610 Dominus
345 1572 547 1609 custodierit
566 1571 752 1615 civitatem,
771 1572 808 1606 in
824 1581 950 1606 vanum
966 1569 1126 1605 laborant

62 1635 339 1683 quicustodiant
376 1645 452 1669 eam
474 1632 588 1680 (Psal.
620 1632 757 1679 cxxvi).
791 1633 904 1668 Porro
926 1630 1127 1667 Gersonitae

65 1699 125 1744 qui
146 1698 310 1734 similiter
336 1697 402 1732 sub
426 1695 587 1731 Eleazari
618 1706 705 1731 cura
732 1694 934 1738 constituti,
959 1692 1128 1729 occiden-

64 1759 128 1795 tali
149 1758 253 1804 plaga
270 1757 331 1793 ubi
352 1756 406 1792 sol
426 1756 518 1792 diem
540 1755 719 1798 claudere,
741 1760 776 1791 et
794 1759 890 1790 astra
906 1753 1022 1789 solent
1042 1762 1129 1787 cun-

66 1826 125 1857 cta
145 1819 325 1861 occidere,
355 1823 474 1853 castra
502 1815 724 1857 locaverunt,
756 1814 843 1849 illud
872 1814 1045 1849 nimirum
1066 1821 1129 1857 per

66 1881 220 1927 figuram
246 1878 464 1924 exprimunt,
495 1876 589 1922 quod
621 1874 777 1910 ministri
801 1879 837 1910 et
864 1873 1031 1908 custodes
1051 1871 1128 1906 veri

67 1942 306 1984 tabernaculi,
326 1940 449 1976 mundi
478 1936 809 1983 concupiscentiam
829 1934 968 1979 sugere,
991 1938 1026 1968 et
1049 1942 1130 1968 car-

68 2003 162 2039 nalia
183 2001 361 2038 desideria
381 2010 445 2045 per
464 1999 527 2033 Dei
548 1996 767 2042 adjutorium
793 1995 828 2030 in
850 2004 888 2030 se
908 1992 1129 2029 mortificare

68 2063 220 2105 debcnt3
254 2062 378 2106 sicque
403 2059 498 2095 diem
529 2058 696 2093 ultimum
727 2067 768 2093 ac
798 2055 911 2108 linem¹
938 2054 1129 2100 praesentis

67 2124 201 2160 laboris
226 2126 452 2168 exspectare,
479 2118 645 2165 quamvis
671 2117 805 2153 mundo
833 2116 964 2152 mortui
993 2121 1029 2151 et
1055 2116 1129 2151 Deo

68 2187 246 2228 viventes,
269 2195 349 2220 cum
372 2183 483 2218 Paulo
517 2181 679 2226 apostolo
708 2180 827 2215 dicere
855 2178 1021 2224 possint:
1040 2177 1129 2213 Mihi

70 2255 186 2284 aulem
206 2247 295 2282 absit
312 2244 470 2292 gloriari,
490 2245 558 2280 nisi
582 2244 618 2278 in
632 2253 733 2277 cruce
749 2241 891 2277 Domini
915 2241 1025 2275 nostri
1043 2239 1130 2275 Jesu

71 2307 214 2349 Christi,
243 2317 303 2352 per
323 2316 423 2352 quem
443 2304 527 2339 mihi
554 2302 704 2338 blundus
725 2301 912 2346 crucifixus
933 2307 997 2344 est,
1020 2306 1049 2335 el
1069 2312 1130 2346 eqo

69 2368 199 2404 mundo
228 2365 359 2414 (Galat.
391 2366 468 2411 vn).
492 2364 651 2400 Extremi
683 2373 825 2409 quoque
858 2362 1037 2398 Mcraritae
1066 2363 1131 2397 sub

70 2430 228 2466 ithamar
250 2429 324 2464 filio
349 2427 485 2471 Aaron,
515 2427 574 2473 qui
602 2427 860 2471 interpretatur
887 2425 945 2460 abi
973 2435 1129 2465 amarus,

72 2492 146 2527 sive
167 2491 225 2526 ubi
239 2490 372 2537 palma,
386 2489 529 2535 plagam
547 2488 796 2534 aquilonarem
815 2486 931 2522 sortiti
952 2490 1050 2527 sunt,
1071 2485 1131 2520 ubi

72 2551 213 2597 glaciali
230 2550 382 2585 horrore
401 2549 516 2583 biems
531 2552 705 2593 perpetua
723 2545 850 2580 durat:
878 2543 973 2588 quod
998 2552 1060 2587 per
1082 2547 1133 2587 ty-

71 2622 157 2658 pum
178 2619 303 2645 omnes
323 2609 506 2650 admonet,
527 2606 700 2641 Ecclesiae
729 2604 866 2640 scilicet
894 2602 1064 2647 praesules
1085 2602 1134 2637 si-

73 2670 148 2707 mul
180 2675 216 2706 et
242 2668 443 2710 ministros,
478 2671 655 2712 quatenus
683 2665 876 2701 securitate
905 2664 1031 2699 nociva
1062 2673 1133 2699 non

74 2737 254 2777 torpeant,
270 2731 353 2775 quia
370 2729 452 2764 licet
464 2737 529 2772 per
539 2726 688 2772 januam
702 2725 784 2762 ndei
795 2725 870 2770 jam
883 2724 919 2760 in
935 2724 1133 2761 Ecclesiam

75 2790 302 2832 intraverint,
332 2788 409 2834 jam
443 2787 559 2823 lucem
595 2786 754 2823 scientiae
780 2787 1027 2830 perceperint,
1058 2784 1134 2830 jam

76 2855 196 2892 carnis
217 2851 391 2889 desideria
418 2849 456 2884 in
476 2859 513 2884 se
537 2846 797 2890 crucifixerint,
829 2846 986 2882 nondum
1014 2850 1134 2881 tamen

77 2916 121 2952 ad
141 2913 338 2961 perfectam
358 2911 586 2952 suavitatem,
610 2908 644 2944 id
667 2913 734 2951 est,
762 2907 806 2943 ad
827 2912 1002 2943 aeternam
1021 2908 1135 2943 beati-

78 2975 237 3011 tudinem
263 2976 518 3019 pervenerunt,
553 2970 616 3006 sed
649 2969 767 3004 adhuc
803 2978 965 3003 amarum
1000 2967 1134 3013 aliquid

77 3040 217 3072 restat:
240 3043 323 3069 cum
353 3032 413 3067 illo
444 3030 569 3076 utique
603 3029 663 3074 qui
695 3029 740 3064 ad
771 3027 975 3074 aquilonem
1005 3027 1134 3063 solium

79 3107 184 3133 suum
203 3094 308 3140 erigit
328 3091 583 3129 decertandum
607 3095 674 3132 est,
697 3088 797 3134 cujus
818 3088 989 3124 duritiam
1020 3086 1133 3124 emol—

80 3159 138 3194 liri
169 3167 241 3193 non
268 3161 322 3191 est
338 3154 456 3196 facile,
476 3153 549 3188 imo
575 3151 809 3198 impossibile.
834 3150 935 3187 Unde
961 3150 1135 3187 Dominus

79 3219 147 3256 sub
166 3223 248 3264 typo
266 3215 462 3252 Leviathan
480 3213 526 3249 ad
547 3211 614 3248 Job
628 3212 786 3258 loquitur
803 3211 925 3247 dicens
941 3222 950 3246 :
972 3210 1042 3246 Gor
1058 3210 1135 3256 ejus

78 3278 302 3316 indurabitur
325 3277 426 3324 quasi
443 3275 547 3322 lapis,
567 3281 599 3310 et
622 3274 812 3319 strinqelur
830 3271 930 3320 quasi
950 3270 1133 3307 malleato-

80 3342 129 3377 ris
142 3342 242 3377 incus
261 3338 342 3387 (Iob
357 3337 443 3386 xm).
461 3336 612 3381 Quando
629 3335 728 3371 enim
754 3335 824 3370 iste
842 3333 1011 3370 inimicus
1031 3342 1136 3378 supe-

83 3401 236 3443 rabitur,
260 3403 297 3435 et
320 3398 366 3434 de
381 3407 425 3434 eo
448 3395 610 3444 perfecte
627 3394 884 3441 triumphatur,
914 3398 999 3429 tunc
1017 3391 1137 3428 exsul-

84 3459 244 3502 tandum,
263 3463 420 3504 tuncque
436 3455 678 3503 gaudendum,
699 3461 782 3492 tunc
805 3454 911 3490 beate
930 3453 1134 3497 vivendum,

83 3519 227 3567 quaudo
241 3519 433 3556 discrimen
449 3517 530 3554 vitae
541 3515 619 3562 jam
632 3526 704 3552 non
724 3515 795 3551 erit
811 3514 937 3550 ullum.

92 3595 95 3619 J
131 3581 258 3619 Omnes
275 3581 403 3618 Levitoe
415 3590 502 3627 quos
515 3585 783 3626 numeraverunt
799 3575 938 3622 Moyses
951 3579 985 3610 et
999 3573 1136 3616 Aaron,

82 3640 188 3686 Juxta
203 3646 412 3688 proeceptum
434 3638 577 3676 Domini
597 3649 658 3685 per
675 3637 831 3684 familias
851 3647 935 3672 suas
956 3635 992 3670 in
1017 3643 1140 3680 genere

87 3698 292 3744 masculino,
309 3712 334 3737 a
350 3711 465 3738 mense
479 3711 549 3736 uno
568 3705 601 3736 et
626 3709 747 3746 supra,
767 3698 908 3744 fuerunt
929 3695 1047 3743 viginti
1068 3693 1139 3728 duo

89 3758 216 3796 millia.
233 3757 548 3807 Euan-Dominus
569 3759 618 3809 ¹³¹¹.
634 3757 782 3805 Moysen
796 3768 809 3794 .·
831 3756 991 3793 Numera
1010 3754 1140 3801 primo-

27 3884 31 3895 ι

0 3896 49 4016 tt

1148 2038 1177 2079 C

1152 2936 1187 2975 D

1192 1382 1346 1428 Moyses,
1368 1385 1405 1415 et
1425 1378 1562 1414 nullum
1588 1378 1625 1413 in
1655 1377 1712 1412 his
1733 1375 2003 1412 diversitatibus
2022 1385 2255 1411 numerorum

1192 1441 1368 1478 conclusit
1385 1439 1488 1476 solito
1505 1439 1574 1474 sibi
1595 1447 1696 1473 more
1719 1436 1959 1484 mysterium?
1979 1435 2075 1471 Nihil
2094 1447 2139 1472 ne
2155 1436 2254 1471 vide-

1194 1508 1253 1538 tur
1285 1502 1402 1536 inesse
1429 1499 1594 1542 rationis,
1627 1497 1723 1543 quod
1748 1496 1892 1532 ducenti
1924 1496 2150 1542 septuaginta
2184 1501 2257 1531 tres

1195 1567 1336 1597 tantum
1367 1560 1552 1596 abundare
1582 1557 1751 1594 dicuntur
1769 1557 1804 1592 in
1822 1556 2072 1602 primogenitis
2101 1556 2258 1591 [iliorum

1193 1623 1334 1659 lsrael?
1350 1628 1385 1658 et
1404 1623 1441 1658 in
1466 1621 1603 1657 Levitis
1632 1620 1677 1655 ad
1698 1618 1822 1665 viginti
1845 1619 1915 1653 duo
1933 1627 2050 1663 neque
2074 1617 2259 1652 abundare

1194 1689 1401 1734 quisquam,
1438 1696 1554 1732 neque
1591 1687 1716 1722 deesse
1743 1683 2002 1730 perscribitur?
2030 1683 2165 1729 Viginti
2191 1683 2260 1718 duo

1196 1750 1339 1794 quidem
1361 1759 1547 1791 numerus,
1564 1748 1600 1782 in
1623 1746 1821 1792 Scripturis
1842 1744 1971 1780 divinis
1993 1743 2023 1780 si
2042 1743 2122 1789 quis
2140 1743 2263 1779 obser-

1195 1816 1310 1852 varet,
1342 1810 1436 1855 quod
1467 1807 1729 1854 principalibus
1758 1805 1972 1851 quibusdam
2002 1804 2123 1840 causis
2148 1804 2260 1839 ascri-

1196 1878 1278 1918 ptus
1304 1872 1363 1914 sit,
1382 1870 1589 1916 frequenter
1609 1868 1778 1904 inveniet.
1799 1867 1890 1902 Nam
1909 1866 2036 1912 viginti
2057 1866 2127 1901 duo
2144 1865 2262 1910 primo

1199 1933 1293 1978 apud
1328 1930 1498 1966 Hebraeos
1533 1929 1710 1964 elementa
1748 1927 1892 1962 tradunt
1929 1936 2008 1962 esse
2041 1925 2259 1961 litterarum.

1199 1992 1332 2039 Viginti
1361 1993 1430 2028 duo
1458 2000 1584 2026 rursus
1612 2000 1631 2024 a
1666 1988 1889 2034 protoplasto
1919 1987 2035 2024 Adam
2067 1997 2184 2032 usque
2216 1987 2261 2021 ad

1198 2054 1324 2097 Jacob,
1343 2063 1387 2088 ex
1407 2052 1509 2098 cujus
1531 2051 1668 2088 semine
1690 2050 1834 2085 initium
1861 2049 2049 2085 duodecim
2070 2049 2185 2084 tribus
2205 2058 2264 2082 su-

1198 2120 1312 2158 munt,
1345 2118 1466 2160 patres
1497 2112 1609 2148 fuisse
1634 2101 1884 2145 numerantur.
1909 2108 1979 2144 Sed
2000 2108 2069 2144 alia
2096 2107 2208 2143 multa
2228 2107 2264 2141 in

1199 2174 1396 2220 Scripturis
1429 2174 1459 2209 si
1488 2172 1570 2218 quis
1602 2170 1808 2217 diligentius
1837 2174 2071 2214 exsequatur,
2101 2168 2166 2203 sub
2196 2167 2264 2202 hoc

1198 2245 1350 2272 numero
1381 2238 1594 2271 consecrata
1624 2231 1792 2277 reperiet.
1826 2229 1979 2275 Propter
2011 2229 2079 2264 hoc
2111 2238 2195 2274 ergo
2217 2230 2262 2270 {ct

1198 2296 1346 2338 Levitae,
1371 2295 1407 2330 id
1436 2299 1505 2337 cst,
1527 2293 1588 2338 qui
1618 2291 1827 2327 deserviunt
1847 2290 1935 2332 Deo,
1969 2294 2005 2324 et
2035 2289 2265 2334 primogeniti

1200 2356 1356 2391 filiorum
1373 2355 1483 2390 lsrael
1501 2353 1703 2389 admirabili
1724 2352 1791 2387 hoc
1808 2355 2021 2389 sacratoque
2039 2359 2190 2384 numero
2209 2354 2263 2383 at-

1202 2415 1404 2451 titulantur.
1433 2413 1501 2457 Qui
1529 2418 1650 2448 autem
1676 2411 1712 2446 in
1740 2411 1823 2446 filiis
1844 2409 1954 2445 lsrael
1982 2409 2175 2451 adduntur,
2201 2409 2266 2444 du-

1202 2477 1296 2514 centi
1316 2475 1541 2522 septuaginta
1561 2480 1635 2510 tres
1664 2482 1782 2518 neque
1808 2473 1962 2507 otiosum
1993 2471 2082 2506 mibi
2107 2471 2262 2514 videtur,

1202 2551 1318 2589 neque
1337 2539 1571 2577 absolutionis
1600 2539 1696 2573 viam
1725 2537 1867 2572 facilem
1899 2545 2022 2578 cerno,
2053 2534 2123 2570 nisi
2143 2535 2265 2570 Domi-

1202 2613 1270 2638 nus
1288 2601 1452 2637 velamen
1481 2599 1567 2634 illud
1594 2597 1802 2644 impositum
1835 2596 1871 2631 in
1903 2595 2024 2642 Moyse
2050 2595 2107 2631 his
2132 2595 2263 2631 litteris

1203 2663 1388 2710 adaperire
1411 2660 1515 2698 nobis
1546 2659 1711 2706 dignetur
1742 2664 1778 2693 et
1806 2656 1960 2693 auferre.
1983 2657 2095 2702 Igitur
2114 2656 2262 2692 humani

1203 2723 1344 2771 generis
1366 2723 1402 2757 in
1421 2730 1530 2757 carne
1551 2719 1750 2767 generatio,
1771 2718 1863 2754 sicut
1885 2720 2053 2752 asserunt
2070 2716 2132 2762 qui
2153 2717 2190 2752 in
2209 2722 2263 2752 ta-

1204 2784 1297 2820 libus
1312 2781 1418 2829 periti
1433 2785 1531 2824 sunt,
1546 2789 1675 2815 novem
1690 2778 1834 2824 quidem
1855 2776 2040 2812 mensibus
2059 2776 2264 2811 continetur

1205 2845 1241 2880 in
1262 2842 1388 2885 vulva;
1421 2840 1484 2877 sed
1512 2849 1585 2876 non
1613 2838 1714 2885 prius
1737 2836 1875 2873 moveri
1901 2836 2017 2872 fertur
2037 2835 2082 2871 ad
2104 2840 2262 2881 partum,

1206 2913 1315 2949 quam
1338 2901 1446 2937 etiam
1468 2899 1595 2936 decimi
1618 2897 1752 2934 mensis
1770 2897 1928 2933 triduum
1950 2900 2133 2939 transeat;
2155 2901 2190 2930 et
2216 2895 2264 2930 ita

1206 2962 1401 3006 invenitur,
1422 2961 1517 3007 quod
1530 2969 1702 2996 numerus
1717 2958 1798 3001 iste,
1818 2958 1854 2994 id
1868 2963 1938 3001 est,
1960 2956 2103 2994 ducenti
2121 2961 2265 3002 septua-

1206 3026 1306 3072 ginta
1324 3031 1399 3060 tres
1426 3023 1502 3060 dies
1523 3022 1603 3058 illos
1628 3021 1799 3064 indicent,
1831 3020 1953 3067 quiex
1983 3030 2112 3055 novem
2133 3019 2265 3055 mensi-

1205 3088 1272 3124 bus
1291 3091 1328 3123 et
1346 3085 1466 3122 triduo
1483 3083 1620 3120 mensis
1643 3082 1772 3118 decimi
1794 3081 2023 3128 colliguntur,
2045 3086 2079 3115 et
2104 3080 2194 3115 fiunt
2213 3079 2261 3114 si-

1206 3147 1281 3184 mul
1304 3147 1446 3184 ducenti
1463 3144 1689 3191 septuaginta
1707 3148 1780 3179 tres
1795 3142 1871 3178 dies
1887 3141 1946 3177 isti
1963 3141 2093 3185 quibus
2105 3139 2262 3174 humano

1206 3209 1329 3257 generi
1359 3209 1396 3244 in
1424 3208 1520 3244 hunc
1538 3206 1709 3243 mundum
1734 3203 1915 3248 praebetur
1934 3202 2128 3247 ingressus.
2148 3199 2194 3234 Et
2211 3199 2261 3235 ita

1204 3272 1241 3308 in
1265 3270 1391 3317 viginti
1411 3269 1562 3317 quidem⁴
1575 3274 1611 3303 et
1627 3266 1764 3303 duobus
1784 3261 1957 3304 numeriS‚
1977 3260 2136 3296 omnium
2155 3260 2262 3296 simul

1205 3336 1455 3368 ereaturarum
1486 3326 1687 3363 rationibus
1715 3322 1877 3369 mysticis
1899 3329 2038 3356 summa
2066 3318 2257 3366 colligitur.

1203 3390 1245 3427 In
1260 3391 1317 3427 his
1335 3399 1422 3425 vero
1439 3397 1518 3432 quae
1547 3395 1592 3421 ex
1620 3381 1815 3419 abundanti
1839 3380 1874 3415 in
1892 3378 2142 3425 primogenitis
2161 3379 2260 3415 inve-

1205 3450 1356 3486 niuntur
1374 3445 1499 3489 lsrael,
1518 3444 1625 3480 etiam
1647 3439 1858 3487 mysterium
1874 3437 2043 3474 humanae
2060 3438 2260 3484 generatio-

1205 3510 1262 3546 nis
1281 3506 1484 3553 exponitur.
1511 3503 1603 3547 Quia
1625 3510 1710 3547 ergo
1736 3498 1870 3535 Levitae
1898 3497 2184 3535 ecclesiasticum
2200 3508 2260 3534 or-

1203 3570 1323 3606 dinem
1343 3564 1545 3611 significant
1562 3562 1623 3608 qui
1647 3559 1803 3597 deservit
1830 3558 1868 3595 in
1900 3559 2048 3602 sanctis,
2076 3563 2113 3595 et
2142 3557 2258 3604 legem

1203 3626 1345 3665 Domini
1363 3623 1558 3661 meditatur
1571 3626 1609 3658 et
1623 3621 1740 3664 docet,
1758 3623 1840 3666 apte
1864 3618 1969 3666 juxta
1995 3628 2187 3655 numerum
2205 3618 2259 3654 vi·

1203 3687 1294 3736 ginti
1320 3685 1390 3722 duo
1407 3681 1622 3726 attitulatur,
1641 3681 1740 3727 quia,
1762 3686 1929 3727 utsupra
1949 3678 2083 3716 dictum
2100 3682 2170 3724 est,
2187 3676 2259 3715 lle-

1203 3749 1383 3786 braearum
1405 3744 1607 3782 litterarum
1628 3752 1799 3780 numerus
1817 3741 1856 3781 in
1874 3739 2002 3788 viginti
2026 3740 2166 3778 duobus
2184 3738 2259 3777 ele·
