2540 4016
248 168 317 206 595
669 159 709 195 B.
737 157 908 199 RABANI
931 157 1079 197 MAURI
1102 156 1317 195 ARCHIEP.
1343 157 1550 196 MOGUNT.
1578 159 1767 198 OPERUM
1793 161 1914 198 PARS
1935 174 1962 197 ι.
2345 167 2415 204 ὅθι)

244 249 352 283 Amen
377 244 454 277 dico
472 241 579 282 vobis,
601 250 670 275 non
688 238 803 275 inveni
822 245 957 275 tantam
986 237 1090 284 fidem
1111 238 1150 274 in
1179 236 1296 274 Israel
1314 225 1351 277 A
1367 228 1579 283 sanguinem
1599 226 1890 284 prophetarum:
1915 237 2065 284 insuper
2083 238 2192 275 etiam
2219 240 2258 277 in
2288 242 2416 280 necem

251 302 394 353 (Mattb.
405 299 506 348 vm);
519 299 670 336 etitem.
683 288 804 342 Mutii,
819 298 952 345 inquit,
961 298 1099 335 venient
1110 297 1154 334 ab
1165 298 1299 334 oriente

243 370 274 400 et
288 361 478 404 occidente,
489 365 522 395 et
535 359 733 395 recumbent
748 358 1014 396 cumAbraham
1027 356 1175 396 eeisaac
1185 363 1218 395 et
1231 357 1298 396 Ja—

239 422 299 459 cob
308 423 345 458 in
353 431 457 468 reqno
465 411 734 456 coetorum.Filii
740 419 962 466 autem'reqni
969 421 1154 466 ejicientur
1162 421 1200 457 in
1206 426 1297 456 tene-

239 484 319 520 bras
330 484 537 529 exteriores:
548 482 669 517 ibierit
677 483 779 529 fletus
793 487 826 518 et
843 482 974 518 stridor
986 481 1142 520 dentium
1153 480 1291 531 (Ibid.).

238 545 355 582 Habet
377 555 519 591 quoque
546 544 660 580 tribus
690 544 862 590 Ephraim
895 544 1094 591 principem
1113 537 1289 592 gElisama.

240 605 352 649 Quem
388 606 515 641 melius
548 605 704 642 Elisama
739 603 938 652 intelligere
964 616 1155 652 possumus
1183 616 1292 652 quam

240 664 462 702 Salvatorem
482 672 658 710 nostrum,
678 667 721 703 de
735 677 807 713 quo
824 667 914 703 dixit
929 666 1143 715 Apostolus:
1157 664 1290 703 Factus

235 732 299 769 est,
317 727 446 773 inquit,
462 727 621 763 obediens
649 727 750 763 Patri
779 740 886 774 usque
902 728 948 764 ud
963 735 1121 772 mortem,
1143 736 1288 765 mortem

235 793 350 822 autem
377 789 516 823 crucis?
534 787 643 835 (Phil.
666 789 722 835 ιι.)
754 789 798 825 Ει
829 789 907 836 ipse
938 790 1111 826 Dominus
1127 790 1171 826 de
1193 801 1231 826 se
1250 791 1287 826 in

233 848 426 894 Evangelio
448 849 494 884 ita
523 850 596 884 ait:
625 849 692 892 Qui
715 850 809 885 misit
840 860 905 892 me,
932 861 1037 886 verax
1054 856 1134 886 est:
1163 856 1195 885 et
1226 859 1286 895 eqo

235 919 312 954 quie
332 909 450 944 audivi
470 909 511 944 ab
530 921 583 953 eo,
602 910 675 946 naec
699 910 822 957 loquor
836 911 873 946 in
899 911 1030 946 mundo
1052 909 1172 958 (Joan.
1189 909 1284 958 vui).

231 970 310 1015 lpse
335 971 502 1007 videlicet
532 977 586 1008 est
605 972 700 1008 tilius
719 971 902 1016 Ammiud,
932 974 968 1009 id
986 978 1053 1016 est,
1086 973 1207 1018 pupuli
1230 973 1286 1008 in-

232 1030 335 1077 clyti:
357 1032 439 1077 quia
461 1033 504 1067 de
520 1032 821 1078 patriarcharum,
837 1033 1095 1079 prophetarum
1107 1039 1143 1068 et
1159 1042 1283 1079 regum

230 1092 340 1137 stirpe
373 1093 608 1135 descendens,
635 1093 732 1128 venit
763 1093 800 1128 in
823 1093 995 1128 mundum
1030 1098 1069 1128 ut
1089 1093 1282 1128 redimeret

1368 290 1502 334 Cili-isti
1536 297 1764 343 conspirans,
1797 298 1907 344 impie
1935 295 2196 336 conclamando
2213 299 2259 337 sse
2279 299 2413 351 inpre-

1366 359 1482 395 cando
1497 358 1618 396 dixit.
1640 358 1792 406 Sanyuzs
1819 361 1897 407 eJ'us
1921 371 2027 407 super
2051 371 2128 405 nos,
2157 367 2191 397 et
2203 367 2308 410 super
2322 363 2414 410 filios

1366 425 1501 455 nostros
1533 414 1677 467 (Mattlt.
1707 419 1838 466 xxvii).
1868 419 1941 456 sed
1966 421 2059 457 Sicut
2088 420 2288 459 incredulis
2317 422 2415 462 filius

1363 479 1497 518 doloris
1515 481 1595 526 suit,
1614 481 1664 518 ita
1688 482 1781 518 etin
1807 476 2048 527 credentibus,
2085 482 2284 520 secundum
2298 484 2414 532 patris

1362 539 1601 590 prophetiam,
1628 541 1759 579 merito
1788 543 1883 578 filius
1901 541 2061 580 dexterae
2076 548 2318 592 nuncupatur.
2339 546 2413 584 Nee

1361 603 1495 649 aliquid
1514 601 1682 648 prohibet
1711 603 1748 638 in
1773 602 1960 648 Benjamin
1977 603 2092 650 figura
2111 606 2279 653 gentilem
2296 618 2412 655 popu-

1359 665 1433 699 lum
1469 663 1684 710 intelligere,
1716 663 1778 709 qui
1806 663 1964 710 primum
1988 663 2083 702 illius
2119 664 2253 704 doloris
2283 669 2412 706 eratin

1358 725 1606 772 persequendo
1627 724 1852 761 Christianos
1869 752 1879 768 ‚
1901 735 1944 761 ae
1958 727 2090 772 postin
2120 727 2300 766 Christum
2333 742 2412 767 cre-

1358 784 1488 829 dendo,
1507 785 1602 821 iilius
1626 785 1796 821 dexterae.
1830 784 1943 830 Hujus
1962 797 2049 833 ergo
2077 788 2199 835 populi
2228 790 2410 836 apostolus

1357 853 1393 884 et
1409 847 1625 894 praedicator
1644 846 1775 882 Paulus
1808 845 1888 889 fuit,
1929 857 2036 893 quem
2073 847 2109 884 in
2141 845 2408 895 significatione

1356 908 1541 954 Benjamin
1558 908 1723 944 doctores
1746 908 1860 944 sancti
1876 918 1970 955 saepe
1986 914 2137 955 ponunt.
2155 908 2270 946 Filius
2288 910 2410 957 itaque

1357 970 1512 1006 dexterae
1541 969 1620 1005 ideo
1651 971 1719 1006 iste
1743 970 1895 1016 populus
1924 971 2047 1006 vocari
2072 976 2205 1018 potest,
2226 973 2300 1009 sive
2326 973 2408 1019 quia

1355 1032 1391 1068 in
1412 1031 1607 1067 electorum
1622 1041 1772 1067 numero
1802 1031 1847 1066 ad
1864 1031 2048 1066 dexteram
2063 1031 2196 1077 judicis
2221 1031 2257 1068 in
2286 1038 2408 1070 extre-

1355 1103 1413 1128 mo
1430 1091 1594 1128 examine
1613 1096 1770 1127 staturus
1790 1095 1856 1134 est,
1883 1092 1959 1127 sive
1981 1092 2063 1137 quia
2095 1095 2255 1136 dextera,
2276 1094 2312 1129 id
2333 1098 2402 1138 est,

231 1162 344 1197 genus
362 1154 571 1189 humanum.
599 1153 688 1188 Item
715 1154 751 1189 in
783 1154 945 1199 principe
963 1154 1086 1199 stirpis
1110 1154 1279 1199 Ephraim
1299 1147 1330 1186 B
1349 1155 1455 1191 beata
1470 1164 1593 1200 opera,
1621 1152 1740 1189 faeere
1765 1153 1894 1189 studet.
1925 1151 2037 1197 Huius
2055 1163 2141 1200 ergo
2165 1154 2286 1200 populi
2313 1154 2399 1191 Abi-

230 1214 392 1258 accipere
411 1225 604 1260 possumus
622 1225 682 1250 eos
701 1215 761 1260 qui
789 1215 926 1251 intente
943 1216 1091 1250 audiunt
1117 1220 1151 1250 et
1171 1215 1283 1250 medi-

230 1280 353 1309 tantur
387 1276 535 1311 verbum
556 1275 642 1318 Dei,
664 1281 699 1310 et
723 1276 790 1311 hoc
829 1287 900 1311 non
927 1271 1085 1311 inaniter
1121 1276 1185 1311 sed
1212 1275 1282 1310 sru-

229 1341 355 1371 ctuose
379 1347 486 1382 agere
509 1336 653 1371 student
674 1343 712 1370 ut
731 1337 816 1379 sint,
837 1337 1034 1371 secundum
1052 1334 1174 1370 Jaeohi
1199 1346 1281 1371 sen—

231 1398 379 1433 tentiam
401 1425 410 1441 ,
439 1397 589 1443 factores
623 1396 716 1431 verbi
737 1424 745 1440 ‚
765 1403 796 1432 et
832 1409 901 1432 non
934 1396 1112 1432 auditores
1143 1402 1279 1432 tantum

227 1458 320 1502 (Jac.
338 1457 379 1502 ι).
398 1457 502 1501 Quia,
524 1463 718 1493 attestante
751 1458 922 1500 veritate,
952 1458 1011 1503 qui
1052 1458 1155 1493 corde
1190 1458 1278 1493 bono

223 1520 254 1549 et
286 1516 411 1560 optimo
453 1514 634 1549 audientes
667 1514 805 1549 verbum
839 1514 1278 1559 i·etinent‚l'ructumaffe-

223 1581 302 1610 runt
324 1575 360 1610 in
377 1575 545 1621 patientia
562 1584 573 1609 .·
589 1581 619 1610 et
637 1574 734 1610 aliud
769 1575 908 1621 quidem
933 1575 1017 1620 saci!
1036 1575 1277 1618 centesimum,

226 1634 322 1668 uliud
340 1634 606 1680 sexaqesimunz,
634 1634 731 1670 aliud
749 1640 865 1669 autem
899 1635 1110 1669 tricesimum
1132 1633 1274 1681 (Manli.

224 1694 294 1740 ιιι).
317 1693 431 1729 Porro
447 1693 622 1730 Gamaliel
655 1695 749 1731 filius
772 1694 979 1732 phadassur
1001 1723 1008 1737 ,
1030 1695 1098 1731 hoc
1131 1702 1186 1731 est
1222 1706 1277 1731 re-

222 1756 438 1802 demptionis
476 1755 625 1799 validae‚
663 1757 868 1792 dominatur
900 1757 935 1791 in
977 1756 1070 1792 tribu
1098 1755 1273 1800 Manasse,

224 1818 285 1862 qui
318 1818 576 1864 interpretatur
596 1818 729 1854 oblitus
766 1818 840 1854 sive
867 1818 1088 1854 obliviosus:
1108 1830 1188 1854 cum
1210 1818 1277 1854 Re-

225 1878 388 1924 demptor
423 1884 565 1922 noster,
595 1889 702 1924 quem
726 1879 771 1914 ad
793 1880 1064 1915 convocandum
1102 1878 1273 1925 populum

222 1938 411 1975 Judaicum
447 1939 556 1976 Pater
580 1941 679 1976 misit
708 1941 743 1975 in
774 1941 963 1983 mundum,
992 1941 1028 1976 in
1064 1950 1175 1985 regno
1210 1951 1273 1976 suo

218 2007 360 2047 gentem
395 2003 609 2039 obliviosam
647 2003 804 2045 invenit;
839 2003 935 2038 unde
975 2002 1149 2039 Dominus
1196 2004 1273 2050 ipse

1352 1215 1421 1250 dan
1457 1213 1552 1250 filius
1589 1213 1767 1250 Gedeonis
1803 1214 1969 1260 princeps
2001 1219 2055 1249 cst
2069 1241 2077 1256 ‚
2119 1214 2204 1259 quia
2242 1214 2409 1250 Salvator

1350 1279 1486 1318 noster,
1507 1285 1613 1320 quem
1639 1274 1811 1310 humilem
1828 1275 1873 1310 ad
1889 1284 1927 1310 se
1940 1275 2144 1311 venientem
2159 1275 2309 1311 Judaiea
2324 1286 2407 1322 per-

1350 1337 1434 1372 fidia
1454 1337 1602 1382 sprevit,
1618 1336 1675 1372 vel
1696 1337 1864 1382 antiquus
1879 1337 1995 1373 hostis
2017 1338 2139 1383 inique
2158 1342 2297 1374 tentare
2312 1349 2404 1384 prze-

1350 1396 1514 1440 sumpsit,
1531 1399 1639 1441 caput
1652 1395 1875 1431 credentium
1901 1401 1968 1439 est,
1985 1402 2019 1433 et
2036 1397 2147 1443 judex
2168 1398 2204 1434 in
2229 1398 2300 1434 fine
2314 1409 2405 1434 ven-

1350 1457 1452 1487 turus
1468 1451 1632 1486 vivorum
1666 1456 1703 1486 et
1724 1456 1961 1495 mortuorum,
1983 1458 2022 1488 ut
2053 1454 2181 1490 reddat
2209 1457 2404 1502 unicuique

1350 1511 1546 1547 secundum
1561 1520 1669 1556 opera
1690 1521 1769 1555 sua,
1789 1510 1899 1556 justis
1915 1513 2082 1548 videlicet
2102 1515 2250 1560 praemia
2272 1521 2307 1552 et
2324 1528 2406 1563 pec-

1350 1572 1532 1607 catoribus
1565 1570 1722 1607 debitam
1740 1582 1899 1618 poenam.
1927 1572 2015 1609 Item
2048 1574 2256 1621 BenJamin‚
2277 1578 2311 1614 id
2331 1584 2401 1623 est,

1349 1632 1443 1668 iilius
1463 1632 1633 1675 dexterae,
1659 1641 1721 1668 eos
1740 1642 1931 1678 possumus
1950 1634 2116 1682 accipere
2136 1636 2198 1683 qui
2229 1638 2402 1675 virtutum

1348 1694 1466 1731 studio
1488 1693 1627 1729 sortiter
1645 1699 1770 1730 contra
1782 1693 1903 1731 hostes
1920 1695 2094 1734 dimicant
2107 1702 2143 1734 et
2158 1700 2398 1737 tentationum

1348 1756 1512 1792 stimulos
1532 1755 1686 1792 viriliter
1702 1761 1883 1802 premunt,
1906 1767 1972 1794 nec
1990 1758 2127 1804 aliquid
2149 1759 2346 1798 femineum
2366 1766 2402 1798 et

1346 1817 1452 1852 molle
1482 1827 1544 1853 seu
1560 1817 1813 1864 voluptuosum
1832 1817 1870 1853 in
1891 1827 1930 1854 se
1953 1818 2132 1855 dominari
2160 1822 2398 1867 permittunt;

1346 1878 1409 1913 sed
1427 1878 1502 1913 zelo
1529 1877 1592 1913 Dei
1623 1878 1766 1921 armati,
1799 1883 1925 1914 contra
1960 1879 2141 1925 spiritales
2166 1883 2347 1928 neq'uitias
2366 1889 2402 1920 et

1346 1942 1469 1973 contra
1488 1938 1609 1973 mundi
1626 1937 1812 1975 illecebras
1843 1939 1998 1985 praeliari
2019 1950 2161 1988 semper
2170 1943 2286 1988 parati
2302 1947 2396 1979 sunt.

1345 1997 1389 2033 ln
1409 1999 1500 2034 tribu
1520 1998 1600 2034 Dan
1632 2000 1867 2046 principatum
1888 2001 1998 2036 tenuit
2026 2001 2174 2039 Abiezer
2191 2003 2287 2049 silius
2302 2003 2398 2040 Amt-

217 2072 282 2108 per
301 2062 391 2098 Osee
413 2063 626 2108 prophetam
644 2063 694 2097 ait
715 2073 724 2098 :
745 2062 920 2098 Conticuit
935 2062 1082 2109 populus
1098 2074 1207 2106 naeus,
1235 2076 1273 2099 eo
1293 2071 1322 2111 C
1345 2059 1483 2095 saddai.
1519 2059 1595 2095 Dan
1625 2059 1801 2106 judicium
1834 2060 1890 2097 vel
1919 2059 2086 2106 judicans
2117 2063 2397 2110 interpretatur,

218 2122 311 2168 quod
328 2133 396 2157 non
412 2122 570 2157 habuerit
585 2123 780 2157 scientiam.
806 2123 898 2165 Quia
917 2129 954 2157 tu
985 2123 1142 2168 repulisti
1163 2126 1273 2161 scien-

218 2182 318 2225 tiam,
332 2182 496 2228 repellam
520 2188 551 2217 te
569 2193 609 2217 ne
624 2182 816 2218 sacerdotio
837 2182 997 2229 [ungaris
1015 2185 1099 2220 milei
1116 2195 1127 2218 .·
1143 2192 1175 2220 et
1190 2187 1272 2233 quia

218 2243 326 2279 oblita
347 2254 382 2279 es
414 2242 498 2290 lepis
522 2242 588 2278 Dei
625 2244 689 2287 tui,
720 2243 903 2278 obliviscar
938 2243 1095 2288 filiorum
1130 2251 1271 2280 tuorum

217 2304 313 2351 (Osa,
338 2303 401 2350 tv).
423 2304 468 2339 Et
486 2306 574 2340 item
592 2317 599 2340 :
618 2303 755 2340 Oblitus
770 2310 832 2346 est,
849 2304 979 2349 inquit,
997 2304 1112 2341 Israel
1126 2306 1270 2351 factoris

216 2364 272 2399 sui
305 2370 335 2399 et
367 2364 552 2409 aedificavit
577 2363 724 2399 delubra
747 2364 843 2410 (Ose.
872 2364 967 2412 vni).
1001 2365 1047 2400 Et
1080 2366 1270 2403 aedificavit

214 2425 329 2460 ,Iudas
350 2425 450 2460 urbes
470 2426 635 2461 munitas.
655 2425 726 2462 Sed
758 2436 830 2462 non
849 2437 976 2462 omnes
997 2426 1044 2462 illi
1066 2428 1267 2473 perierunt,

218 2498 286 2521 non
303 2487 394 2521 enim
414 2486 538 2533 repulit
563 2486 658 2522 Deus
680 2486 810 2533 plebem
830 2499 931 2523 suam
962 2497 1067 2534 quam
1095 2490 1269 2534 pra‘scivit

216 2546 330 2593 (Rom.
348 2547 412 2594 xi),
431 2548 494 2583 sed
510 2548 672 2594 reliquiae
698 2549 895 2584 seeundum
913 2549 1125 2585 electionem
1143 2550 1267 2596 gratiae

219 2608 324 2643 salx-:e
345 2608 448 2644 factae
471 2615 567 2645 sunt.
591 2609 636 2645 Et
655 2611 798 2656 quando
815 2611 998 2656 plenitudo
1019 2613 1193 2658 gentium,
1212 2623 1266 2649 se-

216 2669 609 2714 cundumApostolum‚
629 2671 900 2715 subintraverit,
923 2678 1009 2708 tunc
1023 2674 1140 2710 omnis
1155 2674 1264 2711 lsrael

213 2729 333 2765 salvus
354 2728 426 2764 siet.
448 2729 521 2765 Nec
532 2740 603 2765 non
623 2736 658 2765 et
673 2731 742 2766 alio
754 2733 860 2767 modo
876 2733 1061 2770 Manassen
1074 2746 1155 2771 cum
1167 2737 1266 2782 prin-

214 2788 292 2833 cipe
311 2788 419 2824 sortis
440 2798 513 2824 suae
531 2799 722 2834 possumus
740 2791 904 2837 accipere
923 2793 1002 2828 illos
1022 2795 1081 2840 qui
1103 2796 1148 2830 ob
1169 2796 1266 2832 desi-

214 2847 352 2883 derium
366 2848 448 2883 vitae
465 2852 609 2884 aeterum
628 2848 847 2891 laborantes,
869 2858 905 2886 et
921 2852 956 2886 in
976 2852 1079 2889 bonis
1095 2856 1265 2900 operibus

213 2907 440 2950 desudantes,
457 2917 529 2942 non
547 2908 876 2954 magnipenduntsi
891 2922 960 2956 qua
980 2911 1265 2950 feceruntvirtu—

1344 2120 1437 2156 sieut
1457 2119 1613 2156 Ahiezer
1637 2121 1750 2157 frater
1773 2131 1875 2158 meus
1893 2122 2050 2167 adjutor,
2066 2128 2101 2159 et
2129 2122 2313 2161 Amisadai
2328 2136 2395 2171 po-

1341 2181 1446 2227 pulus
1467 2192 1567 2218 meus
1588 2181 1766 2219 sufficiens
1794 2183 1923 2220 Latine
1953 2189 2114 2220 resonat.
2153 2185 2247 2229 Quid
2276 2186 2400 2223 obstat

1341 2242 1435 2287 quod
1462 2253 1533 2278 non
1556 2254 1591 2278 ιιι
1616 2254 1770 2289 persona
1796 2244 1947 2291 gentiles
1975 2246 2211 2292 accipiamus,
2251 2247 2327 2294 qui,
2353 2249 2396 2285 de

1340 2302 1473 2349 frigore
1507 2303 1731 2340 infidelitatis
1756 2305 1980 2350 recedentes,
2009 2307 2054 2343 ad
2083 2309 2235 2355 gratiam
2260 2309 2396 2347 Christi

1340 2364 1605 2409 confugerunt?
1630 2364 1732 2400 Unde
1752 2371 1788 2401 et
1807 2363 1882 2401 Dan
1903 2366 1939 2402 in
1965 2369 2271 2413 sequentilms,·in
2293 2372 2396 2418 aqui-

1338 2421 1453 2458 lonari
1467 2423 1571 2469 plaga
1586 2423 1686 2464 ,iuxta
1702 2425 1818 2471 ipsum
1830 2426 2102 2463 tabernaculum
2120 2430 2259 2475 primus
2275 2439 2394 2468 castra

1337 2486 1493 2520 metatus
1525 2494 1604 2520 csse
1628 2484 1855 2521 describitur.
1883 2484 2037 2524 Ahiezer
2059 2497 2144 2536 ergo
2171 2490 2286 2527 tribus
2316 2491 2391 2527 Dan

1334 2544 1503 2591 princeps
1522 2550 1592 2588 est,
1619 2550 1655 2581 et
1680 2546 1756 2591 ipse
1782 2546 1875 2583 iilius
1894 2552 1950 2584 est
1967 2547 2191 2592 Amisaddai‚
2222 2562 2303 2587 cum
2323 2552 2393 2589 Ec-

1336 2606 1453 2644 clesiae
1483 2606 1526 2644 de
1558 2607 1724 2654 gentibus
1753 2609 1908 2654 apostoli
1940 2609 2087 2654 Christi,
2121 2611 2225 2657 quasi
2261 2611 2393 2650 tratres

1336 2669 1510 2715 gentium,
1541 2668 1624 2713 quia
1646 2668 1689 2704 de
1709 2668 1814 2715 plebe
1831 2670 1944 2715 priori
1979 2672 2140 2717 generati
2164 2676 2260 2718 sunt,
2294 2674 2391 2711 sulii-

1335 2728 1470 2764 cientes
1491 2729 1527 2764 in
1545 2730 1656 2765 verbo
1682 2734 1717 2766 et
1748 2729 1852 2766 bonis
1884 2731 2052 2776 operibus
2069 2733 2232 2779 magistri
2256 2735 2390 2771 consti-

1334 2794 1509 2832 tunntur;
1530 2789 1590 2834 qui
1611 2799 1674 2824 cos
1692 2789 1852 2826 fraterna
1878 2791 2070 2828 dilectione
2090 2792 2323 2837 instruentes,
2345 2794 2388 2830 ad

1333 2851 1541 2886 societatem
1564 2849 1687 2896 gratiae
1711 2850 1885 2896 spiritalis
1917 2856 2115 2898 provocare
2142 2854 2300 2890 student.
2319 2853 2390 2890 Ali-

1335 2917 1409 2954 ter,
1429 2911 1465 2946 in
1484 2911 1560 2946 Dan
1587 2911 1814 2956 accipiuntur
1833 2912 1884 2948 illi
1909 2913 1968 2959 qui
1986 2913 2083 2960 iusto
2105 2913 2242 2959 judicio
2260 2922 2389 2952 cuncta

212 2971 288 3001 tum
307 2975 430 3013 opera,
446 2967 508 3002 sed
517 2965 652 3010 majora
663 2968 893 3014 adhucagere
910 2971 1129 3015 desiderant,
1142 2984 1268 3010 secun-
1284 2977 1320 3014 D
1338 2979 1460 3020 agunt,
1489 2979 1524 3009 et
1555 2974 1807 3010 discretionem
1846 2976 1883 3012 in
1905 2977 2072 3013 omnibus
2107 2977 2215 3014 rebus
2245 2987 2389 3015 servare

211 3027 296 3062 dum
311 3026 522 3071 Apostolum
536 3026 599 3062 itta
616 3038 692 3074 quoe
711 3034 801 3063 retro
815 3035 895 3064 sunt
915 3030 1149 3068 obliviscentes
1166 3032 1266 3080 (Plri-

210 3083 270 3130 lip.
294 3084 363 3132 ιιι),
391 3085 428 3120 in
451 3085 632 3121 anteriora
651 3096 689 3122 se
708 3087 920 3131 extendunt,
942 3089 971 3124 si
991 3092 1170 3135 quomodo
1185 3103 1265 3138 pcr-

209 3145 334 3180 venire
356 3145 495 3190 possint
524 3146 568 3182 ad
600 3157 763 3192 supernae
793 3148 992 3184 vocationis
1023 3149 1203 3197 bravium,
1223 3158 1263 3190 ut

210 3205 390 3252 accipiant
407 3216 581 3242 eoronam
599 3206 679 3243 vitae
699 3218 808 3254 quam
837 3209 1013 3246 retribuet
1030 3211 1123 3247 Deus
1140 3211 1260 3257 justus

204 3264 315 3310 judex
335 3266 503 3302 omnibus
532 3265 760 3313 diligentibus
778 3278 816 3304 se
835 3269 872 3304 in
889 3269 1054 3307 veritate.
1078 3270 1126 3306 De
1156 3273 1262 3319 stirpe

209 3325 398 3372 Benjamin
413 3326 552 3362 Abidan
563 3326 660 3372 filius
677 3326 848 3365 Gedeonis
867 3331 1025 3379 princeps
1043 3331 1108 3377 suit
1134 3333 1170 3367 in
1188 3333 1264 3380 ipsa

209 3388 314 3424 tribu.
334 3388 519 3435 Beniamin
540 3389 635 3426 filius
658 3389 830 3436 dexterae,
856 3391 996 3429 Abidan
1030 3399 1133 3439 pater
1163 3404 1264 3431 meus

203 3446 330 3492 judex,
352 3448 702 3486 etGedeontentatio
719 3450 935 3497 iniquitatis,
954 3452 1011 3488 vel
1031 3452 1180 3490 tentatio
1198 3452 1264 3490 hu-

210 3509 376 3546 militatis
387 3520 489 3555 meae,
502 3512 772 3560 interpretatur.
804 3514 959 3561 ltaque·
949 3526 986 3551 ιιι
1003 3509 1150 3553 nomine
1167 3516 1263 3554 Ben-

209 3569 320 3606 iamin
342 3572 529 3609 terrestris
543 3572 720 3620 figuratur
738 3574 954 3622 Jerusalem,
973 3587 1054 3624 quae
1073 3577 1152 3616 est·
1143 3588 1180 3614 ιιι
1195 3578 1261 3619 tri-

154 3662 164 3682 ἑ
210 3629 259 3665 bu
289 3631 475 3680 Beniamin
503 3634 700 3681 ejusdem:
723 3637 826 3685 eujus
856 3627 1032 3692 populus,
1062 3639 1261 3680 secundum

149 3682 161 3716 ¹³-
210 3691 456 3740 prophetiam,
489 3695 637 3736 Ractieli
659 3698 799 3742 benoni,
832 3699 869 3737 id
885 3703 963 3744 est,
998 3694 1092 3739 filius
1124 3694 1260 3747 doloris

212 3747 295 3796 ‘⁸¹⁸2
328 3754 413 3801 wia
429 3756 530 3801 sravi
563 3757 685 3806 delore
709 3763 864 3803 matrem
891 3749 1012 3803 affecit
1042 3754 1266 3822 effiiudendo

1336 3035 1581 3070 contendunt:
1605 3034 1654 3070 illi
1682 3036 1777 3071 enim
1797 3038 1965 3083 populum
1992 3036 2225 3075 sufficientem
2253 3036 2388 3075 ducunt

1334 3094 1417 3140 quia
1439 3095 1591 3131 discrete
1617 3095 1754 3131 vivunt.
1781 3095 1853 3142 Ipsi
1880 3097 1916 3133 et
1947 3097 2098 3135 fratrem
2129 3097 2330 3143 adjutorem
2349 3098 2386 3134 in

1332 3155 1570 3201 principatum
1593 3162 1697 3192 suum
1719 3157 1943 3193 constituunt
1960 3159 2067 3204 :quia
2087 3158 2284 3196 secundum
2301 3169 2385 3195 san-

1333 3220 1473 3250 ctorum
1486 3216 1763 3262 praedicatorum
1778 3218 1992 3262 doctrinam,
2003 3210 2038 3254 et
2054 3219 2249 3256 secundum
2270 3230 2381 3257 cano-

1331 3276 1421 3311 nicae
1439 3275 1664 3310 auctoritatis
1686 3275 1947 3322 magisterium,
1983 3277 2104 3313 omnia
2122 3277 2242 3315 facere
2259 3279 2382 3326 dispo-

1333 3340 1423 3371 nunt
1438 3346 1447 3379 ;
1463 3339 1499 3370 et
1520 3334 1694 3380 quidquid
1712 3330 1797 3370 boni
1813 3334 1935 3380 agunt,
1959 3338 2030 3371 non'
2054 3336 2123 3372 sibi
2145 3338 2206 3373 sed
2223 3334 2297 3374 Deo
2316 3349 2382 3384 ap-

1331 3395 1479 3442 plicant,
1500 3394 1660 3431 dicentes
1692 3400 1774 3430 cum
1792 3393 1971 3440 Propheta
1991 3399 2000 3430 ὲ
2023 3392 2106 3430 an
2130 3393 2242 3439 nbbis,
2260 3393 2382 3431 Domi-

1334 3466 1391 3499 ne,
1409 3466 1478 3490 non
1493 3453 1603 3498 nobis,
1615 3452 1676 3489 sed
1693 3451 1825 3490 nomint
1842 3455 1902 3488 tuo
1926 3450 1973 3488 da
1990 3446 2139 3500 gloriani
2160 3455 2265 3501 super
2281 3456 2382 3491 mise-

1331 3514 1520 3551 ricordiam
1551 3511 1584 3550 et
1616 3509 1795 3550 veritatem
1831 3508 1928 3550 tuam
1967 3509 2080 3560 (psat.
2099 3513 2222 3562 cini„
2244 3515 2380 3552 etcum

1331 3575 1362 3613 A
1388 3575 1528 3612 ostolo:
1553 3572 1636 3611 Non
1669 3572 1789 3610 sumus
1820 3571 2037 3621 sufficientis,
2074 3574 2208 3621 inquit,
2230 3575 2385 3622 eligitur&

1331 3586 1386 3672 lp
1369 3633 1467 3683 quui
1476 3646 1518 3672 ex
1533 3633 1630 3672 nobis
1637 3629 1740 3689 quw
1755 3629 1778 3670 ὅ
1792 3633 1904 3678 nobis,
1913 3634 1974 3670 sed
1983 3634 2187 3682 sufficientia
2199 3635 2319 3672 itum
2335 3638 2382 3671 61

1329 3686 1404 3734 Deo
1421 3692 1495 3732 est:
1514 3696 1574 3744 qui
1592 3701 1625 3732 et
1636 3687 1851 3732 mbaestnos
1867 3694 2134 3742 fecitministrbs
2151 3686 2250 3734 Nost
2260 3693 2394 3733 Μ’

1268 3742 1276 3755 ’
1328 3750 1530 3812 ni'e‘titimon
1549 3751 1673 3795 litter&
1681 3751 1745 3795 led
1757 3747 1884 3824 {piritu
1899 3754 1937 3808 (1
1945 3753 2029 3794 Cor.
2050 3757 2145 3813 xm)
2231 3747 2250 3767 ·’
2342 3765 2355 3780 ·v
2390 3778 2391 3781 =

2284 3812 2394 3848 ..rut-»e
