2540 4016
319 243 389 286 32⁷

764 238 806 274 B.
834 230 1001 272 RABANI
1025 228 1173 268 MAURI
1196 225 1412 266 ARCHIEP.

1437 224 1643 264 MOGUNT.
1670 223 1860 262 OPERUM
1882 221 2003 260 PARS
2023 220 2053 256 1·
2400 219 2473 259 528

321 316 570 365 superponitur
595 325 603 350 :
625 314 662 351 in
685 321 756 358 quo
785 308 872 345 mihi
901 306 1060 341 indicare
1088 303 1228 339 videtur
1259 301 1355 347 quod
1370 299 1460 345 Ain
1477 300 1607 346 capite,
1626 299 1721 336 unde
1736 305 1772 334 et
1791 298 1921 334 Paulus
1937 296 2024 332 dicit
2045 305 2054 330 ε
2073 291 2172 330 state
2187 292 2367 339 proecinoti
2381 294 2475 333 lun·-

320 390 425 425 super
438 378 558 415 omnia
574 385 652 422 quae
668 372 724 408 vel
742 372 784 407 de
801 367 945 409 mund0‚
965 365 1022 401 vel
1037 364 1082 400 de
1095 363 1237 400 caeteris
1254 372 1354 399 crea-

319 441 409 476 turis
428 438 551 475 sentiri
565 440 625 471 aut
657 430 804 476 intelligi
841 431 1002 474 possunt,
1024 424 1244 461 eminentior
1275 428 1354 459 tan-

318 511 425 547 quam
439 496 593 535 auctoris
610 492 766 530 omnium
783 487 932 524 scientia
951 486 1015 522 Dei
1034 485 1094 528 sit,
1109 490 1147 521 et
1164 484 1248 531 quia
1278 484 1354 530 ipse

319 566 424 606 caput
442 563 497 594 est
521 555 676 591 omnium
699 551 779 586 ideo
798 553 834 584 et
852 552 1000 583 ornatus
1021 546 1090 581 iste
1109 554 1217 591 super
1233 544 1354 581 omnia

317 619 423 664 capiti
439 613 685 661 superponitur
711 621 719 644 ι
744 607 833 644 nihil
850 607 947 643 enim
973 611 1056 651 post
1086 606 1161 641 haec
1178 604 1355 640 addicitur

315 675 491 723 pontificis
508 672 627 718 capiti.
652 668 745 704 Tulit
770 673 801 703 et
830 667 945 702 oleum
970 664 1142 700 unctionis
1160 674 1227 709 quo
1244 662 1353 696 linivit

316 733 570 772 tabernaculum
592 740 668 766 cum
683 727 774 763 omni
788 725 996 772 supellectile
1009 735 1086 760 sua.
1104 723 1256 767 Cumque
1275 731 1354 756 san-

316 797 471 841 ctificans
491 792 686 838 aspersisset
708 787 818 823 altare
831 791 958 831 septem
974 784 1121 826 vicibus,
1140 782 1239 817 unxit
1266 777 1353 814 illud

316 862 347 891 et
378 854 491 889 onmia
521 861 601 886 vasa
627 848 699 893 ejus
731 845 864 881 labrum
901 854 1034 889 quoque
1076 852 1154 875 cum
1185 839 1258 874 basi
1289 848 1354 872 sua

316 912 538 958 sanctificavit
554 910 638 945 oleo.
670 906 747 954 (Ex
781 901 988 950 Hesyclzio.)
1022 901 1099 946 Ipse
1136 904 1214 935 erat
1243 897 1354 932 Filius

316 976 376 1011 Dei
408 973 468 1019 qui
503 970 655 1017 ungebat
669 977 742 1009 eos,
769 966 845 1010 ipse
874 964 935 1010 qui
970 961 1184 1008 ungebatur,
1215 966 1354 1002 ungens

316 1035 423 1070 verbo
433 1030 640 1072 divinitatis,
652 1027 845 1065 secundum
857 1035 964 1071 quam
974 1023 1006 1059 ei
1022 1021 1141 1057 omnia
1151 1018 1354 1055 communia

315 1105 395 1130 cum
428 1094 532 1128 Patre
554 1096 590 1127 et
603 1090 739 1134 Spiritu
759 1092 851 1128 sunt,
870 1096 889 1120 a
908 1094 978 1130 quo
995 1083 1080 1128 ungi
1103 1082 1245 1118 dicitur.
1266 1080 1354 1115 Nam

316 1154 427 1189 David
458 1152 601 1186 Patrem
631 1153 823 1195 ungentem
852 1145 940 1181 dixit
970 1153 1051 1179 cum
1071 1142 1145 1177 ait:
1167 1140 1354 1186 Propterea

1421 358 1480 394 bos
1497 365 1626 395 vestros
1639 359 1676 394 iri
1690 358 1831 393 veritate
1846 355 1990 403 (Ephes.
2006 352 2072 400 vx),
2090 351 2225 389 veritas
2239 354 2474 392 autemChri-

1420 425 1509 463 stus,
1527 426 1559 456 et
1577 420 1691 455 induti
1714 418 1859 454 loricam
1871 415 2033 462 justitiae,
2050 414 2126 461 ipse
2139 421 2259 452 autem
2277 415 2387 452 etiam
2405 417 2474 456 hoc

1419 483 1478 527 qui
1490 481 1606 517 sactus
1618 485 1675 516 est
1693 479 1796 516 nobis
1818 489 1838 513 a
1855 478 1928 513 Deo
1943 476 2118 522 sapientia
2130 482 2167 514 et
2181 477 2346 524 Justitia;
2364 479 2424 515 sed
2441 485 2474 516 et

1419 542 1518 588 9alea
1545 553 1606 576 nos
1638 540 1762 576 salutis
1797 538 1929 575 Paulus
1966 537 2066 572 indui
2093 539 2275 584 praecepit,
2309 539 2474 578 Christus

1420 603 1516 638 enim
1545 603 1703 638 salutare
1736 606 1803 637 est.
1828 600 1929 637 Sicut
1952 599 2099 636 Simeon
2133 601 2350 638 testificatus
2384 607 2470 639 est:

1423 661 1527 696 Nunc
1546 662 1693 697 dimittis
1709 672 1846 698 servum
1864 667 1975 703 tuum,
2002 660 2165 705 Domine,
2187 663 2379 698 secundum
2396 675 2472 700 ver-

1421 723 1501 757 bum
1522 729 1633 766 tuum,
1652 723 1689 757 in
1705 734 1805 768 pace,
1825 722 1909 768 quia
1925 721 2085 757 viderunt
2113 722 2206 757 oculi
2225 724 2291 758 mei
2318 724 2473 760 salutare
2530 711 2534 719 ι

1419 789 1516 818 tuum
1543 783 1642 830 (Luc.
1663 783 1718 830 ιι),
1750 783 1961 828 Quicunque
1979 783 2075 819 enim
2102 783 2286 820 Christum
2305 786 2471 829 induunt,

1419 854 1484 890 per
1498 855 1579 880 eum
1595 851 1630 881 et
1654 845 1798 881 Patrem
1827 845 1993 881 induunt.
2010 844 2081 892 (Ex
2105 844 2283 892 Oriqene.)
2319 847 2364 882 Et
2393 848 2474 885 ideo

1421 903 1458 938 in
1478 904 1535 940 his
1552 915 1632 950 quae
1650 904 1707 940 lex
1728 905 1848 941 divina
1863 905 2047 949 describit,
2069 906 2180 941 veluti
2196 907 2231 942 in
2250 908 2394 953 speculo
2419 909 2474 946 in-

1422 962 1559 1007 spicere
1574 974 1612 999 se
1628 964 1732 999 debet
1752 965 2000 1011 unusquisque
2021 966 2262 1011 sacerdotum,
2289 972 2325 1002 et
2343 969 2473 1015 gradus

1422 1021 1540 1056 meriti
1561 1022 1615 1057 sui
1632 1022 1715 1058 inde
1735 1023 1916 1069 colligere,
1937 1024 1966 1059 si
1987 1034 2025 1060 se
2039 1025 2160 1061 videat
2173 1025 2208 1060 in
2224 1026 2281 1062 his
2307 1027 2474 1064 omnibus

1422 1090 1501 1126 quae
1526 1092 1634 1128 supra
1659 1084 1888 1128 exposuimus
1905 1085 2063 1130 positum
2082 1086 2348 1131 pontificalibus
2365 1098 2473 1124 orna-

1422 1143 1563 1184 mentis,
1587 1144 1618 1179 si
1633 1145 1797 1180 conscius
1819 1145 1887 1180 sibi
1916 1145 1962 1180 sit
1981 1146 2076 1190 quod
2096 1146 2152 1181 vel
2174 1146 2209 1181 in
2230 1147 2380 1183 scientia
2393 1175 2401 1191 ‚
2418 1148 2474 1184 vel

318 1215 414 1249 unxit
431 1219 462 1247 te
478 1212 569 1246 Deus
600 1210 690 1244 Deus
726 1215 804 1243 tuus
831 1205 941 1253 (Psal.
961 1203 1071 1250 xuv).
1093 1203 1203 1238 lsaias
1237 1206 1353 1235 autem
1372 1202 1404 1240 B
1423 1201 1460 1237 in
1486 1203 1637 1247 actibus,
1657 1204 1713 1238 vel
1733 1204 1770 1238 in
1790 1204 1965 1246 doctrina,
1987 1208 2106 1239 tantus
2123 1214 2165 1239 ac
2187 1205 2269 1240 talis
2295 1206 2354 1249 sit,
2384 1207 2475 1242 sciat

318 1272 520 1308 unctionem
537 1270 614 1305 Filii
638 1270 682 1304 ad
699 1268 871 1313 Spiritum
890 1265 1011 1301 retulit
1031 1264 1152 1300 dicens
1172 1274 1180 1296 :
1205 1261 1353 1308 Spiritus

317 1332 455 1368 Domini
476 1341 576 1375 super
593 1340 660 1371 me,
689 1340 726 1363 eo
744 1327 834 1373 quod
855 1327 954 1362 uinxit
972 1336 1025 1360 me
1046 1324 1134 1370 (Isa.
1157 1321 1244 1368 Lx1).
1270 1321 1355 1365 Quae

317 1398 434 1428 autem
450 1392 554 1426 Pater
570 1395 606 1424 et
627 1389 778 1434 Spiritus
794 1389 869 1422 haec
896 1386 1019 1421 eadem
1038 1390 1074 1420 et
1102 1384 1212 1419 Filius
1239 1382 1326 1417 facit
1343 1393 1350 1415 :

314 1463 399 1498 ergo
417 1451 553 1486 ratione
568 1449 763 1484 divinitatis
781 1448 855 1492 ipsc
876 1452 930 1481 est
949 1445 1179 1489 semetipsum
1203 1452 1351 1489 ungens,

313 1517 349 1548 et
376 1512 450 1557 ipse
477 1516 531 1546 est
555 1510 615 1555 qui
640 1509 785 1555 ungitur
809 1507 1081 1552 dispensationis
1118 1505 1351 1541 humanitate.

314 1570 485 1607 Similiter
503 1569 605 1605 offert
621 1574 656 1604 et
667 1568 814 1604 offertur
834 1578 842 1602 :
871 1568 963 1603 unde
987 1573 1022 1602 et
1040 1566 1163 1601 Daniel
1195 1565 1354 1600 oblatum

314 1631 411 1666 illum
429 1631 570 1675 quidem
589 1629 684 1664 videt
705 1628 810 1674 (Dan.
831 1627 911 1673 vn),
932 1637 1003 1662 non
1034 1626 1123 1661 vidit
1141 1630 1260 1660 autem
1293 1623 1354 1669 qui

315 1701 396 1726 eum
420 1689 560 1732 obtulit,
582 1689 664 1734 quia
684 1688 760 1732 ipse
784 1692 861 1722 erat
884 1687 943 1732 qui
971 1686 1199 1731 semetipsum
1229 1684 1353 1720 offere-

316 1750 388 1785 bat.
405 1749 495 1795 Ergo
509 1754 547 1784 ut
562 1748 715 1783 salvetur
730 1748 923 1793 figurarum
938 1747 1083 1789 veritas,
1096 1746 1196 1792 ungit
1210 1745 1354 1790 quidem

318 1815 353 1844 ct
373 1809 475 1844 offert
490 1809 638 1854 Moyses,
664 1808 854 1854 imaginem
885 1813 921 1843 et
952 1807 1027 1853 ipse
1046 1806 1178 1843 Christi
1212 1816 1351 1852 gerens.

315 1871 478 1916 Asper-git
509 1880 592 1916 ergo
622 1870 758 1915 Moyses
792 1869 923 1912 altare,
969 1878 1098 1914 corpus
1131 1867 1355 1903 Dominieum

314 1933 488 1975 videlicet,
508 1932 650 1976 septies,
669 1931 751 1976 quia
771 1930 911 1965 Domini
933 1929 1053 1964 unctio
1074 1934 1147 1963 tota
1169 1933 1223 1962 est
1242 1927 1356 1972 Spiri-

315 2000 371 2029 tus
390 1993 583 2039 plenitudo,
603 1993 663 2037 qui
683 1992 718 2026 in
738 1996 874 2036 septem
889 1989 1157 2035 operationibus
1186 1989 1353 2035 designa-

315 2058 386 2095 tur,
409 2052 707 2096 quemadmodum
725 2051 833 2086 lsaias
855 2050 956 2085 dixit.

363 2110 470 2156 Ungit
490 2115 606 2144 autem
623 2114 659 2144 et
685 2109 803 2144 onmia
827 2119 913 2144 vasa
943 2109 1019 2154 ejus
1040 2121 1047 2142 :
1075 2114 1147 2143 tam
1176 2107 1354 2153 apostolos
1374 2096 1402 2137 C

317 2180 424 2216 quam
449 2179 509 2204 eos
539 2170 599 2215 qui
619 2169 670 2204 eis
689 2169 723 2203 in
744 2174 879 2204 tanturn
897 2169 1061 2205 similiter
1081 2170 1217 2212 vivunt,
1237 2175 1276 2205 ut
1294 2170 1355 2205 do-

320 2240 399 2265 mus
410 2230 541 2265 Christi
557 2235 593 2265 et
610 2240 694 2265 vasa
708 2236 803 2265 recte
812 2231 1051 2265 nominentur.
1067 2230 1232 2266 Fundens
1249 2241 1357 2276 super

320 2294 426 2336 caput
443 2289 562 2325 Aaron
592 2290 693 2325 unxit
711 2300 806 2332 eum,
828 2296 863 2325 et
889 2290 1110 2326 consecravit
1128 2301 1203 2326 sive
1223 2291 1357 2326 sancti-

318 2349 451 2384 ficavit.
474 2349 518 2383 Et
536 2349 566 2384 si
584 2349 715 2384 Christi
731 2354 848 2394 caput,
870 2350 1064 2384 secundum
1079 2350 1178 2384 Pauli
1193 2351 1355 2394 verbum,

319 2409 484 2445 divinitas
515 2410 734 2455 intelligitur,
755 2420 825 2445 non
857 2410 990 2445 frustra
1023 2415 1141 2445 tamen
1160 2421 1225 2446 nec
1254 2417 1355 2446 extra

316 2472 475 2506 ordinem
497 2471 534 2506 in
554 2472 621 2507 hoc
639 2472 810 2518 mysterio
829 2473 1022 2508 sacerdotis
1034 2473 1118 2518 ungi
1137 2484 1231 2509 nunc
1250 2480 1357 2520 eaput

313 2530 492 2577 legislator
510 2532 666 2578 scripsit,
683 2538 722 2567 ut
735 2543 989 2578 cognoscamus
1004 2533 1172 2579 quoniam
1188 2534 1356 2578 quemad-

314 2593 457 2628 modum
477 2598 583 2639 caput
598 2604 618 2628 a
636 2594 785 2639 pedibus
803 2594 911 2630 dividi
932 2605 1003 2631 non
1022 2600 1152 2641 potest,
1174 2595 1226 2631 sic
1240 2605 1356 2640 neque

316 2653 447 2690 Christi
470 2655 636 2691 divinitas
654 2662 734 2701 post
751 2657 948 2693 unitionem
967 2657 1011 2693 ab
1027 2658 1248 2694 humanitate
1267 2658 1356 2694 divi-

317 2713 431 2754 ditur;
453 2714 513 2748 sed
531 2714 604 2748 sive
618 2715 702 2759 ungi
719 2715 872 2759 dicatur,
893 2717 966 2752 sive
984 2719 1161 2763 generari,
1175 2719 1249 2754 sive
1265 2719 1354 2764 pati,

317 2771 391 2806 sive
416 2781 571 2818 surgere,
608 2773 682 2807 sive
702 2775 834 2809 assumi
867 2776 1008 2818 dieitur,
1035 2777 1102 2813 hoc
1128 2778 1355 2813 incarnatum

317 2832 471 2868 Verbum
493 2843 561 2868 non
580 2834 777 2870 dividentes
793 2861 802 2878 ‚
830 2841 865 2871 et
882 2837 1040 2873 dicentes
1072 2839 1254 2875 hominem
1273 2841 1354 2886 qui-

317 2892 398 2927 dem
416 2898 578 2935 unctum,
595 2893 706 2928 Deum
734 2900 852 2930 autem
877 2906 947 2931 non
971 2902 1128 2940 unctum,
1151 2899 1214 2934 sed
1242 2899 1355 2934 Deum

317 2950 479 2984 eumdem
504 2950 607 2985 simul
621 2957 657 2986 et
676 2952 867 2988 hominem.
889 2954 963 2989 Hoc
984 2955 1078 2990 enim
1095 2961 1130 2990 et
1151 2956 1262 2992 David
1279 2958 1355 2994 sine

318 3008 435 3053 aliqua
448 3009 628 3045 dubietate
641 3013 811 3056 approbat
827 3022 907 3048 cum
917 3014 1002 3049 dicit
1021 3026 1029 3048 ε
1042 3014 1148 3050 Sedes
1157 3021 1231 3058 tua,
1246 3016 1352 3060 Deus,

315 3069 351 3104 in
374 3069 538 3105 saeculum
552 3071 683 3115 electili,
707 3074 801 3118 virqa
817 3080 908 3109 recta
922 3081 985 3118 est,
1002 3077 1095 3121 virya
1110 3079 1204 3123 requi
1224 3080 1288 3121 tui,
1305 3079 1356 3113 cli-

315 3127 428 3164 lexim
440 3130 623 3174 iustitiam,
640 3137 670 3166 et
694 3132 796 3167 odisti
811 3134 1041 3180 iniquitatem,
1056 3143 1235 3182 propterea
1255 3140 1354 3174 unxit

315 3193 346 3223 te
368 3188 474 3232 Deus,
490 3190 583 3226 Deus
609 3197 688 3227 tuus
719 3191 832 3239 (Psal.
863 3195 972 3242 xmv).
1003 3194 1126 3231 Cernis
1145 3197 1256 3233 Deum
1286 3198 1355 3234 dici

317 3247 376 3292 qui
396 3253 521 3284 unctus
539 3250 616 3285 est?
631 3249 720 3293 Quia
736 3253 856 3287 omnia
881 3253 999 3289 carnis
1027 3264 1099 3289 suae
1127 3256 1355 3292 manifestum

314 3311 369 3342 est
383 3309 477 3352 quod
490 3308 699 3355 sibimetipsi
712 3311 772 3356 qui
788 3311 994 3349 incarnatus
1012 3318 1067 3349 est
1084 3314 1252 3349 vindicat.
1269 3314 1354 3358 Quae

316 3367 409 3402 enim
422 3374 458 3403 et
474 3369 550 3415 ejus
567 3374 642 3406 erat
658 3372 794 3415 unctio,
824 3372 892 3408 nisi
913 3373 1058 3409 omnino
1093 3374 1169 3420 ipsa
1189 3374 1354 3410 incarna-

317 3424 390 3460 tio?
423 3426 624 3464 Secundum
660 3429 756 3466 hunc
787 3432 948 3475 modum,
978 3437 1086 3478 caput
1121 3433 1354 3480 intelligibilis

318 3483 512 3520 sacerdotis
529 3488 726 3533 ungebatur
747 3493 785 3525 et
807 3489 883 3536 ipse
906 3490 1207 3530 sanctificabatur.

362 3540 473 3578 Filios
492 3555 623 3592 quoque
648 3548 722 3594 eJus
736 3549 867 3587 oblatos
887 3552 1017 3588 vestivit
1040 3553 1166 3589 tunicis
1191 3555 1305 3599 lineis,
1319 3560 1354 3591 et

318 3602 424 3638 cinxit
446 3603 570 3650 balteo,
590 3607 818 3658 imposuitque
839 3612 983 3657 mitras,
998 3619 1038 3649 ut
1050 3613 1206 3660 jusserat
1231 3615 1354 3652 Domi-

319 3671 395 3699 nus.
417 3663 559 3702 Tunieae
576 3666 658 3704 filiis
670 3669 790 3707 Aaron
803 3672 940 3710 similes
957 3672 1090 3720 Aaron,
1109 3680 1146 3712 et
1161 3685 1260 3714 zonae
1288 3686 1354 3714 seu

318 3723 425 3762 baltei
451 3728 596 3773 similes,
631 3736 669 3767 et
694 3733 836 3780 cydarae
867 3735 944 3772 sive
961 3736 1079 3774 mitroe
1105 3737 1352 3784 imponuntur.

318 3778 437 3826 Ipsum
463 3786 560 3823 enim
577 3787 740 3837 induunt,
762 3791 1054 3843 inunguntur,
1068 3795 1188 3848 ipsum
1206 3802 1371 3849 ponet·

1387 3844 1390 3846 ,
1416 3805 1524 3840 auses
1538 3796 1695 3839 viderint
1711 3801 1775 3838 aut
1791 3806 1876 3837 cum
1890 3797 2080 3853 sinuatos
2093 3797 2374 3851 ww&

1421 1272 1460 1298 se
1477 1273 1656 1298 summum
1672 1263 1924 1306 sacerdotium,
1944 1273 2015 1298 non
2034 1263 2149 1299 solum
2169 1264 2314 1300 nomine
2349 1267 2411 1302 sed
2437 1271 2474 1302 et

1421 1323 1561 1358 meritis
1583 1323 1757 1365 obtinere,
1791 1323 1945 1368 alioquin
1983 1323 2190 1360 inferiorem
2224 1325 2291 1361 sibi
2322 1327 2473 1373 gradum

1421 1385 1578 1430 positum
1607 1385 1768 1427 noverit,
1801 1385 1909 1420 etiam
1938 1385 1967 1420 si
2000 1385 2107 1430 primi
2128 1396 2258 1421 nomen
2281 1388 2472 1434 acceperit.

1420 1444 1499 1479 Non
1513 1454 1578 1479 nos
1597 1455 1683 1480 sane
1703 1444 1809 1480 debet
1827 1444 2012 1490 praeterire
2033 1445 2140 1480 etiam
2156 1446 2224 1481 hoc
2241 1447 2336 1491 quod
2354 1452 2473 1492 potest

1422 1504 1466 1538 ab
1485 1504 1644 1539 studioso
1659 1503 1792 1538 lectore
1815 1502 1983 1548 proferri,
2003 1504 2040 1539 in
2061 1514 2130 1549 quo
2150 1510 2185 1540 et
2198 1515 2264 1550 ego
2279 1516 2373 1551 saepe
2396 1517 2473 1543 me-

1422 1573 1503 1599 cum
1535 1563 1610 1608 ipse
1628 1563 1804 1598 haesitavi.
1831 1563 1870 1598 In
1898 1564 2022 1599 Exodo
2054 1564 2151 1600 enim
2184 1565 2305 1611 legens
2335 1566 2397 1602 ubi
2431 1567 2475 1602 de

1422 1624 1705 1659 sacerdotalibus
1738 1625 1931 1660 mandatur
1959 1624 2193 1668 indumentis,
2220 1625 2363 1661 invenio
2391 1631 2473 1662 octo

1422 1695 1500 1720 esse
1532 1685 1670 1730 species
1697 1696 1776 1731 quae
1808 1685 1970 1731 pontifici
1997 1692 2258 1732 praeparantur.
2286 1686 2352 1722 Hic
2390 1698 2474 1724 vero

1423 1750 1558 1790 septem
1581 1746 1829 1780 tantummodo
1847 1750 2094 1780 numerantur.
2108 1746 2266 1792 Requiro
2286 1757 2370 1793 ergo
2390 1747 2475 1793 quid

1422 1806 1469 1841 sit
1494 1806 1589 1851 quod
1618 1805 1791 1841 omissum
1818 1811 1883 1841 est.
1921 1804 2053 1841 Octava
2078 1806 2215 1850 species
2246 1806 2295 1842 ibi
2329 1806 2475 1851 ponitur

1423 1871 1635 1911 campestre,
1673 1866 1759 1909 sive,
1783 1871 1823 1901 ut
1847 1865 1932 1901 alibi
1957 1865 2123 1911 legimus,
2157 1864 2342 1911 femoralia
2367 1865 2472 1908 linea,

1423 1928 1466 1962 de
1490 1938 1559 1972 quo
1581 1928 1638 1962 hic
1655 1927 1750 1962 inter
1769 1932 1898 1962 caetera
1918 1926 2018 1962 siluit
2039 1927 2258 1962 indumenta.
2276 1926 2368 1970 Quid
2385 1936 2472 1973 ergo

1423 1987 1606 2022 dicemus?
1622 1987 1843 2024 Oblivionem
1857 1987 2020 2023 dabimus
2039 1986 2076 2022 in
2092 1986 2211 2022 verbis
2222 1986 2377 2032 Spiritus
2391 1997 2474 2022 san-

1425 2047 1471 2081 cti
1487 2052 1526 2081 ut
1545 2058 1626 2082 cum
1659 2054 1783 2084 „aetera
1801 2049 1919 2083 omnia
1958 2048 2115 2083 secundo
2135 2047 2375 2090 enarraverit,
2403 2057 2475 2083 una

1425 2118 1506 2143 eum
1526 2109 1663 2153 species
1683 2109 1849 2155 superius
1864 2109 1958 2144 dicta
1981 2108 2147 2144 latuerit?
2167 2108 2245 2143 Non
2265 2108 2379 2143 audeo
2397 2109 2474 2143 haec

1425 2169 1467 2203 de
1483 2168 1594 2203 sacris
1614 2168 1748 2203 sentire
1761 2169 1998 2204 sermonibus.
2022 2168 2095 2204 Sed
2114 2169 2300 2204 videamus
2317 2177 2363 2204 ne
2381 2166 2475 2203 forte

1424 2228 1593 2274 quoniam
1609 2228 1645 2262 in
1672 2228 1916 2273 superioribus
1937 2229 2107 2272 diximus,
2131 2229 2200 2265 hoc
2225 2237 2337 2275 genus
2368 2228 2475 2263 indu-

1423 2289 1535 2324 menti
1549 2288 1723 2334 judicium
1740 2290 1916 2325 castitatis
1931 2291 2057 2333 videri,
2074 2300 2145 2335 quo
2163 2289 2222 2326 vel
2235 2289 2372 2325 femora
2392 2297 2476 2334 ope·
2533 2307 2540 2310 -

1424 2348 1501 2391 riri,
1519 2348 1576 2384 vel
1590 2350 1784 2394 constringi
1805 2359 1909 2386 renes
1927 2350 2094 2386 videntur
2110 2360 2153 2385 ac
2167 2349 2291 2393 lumbi,
2312 2358 2357 2384 ne
2366 2347 2474 2392 forte,

1424 2411 1582 2455 inquam,
1605 2421 1676 2445 non
1696 2421 1837 2456 semper
1851 2412 1888 2446 in
1908 2412 1977 2447 illis
1994 2412 2056 2457 qui
2075 2417 2162 2447 tunc
2180 2418 2282 2447 erant
2308 2412 2475 2449 sacerdo·
2529 2410 2540 2466 j

1423 2471 1518 2507 tibus
1536 2471 1600 2506 has
1619 2477 1738 2516 partes
1766 2471 1861 2506 dicat
1892 2481 1972 2506 esse
2008 2471 2237 2506 constrictas.
2274 2470 2476 2516 Aliquando
2527 2470 2540 2531 1

1423 2532 1518 2567 enim
1548 2536 1585 2567 et
1603 2531 1646 2566 de
1665 2531 1876 2577 posteritate
1894 2531 2035 2577 generis
2071 2536 2107 2566 et
2139 2540 2308 2566 successu
2341 2531 2475 2568 sobolis
2529 2531 2540 2573 'i

1422 2592 1637 2639 indulgetur.
1661 2592 1731 2628 Sed
1749 2603 1813 2638 ego
1831 2593 1866 2627 in
1885 2592 2130 2628 sacerdotibus
2154 2591 2324 2628 Ecclesiae
2352 2591 2476 2638 hujus·
2529 2622 2540 2635 .

1422 2655 1518 2691 modi
1551 2654 1820 2699 intelligentiam
1838 2664 1910 2689 non
1934 2653 2210 2696 introduxerim,
2231 2652 2301 2689 alio
2319 2663 2475 2698 namque
2527 2648 2540 2693 -Ξ

1422 2727 1498 2752 rem
1516 2716 1620 2752 video
1647 2724 1794 2751 currere
1814 2720 2055 2750 sacramento.
2081 2714 2236 2751 Possunt
2265 2715 2362 2750 enim
2380 2715 2473 2751 etin
2525 2714 2540 2745 ἶ

1421 2776 1583 2812 Ecclesia
1601 2776 1804 2812 sacerdotes
1831 2781 1867 2811 et
1892 2775 2057 2812 doctores
2070 2775 2164 2812 filios
2177 2784 2362 2822 generare,
2380 2775 2472 2811 sicut

1422 2843 1458 2872 et
1473 2837 1532 2872 ille
1555 2837 1616 2881 qui
1638 2836 1802 2872 dicebat:
1824 2835 1856 2869 F
1858 2836 1947 2871 ilioli
1974 2838 2041 2872 mei
2059 2848 2143 2884 quos
2158 2837 2283 2872 iterum
2298 2838 2469 2883 parturio,

1422 2895 1528 2929 donec
1546 2895 1714 2939 formetur
1731 2893 1889 2930 Christus
1910 2896 1947 2930 in
1963 2896 2056 2930 vobis
2079 2895 2173 2942 (Gal.
2193 2895 2257 2942 lv).
2277 2895 2323 2930 Et
2341 2896 2472 2931 iterum
2490 2911 2507 2947 ,5

1424 2955 1511 2990 alibi
1538 2955 1624 2990 dicit
1646 2967 1654 2989 :
1676 2955 1803 2990 Tamen
1831 2957 1893 2992 etsi
1924 2957 2035 2992 multa
2070 2956 2181 2992 millia
2204 2948 2509 3003 poedaqoyorumfi

1423 3017 1578 3051 habeatis
1605 3018 1642 3052 in
1662 3017 1812 3062 Christo,
1835 3019 1895 3054 sed
1914 3029 1984 3055 non
2014 3019 2142 3055 multos
2158 3025 2357 3066 proesentes.
2375 3017 2472 3054 Nam

1422 3077 1459 3111 in
1479 3077 1616 3112 Christo
1630 3077 1715 3114 Jesu
1743 3090 1804 3125 per
1822 3079 2051 3125 Evanqelium
2066 3091 2126 3126 eqo
2145 3091 2203 3116 vos
2216 3078 2318 3126 qenai
2338 3077 2373 3125 (Ι
2388 3077 2470 3113 Gor.

1423 3136 1486 3184 iv).
1509 3138 1570 3173 Isti
1584 3148 1668 3185 ergo
1688 3140 1852 3175 doctores
1866 3140 2036 3176 Ecclesiae
2050 3141 2086 3175 in
2101 3140 2306 3187 huiusmodi
2323 3148 2487 3186 generem

1423 3197 1580 3233 tionibus
1596 3199 1839 3243 procreandis,
1860 3204 1895 3234 et
1928 3199 2119 3244 aliquando
2139 3200 2344 3236 constrictis
2359 3199 2472 3236 semo-

1424 3257 1557 3292 ralibus
1575 3263 1740 3299 utuntur,
1761 3262 1798 3292 et
1814 3258 1996 3293 abstinent
2008 3268 2028 3293 a
2042 3260 2260 3303 generando,
2279 3269 2362 3295 cum
2379 3258 2471 3299 tales

1425 3316 1627 3352 invenerint
1660 3317 1842 3353 auditores
1875 3318 1911 3353 in
1947 3319 2075 3363 quibus
2106 3321 2223 3355 sciant
2249 3331 2289 3357 se
2314 3321 2469 3357 fructum

1424 3375 1558 3411 habere
1577 3386 1648 3411 non
1671 3385 1788 3420 posse.
1810 3376 1971 3422 Denique
2001 3382 2038 3412 et
2065 3378 2102 3412 in
2122 3377 2272 3415 Actibus
2291 3379 2429 3424 apostol

1424 3446 1504 3471 rum
1531 3435 1685 3472 retertur
1719 3437 1762 3472 de
1797 3436 2010 3481 quibusdam
2045 3438 2141 3483 quod
2176 3448 2247 3474 non
2276 3438 2452 3484 potuimus

1422 3497 1552 3543 inquit,
1581 3498 1619 3533 in
1638 3497 1724 3533 Asia
1745 3497 1885 3534 verbum
1909 3497 1975 3533 Dei
1995 3498 2088 3545 loqui
2107 3498 2198 3546 (Act.
2216 3498 2283 3546 v1),
2301 3499 2370 3536 hoe
2396 3509 2455 3545 ess

1422 3557 1591 3604 imposita
1607 3557 1777 3594 habuisse
1806 3555 1992 3594 femoralia
2017 3562 2055 3594 et
2071 3557 2291 3595 continuisse
2307 3566 2349 3595 se
2363 3565 2419 3610 ne,

1419 3617 1487 3655 lios
1512 3621 1738 3664 generarent,
1771 3617 1856 3664 quia
1875 3617 2010 3654 scilicet
2035 3618 2128 3656 tales
2154 3623 2258 3655 erant
2282 3617 2405 3667 andito
2459 3619 2461 3621 ’

1418 3676 1458 3714 in
1474 3676 1604 3724 quibus
1617 3681 1655 3713 et
1667 3685 1790 3714 semen
1807 3677 1958 3723 periret,
1971 3683 2009 3714 et
2022 3689 2094 3716 non
2109 3679 2224 3726 possit
2241 3676 2381 3726 haberi
2394 3669 2412 3726 j

1419 3735 1536 3774 cessio
1555 3745 1566 3772 ε
1583 3735 1636 3774 sic
1649 3745 1736 3784 ergo
1754 3735 1924 3773 Ecclesiae
1935 3738 2153 3782 sacerdotes,
2172 3747 2254 3787 cum
2275 3737 2288 3786 f,
2335 3776 2338 3778 ,
2392 3776 2397 3778 ,
2440 3740 2443 3742 ’
