2540 4016
89 151 162 190 409

706 129 1035 183 exrosmoues
1059 142 1106 181 m
1129 142 1392 182 mvmcuu.
1416 164 1464 172 --
1483 145 1572 182 nm.
1598 146 1644 183 v.

2183 154 2256 192 4¹0

90 235 278 274 vesperam
294 233 374 262 esse
400 231 472 259 non
499 221 635 258 frustra
656 221 838 264 dicuntur,
857 219 943 266 quia
974 220 1011 255 in
1028 220 1138 256 finem
1155 221 1191 261 A
1206 219 1386 264 sanquim's
1401 223 1528 265 septem
1556 219 1677 254 diebus
1696 221 1916 266 separabitur
1933 233 1945 257 :
1970 227 2080 262 omnis
2093 228 2156 274 qui
2172 231 2253 265 teti-

90 289 303 326 saeculorum
334 286 497 323 Christus
528 283 676 320 veniens
711 283 868 319 ostendit
902 292 1032 328 aquam
1067 292 1137 327 qua

90 358 203 395 genus
231 352 393 383 nostrum
421 343 681 380 mundaretur:
701 347 737 378 et
755 342 840 387 quia
869 341 1136 388 permansimus
1155 389 1164 400 θ

89 419 203 454 usque
217 413 301 444 tunc
320 404 505 448 immundi,
520 404 695 450 probatur
713 413 758 438 ex
776 413 819 439 eo
838 403 933 449 quod
959 407 994 438 et
1018 401 1055 437 bi
1074 400 1136 447 qui

88 469 239 506 necdum
256 470 506 514 peccaverunt,
525 465 561 502 id
575 469 642 508 est,
662 464 700 500 in
714 468 819 500 aetate
835 463 978 499 infirma
997 462 1134 499 consti—

87 533 170 576 tuti,
203 530 426 579 signaculum
454 529 622 576 baptismi
643 527 887 564 necessarium
905 527 1051 569 babent,
1090 534 1136 561 ne

86 595 180 630 sorte
192 598 308 629 morte
322 591 598 642 superveniente
624 589 758 626 sordidi
776 593 973 630 transeant,
991 587 1135 623 sordem

85 664 164 700 quae
194 663 239 689 ex
254 652 369 688 Adam
388 651 573 688 descendit
598 651 634 686 in
656 650 868 695 semetipsos
886 650 1060 685 habentes
1072 676 1080 691 ‚
1099 653 1135 684 et

82 718 274 759 propterea
292 722 365 747 non
381 712 544 747 valentes
560 711 596 746 in
611 721 763 757 regnum
786 710 959 746 coelorum
981 709 1130 743 intrare.

83 774 226 810 Vestem
247 778 367 809 autem
386 778 422 808 et
452 773 580 818 pellem
597 782 706 818 quam
724 771 858 807 habent
883 780 966 806 cum
986 774 1132 812 coeunt,

80 833 248 869 videlicet
265 834 449 869 immunda
467 842 546 869 esse
566 837 603 867 et
619 832 731 867 lavari
748 831 892 872 debere,
910 830 1060 865 duarum
1076 840 1134 864 re-

80 904 160 927 rnm
178 893 341 938 praecipit
362 893 476 939 gratia
500 905 508 926 :
525 901 609 927 nam
626 890 787 926 extendit
805 890 919 935 legem
938 894 1044 933 atque
1059 898 1134 923 ma-

80 955 224 990 nifestat
256 959 429 999 quantum
463 961 594 997 corpus
623 952 822 986 humanum
850 953 996 994 propter
1021 958 1130 983 unam

79 1015 358 1050 inobedientiam
369 1012 552 1048 sordidum
571 1011 619 1046 sit
637 1009 818 1052 effectum,
834 1017 875 1045 ut
889 1009 996 1045 etiam
1014 1008 1131 1044 insen-

78 1074 194 1110 sibilia
215 1083 259 1108 ex
276 1073 329 1108 eis
345 1072 561 1118 polluantur,
585 1071 711 1107 deinde
737 1079 803 1116 per
822 1069 898 1105 haec
919 1068 1128 1105 manifestas

1204 280 1292 325 yerit
1309 289 1401 322 eam,
1421 279 1622 314 immundus
1641 280 1707 314 erit
1723 290 1832 326 usqae
1851 281 1896 316 ad
1933 293 2121 330 vesperam,
2148 295 2180 324 et
2214 289 2255 326 in

1203 351 1272 387 quo
1298 340 1479 376 dormierit
1514 339 1565 376 vel
1601 340 1742 384 sederit,
1777 341 1898 377 diebus
1933 347 2160 389 separationis
2179 360 2255 386 ωας

1203 398 1383 445 polluitur.
1417 399 1486 443 Qui
1516 401 1665 447 tetiqerit
1694 399 1860 436 lectulum
1887 402 1965 447 ejus
1997 401 2124 440 lavabit
2153 408 2256 444 vesti-

1203 466 1319 495 menta
1341 470 1420 502 sua,
1438 461 1558 506 etipse
1576 459 1668 495 lotus
1689 471 1795 507 aqua,
1819 459 1973 507 pollutus
1992 463 2058 497 erit
2080 474 2187 511 usque
2208 465 2256 502 ad

1203 530 1391 566 vesperam.
1412 519 1522 556 Omne
1543 532 1604 556 vas
1626 531 1730 566 super
1749 521 1840 568 quod
1864 521 1926 557 illa
1947 522 2075 558 sederit
2099 524 2257 572 quisquis

1203 581 1366 628 attiqerit,
1384 580 1511 616 lavabit
1531 582 1731 616 vestimenta
1749 593 1828 625 sua,
1848 588 1880 618 et
1903 581 1994 618 lotus
2016 595 2121 631 aqua,
2142 584 2258 631 polla-⁴

1203 647 1258 676 tas
1281 641 1346 676 erit
1367 652 1476 687 usque
1493 640 1538 676 ad
1559 652 1750 687 vesperum.
1779 642 1849 689 (Ex
1870 642 2077 690 Hesycnio.)
2101 643 2256 682 Intentio

1202 702 1419 748 legislatoris
1440 708 1497 738 est
1520 713 1541 738 a
1562 702 1729 738 muliebri
1751 702 1900 739 libidine
1937 703 2116 740 abducere
2138 706 2255 741 homi-

1202 774 1297 807 nem,
1331 763 1507 809 simulque
1528 763 1621 799 cum'
1640 763 1729 799 viris
1758 769 1795 799 et
1812 764 1981 800 mulieres
2010 766 2202 811 prohibere
2235 777 2255 802 a

1202 824 1316 870 turpis
1339 823 1602 859 commistionis
1621 833 1742 859 causa.
1767 823 1846 859 Non
1866 824 1963 860 enim
1987 825 2057 860 hoc
2081 835 2146 871 pro
2164 825 2255 860 filio-

1201 895 1282 920 rum
1307 885 1559 930 procreatione
1583 885 1640 931 agi
1664 886 1820 921 maxime
1844 895 1886 920 ea
1908 895 1988 932 quae
2011 896 2109 922 nunc
2127 887 2252 923 dicun-

1201 951 1260 980 tur
1287 943 1476 980 affirmant.
1513 945 1652 980 Invenit
1676 955 1758 981 eum
1785 946 1930 982 modum
1960 956 2033 992 quo
2060 957 2124 992 per
2154 948 2255 984 varia

1203 1010 1401 1048 temporum
1420 1014 1462 1039 ac
1486 1004 1644 1049 plurima
1668 1005 1855 1041 intervalla
1877 1006 1921 1041 ab
1939 1006 2106 1052 ingressu
2124 1007 2253 1042 mulie-

1199 1063 1255 1099 bri
1290 1067 1433 1108 separet
1466 1063 1577 1104 viros,
1609 1073 1692 1098 nam
1727 1064 1912 1100 mensibus
1936 1065 2086 1111 singulis
2117 1063 2252 1099 fluxum

75 1133 161 1168 facit
176 1132 343 1167 mulieres
361 1142 439 1177 quae
459 1131 616 1167 libidinis
646 1140 753 1166 causa
769 1130 858 1166 viris
873 1130 918 1166 ad
937 1130 1127 1175 quemdam
1146 1124 1178 1162 B
1197 1125 1380 1171 sanguinis
1393 1125 1592 1170 patiuntur,
1612 1130 1749 1170 septem
1766 1131 1887 1161 autem
1901 1125 2029 1162 diebus
2050 1125 2254 1161 immundas

77 1194 309 1240 temporalem
341 1194 622 1230 commiscentur
658 1203 786 1236 usum,
837 1192 979 1238 qualem
1013 1192 1128 1228 solent

74 1257 290 1292 vestimenta
309 1257 470 1302 praebere
496 1256 716 1298 hominibus,
736 1255 828 1291 sicut
842 1261 878 1290 et
911 1256 1037 1292 abusio
1053 1255 1129 1301 pel-

73 1315 173 1359 lium,
192 1326 271 1362 quae
286 1316 493 1351 inveteratae
513 1315 637 1361 projici
657 1314 787 1350 solent.
823 1314 913 1349 Nam
935 1321 970 1350 et
986 1315 1126 1351 illarum

73 1377 293 1412 consuetudo
319 1382 566 1412 veterascente
594 1375 754 1411 amicitia
786 1375 980 1421 respuitur,
1019 1382 1127 1420 atque

72 1439 109 1474 in
129 1448 266 1474 morem
295 1439 589 1473 vestimentorum
608 1448 670 1473 seu
696 1437 841 1483 pellium
857 1442 1123 1472 commutatur·

74 1508 188 1543 neque
207 1498 300 1533 enim
316 1507 458 1543 semper
473 1509 554 1533 cum
574 1499 627 1534 eis
644 1499 767 1533 vivunt
787 1508 868 1532 cum
887 1498 1015 1542 quibus
1032 1498 1127 1533 inor-

74 1558 194 1593 dinate
229 1559 483 1594 concumbunt.
519 1558 620 1601 Quod
657 1559 701 1593 ad
735 1558 1059 1596 sanctificationem
1090 1565 1126 1595 et

73 1620 276 1655 castitatem
307 1619 510 1655 Judaeorum
538 1630 650 1665 genus
673 1619 856 1665 legislator
875 1621 1036 1662 trahens,
1070 1619 1126 1655 ni-

72 1681 141 1715 mis
167 1681 263 1716 enim
280 1680 425 1725 quidam
457 1689 581 1715 eorum
613 1680 765 1715 luxuriae
793 1681 1015 1723 serviebant,
1048 1681 1125 1716 haec

72 1747 195 1776 contra
213 1750 277 1776 eos
297 1740 355 1786 qui
373 1740 670 1785 qualitercunque
699 1740 886 1776 effundunt
922 1751 1058 1784 semen,
1090 1746 1125 1776 et

71 1810 132 1835 cos
158 1800 218 1844 qui
250 1799 326 1833 haec
346 1803 495 1844 tangunt
516 1798 615 1839 dicit,
636 1797 905 1833 mundationem
925 1799 978 1834 eis
997 1800 1123 1844 praeci-

69 1860 186 1904 piens,
207 1863 246 1893 ut
269 1859 396 1895 saltem
430 1858 544 1893 coacti
566 1858 654 1893 casti
684 1857 925 1901 efficerentur,
951 1866 986 1895 ct
1021 1860 1125 1894 luxu-

70 1919 176 1954 riosis
195 1919 418 1954 abstinerent
451 1918 774 1961 commistionibus,
810 1918 954 1954 fastidio
989 1919 1124 1957 laboris

68 1979 307 2024 frequentium
322 1978 625 2024 purificationum.
647 1977 747 2014 Hanc
763 1978 860 2013 enim
883 1978 1122 2015 intentionem

1198 1197 1259 1223 eas
1278 1197 1379 1230 csse,
1403 1196 1536 1232 eosque
1562 1186 1672 1221 etiam
1691 1186 1752 1232 qui
1780 1187 1934 1232 simplici
1961 1193 2059 1223 tactu
2086 1197 2148 1222 eas
2168 1196 2254 1222 con-

1196 1249 1351 1295 tingunt,
1375 1248 1578 1283 immundos
1600 1257 1680 1283 esse
1703 1257 1816 1293 usque
1840 1248 1885 1283 ad
1910 1258 2098 1294 vesperam
2119 1257 2255 1293 praece-

1195 1311 1260 1356 pit.
1294 1310 1362 1354 Qni
1388 1320 1473 1345 vero
1501 1320 1584 1345 cum
1610 1310 1663 1346 eis
1689 1310 1895 1353 dormiunt,
1926 1320 1997 1346 non
2017 1320 2088 1345 una
2109 1309 2166 1344 die
2188 1309 2255 1343 im-

1196 1372 1348 1407 mundos
1364 1371 1425 1406 sed
1443 1376 1580 1416 septem
1598 1370 1675 1406 dies
1695 1380 1775 1406 esse
1794 1371 1881 1406 dicit
1901 1382 1910 1406 z
1927 1380 2013 1416 ergo
2031 1370 2097 1406 sub
2113 1370 2255 1405 dierum

1195 1433 1389 1467 multorum
1416 1431 1636 1467 continentia
1651 1458 1660 1473 ,
1684 1436 1757 1466 tam
1779 1431 1948 1467 mulieres
1972 1441 1991 1465 a
2013 1431 2122 1473 viris,
2145 1439 2254 1475 quam

1193 1494 1261 1529 viri
1292 1504 1313 1529 a
1346 1493 1558 1528 mulieribus
1590 1493 1807 1528 necessitate
1842 1492 2082 1534 cohibentur,
2121 1495 2157 1526 et
2196 1490 2253 1525 his

1194 1555 1337 1601 quidem
1379 1555 1557 1591 sensibilis
1599 1555 1756 1599 Judaeus,
1799 1561 1835 1590 et
1870 1555 2069 1591 secundum
2106 1563 2253 1590 carnem

1191 1616 1353 1651 Israelita
1367 1614 1486 1660 juvari
1505 1625 1568 1660 per
1589 1615 1747 1650 litteram
1767 1620 1922 1660 poterat.
1949 1614 2025 1650 Hoc
2049 1620 2105 1650 est
2131 1618 2253 1649 autem

1191 1675 1422 1711 verissimum
1434 1674 1603 1719 Juvamen
1624 1675 1796 1721 spiritalis
1816 1674 2132 1717 considerationis,
2154 1673 2251 1718 quod

1194 1740 1249 1770 est
1274 1734 1371 1770 intus
1398 1734 1577 1770 inclusum
1603 1745 1611 1768 :
1638 1733 1756 1770 fluxus
1785 1734 1880 1769 enim
1905 1733 2091 1780 sanguinis
2124 1732 2253 1768 animae

1192 1795 1293 1840 quus
1307 1806 1498 1841 personam
1513 1801 1553 1831 ut
1564 1800 1649 1842 pote
1666 1795 1925 1838 effeminatam,
1943 1799 1979 1829 et
1998 1794 2250 1830 fortitudinem

1190 1857 1334 1902 pietatis
1358 1857 1591 1902 prodentem,
1610 1857 1647 1892 in
1669 1857 1856 1893 mulierem
1877 1865 1972 1892 nunc
1988 1856 2174 1901 legislator
2192 1856 2249 1891 in·

1191 1918 1370 1961 sinuavit,
1413 1918 1614 1954 idololatria
1648 1924 1716 1962 est,
1753 1918 1878 1964 hujus,
1916 1918 2112 1954 secundum
2153 1917 2250 1964 quod

1193 1978 1428 2024 Septuaginta
1450 1979 1572 2022 edunt,
1596 1980 1714 2024 fluxus
1733 1979 1769 2013 in
1786 1990 1928 2025 corpore
1946 1979 2036 2024 ejus.
2059 1977 2251 2024 Corruptio

67 2039 262 2075 secundum
287 2039 443 2075 litteram
470 2044 506 2074 et
528 2038 565 2074 in
585 2038 887 2083 subsequentibus
904 2038 962 2074 lex
995 2039 1117 2083 habet,
1139 2034 1168 2075 C
1190 2038 1287 2074 enim
1318 2048 1380 2074 seu
1410 2038 1563 2084 perditio
1594 2043 1650 2074 est
1680 2039 1826 2074 humani
1860 2038 2001 2085 generis
2033 2038 2249 2074 idololatrici

68 2102 150 2137 licet
164 2101 296 2147 aliquid
311 2102 406 2137 aliud
422 2101 617 2137 secundum
632 2101 798 2146 spiritum
814 2102 930 2148 signet
949 2111 957 2135 :
978 2102 1070 2137 sient
1086 2109 1121 2137 ct

69 2163 144 2209 ipse
157 2164 385 2209 expositurus
404 2174 495 2207 sum,
510 2165 594 2210 quia
614 2175 681 2200 nec
696 2166 814 2211 ipsum
831 2166 892 2211 qui
908 2166 965 2201 liic
980 2171 1036 2201 cst
1050 2167 1121 2212 spi-

68 2223 210 2258 ritalem
239 2223 459 2259 intellectum
479 2231 668 2270 praetereo.
694 2225 1005 2269 Quemadmodum
1034 2237 1120 2272 ergo

69 2283 168 2318 illum
186 2283 247 2328 qui
264 2282 397 2318 fluxum
410 2284 557 2319 seminis
570 2285 720 2329 patitur,
741 2295 822 2320 eum
841 2285 902 2330 qui
920 2286 1120 2331 corrumpit

68 2343 271 2380 doctrinam
307 2343 563 2386 intelleximus,
595 2345 647 2380 sic
676 2345 719 2380 (le
758 2355 828 2390 qno
850 2356 972 2381 semen
1004 2346 1120 2382 coitus

66 2404 312 2450 egrederetur,
327 2414 409 2440 eum
430 2404 490 2449 qui
509 2405 552 2439 ad
568 2403 709 2441 Judaeos
722 2406 965 2450 pertinentem
985 2405 1121 2442 doctri-

66 2475 149 2500 nam
186 2464 292 2500 docet
325 2465 557 2511 intelligimus
579 2477 587 2501 ε
609 2476 693 2501 nam
727 2467 820 2502 sicut
854 2466 1036 2503 ell'undent
1059 2477 1122 2502 na-

69 2524 181 2561 turale
197 2530 233 2560 et
243 2535 370 2560 sanum
387 2536 521 2568 semen,
537 2532 684 2572 propter
700 2527 842 2562 sordem
855 2534 974 2563 tamen
990 2527 1118 2570 Adam,

68 2586 272 2621 immundus
291 2591 359 2628 est,
396 2587 448 2621 sic
480 2592 516 2621 et
552 2597 678 2622 corum
712 2598 798 2623 sana
830 2595 979 2633 propter
1005 2590 1119 2636 legem

68 2654 148 2690 quse
169 2650 315 2690 putatur
333 2645 509 2687 doctrina,
548 2648 613 2681 sub
634 2647 736 2692 culpa
754 2654 809 2683 est
826 2654 862 2683 et
895 2650 1119 2694 reprehensi-

67 2704 165 2745 bilis,
192 2705 276 2750 quia
300 2705 458 2740 litteram
478 2706 580 2742 docet
600 2717 680 2752 quae
700 2708 990 2745 maledictionem
1012 2710 1121 2746 insert

68 2766 251 2812 discipulis
281 2767 368 2802 suis.
404 2765 526 2812 Neque
556 2768 651 2803 enim
690 2770 861 2814 possibile
896 2777 965 2813 est,
991 2783 1120 2818 quem-

67 2827 164 2874 piam
183 2837 247 2873 per
264 2826 362 2862 illam
376 2826 534 2872 perfecte
553 2829 686 2875 corrigi
708 2841 717 2864 :
738 2830 832 2866 unde
861 2830 1028 2868 Mosaicae
1047 2843 1120 2867 ma-

67 2888 249 2926 ledictioni
286 2889 479 2934 discipulos
499 2900 583 2926 suos
617 2891 748 2935 subdit,
783 2893 953 2939 ipsosque
974 2894 1119 2932 Judaeos

67 2950 128 2996 qui
144 2950 179 2985 in
193 2950 383 2985 mulierum
394 2951 597 2986 coeuntium
609 2953 836 2998 accipiuntur
852 2955 976 3002 figura,
997 2962 1120 3003 utpote

57 3011 128 3057 ‘qui
150 3020 291 3056 semper
308 3011 507 3054 adhaerent,
532 3018 568 3048 et
584 3014 887 3059 conrequiescunt
910 3016 1118 3053 doctoribus

68 3071 331 3107 institutionum
350 3080 509 3114 suarum,
531 3071 600 3108 hoc
633 3078 753 3108 autem
774 3074 905 3120 ipsum,
927 3082 965 3112 et
983 3076 1019 3111 in
1056 3087 1119 3114 eos

67 3132 184 3178 quiin
215 3131 390 3177 praeputio
409 3137 504 3175 sunt,
539 3138 746 3177 operantur,
782 3135 926 3179 quando
947 3136 1119 3173 doctrinae

68 3202 193 3229 eorum
213 3202 336 3228 semen
368 3192 580 3238 suscipiunt,
598 3203 688 3239 quos
704 3195 958 3231 vestimentum
977 3202 1013 3231 et
1042 3197 1120 3242 pel-

71 3252 142 3289 lem
155 3262 235 3289 esse
254 3252 405 3289 dicimus
425 3264 434 3288 :
454 3258 578 3300 utpote
595 3254 840 3300 temporaliter
859 3261 896 3291 et
913 3256 1119 3293 transitorie

61 3313 252 3354 ¹doctrinas
267 3323 404 3357 eornm,
429 3325 501 3351 non
515 3319 635 3350 autem
651 3320 743 3351 utet
760 3316 828 3361 ipsi
844 3323 1036 3364 procreent
1053 3318 1119 3353 ali-

65 3382 109 3431 ‘2¹
128 3402 130 3404 .
152 3390 167 3407 ιι
207 3375 358 3424 legalem
381 3375 560 3422 justitiam
589 3378 804 3424 suscipiunt,
834 3388 918 3414 nam
937 3380 1118 3425 quomodo

88 3434 102 3477 ’,Γ
154 3434 239 3472 'bile
262 3442 320 3473 est
343 3437 413 3473 boc
444 3437 480 3472 in
509 3438 683 3484 praeputio
701 3439 1020 3484 permanentibus?
1054 3439 1117 3475 sed

86 3493 108 3515 ·’
151 3507 153 3509 ·
210 3505 396 3534 semones
419 3506 559 3542 eorum,
580 3501 618 3534 et
634 3497 703 3544 ipsi
722 3496 913 3534 maledicto
928 3497 1018 3543 legis
1035 3497 1115 3542 pol-

174 3553 215 3601 wss‘
228 3571 265 3586 ι,
287 3561 375 3593 ntur,

119 3637 125 3644 .
197 3640 201 3642 ,
485 3603 635 3642 CAPUT
659 3604 702 3640 11.

179 3680 182 3687 ,
206 3658 209 3666 ‘
236 3657 237 3661 ’
279 3674 284 3677 ·
306 3658 384 3696 Μ
413 3650 548 3696 fimum
597 3651 720 3687 eminis
739 3655 873 3697 patitur
892 3650 1016 3686 nonin
1035 3654 1121 3686 tem-

135 3682 173 3746 ἕπει
183 3694 514 3754 ἶ,πῃῑσθιῑιηισδνιηιίὶ
526 3721 539 3741 ,
559 3701 592 3732 et
606 3697 833 3733 mundatione
854 3697 977 3742 ipsias.

126 3748 245 3800 (1111).)
261 3744 390 3793 Ductor
406 3763 490 3822 ⁵quau
508 3757 672 3796 redeunte
689 3767 807 3795 mense
828 3758 963 3796 vatim
987 3758 1123 3795 auxum

1191 2101 1376 2147 sanguinis
1396 2100 1533 2144 effusio,
1560 2106 1707 2147 propter
1721 2101 1816 2146 quod
1836 2112 1907 2137 non
1923 2101 2026 2145 dixit,
2046 2102 2089 2137 de
2108 2113 2252 2148 corpore

1190 2169 1330 2205 nostro,·
1353 2172 1468 2208 neque
1487 2162 1582 2198 enim
1598 2172 1618 2197 a
1633 2162 1735 2198 nobis
1750 2167 1805 2198 est
1819 2162 2018 2198 idololatria
2037 2162 2246 2206 adinventa,

1190 2225 1253 2261 sed
1270 2235 1291 2260 a
1308 2224 1545 2267 daemonibus,
1567 2224 1603 2260 in
1623 2234 1774 2271 corpore
1788 2224 1956 2260 videlicet
1976 2224 2101 2271 generi
2123 2229 2249 2260 nostro

1190 2286 1326 2323 inflicta
1347 2292 1415 2330 est,
1438 2292 1474 2322 et
1491 2287 1675 2333 corruptio
1694 2287 1860 2322 humanae
1875 2291 1930 2322 est
1948 2285 2075 2322 a'll‘ecta
2093 2292 2248 2322 naturae.

1191 2349 1263 2385 Sed
1295 2355 1331 2384 et
1359 2355 1522 2395 tempora
1554 2349 1771 2385 denuntians
1806 2349 1842 2384 in
1880 2349 2011 2394 quibus
2044 2347 2250 2383 idololatria

1190 2411 1356 2446 obtinuit.
1378 2411 1540 2455 Denique
1568 2410 1700 2445 Paulus
1721 2410 1863 2446 dicebat
1894 2421 1901 2444 :
1926 2409 1974 2444 Et
1997 2408 2134 2455 quidem
2163 2413 2249 2442 tem-

1190 2481 1272 2517 pore
1308 2470 1518 2515 iqnorantioe
1552 2470 1744 2515 despiciens
1780 2469 1875 2505 Deus
1892 2496 1902 2512 ,
1936 2480 2028 2503 nunc
2061 2468 2248 2504 annuntiat

1191 2541 1309 2565 omnes
1335 2529 1461 2576 ubique
1481 2530 1718 2577 poenitentiam
1739 2540 1854 2574 aqere.
1875 2527 1977 2572 Quod
1995 2527 2098 2569 dixit,
2120 2533 2249 2573 septem

1190 2590 1310 2627 diebus
1324 2590 1564 2636 separabitur;
1581 2589 1676 2635 quod
1689 2589 1751 2624 alii
1764 2616 1773 2632 ‚
1790 2589 1854 2624 erit
1877 2589 1914 2624 in
1932 2588 2138 2635 purgatione
2161 2598 2250 2630 sua;

1190 2651 1251 2687 alii
1271 2662 1356 2687 vero
1378 2652 1613 2696 interpretes,
1641 2651 1678 2686 in
1701 2651 1919 2697 separatione
1941 2649 2136 2696 iniquitatis
2151 2659 2250 2692 suoe3

1190 2713 1249 2747 alii
1274 2717 1406 2755 autem,
1437 2711 1586 2746 miseriae
1599 2739 1608 2755 ,
1628 2711 1837 2752 ediderunt,
1865 2719 1904 2745 nt
1922 2720 1985 2755 per
2004 2708 2250 2754 septenarium

1191 2772 1331 2808 dierum
1351 2782 1541 2807 numerum
1562 2776 1725 2817 tempora
1746 2769 1966 2816 significaret
1986 2769 2146 2814 spiritus,
2169 2778 2249 2813 qnae

1190 2844 1303 2880 usque
1339 2834 1384 2869 ad
1417 2833 1697 2879 completionem
1734 2838 1935 2877 temporum
1976 2835 2071 2873 sunt,
2107 2830 2144 2865 in
2178 2838 2250 2874 qua

1190 2894 1440 2940 completione,
1468 2893 1675 2940 evangelica
1700 2892 1868 2939 provenit
1884 2892 2106 2937 praedicatio.
2133 2890 2172 2926 In
2192 2890 2249 2925 liis

1189 2957 1286 2992 enini
1318 2957 1474 3002 separati
1504 2966 1524 2991 a
1551 2957 1626 2992 Deo
1655 2966 1720 3002 per
1746 2955 1984 2991 idololatriam
2010 2954 2178 2989 homines
2212 2953 2248 2988 in

1190 3018 1416 3062 separatione
1441 3017 1642 3063 iniquitatis
1659 3021 1696 3052 et
1716 3016 1872 3052 miseriae
1899 3014 2106 3051 necessario
2125 3018 2244 3054 erant,

1189 3088 1302 3124 usque
1333 3077 1418 3112 dnm
1450 3077 1523 3113 Deo
1553 3087 1618 3123 per
1649 3076 1896 3123 evangelicam
1930 3074 2246 3111 conversationem

1190 3138 1505 3185 conjungeremur,
1529 3149 1608 3184 quae
1632 3138 1667 3173 in
1694 3143 1820 3173 octava
1852 3136 1910 3172 die
1940 3136 2132 3181 accipitur,
2159 3133 2244 3177 quia

1189 3200 1331 3247 signum
1351 3205 1388 3236 et
1411 3199 1627 3246 principium
1648 3207 1684 3238 et
1704 3198 1813 3234 arrha
1836 3195 2100 3243 quodammodo
2123 3193 2246 3229 saeculi

1189 3268 1246 3298 est
1262 3261 1393 3304 futuri;
1409 3267 1556 3307 propter
1571 3260 1666 3306 quod
1681 3264 1718 3294 et
1732 3263 1859 3294 octava
1877 3257 1936 3292 die
1947 3254 2146 3291 salvatoris
2163 3264 2247 3301 pro-

1190 3322 1299 3358 cessit
1322 3321 1554 3357 resurrectio.
1580 3319 1659 3354 Non
1679 3318 1800 3371 solum
1814 3321 1934 3352 autem
1956 3314 2061 3350 idolis
2081 3314 2244 3350 serviens

1189 3384 1324 3426 anima,
1345 3382 1407 3418 sed
1423 3388 1460 3416 et
1488 3381 1518 3416 is
1537 3380 1598 3425 qui
1617 3389 1699 3414 eam
1727 3378 1860 3423 tangit,
1885 3376 1920 3412 id
1942 3381 2018 3419 est,
2045 3375 2107 3422 qui
2124 3375 2239 3422 parti-

1188 3451 1273 3487 ceps
1292 3441 1370 3487 ejus
1396 3439 1560 3481 efficitur,
1594 3443 1631 3472 et
1651 3436 1763 3472 multo
1785 3436 1901 3482 magis
1932 3435 1992 3472 bic
2014 3436 2076 3482 qui
2107 3436 2143 3472 in
2168 3445 2240 3482 quo

1188 3501 1337 3544 dormit,
1363 3499 1420 3536 vel
1442 3500 1479 3534 in
1497 3507 1570 3544 quo
1593 3498 1706 3540 sedet,
1730 3501 1772 3532 ut
1790 3501 1874 3543 pote
1890 3497 1951 3542 qui
1972 3497 2145 3535 doctrinae
2162 3497 2240 3543 ejus

1187 3565 1225 3596 et
1254 3559 1456 3600 traditionis
1477 3557 1520 3592 fit
1537 3557 1738 3603 particeps;
1765 3555 1823 3594 vel
1840 3557 1902 3604 qui
1920 3558 2048 3595 coierit
2073 3568 2156 3595 cum
2179 3567 2236 3602 ea,

1187 3619 1395 3658 immundus
1406 3619 1490 3662 erit,
1508 3622 1547 3655 et
1558 3617 1792 3655 mundatione
1808 3628 1898 3666 opus
1908 3619 2029 3662 habet,
2048 3629 2116 3656 nec
2130 3619 2240 3658 aliter

1189 3679 1398 3722 mundatur,
1415 3678 1487 3715 nisi
1509 3677 1649 3716 lavatus
1671 3689 1778 3726 aqua.
1804 3678 1900 3725 Quid
1917 3680 1965 3716 sit
1987 3683 2108 3717 autem
2126 3690 2237 3728 aqua,

1188 3741 1224 3778 in
1243 3739 1530 3788 praecedentibus
1551 3739 1723 3778 diximus.
1741 3740 1782 3777 ln
1800 3745 1940 3779 tantum
1957 3745 2078 3779 autem
2095 3746 2239 3789 oportet
