2540 4016
930 20 953 43 θ

290 116 357 155 135

285 192 407 227 derunt
422 185 513 223 oculi
530 185 610 228 mei,
628 182 782 219 satutare
799 189 897 219 tuum
917 182 1018 231 (Luc.
1030 182 1086 230 n).
1107 182 1216 218 Hune·
1229 180 1326 216 enim
1343 178 1380 219 A

283 255 319 285 et
343 246 500 293 psalmus
529 244 756 281 commendat
785 244 847 280 ubi
877 243 1035 289 legitur:
1061 241 1156 277 Bene
1175 239 1332 275 nuntiate

281 306 370 342 diem
397 315 441 341 ex
470 304 539 348 die,
568 304 723 340 salutare
754 304 830 349 ejus
871 302 986 349 (Psal.
1026 300 1123 347 xcv).
1157 299 1252 343 Quid
1277 304 1334 335 est

279 366 374 402 enim
392 365 489 401 aliud
511 365 542 401 si
561 364 767 411 diligentius
791 363 1034 404 attendamus,
1055 361 1152 407 quod
1169 361 1220 397 ait
1236 361 1333 397 diem

278 436 323 462 ex
341 425 414 468 die,
432 424 502 461 nisi
518 424 638 460 lumen
655 434 699 459 ex
717 423 863 465 lumine,
885 424 953 458 hoc
969 429 1025 458 est
1041 422 1154 458 Deum
1173 432 1219 458 ex
1242 422 1331 466 Deo,

277 484 337 530 qui
353 489 409 520 est
425 482 629 528 unigenitus
646 481 782 518 Filius?
807 481 956 517 Sumens
973 487 1090 517 autem
1116 481 1256 529 Moyses
1279 482 1333 517 di-

276 544 419 580 midiam
436 548 568 588 partem
585 541 780 588 sanguinis,
798 540 927 586 infudit
943 542 982 577 in
998 547 1185 585 crateram,
1202 548 1233 577 et
1251 553 1333 588 par-

278 610 344 640 tem
363 603 530 649 reliquam
548 601 727 647 sanguinis
747 601 784 636 in
804 599 939 645 Μίαν-8,·
962 609 995 637 et
1018 602 1190 648 accipiens
1205 602 1333 638 librum

278 662 488 705 testamenti,
515 661 669 697 recitavit
695 661 853 696 inaures
876 660 1008 707 populi.
1041 660 1246 698 Notandum
1277 667 1333 698 est

279 735 374 762 nunc
392 725 545 771 primum
571 723 776 760 sacrificare
802 722 962 770 Moysen,
982 724 1146 760 evidetur
1167 723 1333 770 Scriptu-

278 797 356 823 ram
378 786 509 829 dicere,
529 796 574 822 ex
590 796 659 831 qno
677 795 721 820 ex
745 784 902 831 AEgypto
920 785 1071 821 eductus
1091 790 1147 820 est
1166 785 1331 831 populus.

277 849 398 887 Primo
411 849 506 884 enim
522 848 564 884 de
577 846 700 883 Jethro
716 847 851 883 dictum
864 852 944 883 erat
960 856 1085 883 socero
1103 844 1194 891 ejus,
1211 855 1335 892 quam-

277 910 332 946 vis
355 920 435 946 cum
454 909 571 954 aliqua
591 908 840 955 ambiguitate,
861 907 957 953 quod
985 907 1227 943 immolaverit
1243 907 1330 942 Deo.

276 970 321 1007 Et
353 969 609 1006 advertendum
642 970 774 1005 librum
806 970 1014 1005 testamenti
1046 979 1128 1004 cum
1160 969 1334 1015 sanguine

276 1031 402 1067 hostiae
420 1031 565 1067 recitari
582 1043 591 1066 ;
609 1030 645 1066 in
663 1041 734 1076 quo
752 1030 843 1067 libro
862 1031 941 1067 illas
952 1030 1230 1076 justificationes
1249 1041 1334 1068 eon-

277 1092 430 1137 scriptas
449 1091 622 1126 debemus
648 1091 825 1137 accipere.
849 1090 938 1126 Nam
958 1091 1166 1137 decalogum
1187 1091 1275 1138 legis
1294 1091 1331 1127 in
1350 1085 1381 1123 B

279 1150 409 1186 tabulis
436 1150 584 1196 lapideis
614 1150 725 1187 suisse
753 1152 996 1197 conscriptum
1024 1157 1149 1198 postea
1182 1152 1334 1189 manife-

280 1214 374 1245 stum
393 1215 459 1245 est.
479 1209 525 1244 Et
546 1210 707 1245 dixerunt
724 1221 735 1246 .·
756 1210 882 1247 Omnia
902 1223 1115 1259 qua‘cunque
1134 1213 1268 1249 locutus
1284 1219 1334 1250 est

281 1269 461 1313 Dominus,
483 1270 652 1317 faciemus
681 1279 711 1308 ct
734 1273 927 1309 audiemus.
951 1274 1027 1310 Non
1055 1275 1158 1311 aliter
1188 1286 1335 1323 respou-

281 1330 366 1365 dent
384 1340 467 1366 ecce
490 1331 562 1376 jam
589 1332 709 1367 tertio.
733 1332 800 1368 Ille
818 1345 897 1368 vcro
918 1342 1091 1381 sumptum
1115 1337 1333 1382 sanffltinem,

281 1390 438 1435 respersit
459 1391 492 1425 in
515 1390 679 1437 populum
702 1398 732 1426 et
753 1392 801 1427 ait
822 1402 833 1426 :
856 1392 924 1428 Hic
945 1400 994 1429 est
1016 1396 1157 1441 sanquis
1181 1395 1333 1440 scederis,

279 1450 370 1495 quod
387 1451 512 1496 pepigit
531 1450 697 1486 Dominus
726 1451 913 1496 vobiscum,
934 1465 1037 1499 super
1054 1457 1187 1491 cunctis
1205 1467 1337 1492 sermo-

281 1508 378 1543 nibus
397 1509 462 1544 his.
486 1509 586 1545 llunc
606 1510 722 1547 locuni
742 1512 873 1549 Paulus
898 1514 1094 1559 apostolus,
1116 1516 1151 1551 in
1176 1516 1335 1562 Epistola

281 1568 325 1603 ad
352 1568 531 1611 llebrreos,
553 1572 731 1616 quomodo
760 1572 955 1609 Dominicae
983 1576 1161 1619 passionis
1193 1578 1337 1624 sangui-

281 1636 362 1662 nem
379 1627 574 1672 significet,
602 1630 895 1667 manifestissime
915 1634 1072 1678 exponit.
1104 1634 1196 1677 Quia
1219 1638 1338 1672 omnia

283 1698 367 1731 pene
383 1688 420 1722 in
439 1689 607 1734 sanquine
624 1691 836 1727 mundantur
852 1694 1042 1730 secundum
1059 1695 1165 1742 leqem
1182 1706 1193 1732 :
1213 1704 1244 1733 et
1264 1700 1338 1734 sine

283 1748 463 1793 sanguinis
484 1749 651 1794 effusione
679 1763 745 1787 non
764 1753 803 1797 fi!
832 1756 987 1791 remissio
1006 1755 1130 1803 (Hebr.
1150 1758 1217 1805 lx).
1246 1759 1338 1796 Nam

283 1809 428 1854 sanguis
447 1809 505 1845 ille
532 1821 601 1856 quo
626 1812 764 1859 Moyses
783 1817 952 1862 populum
979 1820 1157 1866 aspergit,
1179 1831 1221 1857 ac
1240 1823 1338 1867 puri-

284 1867 365 1903 ficat
398 1869 525 1906 librum
556 1871 645 1918 legis
679 1880 714 1910 et
749 1876 1019 1914 tabernaculum
1049 1883 1271 1926 testamenti,
1301 1889 1337 1920 et

282 1930 402 1965 omnia
419 1941 496 1976 quae
512 1932 549 1968 in
566 1944 608 1969 eo
626 1941 728 1971 erant
752 1938 872 1974 dicens
895 1949 903 1973 :
928 1939 1082 1987 Sanguis
1102 1943 1174 1986 hic,
1194 1946 1338 1992 sangui-

284 1989 339 2026 nis
356 1993 574 2035 testamenti,
592 1995 743 2031 miriiice
758 1996 902 2034 Domini
920 1998 1004 2035 Jesu
1023 2003 1233 2048 sanguinem
1251 2016 1338 2051 prse-
1357 1992 1386 2033 C

285 2049 405 2085 dicare
429 2058 662 2096 monstratur,
694 2066 763 2101 quo
793 2058 953 2094 omnium
981 2062 1203 2099 credentium
1230 2068 1339 2102 corda

284 2116 497 2156 purgantur,
520 2124 591 2159 quo
612 2115 699 2151 fides
723 2117 891 2155 Ecclesiae
912 2121 1085 2166 signatur,
1111 2136 1182 2171 quo
1202 2128 1336 2171 omnia,

288 2170 323 2204 id
341 2175 395 2206 cst
412 2181 542 2219 corpus
561 2184 665 2211 omne
683 2177 905 2215 tabernaculi
923 2183 1181 2228 sanctificatur,
1199 2187 1341 2224 dicente

287 2227 438 2265 Domino
460 2231 642 2279 discipulis
674 2247 682 2270 ε
717 2236 783 2271 Hic
815 2241 958 2284 sanquis
978 2252 1072 2277 meus
1091 2242 1193 2288 ⁸Novi
1223 2245 1342 2282 Testa-

289 2290 394 2325 menti
409 2299 420 2324 :
437 2293 495 2337 qui
509 2304 570 2339 pro
586 2295 703 2331 multis
718 2298 915 2342 effundetur
930 2300 1073 2346 (Mutae.
1091 2304 1203 2350 xxvi).
1220 2305 1341 2341 Adim-

286 2350 472 2395 pletunrin
491 2355 640 2393 veritate
660 2358 706 2402 id,
726 2361 822 2406 quod
840 2372 904 2407 per
922 2362 1067 2410 Moysen
1086 2365 1204 2403 suerat
1221 2374 1342 2405 osten-

287 2419 366 2446 sum
383 2412 418 2447 in
437 2412 602 2461 imagine.

332 2470 569 2511 Ascenderunc
593 2477 731 2524 Moyses
754 2488 787 2517 et
810 2492 945 2527 Aaron,
974 2485 1101 2523 Nadab
1123 2495 1154 2524 et
1177 2490 1281 2535 Abiu,
1307 2499 1341 2527 et

286 2531 504 2576 septuaqima
542 2534 589 2580 de„
609 2538 746 2574 senibus
783 2539 916 2586 Israel,
958 2551 990 2579 et
1022 2547 1181 2584 viderunt
1226 2550 1340 2587 Deum

287 2587 414 2626 Israel.
447 2591 517 2629 Sub
537 2597 677 2640 pedibus
703 2600 778 2645 ejus
803 2604 903 2645 (prasi
934 2616 1018 2651 opus
1049 2607 1177 2655 lapidis
1198 2613 1339 2658 sapphi-

288 2648 378 2683 rini:
398 2656 429 2685 ee
448 2655 547 2698 quasi
568 2657 688 2692 coelum
706 2671 783 2695 cum
803 2674 960 2700 serenum
978 2673 1039 2702 ese.
1065 2669 1139 2704 Nec
1158 2683 1263 2718 super
1280 2685 1337 2710 eos

287 2708 346 2752 qui
376 2711 496 2754 procul
521 2723 730 2752 recesserunt
759 2720 801 2754 de
818 2722 901 2766 filiis
923 2724 1049 2770 Israel,
1070 2732 1165 2766 misit
1194 2744 1338 2771 manum

289 2776 402 2803 suam.
427 2768 662 2821 Videruntquc
677 2776 803 2822 Deum,
815 2787 845 2814 ct
866 2785 1086 2822 comederunt
1103 2801 1144 2824 ac
1164 2791 1335 2830 biberunt.

291 2826 361 2871 (Ex
379 2828 602 2880 Augustino.)
629 2835 779 2873 Constat
811 2840 906 2877 inter
923 2854 985 2879 eos
1006 2847 1067 2891 qui
1087 2856 1184 2885 recte
1210 2853 1339 2891 intelli-

290 2892 388 2929 gunt,
415 2889 512 2925 nullo
535 2891 647 2928 Deum
673 2897 848 2934 contineri
876 2900 968 2946 loco,
998 2916 1064 2941 nec
1091 2908 1210 2954 aliquo
1241 2914 1339 2950 velut

291 2945 363 2981 situ
386 2950 548 2994 corporis
571 2955 734 2991 membra
751 2968 898 3005 ponere,
922 2963 1027 3001 sicuti
1051 2974 1105 3003 cst
1126 2973 1239 3007 nostri
1259 2984 1340 3009 cor-

291 3004 391 3051 poris
408 3008 547 3054 sedere,
564 3010 699 3058 jacere,
721 3022 832 3062 stare,
851 3025 888 3056 et
904 3022 933 3057 si
951 3025 1036 3069 quid
1052 3026 1254 3072 hujusmodi
1269 3038 1337 3070 est.

291 3063 375 3101 Haec
411 3068 509 3104 enim
539 3081 610 3107 non
636 3080 719 3111 sunt
754 3078 823 3115 nisi
856 3090 1073 3129 corporum;
1094 3087 1190 3126 Deus
1218 3098 1338 3130 autem

291 3122 441 3170 spiritus
460 3132 528 3164 est.
549 3129 649 3174 Quod
669 3142 754 3182 ergo
775 3147 813 3173 se
832 3142 989 3179 ostendit
1005 3147 1124 3191 specie
1144 3153 1336 3199 corporali,

290 3183 346 3219 vel
362 3184 477 3232 signis
490 3192 727 3236 corporaliter
738 3200 934 3246 expressis,
955 3214 1025 3240 non
1048 3206 1248 3246 substantia
1262 3212 1340 3258 ejus

289 3251 449 3292 apparet,
473 3260 554 3296 quae
577 3259 633 3289 est
651 3254 728 3302 ipse
747 3259 842 3305 quod
861 3267 917 3299 est
932 3275 941 3300 ε
957 3266 1021 3302 sed
1051 3272 1250 3317 assumptio
1267 3273 1341 3310 sor-

291 3315 429 3344 marum
445 3309 655 3359 visibilium,
671 3317 748 3364 ejus
762 3321 1032 3368 omnipotentiae
1046 3328 1219 3375 subjacet.
1234 3332 1280 3369 Et
1294 3335 1339 3372 de

291 3365 412 3405 electis
436 3369 546 3409 lsrael
578 3385 651 3412 non
678 3377 856 3417 dissonuit
883 3393 952 3420 nec
972 3396 1076 3432 unus,
1097 3395 1134 3426 et
1162 3402 1340 3439 apparue-

292 3433 376 3464 runt
403 3430 440 3466 in
465 3432 544 3471 loeo
575 3437 652 3483 Dei,
681 3445 718 3476 et
752 3443 1062 3485 manducaverunt
1088 3455 1126 3487 et
1152 3453 1335 3493 biberunt.

293 3486 380 3532 Quis
397 3491 531 3531 dubitet
557 3496 636 3535 illos
653 3510 744 3546 quos
767 3505 982 3545 nominatim
999 3513 1190 3559 expressit,
1219 3520 1256 3552 et
1281 3527 1338 3554 se-

291 3550 476 3598 ptuaginta
506 3557 665 3597 seniores
690 3572 786 3602 nunc
810 3567 1008 3615 appellatos
1038 3573 1174 3613 electos
1197 3577 1334 3617 Israel:

294 3611 352 3678 qui
370 3615 495 3659 procul
513 3618 621 3658 dubio
633 3631 822 3668 personam
837 3632 1011 3677 gerebant
1024 3644 1166 3683 eorum,
1179 3641 1243 3687 qui
1262 3641 1336 3680 ele-
1351 3630 1353 3633 Α

297 3674 440 3726 ῑῑῑβὲὶβξῑ
453 3675 490 3714 in
505 3679 741 3738 populo-pei}
762 3686 955 3742 Non-enim
970 3697 1133 3737 omnium
1149 3706 1206 3739 est
1218 3701 1332 3741 fides:

700 105 742 143 B.
768 102 938 143 RABANI
963 102 1110 143 MAURI
1133 100 1348 141 ARCHIEP.
1375 98 1589 138 MOGUNT.
1613 100 1812 140 OPERUM
1836 99 1959 140 PARS
1983 101 2014 139 l.

2060 27 2085 51 ο
2489 0 2509 61 1².

1394 182 1431 214 et
1451 178 1546 215 novit
1563 177 1736 215 Dominus
1753 180 1813 227 qui
1829 185 1912 216 sunt
1930 180 2013 227 ejus
2030 178 2150 227 (Rom.
2170 178 2238 227 ιι).
2259 178 2300 216 ln
2327 189 2464 227 magna
2496 178 2503 218 ’ς
2520 205 2540 235 z}

1401 243 1524 275 autem
1542 239 1650 277 domo
1669 247 1754 278 sunt
1770 241 1842 277 alia
1857 251 1947 278 vasa
1962 241 2000 277 in
2015 240 2206 284 honorem,
2230 239 2304 276 alia
2322 241 2360 277 in
2375 251 2464 278 eon·
2522 242 2540 253 '‘

1401 299 1600 336 tumeliam.
1624 300 1802 343 Quoniam
1818 312 1906 348 quos
1922 307 2002 338 ante
2029 301 2216 348 praescivit,
2235 305 2268 336 et
2283 299 2467 351 proedesty'-

1400 360 1520 404 navit‚·
1551 371 1637 408 quos
1667 367 1786 398 autem
1816 362 2101 408 praedestinavit,
2134 361 2214 398 illos
2247 367 2280 397 et
2305 362 2466 407 vocavi15
2526 357 2540 387 ³!

1399 430 1487 466 quos
1508 426 1626 456 autem
1653 421 1799 465 vocavit,
1820 420 1901 458 illos
1931 427 1963 459 et
1975 422 2188 469 justificavit
2204 434 2217 466 ;
2235 433 2320 469 quos
2349 429 2468 459 autem

1395 478 1619 525 justificavit,
1640 479 1721 516 illos
1741 486 1774 516 et
1793 480 2016 527 ylovificavit.
2039 481 2159 529 (Rom.
2178 481 2275 530 vm).
2300 481 2468 521 Profecto

1401 537 1446 574 de
1464 538 1591 574 electis
1610 538 1722 576 lsrael
1750 550 1824 575 non
1843 539 2023 577 dissonuit
2047 551 2115 578 nee
2144 552 2252 579 unus.
2278 542 2470 589 Significa-
2525 590 2532 594 ῃ

1402 602 1463 631 tur
1482 602 1604 633 autem
1620 600 1877 643 quaternarius
1892 611 2066 637 numerus
2080 601 2118 638 in
2137 601 2260 650 Moyse
2280 608 2317 640 et
2329 603 2469 649 Aaron,
2528 638 2530 642 .

1402 655 1527 694 Nadab
1547 663 1583 694 et
1605 658 1715 702 Abiu,
1733 665 1882 706 propter
1901 667 2058 706 quatuor
2077 664 2278 710 evangelia,
2301 670 2338 701 et
2356 666 2471 702 totius
2525 658 2531 673 ³

1401 719 1501 756 orbis
1518 719 1579 766 qui
1606 719 1643 755 in
1667 726 1827 766 quatuor
1843 727 1966 767 partes
1980 724 2154 760 dividitur
2173 727 2468 771 promissionem.

1401 779 1450 816 Et
1474 780 1706 827 septuaginta
1725 781 1769 817 de
1789 782 1994 819 senioribus
2010 783 2135 821 lsrael.
2153 784 2314 823 Numero
2333 786 2473 824 seilicet
2494 779 2501 784 ⁴

1403 840 1612 886 septenario
1632 841 1823 888 decuplato
1841 856 1848 879 :
1869 844 1931 890 qui
1950 845 2110 890 pertinet
2133 846 2180 883 ad
2193 847 2473 895 significandum

1404 900 1583 947 Spiritum
1603 908 1785 939 sanctum.
1810 903 1990 951 Sapphiro
2006 911 2128 943 autem
2153 907 2382 955 significatur
2397 909 2474 946 vita

1404 962 1578 1007 coelestis,
1606 964 1767 1001 maxime
1801 966 1886 1012 quia
1914 967 2052 1004 dictum
2075 974 2142 1013 est,
2177 970 2272 1007 sicut
2301 977 2474 1018 aspectus

1404 1024 1638 1062 firmamenti.
1664 1026 1956 1064 Firmamentum
1986 1034 2106 1066 autem
2137 1031 2271 1068 coelum
2299 1033 2474 1079 appellari

1401 1084 1482 1131 quis
1509 1086 1671 1122 nesciat?
1695 1086 1742 1122 Et
1759 1086 1877 1124 forma
1906 1088 2032 1126 lateris
2056 1091 2094 1126 in
2124 1093 2251 1128 eodem
2286 1093 2473 1140 sapphiro,

1402 1144 1665 1191 quadraturam
1695 1146 1813 1193 ipsam
1851 1148 1909 1184 vel
1940 1149 2189 1196 stabilitatem,
2218 1152 2277 1188 vel
2309 1153 2474 1199 ejusdem

1406 1206 1632 1251 quaternarii
1649 1207 1793 1243 numeri
1820 1215 2091 1246 sacramentum
2111 1210 2256 1258 figurat.
2278 1212 2382 1258 Quod
2411 1224 2475 1250 au·

1404 1271 1479 1302 tem
1512 1268 1738 1304 manducant
1757 1273 1794 1305 et
1817 1270 1947 1307 bibunt
1974 1271 2010 1307 in
2038 1272 2119 1309 loco
2147 1273 2226 1318 Dei,
2257 1275 2475 1312 suavitatem

1405 1328 1708 1375 saturitatemque
1729 1330 1910 1377 signifieat
1943 1332 1980 1368 in
2010 1332 2072 1369 illo
2104 1344 2216 1381 regno
2241 1336 2472 1375 aeternitatis.
2535 1334 2538 1337 ’

1403 1389 1507 1425 Beati
1527 1391 1618 1426 enim
1635 1392 1695 1438 qui
1715 1393 1925 1430 esuriunt-et
1941 1395 2258 1443 sitiunljustitiam
2275 1407 2287 1432 .·
2304 1400 2473 1446 quoniam

1403 1450 1470 1496 ipsi
1487 1451 1744 1487 saturabuntur
1765 1452 1910 1500 (Mami.
1930 1454 1981 1502 v).
2012 1455 2116 1493 Unde
2141 1462 2178 1494 et
2195 1458 2372 1495 Dominus
2389 1460 2475 1496 dicit

1404 1518 1578 1551 venturos
1598 1516 1745 1552 multos.
1769 1516 1867 1560 Quos
1884 1518 2010 1564 utique
2028 1519 2098 1556 nisi
2113 1519 2249 1557 electos
2271 1522 2474 1568 praescitos,

1405 1576 1698 1621 praedestinatos,
1725 1584 1891 1623 vocatos,
1918 1579 2158 1626 justificatos,
2185 1581 2422 1628 glorificatos,
2441 1588 2476 1619 et

1406 1638 1634 1675 recubituros
1655 1650 1738 1675 cum
1761 1638 1959 1684 Abraham,
1979 1646 2015 1677 et
2033 1641 2146 1685 isaac,
2167 1647 2203 1678 et
2230 1642 2341 1680 Jacob
2363 1644 2399 1679 in
2421 1654 2467 1680 re·

1407 1713 1477 1750 gno
1497 1703 1699 1739 coelorum?
1717 1704 1763 1740 Et
1783 1704 1855 1741 alio
1872 1704 1952 1741 loco
1973 1706 2049 1752 ipse
2069 1707 2139 1743 hoc
2159 1707 2339 1763 promittit
2359 1707 2476 1744 fideli-

1406 1764 1474 1800 bus
1506 1765 1594 1808 suis,
1614 1766 1706 1813 quod
1737 1766 1846 1811 faciat
1866 1778 1924 1802 eos
1945 1767 2158 1812 recumbere,
2189 1775 2222 1804 et
2249 1775 2420 1816 transeat,
2444 1774 2477 1805 el

1406 1825 1580 1861 ministret
1618 1826 1666 1862 eis
1686 1825 1788 1873 (Luc.
1818 1826 1898 1874 xn).
1927 1826 2022 1871 Quid
2054 1829 2122 1865 sibi
2155 1829 2233 1865 vult
2267 1831 2363 1876 quod
2390 1830 2476 1868 Jesu

1407 1886 1507 1923 Nave
1538 1898 1611 1924 non
1642 1894 1950 1925 commemoratus
1980 1890 2017 1925 in
2056 1890 2126 1927 illis
2153 1896 2322 1936 quatuor,
2357 1892 2477 1931 subito

1408 1958 1492 1984 cum
1521 1947 1643 1995 Moyse
1668 1956 1832 1996 apparet,
1851 1956 1887 1986 et
1915 1961 1997 1987 cum
2029 1950 2091 1988 illo
2111 1953 2274 1989 ascendit
2309 1953 2346 1989 in
2374 1964 2461 1990 mon

1410 2014 1497 2053 tem,
1519 2010 1564 2046 ad
1589 2011 1819 2056 accipiendas
1844 2011 1987 2048 tabulas
2005 2011 2109 2059 legis,
2142 2018 2179 2049 et
2210 2012 2331 2050 subito
2350 2024 2477 2052 rursus

1409 2068 1513 2106 lesus
1535 2071 1785 2116 absconditur,
1804 2073 1841 2109 id
1859 2079 1915 2110 est
1938 2079 2095 2119 tacetur,
2113 2079 2149 2110 et
2175 2075 2317 2121 Moyses
2335 2077 2477 2123 aceepit

1408 2130 1583 2176 legem-in
1603 2132 1743 2168 duabus
1765 2134 1912 2179 tabulis,
1930 2140 1966 2170 et
1985 2145 2068 2171 cum
2083 2145 2127 2172 eo
2147 2136 2280 2172 iterum
2304 2137 2478 2184 apparet?

1409 2190 1463 2226 An
1488 2191 1598 2229 zforte
1633 2192 1815 2239 significat
1851 2194 1993 2230 Novum
2027 2196 2300 2234 Testamentum
2330 2199 2478 2236 nomine

1410 2251 1508 2294 Jesn,
1529 2258 1564 2287 et
1595 2253 1843 2291 absconditum
1864 2266 1945 2292 esse
1965 2257 2002 2292 in
2022 2257 2115 2305 lege,
2136 2264 2172 2295 et
2196 2259 2392 2306 aliquando
2414 2271 2478 2307 ap·

1410 2321 1538 2358 parere
1564 2313 1875 2362 intelligentibus?
1903 2317 2006 2362 Quod
2029 2330 2117 2356 vero
2137 2320 2243 2358 Jesus
2272 2321 2350 2368 jam
2370 2333 2478 2360 voca-

1412 2376 1483 2415 tur,
1505 2383 1586 2408 cum
1603 2375 1640 2409 in
1662 2375 1755 2412 libro
1782 2377 2024 2415 Numerorum
2044 2382 2189 2427 quando
2207 2382 2245 2418 id
2262 2394 2393 2421 nomen
2415 2395 2478 2421 ac·
2527 2404 2540 2435 ‚1

1410 2434 1548 2479 ceperit
1569 2434 1754 2482 Scriptura
1780 2443 1949 2483 testatur,
1969 2441 2064 2487 quod
2081 2442 2157 2488 jam
2188 2454 2302 2490 prope
2321 2451 2418 2482 esset
2434 2450 2476 2483 ut
2531 2450 2540 2474 Ξ

1409 2498 1545 2530 terram
1573 2497 1827 2542 promissionis
1857 2499 2055 2546 intrarent,
2079 2513 2147 2549 per
2178 2505 2376 2552 prolepsin,
2407 2508 2478 2544 hoc
2527 2499 2540 2532 ,⁴

1408 2562 1465 2592 est
1484 2566 1549 2603 per
1564 2560 1923 2606 {praeoccupationem
1951 2563 2126 2610 anticipat
2155 2565 2357 2613 Scriptura,
2380 2569 2476 2615 quod
2529 2588 2540 2609 1

1406 2625 1534 2664 postea
1558 2619 1693 2657 sactum
1712 2627 1784 2659 est.
1816 2622 1947 2660 Omnia
1971 2626 2105 2673 quippe
2131 2627 2202 2664 ista
2221 2635 2348 2676 postea
2366 2641 2473 2677 quam
2525 2624 2540 2675 Ξ

1407 2679 1502 2715 sacta
1523 2686 1620 2725 sunt,
1641 2682 1777 2729 scripta
1803 2690 1912 2720 sunt:
1937 2696 1979 2722 ac
1995 2697 2061 2733 per
2086 2689 2156 2725 hoc
2170 2691 2317 2736 quando
2337 2691 2473 2729 factum
2499 2685 2502 2691 ’
2522 2680 2540 2739 ἐ

1407 2747 1463 2777 cst
1492 2744 1587 2788 quod
1608 2744 1716 2782 modo
1735 2754 2056 2792 commemoratur,
2089 2752 2254 2788 nondum
2272 2756 2474 2793 vocabatur
2493 2777 2513 2809 g

1406 2800 1532 2845 Jesus;
1555 2804 1618 2839 sed
1636 2805 1781 2849 quando
1796 2806 1971 2851 scriptum
1990 2813 2059 2852 est,
2071 2810 2149 2856 jam
2169 2812 2238 2849 hoe
2258 2817 2472 2854 vocabatur.

1411 2860 1541 2896 Omnia
1560 2868 1692 2905 autem,
1712 2863 1808 2900 sieut
1826 2864 2021 2911 Apostolus
2042 2870 2105 2915 ait,
2127 2872 2164 2908 in
2189 2873 2306 2921 liyura
2332 2879 2471 2915 contin·
2493 2882 2516 2932 {-

1408 2920 1533 2965 qebant
1564 2921 1810 2970 illis:scripta
1842 2934 1923 2963 sunt
1955 2935 2072 2966 autem
2095 2940 2237 2981 propter
2269 2948 2332 2974 nos
2353 2940 2472 2977 omnia

1410 2978 1445 3024 (I
1465 2978 1547 3015 Cor.
1570 2980 1620 3028 x)·‚
1640 2982 1806 3021 videlicet
1823 2996 1895 3023 non
1919 2988 2037 3027 solum
2051 2991 2148 3030 facta
2163 2996 2221 3031 vel
2243 2998 2370 3044 verba,
2389 3009 2472 3048 quae

1408 3040 1523 3076 sacris
1547 3040 1678 3080 litteris
1697 3046 1943 3094 continentur,
1964 3062 2091 3090 verum
2121 3056 2232 3093 etiam
2251 3058 2414 3097 locorum
2432 3065 2471 3099 et

1409 3112 1595 3147 aurarum,
1622 3113 1658 3143 et
1674 3113 1876 3156 temporum
1897 3114 1989 3152 situs
2006 3122 2064 3153 :et
2094 3118 2255 3165 ipsarum
2271 3133 2416 3170 quoque
2429 3124 2468 3163 in

1409 3162 1537 3207 quibus
1555 3172 1657 3213 gesta
1675 3168 1754 3207 sive
1778 3171 1875 3209 dicta
1896 3180 1995 3221 sunt,
2017 3178 2294 3220 circumstantia
2327 3194 2464 3223 rerum.

1805 3247 1958 3289 CAPUT
1988 3253 2062 3292 vn.

1599 3349 1605 3355 ι
1749 3308 1815 3360 .ῃεὶ
1843 3310 2050 3365 inmontem
2070 3322 2110 3354 ut
2123 3329 2234 3366 segem
2250 3324 2425 3371 acciperet
2440 3335 2478 3362 a·

1502 3346 1667 3392 Domino,
1687 3359 1852 3399 scriptam
1879 3369 1915 3394 m
1933 3361 2060 3400 tabulis
2076 3373 2089 3399 .·
2102 3366 2197 3413 quod
2224 3374 2259 3404 et
2272 3368 2366 3415 fecit.

1452 3404 1552 3442 Dixit
1571 3415 1688 3446 autem
1712 3411 1882 3453 Dominus
1901 3420 1947 3456 ad
1966 3421 2114 3471 Moysen
2129 3435 2142 3462 .·
2156 3427 2315 3467 Ascende
2339 3432 2388 3468 ad

1405 3464 1443 3500 in
1465 3473 1628 3513 montem,
1649 3476 1682 3506 et
1697 3478 1768 3510 esto
1785 3475 1834 3512 ibi
1846 3488 1860 3520 ,·
1875 3479 2031 3531 daboque
2047 3475 2269 3529 attrabatas
2287 3491 2445 3541 capiam
2468 3471 2469 3475 Ἰ

1405 3530 1437 3559 et
1464 3524 1572 3573 legem
1599 3540 1640 3565 ac
1668 3533 1837 3571 mandata
1865 3548 1943 3584 quoe
1978 3546 2118 3593 scripsi,
2143 3555 2184 3586 ut
2216 3551 2343 3596 dom
2413 3555 2422 3596 ῗ

1405 3583 1521 3623 Israel
1542 3587 1676 3636 (Exod.
1695 3592 1810 3640 xxiv).
1828 3594 1901 3643 [Ex
1923 3601 2053 3654 Betim]
2069 3607 2229 3650 naturus
2240 3622 2343 3663 W
2359 3655 2365 3660 ,

1403 3643 1518 3693 Moysi
1530 3647 1717 3716 Dominus,
1735 3653 1852 3699 primo
1863 3657 1965 3698 ilium
1981 3663 2019 3701 iu
2030 3669 2210 3721 yerticeut
2217 3673 2374 3729 Q&-

1403 3709 1478 3750 cat,
1497 3711 1538 3743 ut
1552 3719 1590 3745 in
1607 3709 1681 3749 alto
1699 3721 1821 3751 secum
1833 3715 2039 3763 demoratus
2053 3725 2206 3770 liberius
2218 3725 2357 3781 audiat·
