2540 4016
297 164 366 219 254
733 153 773 192 B.
800 148 968 190 RABANI
990 144 1138 184 muru
1164 141 1378 189 Ancum.
1402 138 1615 178 uocum.
1635 128 1842 193 ornauit*
1854 136 1978 174 PARS
2002 132 2031 172 ῐ.
2394 135 2466 177 252
2487 127 2507 159 '-

297 222 360 283 Dei
374 249 439 289 pro
469 236 597 275 nobis:
618 234 780 278 Semper,
803 226 930 272 inquit,
959 223 1083 276 vivens
1103 218 1337 264 adiuterpel-
1353 218 1390 259 A
1405 216 1441 253 in
1461 217 1559 265 ligno
1575 222 1649 259 est,
1683 215 1906 263 dispensatio
1931 213 2052 250 carnis
2077 210 2180 248 finita
2204 215 2261 247 est
2286 223 2295 247 :
2331 210 2467 249 Resura

294 303 437 341 landum
451 308 517 346 pro
536 297 605 334 hls.
626 294 664 331 Si
694 301 778 338 ergo
793 290 860 326 duo
875 284 1120 329 intelliguntur
1139 279 1333 322 velamina,

294 374 372 411 quae
388 362 485 398 velut
499 357 655 406 pontifex
674 355 851 399 ingressus
866 352 920 383 est
937 344 1053 386 Jews,
1074 346 1338 387 consequenter

293 429 329 459 et
349 420 564 458 sacrificium
590 414 715 460 duplex
746 405 1014 453 intelligendum
1049 407 1116 445 est,
1146 411 1210 447 per
1239 399 1336 447 quod

293 489 330 522 et
370 479 554 519 terrestria
595 472 783 511 salvaverit
819 475 854 504 et
895 465 1070 503 coelestia.
1106 463 1268 509 Denique
1300 468 1337 498 et

293 556 333 581 ca
354 554 431 592 quae
449 543 657 584 sequuntur,
677 534 754 579 plus
773 530 907 568 covlesu
930 527 1108 564 sacrificio
1137 536 1244 572 quam
1263 531 1336 560 ter-

291 614 376 641 reno
411 601 573 636 videntur
613 593 764 639 aptanda
801 603 808 625 :
838 590 1073 634 Detraczaque
1093 586 1182 632 pelle
1213 587 1335 621 hosziae

289 670 384 699 artus
411 661 446 695 in
481 659 592 703 frusta
622 653 820 694 concident,
858 656 891 686 el
928 649 1114 694 subjicient
1154 647 1190 682 in
1229 646 1335 682 altari

288 723 398 767 ignem
418 726 510 753 strue
530 716 700 762 liquorum
719 720 798 748 ante
819 711 1020 758 composita,
1043 716 1073 744 et
1090 707 1242 743 membra
1259 717 1335 753 quw

289 793 376 818 ccvsa
398 786 476 815 sunt
493 778 638 823 desuper
657 773 871 815 ordinantes,
890 777 992 817 caput
1018 768 1175 806 videlicet
1195 774 1227 803 et
1252 778 1337 801 cun-

290 851 343 878 cla
364 853 439 888 quw
458 840 634 875 adsument
650 837 784 882 jecori,
818 834 990 869 intestinis
1022 838 1052 867 el
1083 830 1227 876 pedibus
1257 828 1337 863 lotis

291 916 394 951 aqua.
417 901 638 947 Aclolebieque
668 911 705 934 ea
729 897 890 933 sacerdos
921 905 1025 941 super
1053 893 1163 927 auare
1185 892 1220 926 in
1240 890 1339 925 ΙιοΙο-

290 972 445 1001 caustum
461 971 490 998 et
511 973 648 997 smwem
671 961 809 994 odorem
836 958 1000 992 Domino.
1027 953 1214 998 Quomodo
1234 952 1340 987 dcco-

291 1027 403 1061 rietur
425 1035 508 1060 caro
528 1023 635 1059 Verbi
658 1021 719 1056 Dei
741 1020 835 1065 quod
857 1019 917 1054 hie
945 1017 1080 1052 vitulus
1105 1015 1314 1050 nominatur
1328 1041 1337 1056 ‚

290 1095 325 1124 et
354 1087 533 1133 quomodo
564 1083 793 1119 membratim
823 1081 1004 1115 dividatur
1036 1088 1055 1112 a
1091 1075 1341 1112 sacerdotibus

1402 283 1491 324 gens
1509 278 1607 314 enim
1643 288 1663 313 a
1687 277 1840 313 mortuis
1869 274 2034 312 ascendit
2059 273 2105 309 ad
2130 272 2262 309 eoelum
2288 273 2470 319 quoditer
2519 289 2524 292 ·

1403 341 1482 387 eius
1501 345 1631 376 natura
1652 339 1745 384 ignis
1773 338 1942 379 ostendit,
1979 336 2075 372 unde
2094 339 2130 371 et
2157 333 2353 380 Apostolus
2371 335 2470 372 diee-

1404 404 1467 440 bat
1485 416 1494 439 ε
1520 402 1614 446 Quia
1632 408 1664 438 et
1684 402 1712 437 si
1734 399 1955 447 coqnovimus
1977 397 2154 434 Christum
2173 396 2367 433 secundum
2391 408 2468 434 car-
2500 421 2504 428 -

1403 476 1494 508 nem,
1516 463 1578 499 sed
1596 474 1688 499 nuuc
1700 462 1777 509 jam
1800 473 1869 496 non
1887 461 2044 495 novimus
2082 458 2139 506 (ΙΙ
2164 457 2247 494 Cor.
2269 457 2321 504 v).
2361 457 2470 505 Holo-

1402 530 1568 561 caustum
1606 533 1762 568 namque
1799 522 1921 557 carnis
1952 521 2029 568 ejus
2065 531 2131 568 per
2171 519 2308 565 lignum
2349 518 2470 555 crucis

1402 586 1584 627 oblatum,
1608 591 1750 619 terrena
1770 582 1978 618 coelestibus
2006 587 2042 617 et
2063 581 2196 617 divinis
2217 581 2376 616 humana
2407 590 2468 616 so-

1403 646 1525 683 ciavit.
1545 644 1719 680 Intestina
1738 653 1825 678 sane
1847 653 1929 678 eum
1957 642 2108 688 pedihus
2133 651 2224 686 aqua
2247 640 2333 676 dilui
2356 639 2464 686 jubet

1403 717 1524 744 sermo
1550 705 1736 752 p1·;ccept.i‚
1753 709 2022 740 sacramentum
2043 701 2216 748 baptismi
2236 701 2304 737 sub
2326 701 2469 749 figurali

1403 767 1662 816 praedicatione
1681 765 1913 801 denuntians.
1934 763 2025 798 Nam
2045 762 2218 798 intestina
2238 763 2343 799 diluit
2362 791 2372 806 ‚
2404 763 2471 808 qul

1405 829 1664 866 conscientiam
1693 833 1844 874 purgat;
1869 832 1904 862 et
1922 827 2036 872 pedes
2056 825 2181 868 abluit,
2205 826 2265 871 qui
2300 835 2470 862 consum-

1405 891 1604 928 mationem
1625 889 1776 935 suscipit
1796 888 2015 924 sacramenti
2031 915 2039 930 ,
2057 893 2093 922 rt
2107 887 2272 932 scitquia
2287 888 2349 932 qui
2368 897 2473 922 mun-

1408 954 1475 990 dus
1503 957 1559 989 est
1585 962 1656 987 non
1688 950 1836 995 indiget,
1865 948 1933 983 nisi
1971 953 2009 982 ut
2037 948 2147 993 pedes
2174 947 2289 990 lavet,
2320 950 2358 981 et
2388 946 2472 991 quia

1408 1020 1548 1061 partem
1569 1015 1650 1061 quis
1671 1015 1804 1050 habere
1823 1023 1895 1048 non
1915 1017 2036 1058 potest
2057 1022 2139 1046 cum
2160 1010 2262 1053 ιΙνειι,
2285 1010 2354 1046 nisi
2374 1010 2474 1045 lave-

1412 1076 1460 1110 rit
1478 1076 1587 1122 pedes
1606 1074 1683 1119 ejus
1703 1073 1824 1120 (Joun.
1849 1071 1943 1118 xin).
1979 1072 2112 1107 Verum
2140 1071 2169 1107 si
2193 1074 2269 1106 lucc
2289 1070 2399 1106 etiam
2429 1069 2475 1105 ad

291 1159 405 1194 opera·
427 1147 577 1193 pretium
596 1151 650 1180 est
669 1145 778 1179 adver
796 1153 870 1177 cre.
893 1142 962 1176 Eos
982 1145 1066 1185 puto
1086 1138 1180 1184 quod
1201 1137 1259 1172 ille
1282 1146 1339 1171 sa·
1358 1131 1389 1169 Β
1409 1136 1583 1173 moralem
1603 1136 1720 1171 locum
1744 1134 1918 1169 inclinare
1941 1133 2043 1174 velis,
2065 1131 2177 1167 habes
2205 1137 2241 1167 et
2260 1138 2298 1166 tu
2317 1131 2472 1166 vitulum

292 1210 418 1246 cerdos
439 1206 592 1243 detrahit
610 1206 748 1241 corium
763 1203 864 1238 vituli
886 1202 993 1237 oblati
1013 1202 1050 1236 in
1075 1200 1336 1242 holocaustum,

292 1277 328 1305 et
349 1269 515 1305 detrahat
539 1267 665 1312 pellem
694 1276 762 1311 qua
785 1264 944 1300 membra
969 1263 1046 1308 ejus
1073 1265 1336 1307 conteguntur,

293 1331 352 1376 qui
375 1331 417 1365 de
437 1330 546 1365 verbo
567 1328 629 1362 Dei
653 1326 830 1362 abstrahit
851 1325 1011 1359 velamen
1046 1323 1187 1364 litterae,
1219 1326 1255 1356 et
1284 1321 1337 1355 in-

293 1396 392 1427 terna
413 1389 502 1434 ejus,
535 1397 614 1433 quae
635 1391 718 1422 sunt
737 1385 911 1431 spiritalis
932 1383 1190 1428 intelligentur,
1225 1392 1338 1417 mem-

292 1450 355 1485 bra
376 1450 546 1490 denudat,
566 1454 602 1483 et
617 1448 691 1482 hzcc
708 1446 883 1487 membra,
900 1444 999 1479 verbi
1015 1444 1205 1478 interiores
1221 1442 1340 1477 scien-

292 1514 362 1555 tiae,
387 1523 454 1548 non
477 1513 511 1547 in
531 1511 655 1548 humili
676 1510 796 1554 aliquo
816 1509 894 1543 loeo
925 1507 1039 1553 ponit,
1063 1507 1123 1541 scd
1146 1506 1179 1541 in
1204 1506 1277 1541 alto
1304 1510 1340 1540 et

291 1580 428 1615 saneto,
461 1573 495 1608 id
523 1579 704 1616 estsuper
732 1570 845 1605 altare
871 1568 1045 1609 collocat,
1073 1577 1155 1602 cum
1189 1577 1260 1601 uon
1286 1566 1340 1600 in—

293 1635 408 1680 dignis
440 1633 643 1668 hominibus
674 1636 708 1666 et
743 1629 914 1664 humilem
946 1628 1057 1661 vitam
1087 1637 1127 1660 ac
1160 1630 1341 1660 terrenam

294 1693 506 1729 ducentibus
526 1691 649 1738 pandit
666 1689 784 1725 divina
812 1687 1003 1734 mysteria,
1031 1685 1092 1721 sed
1116 1685 1262 1730 illisqui
1289 1684 1340 1719 al-

294 1762 373 1791 tare
397 1755 459 1790 Dei
480 1760 576 1796 sunt,
599 1754 634 1788 in
653 1753 783 1798 quibus
799 1761 940 1797 semper
956 1750 1058 1784 ardet
1076 1748 1218 1783 divinus
1235 1747 1339 1793 ignis,

295 1821 329 1850 et
353 1805 493 1860 semper
522 1813 744 1849 consumitur
771 1821 868 1846 caro.
895 1809 1011 1855 Super
1039 1810 1104 1843 hos
1123 1818 1209 1853 ergo
1230 1807 1340 1848 tales,

295 1874 523 1910 membratim
543 1874 678 1908 divisus
713 1872 779 1907 iste
801 1869 997 1906 holocausti
1031 1868 1166 1902 vitulus
1185 1866 1342 1901 colloca-

295 1940 364 1969 tur.
389 1934 520 1970 Dividit
536 1942 692 1977 namque
713 1930 941 1966 membratim
958 1927 1122 1967 vitulum,
1145 1926 1205 1971 qui
1227 1924 1346 1968 expla-

295 2004 382 2029 nare
399 1999 465 2040 pe'r
483 1994 645 2028 ordinem
666 1996 796 2036 potest,
819 1994 855 2023 et
879 1987 1094 2032 competenti
1115 1984 1344 2021 distInctione

294 2054 474 2088 disserere
494 2052 555 2097 qui
587 2051 634 2086 sit
661 2049 844 2095 profectus
863 2047 997 2082 Christi
1029 2045 1207 2080 fimbriam
1231 2044 1345 2080 (30111'1-
1365 2031 1395 2072 C
1416 2055 1537 2084 contra
1553 2049 1756 2091 Dominum,
1777 2048 2001 2084 mortificans
2018 2048 2095 2083 sine
2116 2048 2225 2084 dubio
2245 2049 2405 2084 membra
2423 2053 2484 2084 tua
2506 2092 2510 2101 ι

296 2115 409 2160 gisse3
432 2113 594 2158 quivero
613 2111 720 2155 pedes
738 2109 815 2154 ejus
836 2109 965 2144 lavisse
985 2108 1167 2154 lacrymis,
1188 2111 1223 2141 ct
1238 2106 1347 2151 capil-

297 2173 343 2208 lis
371 2172 498 2218 capitis
516 2172 569 2207 sui
592 2171 806 2213 extersis-m
838 2174 971 2215 (planto
1003 2176 1121 2203 autem
1155 2168 1198 2203 iis
1229 2167 1346 2214 potius

298 2238 408 2279 eaput
439 2233 515 2278 ejus
549 2231 694 2266 unxisse
723 2231 847 2272 misto,
881 2231 943 2266 sed
969 2235 1004 2264 ct
1033 2231 1067 2264 in
1098 2235 1242 2275 pectore
1270 2228 1347 2273 ejus

298 2294 520 2335 recubuisse,
554 2294 637 2338 quid
668 2293 799 2328 habeat
831 2292 1048 2328 eminentize.
1087 2291 1221 2326 {lorum
1261 2301 1346 2337 ergo

298 2354 519 2400 singulorum
548 2364 675 2389 causas
707 2353 897 2394 disserere,
932 2358 966 2388 et
985 2352 1053 2387 alia
1081 2352 1226 2397 quidem
1254 2353 1346 2388 inci-

298 2414 496 2460 pientibus;
532 2413 598 2450 alia
620 2424 703 2449 vero
725 2414 780 2449 his
799 2414 858 2459 qui
887 2412 963 2457 jam
990 2412 1184 2458 proliciunt
1209 2413 1243 2447 in
1278 2412 1347 2448 fide

298 2475 449 2518 Christi;
472 2475 541 2510 alia
569 2480 686 2511 autem
704 2475 772 2511 illis
792 2474 938 2520 quijam
958 2475 1107 2520 perfecti
1131 2481 1214 2510 suut
1235 2475 1350 2510 sci··n-

298 2537 346 2571 tia
364 2548 371 2571 ε
392 2542 426 2571 et
456 2535 633 2574 charitate
665 2535 742 2581 ejus
770 2540 907 2581 aptare,
935 2536 1001 2570 hoc
1033 2540 1087 2570 est
1118 2534 1348 2570 membratim

298 2595 448 2630 vitulum
476 2595 652 2636 divisisse,
674 2596 787 2640 etqui
822 2596 922 2631 novit
948 2595 1139 2631 ostendere
1159 2606 1239 2641 quae
1268 2595 1347 2631 fuc-

300 2657 372 2691 rint
403 2656 493 2701 legis
523 2656 713 2701 principia,
743 2656 803 2701 qui
838 2656 949 2691 etiam
985 2656 1020 2690 in
1052 2655 1238 2701 prophetis
1268 2665 1350 2701 pro-

302 2715 430 2757 sectus,
450 2715 664 2756 accesserit;
685 2725 763 2760 quae
783 2725 868 2750 vero
889 2716 924 2750 in
941 2715 1145 2761 Evangeliis
1164 2715 1350 2761 plenitudo

302 2774 532 2832 perfeetionis
565 2774 750 2816 habeatur,
786 2775 839 2810 vel
873 2777 931 2821 qui
963 2777 1090 2812 docere
1117 2783 1246 2821 potest,
1280 2787 1351 2823 quo

301 2837 401 2872 verbi
423 2837 516 2871 lacte
548 2836 664 2872 alendi
692 2835 762 2871 sint
793 2836 932 2881 parvuli
958 2837 995 2871 in
1027 2837 1183 2879 Christo,
1214 2843 1249 2873 et
1277 2849 1348 2883 quo

302 2897 402 2932 verbi
422 2896 517 2931 olere
537 2894 716 2931 refovendi
748 2895 822 2930 sint
846 2896 907 2941 qui
938 2896 1169 2932 infirmantur
1200 2897 1234 2932 in
1259 2897 1347 2942 fide;

305 2956 384 3003 quis
418 2956 527 2991 etiam
563 2956 610 2991 sit
638 2955 739 2991 cibus
761 2955 895 2992 solidus
927 2962 962 2992 et
982 2955 1098 2999 fortis,
1127 2968 1197 3003 quo
1219 2958 1350 3003 impin·
1367 2941 1403 2983 D
1421 2962 1476 2992 ter
1495 2966 1563 2991 nec
1582 2965 1779 2992 secundum
1801 2956 1917 3002 legem
1938 2967 2018 3002 qum
2042 2957 2077 2992 in
2099 2965 2164 2992 ore
2200 2954 2401 2991 sacerdotis
2423 2963 2457 2992 e
2476 2973 2478 2976 ·

305 3018 434 3064 guendi
452 3022 534 3053 sunt
554 3017 693 3063 athletae
713 3017 848 3054 Christi
870 3031 878 3053 :
902 3019 963 3065 qui
983 3019 1061 3054 haec
1082 3019 1220 3066 singula
1253 3022 1355 3057 novit

305 3077 458 3126 spiritali
491 3077 629 3114 ratione
659 3078 832 3122 dividere,
863 3085 981 3125 potest
999 3078 1203 3124 huiusmodi
1225 3081 1353 3118 doctor

305 3137 364 3174 ille
392 3136 559 3184 sacerdos
589 3127 701 3179 videri
723 3139 783 3185 qui
814 3139 965 3186 imponit
988 3150 1095 3187 super
1114 3139 1228 3177 altare
1252 3142 1353 3179 holo-

306 3202 468 3246 caustum,
489 3207 555 3254 per
582 3198 745 3250 membra
764 3199 930 3246 divisum.
952 3197 1062 3236 Addit
1079 3203 1117 3235 et
1133 3199 1227 3247 ligna
1249 3201 1354 3238 altari

305 3268 376 3304 quo
409 3258 501 3313 ignis
518 3258 696 3298 animetur
715 3264 752 3296 et
783 3260 909 3296 ardeat
929 3260 961 3297 is
985 3261 1048 3306 qui
1081 3270 1155 3299 non
1180 3260 1295 3297 solum
1314 3262 1358 3298 de

305 3320 550 3369 corporalibus
567 3321 763 3374 rit-tutibus
779 3321 928 3366 Christi,
955 3322 1018 3358 sed
1037 3322 1147 3358 etiam
1167 3323 1211 3358 de
1229 3322 1359 3358 divini-

306 3385 381 3426 tate
401 3380 478 3426 ejus
495 3391 614 3429 sermo
633 3381 832 3433 miseetum
854 3381 1046 3419 desursum
1063 3382 1160 3419 enim
1193 3387 1249 3418 est
1266 3382 1358 3418 divi-

307 3439 403 3484 nitas
432 3440 566 3489 Christi
588 3452 660 3501 quo
678 3442 772 3491 ignis
799 3442 867 3493 iste
898 3442 1058 3480 festinat.
1092 3442 1358 3480 Convenienter

305 3509 396 3550 ergo
420 3500 539 3546 omnia
564 3501 639 3550 haec
657 3513 738 3561 qua?
758 3502 796 3547 in
815 3513 967 3554 corpore
984 3513 1005 3555 a
1031 3492 1223 3559 §alvatere
1252 3507 1354 3551 gesta

312 3565 397 3604 sunt
418 3559 575 3606 egelestis
593 3561 687 3617 ignis
706 3556 916 3622 assumpsit,
936 3569 974 3618 et
991 3565 1037 3614 ad
1058 3564 1260 3610 divinitatis
1271 3557 1356 3613 ¹ejus

313 3627 479 3670 naturam
513 3615 640 3673 cuneta
675 3614 844 3681 restituit.
877 3611 1000 3690 Libui&
1023 3615 1152 3686 'tamen
1185 3613 1358 3683 adhibitis

306 3679 408 3757 ‚iffi
433 3683 996 3811 Wilfflllu‘tlfflfflss
1020 3687 1050 3752 li
1086 3676 1158 3745 μὴ·
1186 3671 1290 3752 {tii-¹¹
1316 3672 1358 3744 ³31

1407 1259 1584 1304 superbus
1613 1266 1700 1292 caro
1734 1260 1816 1296 tua;
1862 1263 1971 1298 quam
2001 1251 2031 1287 si
2059 1251 2115 1287 vis
2155 1261 2290 1287 munus
2321 1250 2477 1287 Domino

1406 1321 1552 1363 offerre,
1569 1324 1608 1354 ut
1628 1327 1707 1353 cam
1724 1321 1862 1352 castam
1881 1313 2123 1361 pudicamque
2144 1312 2343 1354 custodias,
2360 1311 2478 1347 adduc

1406 1393 1487 1419 eam
1509 1381 1551 1417 ad
1581 1381 1712 1417 ostium
1742 1377 1994 1419 tabernaculi,
2022 1375 2058 1411 id
2087 1380 2142 1410 est
2171 1374 2232 1410 ubi
2272 1374 2478 1410 divinorum

1406 1445 1582 1481 librorum
1608 1442 1793 1487 suscipere
1812 1439 1927 1484 possit
1950 1438 2111 1473 auditum
2129 1448 2138 1480 ;
2169 1436 2409 1472 masculinum
2429 1434 2478 1471 sit

1408 1515 1542 1541 munus
1565 1509 1681 1544 tuum,
1704 1501 1877 1537 seminam
1896 1498 2051 1539 nesciat,
2072 1496 2405 1542 concupiscentiam
2422 1505 2479 1531 re-

1408 1571 1526 1611 spuat,
1548 1563 1777 1609 fragilitatem
1791 1560 1958 1606 refugiat,
1979 1558 2068 1593 nihil
2089 1556 2301 1592 dissolutum
2318 1555 2480 1601 requirat

1409 1633 1470 1661 aut
1488 1626 1608 1661 molle.
1626 1625 1772 1669 Impone
1789 1622 1898 1657 eliam
1921 1630 2068 1655 manum
2090 1625 2187 1654 tuam
2204 1618 2478 1665 superbostiam

1410 1692 1523 1729 tuam,
1558 1691 1596 1720 ut
1616 1686 1663 1721 sit
1688 1690 1835 1729 acccpta
1857 1682 2025 1724 Domino,
2048 1680 2219 1727 eljuqula
2240 1679 2339 1715 illam
2360 1685 2480 1715 contra

1410 1746 1617 1788 Dominum,
1638 1747 1707 1781 hoe
1728 1750 1797 1787 est,
1818 1745 1963 1789 impone
1982 1743 2014 1778 ei
2035 1741 2268 1778 continentiae
2286 1740 2427 1776 frenum
2445 1747 2482 1777 et

1411 1816 1559 1841 manum
1594 1805 1793 1849 disciplinae
1821 1813 1866 1838 ne
1892 1802 2038 1837 auferas
2057 1804 2102 1837 ab
2124 1813 2179 1844 ea,
2201 1803 2294 1838 sicut
2311 1798 2482 1847 imposuit
2531 1800 2535 1802 ’

1412 1876 1559 1901 manum
1581 1875 1683 1899 suam
1705 1863 1806 1899 carni
1833 1873 1926 1904 suae,
1958 1862 2018 1896 ille
2046 1862 2108 1907 qui
2131 1862 2272 1897 dicebat
2302 1875 2310 1897 :
2341 1862 2483 1898 Maeero
2526 1875 2531 1877 ·

1413 1935 1691 1970 corpusmcum,
1710 1930 1746 1959 ct
1762 1923 1927 1959 servituti
1949 1922 2118 1969 subjicio,
2131 1933 2176 1959 ne
2194 1922 2286 1958 forte
2305 1934 2386 1959 eum
2403 1923 2484 1960 allis

1414 1988 1672 2033 praedieavero,
1698 1988 1775 2034 ipse
1801 1987 1976 2032 reprobus
2011 1986 2162 2022 efficiar.
2191 1986 2235 2021 Ee
2250 1986 2378 2033 juqula
2404 1997 2482 2022 eam
2500 2024 2509 2031 ,

1406 1207 1514 1244 quem
1538 1196 1669 1232 offerre
1700 1193 1846 1235 debeas,
1883 1192 2016 1227 vitulus
2037 1196 2093 1226 est
2125 1196 2162 1226 et
2195 1190 2342 1236 quidem
2371 1190 2476 1226 valde
2519 1052 2540 1257 Ξ

2518 1261 2540 1567 Ξ

2519 1571 2540 1626 Ξ·

2520 1631 2540 1676 Ξ

2518 1678 2540 1794 Ξ

1416 2121 1497 2156 quae
1520 2116 1604 2145 sunt
1624 2121 1733 2156 super
1751 2116 1899 2146 terram.
1933 2108 2005 2145 Sed
2025 2115 2061 2145 et
2081 2108 2142 2144 filii
2161 2108 2285 2145 Aaron
2315 2109 2484 2145 sacerdo-

1415 2177 1471 2207 tes
1492 2170 1644 2206 olfcrant
1662 2172 1874 2217 sanguinem
1895 2169 1972 2215 ejus
1991 2183 1998 2205 :
2024 2169 2205 2206 Sacerdos
2236 2169 2271 2205 ln
2298 2175 2344 2213 te,
2368 2176 2401 2205 et
2418 2168 2502 2229 ίὶΙίἰΙ

1416 2232 1507 2277 ejus,
1531 2243 1632 2279 mens
1651 2242 1729 2277 (pne
1750 2232 1783 2267 iu
1806 2237 1838 2266 te
1860 2237 1914 2267 est
1934 2237 1970 2266 ct
1994 2241 2120 2266 sensus
2141 2229 2232 2275 ejus,
2262 2229 2325 2275 qui
2352 2229 2483 2265 merito

1417 2293 1588 2328 sacerdos
1615 2293 1671 2328 vel
1696 2292 1758 2327 filii
1796 2292 1994 2328 sacerdotis
2022 2291 2260 2338 appellantur,
2292 2290 2357 2326 soli
2386 2290 2510 2326 enim

1417 2358 1500 2388 sunt
1519 2353 1576 2398 qui
1601 2352 1803 2398 intelligunt
1825 2353 1951 2394 Deum,
1973 2357 2008 2387 et
2041 2361 2194 2397 capaces
2224 2351 2298 2385 sint
2318 2349 2481 2386 scientiae
2503 2349 2511 2373 ²

1418 2413 1494 2449 Dei.
1530 2413 1612 2448 Vult
1641 2423 1726 2459 ergo
1747 2423 1867 2448 sermo
1887 2413 2031 2447 (livinus
2064 2416 2104 2445 ut
2135 2410 2339 2445 rationabili
2368 2418 2481 2446 sensu

1418 2485 1565 2510 carnem
1590 2483 1687 2510 tuam
1711 2475 1746 2509 in
1779 2474 1950 2510 castitate
1971 2471 2101 2508 offeras
2121 2471 2196 2507 Deo
2229 2483 2239 2507 :
2275 2471 2441 2507 Secundu

1418 2537 1513 2582 quod
1545 2535 1738 2581 Apostolus
1775 2535 1889 2571 dicit:
1936 2533 2105 2569 Hostiam
2151 2533 2275 2575 vivam,
2306 2539 2482 2577 sanctam,

1417 2596 1608 2643 placentem
1629 2596 1713 2638 Deo,
1744 2594 1954 2631 rationabile
1975 2593 2177 2640 obsequium
2197 2598 2347 2628 vestrum
2364 2591 2480 2639 (Rom.

1418 2658 1499 2704 xn).
1522 2657 1565 2692 Et
1588 2657 1655 2692 hoc
1673 2661 1729 2691 est
1748 2665 1812 2702 per
1831 2654 2094 2691 sacerdotalem
2114 2653 2171 2690 vel
2201 2652 2296 2689 [ilios
2315 2652 2457 2688 sacerd·

1420 2718 1465 2753 tis
1485 2716 1614 2753 offerre
1635 2717 1845 2762 sanguinem
1869 2716 1912 2751 ad
1935 2715 2050 2750 altare
2066 2741 2075 2756 ,
2096 2724 2178 2750 cum
2199 2720 2236 2749 et
2263 2723 2416 2758 corpore
2445 2723 2483 2749 e

1419 2778 1549 2822 spiritu
1575 2777 1655 2821 quis
1687 2781 1806 2811 castus
1838 2774 2005 2810 eflicitur.
2035 2773 2127 2810 Sunt
2147 2773 2243 2810 enim
2261 2778 2298 2808 et
2325 2772 2386 2807 alii
2415 2771 2480 2819 qu'

1419 2836 1576 2872 offerunt
1606 2836 1752 2880 quidem
1791 2835 2042 2871 holocaustum
2081 2843 2229 2870 earnem
2262 2843 2386 2876 suam,
2418 2841 2470 2869 se

1421 2907 1493 2932 non
1512 2905 1578 2942 per
1601 2895 1841 2930 ministerium
1862 2895 2062 2931 sacerdotis
2095 2907 2103 2930 :
2126 2893 2205 2930 Non
2231 2893 2331 2929 enim
2360 2892 2460 2932 scien

1421 3016 1590 3059 offerunt,
1628 3017 1691 3052 sed
1733 3022 1815 3052 sunt
1845 3017 1992 3063 quidem
2023 3017 2114 3054 casti
2153 3025 2331 3064 corpore,
2358 3014 2476 3052 anim

1422 3082 1542 3113 autem
1564 3077 1798 3113 inveniuntur
1819 3078 1961 3113 incesti.
1984 3078 2055 3114 Aut
2075 3079 2172 3115 enim
2200 3077 2322 3125 gloria!
2351 3077 2464 3114 huma

1422 3150 1477 3175 nze
1497 3139 1790 3184 concupiscentia
1819 3139 2061 3184 maculantur,
2085 3145 2148 3176 aut
2171 3139 2371 3186 eupiditate
2389 3147 2458 3175 ava

1422 3201 1515 3236 ritiae
1546 3200 1766 3247 polluuntur,
1792 3205 1852 3235 aut
1873 3200 2007 3236 invidia
2038 3211 2082 3238 ac
2110 3201 2235 3238 livoris
2266 3198 2470 3238 infelicitu

1427 3262 1640 3297 sordescunt
1658 3287 1668 3303 ,
1699 3259 1755 3294 vel
1793 3259 1944 3297 furentis
1974 3261 2046 3298 odii
2085 3266 2124 3297 et
2157 3261 2222 3297 irae
2254 3257 2469 3297 immanita*

1426 3325 1618 3357 vexantur.
1640 3319 1850 3365 Quicunque
1868 3331 1955 3367 ergo
1980 3321 2072 3358 tales
2090 3325 2190 3364 sunt,
2210 3321 2297 3357 lieet
2324 3330 2384 3357 co
2400 3338 2404 3352 ·
2423 3337 2427 3351 ι
2461 3364 2464 3366 ,

1426 3380 1519 3418 casti
1547 3380 1632 3423 sint,
1654 3384 1777 3415 tamen
1795 3391 1867 3416 non
1894 3381 2051 3418 offerunt
2078 3380 2290 3417 holocausta
2322 3388 2388 3416 sua

1423 3452 1554 3480 manus
1571 3446 1608 3478 et
1627 3441 1867 3478 ministerium
1885 3442 2086 3480 sacerdotis
2106 3453 2115 3479 z
2140 3450 2213 3479 non
2243 3446 2302 3478 est
2317 3442 2449 3492 eninr„

1425 3504 1478 3561 eis
1496 3501 1700 3551 eonsilium,
1722 3506 1759 3538 et
1777 3501 1968 3548 prudentia
1992 3512 2074 3550 quae
2090 3502 2294 3541 sacerdotio
2312 3496 2345 3523 ’Ὗ
2390 3518 2437 3544 ῑ--ι

1425 3554 1518 3619 apud
1545 3561 1674 3614 Deum,
1701 3561 1764 3598 sed
1794 3565 1878 3613 suut
1908 3572 1954 3598 ex
1986 3552 2058 3599 illis
2087 3563 2253 3611 quinque-
2300 3574 2319 3593 ι’»

1425 3614 1648 3686 stiiltis'qti'ae'
1662 3621 1823 3670 virgines
1848 3621 1994 3669 quidem
2023 3622 2185 3668 fuerunt,
2214 3627 2255 3663 nt
2334 3633 2336 3643 ³
2367 3619 2370 3622 ’
2390 3612 2395 3626 “

1412 3671 1569 3752 88ΐᾷρῆ
1591 3673 1856 3741 ‘sumammuh
1873 3681 1992 3720 oleum
2009 3687 2130 3731 autem
2156 3697 2183 3716 a«
2200 3678 2225 3725 Q
2246 3682 2251 3716 ἵ
2354 3703 2357 3708 ,

1415 3729 1567 3819 ζέει
1602 3734 2023 3816 «damnumve
2044 3763 2051 3768 ··
2262 3750 2277 3764 ··

1412 3802 1425 3807 -
1498 3792 1570 3822 ιρι.
1597 3792 1689 3820 3⁴..st
1799 3795 2004 3824 *um-„u
2040 3797 2078 3829 ι,
2117 3812 2121 3820 ,
2160 3815 2161 3824 ,
