2540 4016
0 136 2 143 ⁸
65 162 135 200 305

677 159 1011 200 EXPOSITIONES
1035 159 1080 196 IN
1105 158 1369 198 LEVITICUM.
1393 180 1441 188 —
1465 162 1551 199 LlB.
1580 162 1623 200 11.

2163 166 2236 204 m
2247 191 2250 194 ι

65 237 149 273 audi
166 245 252 285 ergo
267 236 344 284 ipse
367 235 539 273 Dominus
565 234 795 281 omnipotens
822 235 909 282 quid
934 235 1043 272 etiam
1070 235 1115 272 de
1131 236 1329 276 Asanctus
1357 239 1411 271 est
1441 235 1528 281 fides
1554 236 1708 283 perfecta
1726 242 1759 273 et
1777 237 1932 275 charitas
1953 242 1996 277 de
2012 231 2116 280 corde
2141 254 2232 291 puro

65 303 101 334 te
122 299 190 334 hoc
210 303 277 342 est,
304 296 390 342 quid
407 297 452 332 de
470 295 674 331 hominibus
701 296 798 332 dicat
815 307 824 332 :
842 295 1032 338 Habitabo,
1055 295 1111 330 in-

65 357 154 402 quit,
174 356 210 392 in
227 356 276 391 eis
294 361 326 390 et
343 355 379 391 in
393 354 478 400 ipsis
501 354 686 389 ambulabo
708 353 852 401 (Ezecla.
881 354 1000 401 xum).
1025 354 1111 390 Plus

64 416 199 462 aliquid
223 416 341 453 adhuc
361 414 498 451 addidit
513 425 598 461 erga
616 425 809 461 personam
830 422 948 452 tuam:
975 416 1018 451 Et
1037 428 1109 459 ero,

64 475 193 521 inquit,
212 475 314 511 eisin
331 480 478 521 patrem,
510 480 542 510 et
570 476 635 522 ipsi
665 482 765 511 erunt
793 477 877 511 mihi
908 480 945 511 in
962 476 1053 522 filios
1078 483 1111 512 et

61 535 169 580 filias,
186 535 271 570 dicit
287 534 470 570 Dominus.
487 534 577 571 Vide
601 545 710 580 quam
730 536 843 572 multa
863 536 1111 572 misericordia

61 599 97 628 et
117 594 322 640 benignitas
341 594 403 629 Dei
425 599 492 630 est.
514 595 558 629 Et
576 595 637 631 ubi
658 595 908 632 holocaustum
927 596 1112 644 Jugulatur

60 653 147 688 illud
176 654 272 698 quod
302 654 368 689 soli
397 654 470 691 Deo
498 654 661 700 offertur,
695 657 746 692 ibi
768 658 878 693 etiam
896 659 1014 694 hostia
1033 668 1112 704 quae

59 722 124 757 pro
149 718 296 757 peccato
316 719 370 749 est
394 714 574 750 immolari
590 716 783 762 jubeatur;
810 727 882 762 quo
901 717 1039 752 scilicet
1056 718 1111 752 in-

61 773 196 817 telligat
225 783 264 809 se
290 776 350 818 qui
377 777 539 820 peccavit
572 783 608 812 et
637 778 801 822 poenitet,
836 787 1032 814 conversus
1064 780 1111 815 ad

58 832 184 875 Deum,
216 839 252 868 et
281 835 511 871 contribulati
541 837 688 882 spiritus
718 837 874 873 hostiam
900 836 1042 883 jugulat
1071 839 1109 874 in

56 892 136 928 loco
152 893 227 937 Jam
249 900 375 930 sancto
403 901 498 931 stare
518 902 555 931 et
572 897 701 931 sociari
732 897 789 932 his
817 907 896 942 quae
925 898 1110 943 pertinent

58 953 103 988 ad
119 953 245 988 Deum.
264 954 314 989 lbi
331 964 416 1000 ergo
436 955 642 990 immolatur
656 955 771 991 hostia
794 966 860 1001 pro
875 963 1025 1002 peccato
1045 960 1107 995 ubi

55 1018 92 1048 et
123 1014 386 1056 holocaustum,
415 1015 451 1048 in
484 1022 681 1061 conspectu,
711 1017 842 1062 inquit,
862 1018 1017 1055 Domini.
1043 1021 1107 1059 Est

55 1072 217 1108 fortassis
246 1073 282 1108 in
309 1079 503 1119 conspectu
537 1075 679 1110 Domini
710 1075 839 1112 offerre
871 1079 1102 1125 sacrificium,

1185 300 1217 330 et
1240 295 1452 331 conscientia
1474 295 1563 331 bona
1583 295 1618 342 (I
1637 296 1726 332 Tim.
1741 297 1769 344 1)
1786 308 1795 333 ε
1812 297 1883 341 Qui
1899 299 1937 334 in
1951 299 2008 336 his
2026 307 2099 338 stat
2115 304 2153 340 in
2166 304 2236 342 Ec-

1184 354 1308 397 clesia,
1338 356 1374 391 in
1401 356 1482 392 loco
1498 366 1537 392 se
1561 362 1688 393 sancto
1710 362 1808 394 stare
1825 365 2031 404 cognoseat.
2051 361 2134 397 Edit
2149 374 2236 409 ergo

1182 416 1353 452 sacerdos
1381 427 1510 454 carnes
1533 418 1702 455 sacrificii
1727 420 1764 455 in
1784 421 1877 456 atrio
1894 422 2120 459 tabernaculi
2135 426 2238 460 testi-

1180 475 1306 519 monii,
1330 486 1411 511 cum
1435 477 1634 524 intelligere
1650 480 1810 525 potuerit
1827 490 1908 526 quae
1928 480 1976 517 sit
1998 481 2091 518 ratio
2111 482 2148 518 in
2165 484 2235 527 bis,

1180 545 1304 581 quaeve
1332 539 1518 583 mysteria,
1550 549 1630 585 quae
1657 540 1913 578 describuntur
1936 543 1980 579 de
1999 543 2101 579 atriis
2118 544 2239 580 taber-

1179 595 1298 631 naculi
1327 597 1528 634 testimonii
1546 610 1553 632 :
1576 599 1622 635 ad
1640 600 1719 636 haec
1733 602 1831 637 enim
1856 602 1949 639 atria
1969 609 2109 639 secreta
2130 610 2166 640 et
2181 615 2239 641 re-

1179 657 1326 692 condita
1351 657 1472 694 nullus
1499 659 1654 703 accedit,
1688 661 1776 696 nulli
1806 663 1885 698 haec
1901 663 1972 699 nisi
1990 664 2239 702 sacerdotibus

1180 722 1317 763 patent,
1352 719 1382 754 si
1415 724 1537 755 tamen
1565 726 1727 766 pateant,
1767 723 1797 758 si
1831 724 1980 759 scientia
2002 735 2065 761 sua
2085 725 2238 762 etintel-

1178 776 1274 814 lectu
1302 779 1457 824 mystico
1477 782 1663 825 potuerint
1692 791 1817 818 eorum
1856 789 1996 820 secreta
2028 790 2236 831 penetrare.

1180 836 1263 873 Scio
1297 844 1418 874 autem
1442 849 1523 875 esse
1549 846 1586 876 et
1622 841 1693 876 alia
1720 842 1883 887 quaedam
1914 843 1952 878 in
1983 843 2147 880 Ecclesia
2176 845 2240 880 do-

1179 903 1301 942 gmata
1320 900 1531 943 secretiora,
1549 911 1628 946 quae
1648 902 1749 938 adire
1778 913 1845 939 nec
1870 904 1959 950 ipsis
1990 906 2239 941 sacerdotibus

1178 959 1307 1002 liceat;
1327 962 1387 996 illa
1403 963 1483 998 dico
1498 964 1557 998 ubi
1573 974 1657 1000 area
1673 966 1893 1008 reconditur,
1910 967 1971 1003 ubi
1986 977 2078 1002 urna
2096 978 2239 1004 mannae

1178 1026 1215 1056 et
1235 1021 1364 1056 tabula:
1384 1025 1607 1059 testamenti.
1628 1025 1703 1060 Illic
1724 1036 1769 1061 ne
1786 1027 1874 1071 ipsis
1899 1028 2043 1072 quidem
2070 1030 2240 1065 sacerdo·

1180 1080 1274 1116 tibus
1305 1082 1412 1116 datur
1443 1092 1638 1118 accessus:
1661 1084 1724 1119 sed
1754 1085 1816 1119 uni
1853 1090 1974 1121 tamen
2008 1087 2170 1132 pontiflci
2203 1093 2240 1123 et

53 1139 86 1168 et
112 1133 240 1170 offerre
260 1145 329 1170 non
351 1135 387 1170 in
408 1142 601 1181 conspectu
622 1138 776 1174 Domini.
819 1139 906 1183 Quis
937 1151 1022 1188 ergo
1054 1149 1109 1180 εει
1127 1138 1159 1178 Β
1178 1142 1262 1177 huic
1292 1142 1403 1178 semel
1435 1142 1472 1178 in
1503 1153 1611 1186 anno,
1645 1145 1756 1180 certis
1784 1145 1999 1190 quibusdam
2024 1152 2060 1182 et
2077 1148 2240 1194 mysticis

52 1194 112 1238 qui
139 1194 242 1230 offert
269 1195 306 1230 in
332 1202 525 1242 conspectu
551 1197 714 1233 Domini?
730 1199 791 1235 Ille
809 1202 938 1246 opinor
955 1204 1016 1248 qui
1034 1214 1106 1240 non

54 1255 141 1290 exiit
158 1266 178 1290 a
197 1263 390 1301 conspectu
411 1258 567 1301 Domini,
588 1260 680 1295 sicut
700 1259 801 1305 Cain,
826 1269 861 1298 et
879 1263 1027 1300 effectus
1051 1271 1107 1302 est

53 1315 182 1351 timens
202 1322 237 1351 et
255 1322 423 1353 tremens.
458 1317 495 1352 Si
528 1319 608 1364 quis
627 1331 713 1366 ergo
731 1328 786 1357 est
805 1323 866 1369 qui
884 1324 990 1360 habet
1015 1325 1107 1362 fidu-

51 1377 142 1411 ciam
172 1383 291 1414 astare
320 1379 356 1413 in
379 1386 572 1425 conspectu
604 1382 769 1426 Domini,
801 1390 837 1419 et
863 1396 934 1421 non
962 1386 1054 1433 fugit
1085 1398 1106 1423 a

52 1435 143 1471 facie
172 1438 262 1483 ejus,
297 1448 363 1474 nec
390 1446 576 1484 aspectum
606 1441 682 1487 ejus
716 1446 852 1489 peccati
884 1447 1105 1483 conscientia

54 1497 222 1540 declinat,
246 1498 313 1533 iste
346 1499 383 1533 in
416 1507 613 1545 conspectu
640 1502 704 1538 Dei
733 1503 837 1539 offert
869 1506 1102 1543 sacrificium.

53 1557 154 1593 Hanc
173 1568 258 1604 ergo
283 1559 438 1594 hostiam
465 1571 544 1605 quae
563 1562 712 1598 offertur
731 1574 797 1609 pro
817 1572 992 1611 peccatis,
1018 1569 1107 1605 dicit

53 1629 130 1654 csse
164 1620 295 1655 Sancta
326 1628 539 1658 sanctorum.
573 1623 687 1670 Majus
716 1626 851 1673 aliquid
876 1630 1009 1666 audere
1028 1630 1106 1666 vult

53 1690 191 1723 sermo,
211 1682 239 1717 si
257 1687 377 1718 tamen
395 1688 430 1719 et
449 1689 569 1720 vester
589 1693 759 1731 sequatur
776 1690 933 1734 auditus,
954 1701 1032 1736 quae
1050 1698 1106 1728 est

55 1741 171 1776 hostia
193 1751 271 1787 quae
285 1752 349 1787 pro
373 1745 532 1788 peccatis
560 1746 723 1791 offertur,
743 1755 779 1784 et
799 1755 854 1785 est
873 1749 1006 1787 Sancta
1021 1762 1105 1788 san-

53 1807 212 1844 ctorum,
242 1802 310 1837 nisi
341 1804 546 1849 unigenitus
577 1805 669 1841 filius
701 1807 764 1843 Dei
796 1809 969 1847 Dominus
1002 1823 1105 1849 meus

49 1859 156 1896 Jesus
175 1860 363 1897 Christus?
381 1862 460 1908 lpse
475 1864 571 1901 solus
589 1871 645 1902 est
662 1867 777 1904 hostia
795 1880 860 1915 pro
878 1874 1051 1916 peccatis,
1068 1879 1104 1909 et

49 1921 125 1965 ipse
142 1928 196 1957 εει
211 1922 328 1959 hostia
345 1924 476 1961 Sancta
495 1932 715 1964 sanctorum.
743 1929 814 1966 Sed
830 1932 925 1977 quod
943 1934 1104 1970 addidit?

50 1982 234 2026 Sacerdos,
252 1985 378 2030 inquit,
400 1988 460 2032 qui
478 1988 578 2033 offert
595 1989 697 2034 illud,
718 1992 794 2027 edet
809 1993 912 2029 illud.
932 1994 997 2031 Hic
1014 2007 1101 2044 ergo

48 2050 104 2079 est
124 2045 289 2081 sacerdos
307 2047 366 2091 qui
382 2053 528 2092 peccata
543 2051 663 2096 populi
680 2053 835 2089 comedit
852 2059 889 2090 et
906 2058 1099 2101 consumit,
1121 2030 1151 2071 C

51 2103 92 2139 de
113 2114 183 2149 quo
207 2105 341 2141 dictum
361 2114 416 2143 est
435 2120 442 2142 :
467 2108 519 2143 Tu
543 2121 578 2145 es
606 2115 768 2148 sacerdos
787 2115 824 2149 in
846 2121 1014 2152 aeternum
1045 2130 1101 2154 se—

51 2163 200 2199 cundum
220 2166 376 2201 ordinem
391 2167 642 2206 Melchisedech
675 2171 788 2217 (Psal.
818 2174 906 2222 mx).
936 2174 1102 2214 Salvator

0 2234 1 2245 ι
52 2232 136 2268 ergo
156 2228 192 2259 et
209 2225 380 2262 Dominus
409 2237 510 2264 meus
543 2235 689 2275 peccata
724 2233 845 2279 populi
882 2235 968 2271 edit.
1006 2236 1102 2280 Quo-

50 2283 157 2318 modo
173 2284 246 2319 edit
264 2291 411 2329 peccata
428 2288 573 2333 populi?
596 2290 689 2326 Audi
712 2293 798 2338 quid
821 2295 996 2341 scriptum
1017 2303 1073 2333 εει
1090 2310 1098 2333 :

50 2343 159 2387 Deus,
188 2345 316 2390 inquit,
352 2354 469 2383 noster
487 2350 577 2395 iynis
597 2362 802 2389 consumens
822 2361 884 2390 est.
906 2356 999 2399 Quid
1016 2367 1100 2394 con-

48 2405 155 2440 sumit
177 2406 270 2442 Deus
290 2407 383 2454 ignis
401 2421 408 2444 ε
427 2412 587 2456 nunquid
603 2417 675 2448 tam
695 2414 807 2461 inepti
827 2417 961 2453 erimus
977 2424 1017 2453 ut
1031 2429 1098 2464 pu-

49 2470 164 2501 temus
189 2468 283 2511 quod
299 2467 362 2504 Dei
377 2469 468 2515 ignis
485 2471 582 2517 ligna
605 2481 808 2518 consumat,
831 2482 893 2512 aut
913 2478 1097 2524 stipulam,

48 2531 108 2560 aut
121 2525 265 2562 senum?
278 2529 339 2563 sed
355 2532 533 2566 consumit
545 2532 639 2569 Deus
653 2535 745 2580 ignis
762 2536 919 2572 humana
934 2545 1096 2583 peccata,

49 2584 107 2618 illa
138 2586 307 2628 absumit,
340 2588 400 2623 illa
433 2590 593 2634 devorat,
631 2593 691 2628 illa
720 2601 865 2641 purgat,
901 2598 1098 2635 secundum

48 2644 142 2688 quod
169 2650 206 2680 et
235 2645 319 2680 alibi
339 2647 450 2683 dicit:
466 2648 512 2684 Et
542 2652 697 2697 purqabo
731 2659 763 2688 te
789 2655 861 2701 iqni
895 2657 940 2691 ad
970 2668 1097 2703 purum

49 2703 210 2751 (Isa.1).
243 2706 318 2742 Hoc
350 2713 404 2743 est
438 2710 655 2748 manducare
692 2721 881 2759 peccatum
910 2716 1006 2762 ejus,
1035 2720 1097 2765 qui

47 2763 150 2799 offert
180 2766 398 2803 sacrificium
424 2778 491 2814 pro
518 2778 696 2816 peccato:
721 2775 796 2820 ipse
822 2777 918 2812 enim
948 2785 1096 2824 peccata

47 2830 168 2860 nostra
192 2828 362 2873 suscepit,
397 2834 433 2864 et
450 2830 487 2865 in
508 2834 701 2878 semetipso
734 2845 776 2870 ea
806 2841 979 2883 tanquam
1001 2841 1095 2886 ignis

47 2887 202 2922 comedit
231 2893 268 2923 et
294 2889 463 2926 absumit.
498 2891 592 2928 Dicit
617 2903 702 2941 ergo
733 2895 817 2932 lex:
837 2896 1011 2936 Sacerdos
1035 2904 1095 2948 qui

47 2946 221 2991 obtulerit,
237 2949 313 2984 edet
327 2949 415 2985 illud
433 2951 468 2985 in
486 2951 560 2987 loco
575 2955 757 2998 sancto‚in
772 2958 861 2992 atrio
876 2958 1094 2997 tabernaculi

47 3007 256 3052 testimonii;
285 3019 512 3056 consequens
534 3013 628 3048 enim
646 3019 702 3050 est
721 3020 762 3051 ut
775 3018 974 3055 seeundum
1004 3022 1094 3057 ima-

46 3066 166 3114 ginem
194 3069 271 3116 eius
299 3071 359 3115 qui
387 3073 627 3110 sacerdotium
653 3074 824 3113 Ecclesiae
850 3078 961 3122 dedit,
985 3082 1093 3118 etiam

46 3125 200 3163 ministri
223 3132 260 3164 et
283 3131 487 3167 sacerdotes
504 3132 674 3170 Ecclesiae
692 3141 843 3180 peccata
857 3139 980 3184 populi
999 3141 1095 3177 acci-

22 3185 169 3232 piant,
204 3192 241 3224 et
271 3188 340 3234 ipsi
360 3189 542 3228 imitantes
578 3194 805 3240 magistrum,
843 3197 1095 3236 remissionem

46 3250 274 3290 peccatorum
287 3248 417 3294 populo
434 3250 605 3287 tribuant.
619 3252 756 3290 Debent
775 3263 862 3302 ergo
880 3261 917 3291 et
938 3257 1005 3303 ipsi
1025 3258 1094 3295 Ec-

48 3302 165 3341 clesiae
194 3304 398 3346 sacerdotes
421 3309 471 3346 ita
494 3311 645 3356 perfecti
668 3323 762 3358 esse,
779 3319 816 3350 et
830 3315 868 3351 in
884 3316 1012 3354 officiis
1033 3329 1092 3354 sa-

48 3362 288 3402 eei-dotalibus
314 3367 459 3412 eruditi,
481 3374 522 3405 ut
538 3375 688 3416 peccata
706 3371 827 3419 populi
850 3374 888 3410 in
908 3375 988 3412 loco
1009 3387 1092 3413 san-

51 3422 123 3472 ⁰36,
150 3424 189 3460 in
215 3426 318 3464 atriis
347 3428 569 3467 tabernaculi
592 3432 802 3478 testimonii,
827 3435 896 3480 ipsi
913 3446 983 3472 non
1001 3447 1090 3483 pec-

183 3492 408 3524 consumant.
427 3487 520 3533 Quid
550 3497 671 3528 autem
702 3498 757 3529 est
785 3493 821 3529 in
855 3494 934 3532 loco
963 3505 1091 3535 sancto

22 3547 29 3574 ι
51 3538 266 3587 Queat-e
290 3551 502 3594 peceatum?
526 3550 644 3591 Locus
666 3560 746 3592 erat
761 3560 909 3592 sanctus
926 3556 964 3592 in
983 3567 1091 3603 quem

224 3604 387 3655 Moyses,
419 3613 616 3651 secundum
647 3617 744 3663 quod
782 3617 918 3654 dictum
953 3622 1009 3654 est
1046 3619 1092 3655 ad

57 3687 193 3764 ff(
166 3652 316 3706 &aas
340 3671 432 3708 enim
461 3674 500 3710 in
529 3685 598 3721 quo
627 3682 728 3721 stas,
759 3682 854 3714 terra
889 3684 1014 3715 sancta
1041 3684 1092 3716 est

25 3726 29 3748 l

191 3703 864 3788 mmmmetmsscolosia
894 3738 960 3777 Dei
989 3738 1092 3778 locus

243 3771 275 3798 ι.
282 3769 347 3802 srt

1175 1203 1490 1249 purificationibus
1519 1206 1729 1241 conceditur
1754 1207 1850 1243 istud
1870 1208 2009 1244 intrare
2034 1216 2236 1254 secretum3

1176 1271 1259 1300 sunt
1274 1270 1310 1301 et
1325 1265 1394 1300 alia
1419 1266 1590 1302 Ecclesiae
1617 1268 1797 1314 dogmata,
1822 1270 1866 1304 ad
1884 1280 1964 1315 quae
1981 1278 2135 1316 possunt
2153 1283 2238 1318 per-

1175 1325 1297 1359 venire
1330 1325 1438 1360 etiam
1463 1325 1614 1369 Levitae,
1634 1328 1696 1362 sed
1721 1327 1892 1364 inferiora
1919 1336 2003 1365 sunt
2022 1332 2067 1367 ab
2085 1332 2141 1367 his
2158 1342 2238 1377 quae

1176 1385 1426 1421 sacerdotibus
1457 1388 1557 1423 adire
1583 1398 1796 1425 concessum
1812 1396 1879 1426 est.
1905 1391 1988 1428 Scio
2009 1399 2044 1429 et
2067 1394 2136 1429 alia
2155 1405 2236 1431 esse

1176 1447 1221 1481 ad
1242 1456 1321 1491 quae
1340 1453 1490 1492 possunt
1516 1450 1687 1486 accedere
1708 1451 1818 1486 etiam
1840 1452 1904 1488 filii
1922 1453 2046 1498 lsrael,
2075 1457 2145 1492 hoc
2165 1462 2236 1500 est,

1174 1507 1272 1550 laici,
1294 1518 1366 1544 non
1390 1515 1511 1545 tamen
1533 1510 1754 1558 alienigenae,
1775 1513 1844 1549 nisi
1862 1514 1891 1550 si
1913 1515 2060 1561 ascripti
2071 1515 2148 1562 jam
2160 1516 2238 1554 fue-

1175 1569 1248 1604 rint
1265 1569 1301 1604 in
1320 1569 1482 1606 Ecclesia
1498 1572 1640 1607 Domini
1659 1586 1666 1607 :
1686 1573 1876 1620 AEqypcius
1893 1576 1991 1612 enim
2013 1579 2116 1613 tertia
2136 1590 2236 1624 yene-

1175 1630 1310 1665 ratione
1345 1631 1490 1666 intrabit
1514 1633 1552 1667 in
1583 1632 1744 1668 Ecclesia
1768 1634 1911 1670 Domini
1943 1635 2063 1682 (Dent.
2100 1640 2232 1685 xxxii).

1174 1689 1289 1726 Credo
1306 1689 1413 1726 fidem
1426 1691 1545 1728 Patris
1558 1697 1596 1728 et
1608 1692 1690 1728 Filii
1707 1699 1742 1729 et
1759 1692 1917 1740 Spiritus
1934 1696 2050 1732 sancti
2068 1696 2105 1732 in
2127 1707 2234 1743 quem

1174 1749 1289 1785 credit
1304 1750 1421 1787 omnis
1436 1751 1498 1796 qui
1526 1753 1685 1788 sociatur
1707 1753 1878 1790 Ecclesiae
1902 1755 1979 1798 Dei,
2002 1757 2149 1792 tertiam
2177 1768 2235 1804 ge-

1174 1811 1399 1847 nerationem
1417 1814 1570 1859 mystice
1591 1815 1737 1850 dictam.
1766 1815 2022 1853 Verumtamen
2047 1819 2235 1855 sciendum

1173 1876 1228 1905 est
1246 1873 1342 1916 quod
1368 1883 1413 1908 ex
1436 1874 1566 1910 hostiis
1583 1885 1663 1921 quae
1680 1876 1894 1921 offeruntur,
1920 1879 2006 1915 licet
2024 1880 2232 1916 concedan-

1172 1934 1232 1964 tur
1268 1932 1516 1968 sacerdotibus
1549 1933 1594 1968 ad
1624 1935 1823 1980 edendum,
1856 1948 1929 1973 non
1960 1944 2079 1975 tamen
2111 1940 2234 1977 omnia

1172 1991 1433 2035 conceduntur,
1466 1994 1529 2029 sed
1554 2004 1637 2040 pars
1658 2004 1702 2031 ex
1725 1996 1813 2042 ipsis
1837 1997 1957 2043 aliqua
1976 1998 2050 2035 Deo
2067 1999 2231 2045 offertur,

1173 2057 1210 2088 et
1230 2052 1356 2089 altaris
1383 2054 1526 2100 ignibus
1556 2056 1722 2099 traditur,
1757 2062 1796 2091 ut
1822 2058 1981 2095 sciamus
2004 2059 2113 2095 etiam
2134 2062 2232 2107 quod

1172 2119 1208 2149 et
1239 2114 1270 2148 si
1300 2115 1510 2151 conceditur
1536 2116 1640 2152 nobis
1670 2117 1792 2164 aliqua
1816 2129 1861 2155 ex
1881 2119 2014 2156 divinis
2033 2120 2232 2168 Scripturis

1171 2176 1442 2220 apprehendere
1461 2183 1498 2213 et
1514 2188 1748 2224 cognoscere,
1771 2186 1855 2216 sunt
1873 2185 1994 2218 tamen
2010 2182 2130 2229 aliqua
2151 2194 2231 2230 quae

1170 2236 1245 2272 Deo
1276 2240 1493 2275 reservanda
1521 2246 1617 2284 sunt,
1655 2251 1735 2287 quae
1764 2252 1848 2278 cum
1868 2243 2142 2291 intelligentiam
2163 2256 2230 2282 no-

1170 2305 1283 2335 stram
1304 2307 1488 2346 superent,
1510 2312 1710 2348 sensusque
1726 2313 1854 2340 eorum
1881 2315 1990 2351 supra
2008 2316 2075 2341 nos
2096 2307 2157 2349 sit,
2183 2317 2229 2342 ne

1169 2359 1263 2396 forte
1281 2362 1386 2397 aliter
1408 2373 1427 2398 a
1449 2364 1553 2400 nobis
1573 2374 1683 2410 quam
1705 2374 1743 2401 se
1759 2365 1868 2401 habet
1886 2366 2020 2402 veritas
2040 2366 2230 2411 proferan-

1170 2427 1240 2463 tur,
1275 2422 1404 2458 melius
1430 2423 1505 2469 igni
1534 2424 1602 2460 ista
1632 2434 1838 2465 servamus;
1872 2431 1909 2461 et
1939 2426 2020 2461 ideo
2049 2426 2157 2461 etiam
2190 2427 2227 2463 in

1168 2482 1238 2517 hoc
1256 2482 1350 2525 loco,
1375 2494 1455 2528 quae
1479 2485 1622 2529 quidem
1644 2495 1815 2522 concessa
1839 2491 1923 2521 sunt
1950 2486 2156 2523 hominibus
2181 2489 2228 2524 ad

1167 2541 1358 2584 edendum,
1381 2548 1489 2587 prout
1510 2544 1708 2589 potuimus,
1737 2545 1831 2580 intra
1856 2545 2129 2582 tabernaculum
2157 2547 2228 2584 Do-

1166 2602 1256 2637 mini
1290 2603 1594 2648 consumpsimus.
1636 2603 1675 2639 Si
1713 2614 1782 2650 qua
1814 2614 1901 2641 vero
1934 2611 2153 2651 supersunt,
2189 2611 2226 2644 et

1165 2661 1221 2697 vcl
1246 2672 1312 2697 nos
1337 2663 1374 2698 in
1400 2663 1589 2706 audiendo,
1617 2664 1675 2700 vel
1705 2674 1772 2701 nos
1797 2673 1969 2710 superant
1994 2667 2031 2702 in
2056 2667 2222 2712 dicendo,

1165 2732 1351 2760 servemus
1387 2725 1460 2770 igni
1492 2724 1639 2769 altaris,
1673 2731 1847 2772 tanquam
1871 2737 1951 2763 eam
1976 2733 2117 2774 partem
2139 2738 2220 2775 quae

1163 2793 1230 2829 pro
1250 2788 1398 2829 peccato
1427 2794 1535 2830 super
1563 2785 1678 2821 altare
1702 2785 1845 2822 Domini
1868 2786 2017 2832 jubetur
2037 2786 2174 2825 offerri.

1574 2859 1726 2898 CAPUT
1753 2861 1812 2898 IV.

1307 2904 1469 2948 Qualiter
1489 2907 1612 2943 hostioe
1628 2920 1690 2954 pro
1711 2909 1847 2945 delictis
1866 2911 2073 2957 offerantur.

1212 2964 1313 3012 (CAP.
1340 2965 1420 3013 vn.)
1450 2965 1535 3002 Haec
1553 2978 1688 3015 quoque
1718 2974 1766 3004 est
1790 2969 1846 3005 lex
1863 2970 1986 3006 hostioe
2011 2981 2074 3018 pro
2096 2971 2223 3007 delicto

1165 3024 1336 3062 Sanctum
1359 3033 1560 3063 sanctorum
1577 3035 1639 3072 est,
1661 3030 1793 3066 idcirco
1814 3031 1873 3067 ubi
1895 3032 2100 3068 immolatur
2116 3033 2219 3068 holo-

1164 3092 1339 3130 caustum,
1367 3088 1580 3124 mactabitur
1596 3095 1628 3125 et
1645 3091 1784 3127 victima
1806 3103 1870 3138 pro
1897 3092 2044 3137 delicto,
2075 3094 2219 3139 sanquis

1163 3147 1239 3192 ejus
1259 3158 1321 3194 per
1334 3158 1460 3194 qyrum
1476 3150 1644 3195 fundetur
1665 3151 1812 3196 altaris,·
1840 3155 1986 3200 offerent
2007 3165 2050 3190 ex
2066 3165 2108 3190 ea
2126 3165 2214 3189 cau-

1164 3207 1246 3242 dam
1267 3214 1298 3242 et
1318 3208 1456 3254 adipem
1488 3210 1548 3256 qui
1571 3212 1680 3256 operit
1705 3211 1845 3255 vitalia,
1874 3213 1961 3248 duos
1989 3211 2214 3257 ranunculos,

1164 3271 1197 3300 et
1213 3266 1460 3312 pinquedinem
1478 3279 1556 3314 quae
1571 3270 1676 3316 juxta
1701 3270 1764 3306 ilia
1790 3276 1853 3314 est,
1885 3270 2134 3317 reticulumque
2155 3272 2214 3318 ,ᾔε-

1161 3326 1252 3362 coris
1278 3338 1356 3362 cum
1389 3329 1610 3372 renunculis,
1639 3336 1672 3365 et
1701 3330 1852 3366 adolebit
1869 3342 1911 3366 ea
1929 3331 2092 3373 sacerdos
2111 3343 2218 3380 super

1160 3384 1285 3421 altare.
1314 3386 1501 3422 Incensum
1522 3394 1572 3423 est
1590 3387 1732 3423 Domini
1748 3399 1810 3434 pro
1828 3389 1964 3425 delicto.
1988 3389 2110 3428 Omnis
2128 3404 2209 3430 ma-

1159 3444 1278 3479 sculus
1298 3444 1341 3479 de
1362 3445 1573 3481 sacerdotali
1602 3456 1723 3491 genere
1750 3446 1788 3481 in
1812 3445 1887 3482 loco
1913 3455 2033 3486 sancto
2058 3459 2214 3490 vescetur

1159 3502 1213 3536 his
1228 3503 1404 3547 carnibus,
1425 3505 1508 3549 quia
1526 3503 1696 3539 Sanctum
1722 3511 1923 3543 sanctorum
1951 3515 2015 3546 est.
2046 3511 2094 3548 Et
2119 3513 2212 3550 sicut

1158 3571 1220 3608 pro
1239 3567 1381 3607 peccato
1401 3563 1548 3608 offertur
1567 3563 1695 3607 hostia,
1721 3564 1772 3600 ita
1796 3572 1828 3602 et
1844 3578 1908 3614 pro
1926 3569 2052 3607 delicto
2074 3573 2211 3610 utrius-

1158 3631 1223 3667 que
1244 3620 1368 3656 hostioe
1386 3632 1458 3657 una
1473 3621 1529 3658 tex
1543 3623 1622 3668 erit,
1638 3624 1686 3659 ad
1704 3626 1921 3664 sacerdotem
1933 3630 1995 3676 qui
2011 3642 2092 3668 eam
2106 3632 2210 3671 obtu-

1158 3679 1250 3724 terit,
1263 3679 1459 3726 pertinebit.
1478 3680 1865 3732 Delictum-aliquando
1878 3688 2024 3734 quidem
2041 3693 2207 3750 recogni-

1157 3745 1235 3778 tum
1253 3746 1440 3788 peccatum
1454 3749 1579 3790 vocat,
1594 3743 1787 3819 aliquaimo
1805 3751 1927 3788 autom
1942 3742 2032 3789 illud
2049 3743 2175 3800 quod
2161 3763 2202 3792 ιη
