2540 4016
146 168 215 212 'ffl

761 165 996 210 MNT.
1017 166 1065 207 m
1088 168 1173 208 m.
1196 167 1406 210 iunium.
1430 188 1479 205 ..-
1499 174 1586 213 m.
1609 174 1641 214 Ι.

2172 188 2266 228 1148

103 269 105 275 -
123 249 253 293 mutet,
273 245 428 292 ml,
449 251 536 285 veta
554 245 744 296 prophetis
759 247 922 285 mmmm
937 246 1170 295 praemebat,
1189 247 1225 288 Α
1239 245 1373 292 heom·
1395 249 1506 285 mite
1522 255 1556 288 et
1566 249 1742 294 mab-H·
1753 249 1792 287 ὄπ
1807 249 1935 291 m
1948 257 2087 298 Dona-t
2103 240 2193 311 (1κῖ
2206 265 2263 314 ιι).

119 304 468 350 “mediationem
487 311 590 348 damn
621 310 719 356 ipse,
745 310 807 357 qui
835 310 950 358 legem
979 309 1088 352 dedu,
1110 310 1170 355 qni

109 370 349 422 omittentem
363 371 452 420 legis
464 374 503 408 'et
513 370 771 418 prophetarum
789 370 950 407 'omnium
968 370 1048 406 ruit.
1070 369 1172 409 Unde

122 434 202 482 ipsa
219 431 363 470 Vernus
375 432 413 468 in
430 430 626 477 Evangelio
643 430 693 467 ait
710 442 719 467 ε
740 430 814 467 Lea}
830 435 864 467 ee
875 431 1050 478 prophetie
1063 440 1171 480 usque

123 494 171 532 ad
195 492 371 530 Ioannem
387 490 542 539 ’(ΗαηΙι.
575 492 631 539 u).
666 491 757 528 Hinc
773 501 916 539 quoque
933 492 1065 529 Paulus
1090 494 1139 530 ait
1160 504 1170 530 τ

28 535 45 578 *f
65 562 75 593 ἢ
123 553 316 600 Postquam
331 551 420 587 uenit
439 551 617 598 ptenttudo
627 552 804 599 temporis,
819 553 912 587 misit
927 552 1021 589 Deus
1038 551 1171 590 Filium

64 607 73 630 '¹
122 626 226 654 suum
244 615 375 661 factum
398 624 441 650 ex
459 614 617 657 muliere,
639 615 770 660 sactum
786 613 848 649 sub
866 615 950 661 leae,
968 621 1007 651 ut
1022 626 1092 659 eos,
1112 618 1172 663 qui

120 676 186 713 sub
199 675 272 723 leae
282 682 392 720 erant,
411 677 592 712 redimeret
607 674 738 725 (Galat.
749 678 812 725 iv).
828 678 872 713 Et
887 678 1017 714 lterum
1030 691 1038 714 :
1053 675 1167 722 Finis,

119 736 256 782 inquit,
278 736 364 784 leqis
392 735 549 773 Christus
573 743 622 774 est
642 738 687 774 ad
703 739 880 786 Justitiam
904 741 999 775 omni
1016 738 1171 777 credenti

121 797 237 845 (Rom.
257 797 310 845 x).

169 858 270 895 Nova
291 858 380 895 betta
406 859 507 906 eteyit
533 859 718 896 Dominus.
752 860 839 905 Quae
869 866 953 898 sunt
984 860 1053 898 ista
1078 872 1170 899 nova

118 921 225 963 bella,
257 922 326 958 nisi
354 927 480 958 eontra
501 928 647 968 peccata
668 927 704 959 et
734 923 820 959 vitia
852 923 1026 959 virtutum
1057 923 1169 961 lucta-

118 982 240 1017 mina?
257 981 341 1018 Haec
358 982 489 1028 quippe
503 983 612 1029 elegit
627 982 814 1026 Dominus,
834 982 916 1028 quia
935 982 1012 1019 haec
1028 985 1167 1030 probat.

118 1041 221 1077 Unde
237 1042 367 1078 Paulus
392 1042 443 1077 alt
463 1055 473 1077 ε
500 1041 581 1078 Non
602 1048 652 1078 est
669 1042 766 1078 nobis
785 1042 983 1079 colluctatio
1005 1045 1169 1081 adversus

117 1112 258 1136 carnem
275 1107 308 1136 et
329 1111 546 1147 sanquinem,
566 1102 624 1138 sed
642 1103 806 1139 aduersus
824 1105 1038 1151 principatus
1060 1114 1091 1142 et
1109 1117 1171 1152 po-

1239 307 1402 351 Quando.
1423 309 1626 347 heoseeme
1645 310 1823 355 veritato,
1852 312 1890 347 in
1920 313 2019 354 Novo
2041 320 2265 363 Tmen„

1238 368 1356 404 omnis
1383 369 1514 406 duritia
1539 370 1660 407 cordi·
1685 370 1799 407 nost!
1824 369 1958 409 citasti
1975 379 2118 418 m
2135 382 2268 432 tungl-

1238 430 1315 471 tur,
1343 434 1381 464 et
1407 431 1636 468 eradicantur
1665 431 1779 478 spino
1808 433 2003 479 sitiam,
2034 442 2075 473 ut
2102 444 2268 484 Q

1239 488 1416 524 aemonis
1455 489 1520 524 Dei
1553 495 1694 527 creseat
1729 491 1767 527 in
1808 490 1952 539 augeo,
1993 500 2031 532 et
2065 504 2187 543 postea
2217 503 2270 540 ls-

1238 546 1347 583 bores
1379 557 1550 585 manuum
1586 555 1791 589 nostrarum
1825 554 2100 602 manducemus,
2133 563 2271 606 quando

1239 607 1386 644 venient
1399 609 1434 644 in
1449 610 1688 648 exsultatione
1703 617 1886 657 portantes
1899 617 2096 663 manipulos
2110 629 2205 658 suos.

1287 668 1356 704 Gor
1374 680 1487 705 meum
1508 671 1619 717 diliqit
1644 673 1811 720 principes
1831 675 1954 712 Israel.
1977 677 2046 721 Qui
2065 683 2204 727 propria
2220 695 2274 721 vo-

1239 730 1372 766 luntate
1403 731 1574 768 obtulistis
1597 744 1656 770 vos
1681 736 1893 782 discrimini,
1912 739 2098 778 benedicite
2113 742 2272 782 Domino.

1238 791 1424 839 Principes
1454 793 1560 831 lsrael
1581 802 1662 832 sunt
1686 796 1848 836 doctores
1873 803 2001 846 saneti,
2031 812 2119 849 quos
2141 815 2178 842 se
2199 807 2275 843 dili·

1238 862 1323 899 gere
1347 853 1433 890 dicit
1451 856 1567 891 anima
1583 857 1669 902 lusti
1685 883 1694 901 ,
1724 859 1784 904 qui
1803 862 1943 907 propria
1970 863 2153 902 voluntate
2174 868 2276 903 obtu-

1237 912 1358 950 lerunt
1388 926 1425 951 se
1444 917 1654 962 discrimini,
1680 919 1760 955 cum
1779 921 1950 958 voluntati
1975 924 2028 959 sui
2055 926 2218 972 magistri
2240 934 2275 963 et

1237 973 1377 1012 Domini
1408 979 1679 1021 concordantes,
1705 980 1799 1016 inter
1825 989 2088 1027 persecutorum
2110 986 2274 1022 scandala

1238 1034 1291 1071 ire
1314 1047 1385 1072 non
1418 1038 1622 1075 formidant.
1658 1041 1758 1077 Unde
1785 1040 1957 1080 Dominus
1986 1045 2166 1093 discipulis
2201 1049 2276 1085 suis

1238 1095 1289 1131 ait
1308 1107 1316 1130 ε
1339 1096 1428 1132 Ecce
1447 1108 1508 1143 eqo
1529 1100 1627 1134 mitto
1643 1110 1711 1141 vos,
1736 1102 1822 1137 sicut
1840 1114 1916 1139 oves
1931 1106 1967 1140 in
1986 1106 2098 1141 medlo
2118 1106 2275 1152 luporum

118 1167 272 1206 testates,
293 1162 457 1198 adversus
478 1163 599 1199 mundi
626 1170 773 1200 rectores
799 1165 1019 1201 tenebrarum
1045 1167 1169 1202 harum
1188 1140 1221 1186 B
1241 1155 1380 1203 (issum
1403 1157 1454 1204 x)·
1476 1159 1519 1193 Εῑ
1533 1159 1617 1195 ilem
1637 1172 1646 1195 ²
1665 1160 1827 1205 de‘mt’
1846 1163 1974 1210 inquit,
1988 1177 2046 1202 2'08
2060 1168 2096 1202 ὓ·
2111 1170 2275 1214 θθηδῐῖἷῖδ,

117 1225 434 1271 εοητναῖερὶήεαΙὶα
453 1227 615 1273 nequitia»
635 1227 670 1261 in
698 1226 888 1263 caelestibus
907 1227 1013 1275 (Eplz.
1038 1227 1103 1275 vt).
1127 1229 1170 1264 Et

117 1286 205 1323 item
227 1298 236 1322 ε
256 1287 344 1333 qu,
367 1288 495 1333 inquit,
515 1289 564 1323 sic
582 1299 697 1329 curro,
718 1299 786 1323 non
802 1290 904 1335 quasi
922 1291 957 1324 in
976 1291 1170 1334 incertum;

115 1349 168 1385 sic
193 1360 331 1396 pu9n0,
362 1361 430 1385 non.
451 1351 550 1396 quasi
580 1362 694 1386 aerem
721 1351 902 1387 verberans
924 1361 936 1385 .·
954 1352 1014 1387 sed
1038 1354 1168 1399 castiqo

117 1421 242 1457 corpus
261 1423 389 1454 meum,
412 1417 444 1446 et
464 1412 619 1448 servituti
639 1412 802 1458 subjicio,
827 1424 867 1448 ne
887 1413 976 1459 sorte
994 1426 1071 1450 rum
1089 1415 1168 1451 aliis

115 1471 392 1517 pra‘dicarerim,
411 1473 482 1517 ipse
502 1472 666 1518 reprobus
684 1474 812 1519 efficiar
827 1473 862 1521 (I
880 1472 960 1509 Cor.
984 1474 1048 1522 lx).
1068 1475 1167 1511 Nova

115 1530 238 1576 ltaque
268 1532 360 1571 bella
393 1538 487 1576 sunt,
523 1534 584 1568 ubi
617 1534 748 1569 malum
780 1540 903 1570 contra
935 1536 1066 1571 malum
1097 1547 1168 1574 non

115 1593 289 1634 redditur,
319 1595 382 1630 scd
402 1595 533 1630 malum
557 1606 622 1641 per
641 1596 774 1632 bonum
801 1596 978 1640 vincitur;
1006 1598 1067 1633 ubi
1086 1598 1168 1634 fidei

116 1661 231 1698 scuto,
249 1655 359 1691 lorica
370 1654 533 1700 justiam,
554 1657 653 1703 galea
675 1658 812 1701 salutis,
832 1663 867 1694 et
884 1659 999 1706 gladio
1015 1659 1168 1705 Spiritus

116 1716 220 1753 miles
247 1716 381 1753 Christi
407 1727 471 1763 per
489 1719 697 1764 patientiam
716 1725 842 1756 eontra
874 1720 996 1757 hostes
1023 1721 1169 1757 dimicat

116 1776 234 1824 (Rom.
255 1789 320 1821 xn,
341 1777 471 1824 Ephes.
488 1779 554 1827 vl),
571 1780 672 1826 cujus
687 1781 826 1817 militiae
841 1792 904 1818 rex
919 1781 1082 1818 Christus
1098 1787 1166 1826 est,

116 1840 178 1885 qui
200 1840 383 1886 discipulis
403 1841 476 1876 suis
500 1842 549 1877 ait
573 1854 580 1877 :
603 1841 647 1878 In
677 1842 844 1889 patientia
872 1850 986 1879 vestra
1016 1844 1169 1890 posside-

117 1901 196 1936 bitis
229 1903 362 1938 animas
385 1910 515 1938 vestras
546 1902 645 1950 (Luc.
671 1906 772 1951 xx1);
799 1904 930 1952 quique
955 1905 1067 1940 servis
1094 1904 1169 1940 suis

116 1963 338 2008 triumphum
356 1970 463 2009 atque
483 1964 670 2000 victoriam
692 1965 830 2000 tribuit.
855 1965 956 2001 Unde
976 1966 1138 2011 sequitur
1157 1978 1165 2000 ε

117 2021 245 2058 Portas
268 2023 418 2058 bostium
442 2024 513 2069 ipse
534 2023 711 2059 subvertit.
741 2025 827 2068 Quae
854 2030 938 2060 sunt
957 2035 1043 2071 ergo
1058 2032 1169 2071 portae

116 2083 299 2119 hostium?
322 2083 390 2119 nisi
411 2088 523 2129 portic
547 2085 698 2128 mortis;
722 2090 833 2131 porttc
852 2085 970 2129 inseri,
996 2086 1096 2132 pravi
1120 2087 1172 2122 vi-

117 2146 245 2182 delicet
273 2145 437 2181 homines
455 2150 490 2181 et
511 2145 685 2188 hseretici,
707 2156 772 2192 per
791 2156 880 2192 quos
906 2147 1054 2192 maligni
1072 2148 1174 2193 spiri-

116 2213 174 2244 tus
203 2212 330 2243 contra
359 2217 483 2243 servos
508 2206 639 2242 Christi
662 2207 885 2253 belligerant.
911 2207 981 2244 Sed
1014 2209 1089 2254 ipse
1108 2210 1173 2245 has

116 2275 240 2317 portas
265 2269 471 2312 subvertet,
492 2269 633 2314 quando
653 2278 778 2304 eorum
794 2268 964 2313 consilia,
995 2269 1111 2305 minas
1131 2280 1173 2306 ac

117 2329 264 2367 fraudes
284 2330 432 2377 detegit,
454 2329 618 2376 proterit,
640 2340 682 2366 ac
702 2329 865 2375 dissipat,
891 2335 927 2365 et
954 2340 995 2366 ea
1016 2340 1094 2375 quze
1120 2331 1173 2365 vi-

117 2392 296 2428 debantur
312 2392 476 2438 superbis
493 2401 623 2438 magna
639 2400 719 2426 esse
739 2401 780 2426 ac
795 2390 916 2434 sortia,
937 2402 1002 2437 per
1020 2391 1173 2427 humiles

118 2463 202 2489 suos
222 2451 420 2488 contemnit
441 2455 548 2496 atque
566 2450 610 2486 ad
632 2450 782 2486 nihilum
804 2450 946 2496 redigit.
971 2450 1118 2497 Clypens
1141 2459 1172 2487 et

118 2515 219 2550 hasta
243 2515 273 2549 si
291 2514 530 2560 apparu-erint,
561 2514 596 2548 in
621 2512 856 2559 quadraqinta
876 2513 1028 2547 millibus
1044 2513 1169 2548 Israel.

117 2577 288 2624 Clypeum
304 2581 341 2611 et
358 2576 499 2611 hastam
519 2584 585 2620 pro
605 2574 714 2608 armis
732 2573 886 2608 terrenis
906 2574 1016 2619 ponit,
1041 2574 1076 2609 in
1095 2575 1173 2621 qui-

117 2640 186 2677 bus
217 2637 379 2674 carnales
415 2647 457 2672 ac
490 2636 610 2672 soeculi
649 2636 751 2671 istius
783 2636 947 2671 homines
974 2636 1168 2673 contidunt.

119 2701 191 2736 Sed
211 2700 287 2735 haec
304 2709 376 2734 non
400 2696 605 2734 necessaria
623 2702 707 2733 sunt
727 2697 960 2743 spiritalibus.
981 2697 1057 2733 Non
1077 2697 1172 2732 enim

118 2761 230 2798 habet
250 2760 368 2795 locum
390 2759 427 2794 in
446 2758 577 2794 castris
597 2756 843 2804 spiritualibus
859 2761 1039 2793 armatura
1060 2761 1172 2791 terre-

119 2831 185 2865 na;
224 2820 304 2856 ideo
335 2820 384 2856 ibi
409 2829 479 2855 non
513 2822 674 2865 apparet,
699 2818 781 2863 qnia
806 2817 855 2852 ibi
883 2827 955 2853 non
979 2817 1170 2858 invenitur,

119 2881 181 2917 ubi
199 2879 435 2925 quadraginta
471 2877 582 2913 millia
615 2875 859 2913 lsraelitarum
895 2880 1020 2912 contra
1052 2876 1172 2911 hostes

121 2939 303 2987 spiritales
328 2944 507 2985 pugnant;
533 2937 840 2984 quadragenarius
866 2936 960 2972 enim
986 2946 1169 2979 numerus,

119 3003 181 3039 ubi
200 3002 369 3038 denarius
387 3005 516 3046 quater
534 2998 791 3045 multiplicatus
812 3002 968 3040 constat,
984 2997 1074 3034 bene
1094 3007 1173 3033 con-

120 3063 221 3100 venit
236 3062 412 3097 militibus
428 3061 576 3105 Christi,
595 3060 664 3098 hoc
687 3066 757 3104 est,
776 3061 873 3097 veris
894 3059 1114 3102 lsraeliticis,
1138 3060 1173 3094 in

121 3124 253 3171 quibus
273 3121 375 3157 dolus
391 3131 463 3156 non
493 3125 562 3164 est,
581 3121 642 3166 qui
661 3126 841 3167 praccepta
870 3120 1029 3166 decalogi
1049 3129 1175 3155 sccun-

122 3186 207 3220 dum
223 3182 474 3228 Evangelicam
489 3181 690 3217 doctrinam
709 3186 904 3224 servantes,
921 3187 1038 3217 castra
1054 3180 1177 3217 Eccle-

122 3246 187 3283 siae
204 3249 353 3281 tuentur
376 3247 484 3289 atque
502 3240 711 3279 custodiunt
727 3270 736 3285 ,
767 3252 809 3278 ac
827 3252 893 3288 per
909 3252 1017 3277 omne
1038 3247 1177 3288 tempus

122 3306 230 3343 istius
242 3305 327 3342 vitae
346 3314 461 3350 usque
481 3302 525 3339 ad
545 3301 894 3339 consummationem
913 3300 1031 3337 saeculi
1058 3300 1177 3336 taliter

124 3370 371 3417 agonizantes,
392 3367 551 3404 eoelestis
586 3365 714 3413 pati-ite
748 3364 994 3400 haereditatem
1027 3363 1176 3399 feliciter

124 3429 381 3478 triumphando
409 3427 559 3475 adipisci
590 3427 809 3464 desiderant.
848 3425 916 3462 Ubi
955 3425 1194 3467 notandum,v

126 3493 223 3541 qnod
240 3491 347 3538 huius
365 3489 491 3538 agonis
510 3493 671 3536 tempora
687 3488 799 3524 lsaias
816 3486 990 3537 propheta
1007 3485 1092 3522 olim
1109 3484 1174 3522 de-

127 3553 273 3600 sei-ipsit
287 3551 410 3588 dioens
429 3559 441 3586 ε
461 3549 512 3585 De
525 3548 613 3586 Sion
628 3548 732 3586 exibit
741 3547 812 3592 lem,
833 3550 866 3583 et
882 3545 1020 3582 verbum
1033 3543 1175 3579 Domini

127 3612 172 3649 de
190 3607 424 3655 Hierusalem,
441 3616 473 3646 et
487 3605 664 3658 judicabit
677 3615 811 3662 gentes,
838 3611 869 3644 et
893 3609 1014 3653 arquet
1031 3602 1175 3652 populos

125 3670 271 3716 mattos,
291 3670 325 3707 et
341 3669 544 3718 conflabunt
561 3666 698 3715 alodios
711 3678 794 3706 suos
811 3669 847 3704 in
868 3676 1029 3708 vomeres,
1053 3670 1087 3700 et
1099 3663 1176 3700 tan-

127 3742 212 3771 em
232 3736 317 3768 suns
330 3731 373 3768 in
385 3731 516 3780 satim,-
544 3740 612 3766 non
641 3727 767 3765 tesam
788 3739 872 3776 qens
902 3732 1023 3764 contra
1043 3730 1174 3773 gentem

124 3794 300 3857 gladium,
315 3803 423 3844 neque
436 3791 686 3830 exercebuntur
701 3788 796 3826 nitra
812 3789 860 3826 ad
873 3786 1034 3837 praetium
1050 3785 1173 3822 «tomas

1240 1222 1271 1252 et
1296 1218 1329 1253 in
1351 1220 1534 1265 synaqogis
1559 1221 1630 1256 suis
1646 1223 1868 1268 flaqellabunt
1888 1237 1958 1269 vos,
1981 1233 2014 1262 et
2041 1235 2119 1265 ante
2135 1240 2227 1277 reyes
2245 1237 2279 1267 et

1238 1281 1403 1326 pra’sides
1423 1282 1595 1317 ducemini
1617 1291 1756 1330 propter
1774 1297 1826 1321 me
1842 1287 1876 1321 in
1901 1289 2131 1326 testimonium
2150 1291 2220 1327 illis
2246 1298 2278 1328 et

1237 1343 1395 1387 pentibus
1413 1344 1551 1391 (Ibid.).
1581 1345 1739 1389 Quorum
1763 1358 1853 1383 unus
1871 1349 1925 1385 his
1941 1351 1999 1398 qui
2020 1352 2210 1389 carnaliter
2227 1355 2276 1390 si-

1237 1404 1272 1440 bi
1298 1406 1490 1442 secundum
1510 1413 1647 1455 tempus
1669 1410 1852 1446 consulere
1871 1411 2048 1456 volebant,
2073 1423 2114 1449 ac
2128 1425 2192 1461 per
2210 1415 2277 1452 hos

1237 1465 1330 1502 inter
1345 1467 1465 1503 hostes
1480 1479 1558 1504 eum
1578 1469 1627 1504 ire
1645 1470 1889 1515 prohibebant,
1910 1474 2104 1520 respondit,
2125 1475 2247 1512 dicens
2265 1489 2273 1512 ε

1236 1526 1311 1573 qu
1327 1529 1415 1564 enim
1437 1541 1502 1564 non
1522 1530 1630 1565 solum
1647 1530 1784 1578 alliqari
1800 1559 1807 1574 ,
1833 1533 1892 1568 sed
1905 1534 2008 1569 etiam
2028 1536 2116 1570 mori
2135 1537 2170 1571 in
2188 1535 2273 1572 Hie-

1237 1587 1388 1623 rusalem
1420 1595 1562 1635 paratus
1592 1603 1668 1626 sum
1701 1598 1837 1638 propter
1870 1605 1990 1630 nomen
2019 1594 2158 1631 Domini
2190 1596 2274 1633 Jesu

1237 1647 1325 1695 (Act.
1357 1649 1412 1696 n).
1440 1651 1484 1686 Et
1503 1651 1537 1686 in
1565 1651 1711 1688 Actibus
1741 1653 1978 1700 apostolorum
2007 1655 2149 1702 legitur,
2182 1658 2275 1703 quod

1236 1709 1303 1755 ipsi
1322 1712 1471 1756 apostoli
1482 1713 1576 1748 ibant
1591 1714 1778 1758 pandentes
1794 1726 1814 1749 a
1831 1721 2011 1761 conspectu
2031 1715 2180 1759 concilii,
2195 1728 2278 1763 quo-

1236 1773 1329 1808 niam
1349 1774 1445 1820 diqni
1466 1775 1576 1810 babiti
1595 1782 1673 1811 sunt
1690 1787 1751 1822 pro
1777 1777 1913 1812 nomine
1928 1777 2065 1813 Domini
2087 1777 2170 1814 Iesu
2197 1789 2278 1813 con-

1237 1834 1411 1869 tumeiiam
1430 1836 1502 1881 pati
1519 1835 1609 1883 (Act.
1628 1835 1676 1883 v).

1283 1894 1479 1931 Benedicite
1504 1896 1665 1940 Domino,
1691 1899 1748 1944 qui
1779 1899 1979 1934 ascendistis
2006 1910 2108 1946 super
2134 1899 2277 1934 nitentes

1238 1957 1367 1999 asinos,
1387 1962 1418 1991 et
1442 1957 1563 1992 sedetis
1582 1958 1780 2003 injudicio,
1811 1966 1840 1995 et
1868 1959 2051 1994 ambulatis
2071 1959 2107 1995 in
2133 1959 2201 2002 via,
2227 1958 2279 1993 Io-

1238 2016 1396 2060 quimini.
1421 2015 1499 2051 Alia
1520 2023 1639 2052 autem
1657 2018 1765 2053 editio
1780 2019 1830 2054 sic
1844 2018 1950 2054 habet
1971 2031 1979 2054 :
1998 2018 2194 2054 Benedicite
2208 2018 2279 2054 Do-

1243 2076 1387 2118 minum,
1407 2077 1464 2122 qui
1484 2078 1684 2112 ascendistis
1706 2089 1807 2124 super
1820 2080 1992 2124 jumenta,
2008 2090 2113 2125 supra
2126 2077 2281 2114 vehicula

1243 2136 1410 2179 sedentes,
1430 2143 1461 2171 et
1481 2148 1583 2183 super
1601 2139 1715 2173 asinos
1735 2138 1953 2184 refulgentes.
1975 2138 2065 2182 Quid
2090 2143 2144 2175 est
2160 2148 2282 2174 ascen-

1244 2197 1338 2233 disse
1366 2207 1472 2243 super
1486 2197 1711 2243 jumentum?
1736 2198 1893 2244 Denique
1925 2209 2052 2245 corpus
2079 2200 2146 2235 hoc
2167 2209 2280 2235 meum

1238 2257 1438 2302 jumentum
1460 2264 1514 2293 est
1536 2271 1543 2292 :
1563 2259 1606 2293 ad
1620 2258 1820 2304 jumentum
1841 2260 1935 2295 enim
1961 2260 2090 2295 animas
2107 2266 2142 2295 et
2157 2261 2201 2296 ad
2219 2260 2283 2295 mi-

1241 2319 1427 2354 nisterium
1454 2319 1573 2354 datum
1592 2325 1656 2355 est.
1690 2320 1763 2365 Ego
1786 2325 1903 2355 autem
1922 2330 1998 2355 sum
2022 2321 2113 2356 idem
2131 2322 2282 2358 interior

1241 2380 1360 2422 hoino,
1382 2379 1442 2425 qui
1459 2380 1601 2414 ascendi
1631 2389 1737 2426 super
1759 2380 1956 2425 jumentum
1973 2381 2051 2425 hoc,
2072 2382 2127 2416 cui
2147 2382 2277 2418 dicitur

1241 2445 1279 2475 ut
1298 2439 1504 2475 benedicam
1524 2439 1724 2475 Dominum.
1746 2439 1782 2474 Si
1807 2450 1891 2487 crgo
1909 2450 1990 2476 vere
2011 2440 2201 2476 ascendisti
2221 2451 2279 2477 su-

1240 2510 1303 2545 pra
1324 2509 1466 2544 corpus,
1492 2504 1526 2534 et
1549 2500 1711 2545 superior
1724 2499 1869 2535 effectus
1887 2510 1925 2535 es
1948 2500 2192 2546 corporalibus
2218 2498 2279 2536 de·

1241 2561 1394 2604 sideriis,
1417 2565 1452 2596 ct
1470 2566 1587 2597 motus
1614 2561 1773 2607 corporis
1801 2561 1849 2596 tui
1870 2560 1970 2596 freno
1988 2561 2117 2597 mentis
2133 2566 2168 2597 et
2190 2561 2281 2597 inte·

1241 2621 1348 2657 rioris
1366 2621 1519 2656 hominis
1544 2621 1785 2657 moderamine
1801 2623 2056 2667 gubernantur,
2074 2621 2117 2657 de
2137 2626 2170 2657 te
2185 2620 2276 2657 dici-

1240 2687 1327 2717 tur:
1352 2682 1443 2726 Quia
1463 2682 1648 2717 ascendisti
1674 2694 1776 2729 super
1797 2683 2007 2729 jumentum,
2035 2689 2073 2718 ut
2101 2682 2279 2718 benedicas

1240 2744 1439 2780 Dominum.
1477 2743 1566 2787 Quid
1600 2749 1717 2779 autem
1747 2748 1802 2779 cst
1831 2743 1924 2790 quod
1951 2743 2111 2790 sequitur
2137 2755 2144 2780 :
2169 2741 2280 2789 Super

1241 2806 1407 2849 vehicula,
1429 2806 1540 2852 inquit
1554 2833 1563 2849 ,
1582 2806 1734 2842 sedentes
1746 2813 1777 2842 et
1797 2818 1899 2853 super
1915 2807 2031 2842 asinas
2052 2806 2280 2852 refulgentes?

1241 2867 1330 2911 Quid
1346 2866 1412 2902 sibi
1428 2867 1593 2902 videntur
1611 2866 1720 2902 asinae
1734 2875 1813 2902 csse
1833 2866 2072 2912 refulgentes?
2087 2866 2171 2902 dicit
2186 2865 2279 2902 enim

1242 2929 1427 2975 Scriptura
1463 2929 1546 2975 quia
1576 2934 1737 2974 oporteat
1765 2929 1976 2966 benedicere
2003 2928 2191 2965 Dominum
2221 2938 2282 2964 eos

1243 2991 1303 3036 qui
1319 2989 1444 3026 sedent
1455 2999 1561 3035 super
1573 2989 1735 3024 vehicula
1751 2993 1785 3023 ct
1800 2998 1905 3036 super
1921 2988 2041 3024 asinas
2055 2987 2280 3035 refulgentes.

1245 3051 1330 3087 lllihi
1352 3050 1448 3086 velut
1475 3050 1509 3086 in
1529 3049 1616 3085 locis
1634 3049 1680 3084 ita
1699 3047 1931 3096 difficilibusg
1949 3048 2019 3084 tale
2036 3049 2167 3094 aliquid
2188 3047 2281 3083 vide-

1245 3118 1315 3148 tur.
1351 3111 1438 3149 Cum
1461 3111 1662 3157 jumentum
1679 3137 1688 3153 ,
1723 3109 1789 3145 hoc
1808 3113 1884 3151 est,
1909 3119 2037 3156 corpus
2067 3118 2183 3143 meum
2213 3108 2278 3143 sub

1242 3173 1327 3220 jugo
1348 3172 1486 3209 venerit
1503 3170 1601 3207 verbi
1623 3170 1699 3210 Dei,
1720 3174 1802 3203 tunc
1820 3167 2017 3203 vehiculum
2035 3167 2194 3213 corporis
2208 3168 2277 3205 mei

1246 3233 1473 3280 resplendere
1504 3230 1647 3274 incipit;
1667 3233 1702 3262 et
1718 3227 1816 3263 asina
1843 3226 1931 3268 haec,
1954 3225 1989 3262 id
2008 3232 2075 3270 est,
2096 3236 2179 3262 caro
2198 3237 2275 3263 mea

1246 3301 1330 3332 tunc
1350 3293 1523 3339 refulgere
1548 3289 1696 3329 dicitur,
1717 3296 1797 3322 cum
1828 3285 2003 3323 castitatis
2033 3295 2074 3321 ac
2097 3286 2275 3332 pudicitia:

1243 3355 1351 3391 suerit
1371 3351 1555 3398 splendore
1577 3348 1741 3383 decorata
1763 3356 1772 3380 ε
1793 3350 1828 3381 et
1853 3345 1902 3380 ita
1924 3349 2021 3381 recte
2045 3344 2183 3381 dicetur
2201 3345 2278 3382 ani-

1242 3426 1300 3453 ma
1327 3413 1452 3449 sedens
1478 3419 1583 3455 super
1603 3407 1739 3443 asinam
1764 3405 2062 3454 resplendentem,
2087 3405 2272 3443 Dominum

1240 3474 1464 3515 benedicere,
1486 3476 1522 3507 et
1539 3470 1573 3505 in
1592 3468 1708 3504 medio
1721 3466 1915 3505 laetantium
1931 3465 2077 3502 laudare
2092 3476 2186 3502 cum.
2203 3464 2274 3508 Qus

1245 3534 1380 3576 sedetis,
1397 3533 1459 3575 ait,
1476 3529 1670 3580 injudicio,
1688 3534 1719 3564 et
1739 3525 1922 3567 ambulatis
1942 3527 1979 3562 in
1991 3527 2060 3575 via,
2081 3525 2274 3575 loquimini.

1245 3595 1336 3642 Quid
1353 3599 1407 3631 est
1425 3592 1549 3630 sedere
1568 3591 1602 3628 in
1623 3589 1757 3636 judicio
1786 3587 1856 3625 nisi
1876 3585 2051 3641 justitiam
2075 3596 2218 3624 servare
2235 3586 2273 3624 in

1240 3654 1433 3705 iudicando
1444 3657 1480 3690 et
1492 3650 1634 3698 quidem
1651 3648 1832 3686 ambulare
1846 3648 1882 3692 in
1899 3647 1980 3684 via?
1995 3647 2063 3684 nisi
2080 3646 2277 3684 secuudum

1243 3720 1420 3766 praecepta
1439 3713 1502 3751 nei
1528 3712 1619 3749 bene
1645 3709 1784 3762 operari
1804 3710 1840 3746 in
1858 3708 2024 3758 prasenti
2043 3707 2141 3747 vitat
2169 3706 2276 3747 Tales

1245 3777 1340 3817 enim
1356 3775 1400 3814 ad
1415 3771 1646 3820 loquendum,
1668 3770 1737 3808 hoc
1749 3773 1816 3815 est,
1842 3765 2055 3807 laudandum
2078 3767 2271 3806 exhortan-
