2540 4016
66 146 136 182 5¹5

679 133 1013 174 EXPOSITIONES
1038 133 1086 169 IN
1109 133 1376 172 LEVITICUM.
1401 154 1449 162 —
1469 135 1557 173 LlB.
1583 136 1625 174 lt.

2173 141 2244 176 δη

65 230 124 257 ras
141 246 150 263 ,
181 219 252 255 hoc
271 222 350 262 est,
380 217 586 254 hesternam
617 221 765 250 carnem
794 210 963 247 sacrificii
996 210 1115 246 edere.
1135 213 1171 252 A
1187 221 1265 246 cras
1284 210 1360 245 veni
1377 207 1557 256 (Proverb.
1579 209 1650 256 ιιι).
1667 208 1793 254 Neque
1810 209 1908 245 enim
1924 212 2094 249 saeculum
2109 213 2242 250 descri-

65 281 183 317 Unum
202 289 289 316 vero
304 279 390 315 illud
402 287 472 324 quo
491 279 692 321 separatur,
708 279 881 319 tanquam
895 270 1117 317 praecipuum

64 351 108 377 ex
129 341 244 376 tribus
263 349 343 386 quae
362 349 406 374 ex
425 336 541 374 simila
560 339 737 381 praecepta
753 339 850 376 sunt,
872 332 909 368 in
933 332 1003 368 hoc
1018 331 1116 367 illam

62 409 203 450 partem
227 402 384 440 scientiae
402 399 558 436 arbitror
585 394 765 442 designari
787 395 830 431 de
859 404 930 440 qua
950 394 1115 440 superius

63 465 231 507 diximus,
261 471 340 508 quae
365 459 564 507 perfectam
592 457 727 493 indicat
746 454 1032 502 profundamque
1052 454 1117 490 do-

61 525 227 560 ctrinam.
261 523 331 560 Sed
362 521 526 568 requiras
551 518 719 562 fortasse,
749 527 831 554 cum
860 516 1024 562 superius
1042 515 1116 551 fer-

62 591 221 621 mentum
246 584 390 631 penitus
424 582 467 617 de
487 579 674 617 sacrificiis
699 577 901 623 abjecerit,
934 578 1113 623 quomodo

59 655 158 680 nunc
190 654 297 690 super
325 652 435 688 panes
455 640 689 677 fermentatos
718 637 935 674 sacrificium
967 635 1114 671 mandat

59 703 220 748 imponi?
249 703 383 739 Verum
402 701 607 748 diligentius
628 699 769 735 intuere
794 698 878 743 quia
898 706 970 731 non
994 697 1037 730 ad
1057 705 1114 730 sa-

57 762 233 798 crificium
252 762 315 797 sed
334 763 378 797 ad
411 760 650 796 ministerium
669 757 838 794 sacrificii
874 755 1111 791 fermentatus

56 822 159 868 panjs
190 821 406 857 assumitur:
426 821 512 866 quid
529 829 614 866 ergo
631 819 700 853 hoc
733 816 792 859 sit,
827 824 892 860 age
910 813 1110 849 videamus.

58 882 230 918 Dominus
258 883 294 918 iu
313 882 516 928 Evangeliis
547 881 740 915 humanam
760 875 958 912 doctrinam
986 874 1112 909 Phari-

56 955 208 980 saeorum
238 945 299 990 qui
330 944 516 979 tradebant
544 939 766 980 traditiones,
784 942 963 981 praecepta
995 934 1112 970 homi-

56 1016 155 1048 num,
181 1005 396 1040 fermentum
421 1000 587 1047 appellat,
610 1008 691 1034 cum
711 997 798 1032 dicit
813 994 1018 1041 discipulis:
1043 994 1112 1030 011-

54 1072 186 1101 servate
208 1076 230 1099 a
260 1065 426 1109 fermento
447 1060 711 1096 Pharisaeorum
730 1057 874 1105 (Matth.
899 1067 984 1100 XV13
1020 1056 1106 1092 Luc.

53 1125 118 1170 xli)
144 1138 151 1160 :

53 1197 176 1230 causa,
204 1185 436 1232 grammatica
455 1194 527 1226 ars,
546 1182 603 1218 vel
624 1180 820 1223 rhetorica,
838 1178 894 1215 vel
912 1179 1022 1215 etiam
1038 1178 1110 1214 dia-

51 1248 178 1284 lectica
193 1258 202 1290 ;
226 1256 269 1282 ex
287 1256 357 1291 qua
374 1245 549 1287 doctrina,
566 1244 611 1278 ad
628 1241 845 1278 sacrificium
862 1239 1021 1286 quidem,
1043 1239 1110 1275 hoc

51 1314 118 1350 est,
140 1308 174 1342 in
194 1307 250 1342 his
272 1315 352 1352 quae
384 1306 428 1341 de
448 1305 521 1340 Deo
555 1303 741 1340 sentienda
759 1307 855 1344 sunt,
888 1300 976 1335 nihil
995 1300 1109 1335 susci-

51 1369 217 1414 piendum
233 1372 302 1410 est,
319 1376 438 1402 sermo
452 1375 538 1401 vero
553 1364 691 1400 lucidus
709 1369 744 1399 et
761 1361 975 1407 eloquentiae
995 1360 1110 1405 splen-

52 1430 116 1466 dor
135 1440 177 1465 ac
192 1428 396 1474 disputandi
412 1428 504 1463 ratio
529 1427 573 1462 ad
594 1425 833 1461 ministerium
852 1423 951 1459 verbi
969 1422 1033 1457 Dei
1051 1422 1109 1457 de-

52 1496 174 1526 center
191 1490 336 1535 jubetur
358 1489 500 1524 admitti
520 1515 529 1530 ,
562 1492 623 1522 aut
644 1496 714 1522 non
739 1495 847 1530 super
865 1485 932 1519 hoc
950 1483 1109 1518 sermen-

53 1557 127 1587 tum
152 1551 308 1586 habebat
333 1549 434 1585 verbi
460 1549 521 1583 Dei
543 1547 759 1583 sacrificium
785 1544 942 1590 positum
963 1543 1022 1578 ille
1046 1543 1107 1587 qui

52 1613 192 1649 dicebat
210 1623 218 1646 :
256 1610 491 1656 Corrumpunt
525 1619 635 1644 mores
672 1607 776 1641 bonos
810 1604 984 1650 colloquia
1013 1602 1107 1638 mala

52 1674 86 1722 (1
103 1673 236 1709 Corint.
262 1671 336 1718 xv).
357 1671 402 1706 Et
421 1682 430 1706 :
447 1669 625 1705 Cretenses
639 1677 772 1713 semper
785 1665 983 1707 menduces,
1003 1663 1107 1699 maloe

51 1733 179 1775 bestiae,
198 1737 330 1768 ventres
344 1731 434 1776 pigri
451 1729 535 1775 (Tit.
550 1729 592 1776 1),
613 1732 649 1764 et
665 1727 734 1762 alia
755 1726 812 1762 his
823 1724 953 1761 similia
973 1734 1018 1760 ex
1036 1723 1107 1759 ser-

51 1799 172 1830 mento
193 1797 334 1837 sumpta
353 1790 589 1827 Graecorum?

449 1849 600 1887 CAPUT
634 1842 693 1884 VI.

96 1915 173 1958 Qua
193 1914 248 1949 die
267 1914 369 1950 liceat
384 1913 426 1948 de
443 1912 565 1948 hostiis
581 1916 701 1957 sponte
718 1909 844 1945 oblatis
862 1909 1054 1945 comedere.

94 1976 210 2024 (lum.)
241 1975 283 2012 Si
318 1983 393 2011 voto
425 1974 476 2010 vel
503 1979 622 2020 sponte
655 1973 838 2019 quisquam
858 1971 1019 2007 obtulerit
1036 1972 1101 2007 ho-

47 2039 163 2081 stiam,
186 2038 307 2073 eadem
335 2037 495 2073 similiter
514 2035 634 2071 edetur
657 2035 726 2078 die,
743 2034 803 2069 sed
837 2040 868 2069 et
892 2035 922 2069 si
952 2034 1036 2080 quid
1067 2034 1104 2070 in

48 2100 238 2135 crastinum
259 2098 476 2140 remanserit,
503 2097 590 2132 vesci
605 2096 738 2131 licitum
757 2101 806 2130 est
823 2095 1016 2141 ;quidquid
1037 2106 1103 2130 au·-

49 2167 116 2196 tem
136 2160 256 2195 tertius
274 2159 440 2195 invenerit
458 2158 545 2201 dies,
564 2158 653 2203 iqnis
674 2156 844 2199 absumet,
865 2162 896 2192 et
915 2156 945 2191 si
968 2155 1044 2202 quis
1062 2156 1104 2192 de

48 2220 210 2256 carnibus
247 2219 392 2255 victimae
417 2218 642 2264 pacificorum
679 2218 734 2253 die
766 2217 866 2252 tertio
901 2217 1102 2261 comederit,

47 2281 149 2316 irrita
178 2280 238 2325 fiet
269 2279 410 2322 oblatio,
438 2289 498 2314 nec
528 2278 680 2325 proderit
715 2278 900 2323 offerenti,·
925 2278 1010 2324 quin
1039 2289 1104 2323 po-

35 2342 117 2376 rtius
155 2350 367 2386 quoecunque
411 2340 528 2374 anima
567 2338 629 2374 tuli
662 2349 697 2373 se
731 2338 847 2373 edulio
881 2339 1102 2374 contamina-

36 2402 132 2438 verit
149 2428 159 2445 ,
201 2402 499 2448 praevaricationis
543 2412 602 2437 rea
648 2401 725 2436 erit.
781 2400 852 2447 (Ex
895 2401 1102 2448 Hesychia.)

34 2460 160 2498 101nne
178 2460 324 2507 quidem
345 2459 561 2496 sacrificium
588 2460 823 2506 pacificorum
846 2471 910 2497 seu
929 2461 1102 2506 salutare,

36 2525 285 2567 spontaneum
317 2525 387 2562 est,
418 2519 512 2556 unde
542 2519 628 2555 illud
665 2520 758 2556 inter
792 2521 885 2556 dona
917 2521 1104 2565 superiore

35 2585 151 2626 'parte
170 2579 252 2615 libri
280 2580 386 2625 hujus
404 2580 588 2625 legislator
617 2581 797 2624 ascripsit,
817 2581 879 2615 sed
903 2581 1102 2625 gratiarum

49 2639 200 2676 actionis
235 2639 310 2675 sive
339 2638 452 2674 laudis
490 2638 706 2674 sacrificium
726 2649 931 2684 quanquam
965 2639 1103 2684 species

49 2699 242 2736 oblationis
257 2698 333 2743 eJus
353 2708 431 2743 quae
451 2708 546 2734 nunc
576 2698 671 2734 dieta
697 2702 752 2734 est
769 2698 840 2742 sit;
876 2703 995 2734 tamen
1019 2700 1102 2744 quia

36 2759 224 2798 =rationale
246 2757 425 2804 quoddam
445 2764 514 2801 est,
549 2762 740 2804 propterea
761 2758 797 2793 in
830 2758 907 2804 lege
938 2758 1101 2795 volunta-

36 2819 141 2855 =rium
167 2829 239 2854 non
259 2818 366 2854 habet
386 2818 560 2861 additum,
585 2819 646 2864 qui
663 2829 746 2854 cum
769 2819 846 2855 sine
864 2819 971 2855 dubio
990 2820 1101 2855 ratio-

34 2878 146 2916 males
165 2879 291 2921 simus,
307 2878 467 2914 debitum
478 2878 742 2923 quodammodo
759 2879 979 2925 praecipuum
995 2879 1101 2915 Crea-

35 2940 118 2977 ttori
137 2939 313 2976 rationale
349 2938 567 2974 sacrificium
596 2938 814 2982 debeamus;
852 2945 1041 2986 propterea
1062 2940 1099 2975 in

34 3010 91 3038 neo
109 2999 352 3037 voluntarium
371 2999 430 3036 lex
449 2999 594 3036 reticuit
608 3009 680 3035 non
700 2999 788 3035 illud
801 3000 982 3045 excipiens
1002 3011 1021 3036 a
1040 3010 1100 3036 vo-

34 3059 225 3096 lluntariis.
258 3059 347 3095 Cras
376 3059 473 3096 enim
506 3058 698 3105 aliquando
730 3069 796 3105 pro
816 3060 986 3105 praesenti
1009 3061 1098 3104 vita,

34 3119 238 3166 taliquando
255 3130 322 3165 pro
339 3119 460 3155 sutura
475 3120 674 3165 accipitur;
708 3120 772 3156 sed
794 3119 831 3155 in
848 3120 917 3155 isto
938 3120 1015 3155 loco
1035 3131 1099 3166 pro

32 3181 216 3228 tpraesenti
233 3180 306 3216 vita
325 3181 512 3226 accipitur,
541 3180 634 3216 sicut
664 3186 701 3216 et
726 3180 812 3216 illud
831 3181 927 3226 quod
945 3180 1100 3217 Jacobus

34 3238 254 3300 l‘mEpistola
273 3250 338 3276 sua
353 3239 465 3276 dicit:
483 3239 574 3276 Ecce
592 3251 697 3284 nunc,
719 3241 777 3287 qui
790 3240 920 3284 dicitis,
938 3240 1051 3276 Hodie
1068 3247 1102 3277 et

33 3301 200 3337 teratino
220 3300 507 3337 ambulabimus·
494 3312 532 3337 m
546 3300 644 3336 illam
671 3302 843 3337 civitatem
859 3308 890 3337 et
911 3301 1101 3348 negotiabi-

34 3367 142 3414 tntu,
174 3366 207 3397 et
239 3361 376 3397 lucrum
410 3361 579 3407 faciemus
613 3360 838 3408 (Jacob.1v).
868 3361 939 3398 Sed
957 3367 993 3397 et
1010 3372 1102 3408 prae·

34 3423 145 3461 tum
157 3420 300 3467 quidem
328 3421 496 3458 saeculum
523 3421 630 3457 hodie
654 3420 812 3458 dicitur:
834 3421 1014 3467 quomodo
1033 3422 1102 3457 Da-

33 3466 116 3514 tvffi
127 3474 240 3519 dicit·
255 3480 371 3516 Hodie
387 3481 419 3516 si
434 3491 550 3517 vocem
565 3481 642 3527 eJ'us
660 3480 856 3523 audieritis,
891 3485 961 3516 etc.
985 3478 1100 3526 (Psal.

34 3534 164 3588 iffi).
182 3537 253 3587 [Ex
270 3540 456 3588 Hesychio.
459 3541 474 3589 ]
490 3541 630 3578 Dicitur
647 3546 769 3578 autem
789 3547 824 3576 et
842 3550 938 3584 cras,
957 3549 1030 3575 non
1052 3543 1106 3576 ta-

144 3597 304 3638 omnino
326 3603 390 3640 ἀνὰ
406 3602 587 3643 διαστολὴν
613 3602 795 3646 hodierni,
821 3601 884 3638 sed
911 3601 996 3647 quia
1015 3610 1107 3647 prae-

131 3702 138 3708 ,
163 3655 299 3702 'unuh
313 3671 387 3699 non
402 3662 530 3699 eadem
541 3667 627 3699 sunt
639 3667 842 3710 temporum
859 3661 990 3708 spatia,
1015 3661 1108 3697 sicut

258 3760 262 3762 ,
231 3719 521 3800 ψ’όῗῦίοιιᾱίῐι
540 3721 599 3760 Ne
613 3721 711 3801 dicas
729 3722 841 3760 amico
862 3727 936 3765 tuo,
963 3719 1060 3758 Vade
1075 3725 1109 3757 et

1185 272 1238 308 hit
1257 270 1432 312 futurum,
1452 271 1515 307 sed
1533 271 1756 316 subsequens
1769 271 1958 316 praesentis
1982 273 2065 309 vitae
2083 279 2237 322 tempus,

1183 338 1332 379 propter
1350 332 1446 378 quod
1462 331 1552 368 dixit
1568 344 1576 367 ε
1604 331 1726 379 Neque
1739 331 1832 368 enim
1847 332 1934 367 scies
1948 333 2032 378 quid
2049 336 2159 379 pariet
2182 347 2242 372 su-

1182 399 1389 440 perventura
1405 394 1491 438 dies,
1513 394 1550 430 id
1580 398 1648 436 est,
1680 403 1726 429 ne
1743 392 1837 429 forte
1856 393 1894 429 in
1912 403 1955 429 ea
1969 394 2150 437 moriaris,
2178 401 2240 432 aut

1183 455 1228 491 ab
1243 455 1361 501 aliqua
1382 453 1591 502 impediaris
1620 464 1741 491 causa.
1782 453 1961 501 Quidquid
1993 453 2114 490 tertius
2147 454 2241 490 inve-

1184 516 1273 552 nerit
1300 517 1374 551 dies
1398 517 1488 562 iqnis
1506 517 1675 551 absumet.
1703 515 1772 551 Per
1795 513 1890 549 diem
1908 514 2056 549 tertium
2080 513 2240 550 futurum

1182 577 1344 614 indicans
1363 577 1547 613 saeculum.
1575 577 1614 612 ln
1635 577 1712 622 ipso
1745 576 1876 622 quippe
1902 575 2082 622 generalis
2111 581 2167 612 est
2186 586 2241 611 re-

1181 639 1356 676 surrectio
1375 644 1612 682 mortuorum,
1634 648 1742 684 quam
1760 636 1925 682 designat
1943 636 2038 672 tertii
2057 636 2128 672 diei
2147 636 2240 673 facta

1182 699 1400 735 resurrectio
1432 698 1586 740 Domini,
1620 708 1701 744 quae
1730 707 1837 733 mane
1864 698 2030 744 provenit
2045 724 2055 740 ,
2092 702 2239 743 propter

1181 761 1276 806 quod
1296 766 1332 797 et
1348 771 1456 796 mane
1478 761 1648 796 saeculum
1666 760 1821 796 diximus
1840 759 2043 806 significare
2061 759 2235 795 futurum.

1182 822 1282 858 Tunc
1299 832 1384 868 ergo
1401 822 1497 868 quod
1530 822 1708 867 reliquum
1734 826 1789 857 est
1813 821 1857 858 de
1875 821 2053 857 sacrificio
2069 821 2240 866 pacifico-

1180 892 1274 924 rum,
1315 892 1378 918 seu
1394 883 1558 926 salutari,
1590 884 1673 930 igne
1701 888 1960 926 consumetur;
1999 883 2238 928 quodcunque

1180 942 1276 976 enim
1310 943 1562 988 reliquerimus
1592 945 1635 979 ad
1668 951 1829 980 nostram
1861 943 2013 980 salutem
2037 945 2236 989 pertinens,

1180 1001 1406 1048 inoperatum
1426 1009 1494 1045 est,
1526 1004 1754 1049 inoperatum
1774 1009 1810 1040 et
1827 1004 1896 1040 hoc
1928 1005 2024 1050 quod
2042 1004 2135 1039 male
2153 998 2236 1049 ope-

1180 1067 1300 1098 ratum
1316 1068 1385 1105 est,
1405 1067 1442 1098 et
1458 1062 1555 1108 ligna
1575 1068 1636 1098 aut
1658 1062 1778 1098 senum
1799 1068 1908 1108 atque
1924 1063 2055 1108 stipula
2085 1063 2235 1106 sactum,

190 1124 356 1160 similiter
390 1132 475 1169 ergo
505 1122 664 1157 humana
702 1119 867 1155 doctrina
905 1122 974 1160 est,
1008 1117 1109 1152 verbi
1128 1116 1160 1154 B
1178 1123 1246 1158 hoc
1264 1123 1345 1168 igne
1359 1128 1604 1166 consumetur,
1632 1133 1698 1158 uos
1719 1127 1840 1158 autem
1856 1123 2113 1158 detrimentum
2127 1123 2238 1167 patie-

1179 1190 1284 1228 mur‘;
1308 1185 1369 1220 sed
1390 1186 1477 1231 quid
1500 1185 1556 1221 his
1576 1185 1711 1221 addidit
1729 1185 1744 1219 ἱ)
1774 1184 1814 1221 Si
1835 1185 1914 1231 quis
1931 1185 1974 1220 de
2001 1184 2165 1219 carnibus
2188 1185 2239 1220 vi-

1177 1247 1291 1283 ctimoe
1306 1248 1533 1293 pacificorum
1548 1248 1603 1283 die
1621 1248 1720 1282 tertio
1736 1247 1938 1290 comederit,
1953 1248 2055 1282 irrita
2069 1247 2129 1293 fiet
2143 1247 2239 1283 obla-

1177 1310 1239 1351 tio,
1267 1319 1328 1343 nec
1356 1307 1511 1353 proderit
1533 1309 1719 1353 offerenti,·
1755 1309 1840 1354 quin
1859 1309 1987 1354 potius,
2024 1319 2237 1355 quaecunque

1178 1369 1296 1404 anima
1319 1367 1381 1403 tali
1410 1380 1446 1403 se
1466 1368 1582 1403 edulio
1603 1370 1908 1412 contaminaverit,
1938 1370 2236 1415 proevart‘cationis

1176 1440 1235 1463 rea
1253 1430 1330 1463 erit.
1353 1427 1426 1464 Nec
1442 1429 1521 1464 hoec
1539 1428 1674 1464 frustra
1700 1430 1868 1475 praesenti
1890 1431 2067 1466 sanctioni
2085 1432 2235 1474 addidit,

1176 1489 1238 1524 sed
1257 1489 1342 1534 quia
1363 1488 1509 1534 quidem
1539 1495 1621 1535 post
1644 1489 1753 1526 finem
1777 1490 1883 1536 hujus
1908 1492 1992 1527 vitae
2022 1498 2058 1528 et
2078 1499 2238 1529 mortuo-

1176 1559 1256 1583 rum
1280 1550 1595 1593 resurrectionem,
1616 1550 1721 1586 aliam
1751 1551 1859 1586 talem
1879 1552 1991 1588 vitam
2009 1553 2126 1598 qualis
2142 1563 2237 1590 nunc

1175 1617 1230 1648 est
1250 1612 1454 1648 describere
1467 1618 1797 1658 praesumpserunt,
1820 1614 1918 1649 mille
1938 1624 2116 1650 annorum
2128 1616 2238 1660 quod-

1175 1673 1257 1708 dam
1272 1673 1440 1709 saeculum
1464 1674 1734 1710 introducentes
1756 1686 1764 1709 :
1785 1674 1822 1709 in
1840 1684 1924 1719 quo,
1943 1680 1983 1710 ut
2001 1675 2116 1719 aiunt,
2135 1675 2236 1712 Jeru-

1175 1734 1287 1770 salem
1314 1734 1492 1771 sensibilis
1525 1735 1779 1778 aedificabitur‚
1811 1736 2058 1782 templumque
2091 1737 2169 1783 ejus
2200 1743 2236 1774 ct

1175 1794 1297 1838 quaein
1311 1804 1353 1829 ea
1370 1795 1551 1839 quondam
1566 1793 1711 1830 suerunt
1726 1793 1859 1831 Sancta
1876 1801 2083 1832 sanctorum
2099 1803 2236 1834 restau-

1173 1855 1362 1896 rabuntur,
1394 1859 1431 1889 et
1455 1853 1633 1889 sacrificia
1659 1853 1872 1890 offeruntur.
1908 1854 2008 1890 Hanc
2034 1866 2120 1901 ergo
2143 1868 2236 1902 prce-

1173 1913 1413 1959 sumptionem
1433 1913 1477 1949 de
1499 1914 1619 1949 animo
1638 1919 1763 1950 nostro
1787 1924 1973 1952 removere
1992 1916 2140 1961 cupiens
2165 1929 2172 1952 ε
2195 1917 2236 1953 Si

1173 1973 1251 2019 quis
1270 1971 1312 2007 de
1332 1971 1515 2014 carnibus,
1549 1972 1609 2013 ait,
1637 1973 1863 2018 pacificorum
1880 1974 1936 2009 die
1956 1975 2056 2010 tertio
2078 1977 2236 2012 comede-

1175 2034 1235 2076 rit,
1264 2033 1300 2068 id
1322 2038 1389 2074 est,
1414 2033 1443 2068 si
1464 2033 1544 2078 quis
1560 2032 1628 2068 sibi
1643 2032 1681 2067 in
1701 2033 1919 2078 cogitatione
1934 2041 2124 2080 proponat,
2151 2037 2235 2082 quia

1173 2098 1255 2139 post
1275 2093 1578 2128 resurrectionem
1595 2098 1818 2128 mortuorum
1837 2093 2009 2140 reliquias
2028 2094 2134 2140 hujus
2153 2097 2235 2132 vitae

1174 2159 1322 2190 acturus
1336 2158 1403 2196 est,
1420 2158 1456 2188 et
1487 2153 1594 2189 modo
1615 2154 1771 2200 quodam
1789 2156 1968 2198 comedat,
1991 2157 2163 2202 praedicta
2197 2158 2234 2194 in

1173 2219 1293 2250 mente
1310 2219 1414 2250 utens
1434 2223 1500 2259 pro
1519 2214 1599 2249 cibo
1627 2213 1795 2258 fantasia,
1827 2219 1862 2251 et
1881 2225 2031 2261 sperans
2046 2218 2234 2254 comedere

1172 2285 1212 2311 se
1240 2285 1283 2311 eo
1300 2280 1460 2321 tempore
1481 2285 1553 2322 quo
1571 2275 1762 2312 comedere
1780 2276 2003 2322 impossibile
2022 2284 2091 2321 est,
2110 2279 2145 2313 id
2164 2285 2233 2323 est,

1172 2335 1340 2380 operari:
1366 2335 1472 2380 hujus
1491 2335 1626 2371 oblatio
1643 2346 1716 2372 non
1734 2336 1930 2381 suscipitur
1962 2347 2029 2372 nec
2055 2338 2235 2383 reputabi-

1171 2402 1232 2432 tur
1246 2397 1279 2432 ei
1295 2408 1304 2439 ;
1319 2397 1380 2442 qui
1397 2397 1494 2432 enim
1510 2396 1600 2432 falsa
1619 2396 1796 2433 defuturo
1815 2398 1946 2434 saeculo
1964 2399 2133 2441 aestimat,
2150 2399 2235 2435 sibi-

1171 2456 1314 2501 metipsi
1345 2456 1515 2491 damnum
1542 2456 1650 2499 facit,
1690 2457 2037 2503 abominabilemque
2058 2464 2095 2494 et
2119 2459 2233 2504 pollu-

1172 2521 1247 2551 tam
1264 2515 1484 2551 oblationem
1505 2525 1607 2551 suam
1638 2517 1840 2551 constituit.
1870 2517 1949 2553 Non
1971 2518 2087 2554 solum
2108 2526 2230 2556 autem

1171 2576 1253 2618 boc,
1270 2576 1330 2611 sed
1349 2581 1384 2611 et
1399 2581 1587 2622 peccatum
1604 2576 1749 2612 sibimet
1763 2578 1957 2622 contrahit,
1972 2586 2121 2626 propter
2136 2582 2231 2627 quod

1171 2637 1260 2672 dixit
1276 2649 1284 2672 :
1322 2635 1415 2679 Quin
1435 2637 1549 2682 potius
1566 2647 1780 2683 quoecunque
1815 2638 1933 2673 anima
1966 2639 2029 2674 tali
2049 2651 2084 2675 se
2114 2641 2230 2677 edulio

1171 2696 1473 2739 contaminaverit,
1509 2696 1810 2741 praevaricationis
1842 2708 1902 2733 rea
1920 2699 2014 2742 erit;
2036 2701 2230 2738 ostendens

1170 2756 1254 2802 quia
1270 2762 1306 2791 et
1328 2755 1363 2790 in
1389 2756 1519 2792 damno
1536 2757 1712 2793 bonorum
1730 2757 1834 2801 vivit,
1866 2763 1901 2793 et
1918 2765 2069 2804 peccato
2092 2771 2130 2796 se
2149 2762 2230 2797 sub-

1164 2817 1259 2862 jicit,
1292 2818 1500 2863 quicunque
1526 2826 1598 2852 non
1628 2817 1723 2853 hona
1749 2818 1793 2854 de
1822 2818 2058 2855 retributione
2075 2821 2230 2858 aestimat

1169 2876 1316 2913 Christi.
1335 2875 1595 2924 (Exoriqene.)
1606 2876 1722 2914 Aliter
1737 2878 1775 2914 in
1791 2878 1900 2915 biduo
1916 2880 2047 2924 quibus
2064 2880 2149 2917 licet
2170 2892 2229 2918 ve-

1170 2937 1222 2974 sci
1242 2947 1368 2973 carnes
1391 2937 1573 2981 sacrificii,
1592 2942 1680 2984 puto
1699 2938 1770 2975 duo
1788 2939 2020 2977 Testamenta
2048 2951 2153 2987 posse
2179 2943 2230 2979 in-·

1171 2999 1295 3045 telligi,
1314 2999 1352 3035 in
1369 3001 1500 3045 quibus
1517 2999 1626 3036 liceat
1644 3010 1751 3037 omne
1765 3003 1915 3037 verbum
1935 3003 2029 3047 quod
2052 3003 2096 3038 ad
2115 3003 2228 3039 Deum

1170 3061 1341 3106 pertinet,
1358 3062 1427 3098 hoc
1446 3062 1543 3098 enim
1562 3067 1618 3097 est
1639 3062 1858 3099 sacrificium
1877 3063 2013 3109 requiri
2032 3069 2069 3099 et
2083 3065 2226 3107 discuti,

1171 3127 1278 3166 atque
1295 3132 1340 3157 ex
1358 3122 1446 3167 ipsis
1465 3131 1610 3158 omnem
1628 3132 1750 3158 rerum
1768 3123 1956 3159 scientiam
1975 3124 2066 3169 capi,
2096 3124 2126 3158 si
2141 3124 2227 3168 quid

1175 3185 1295 3218 autem
1313 3180 1532 3227 superfuerit
1552 3182 1648 3227 quod
1663 3191 1735 3218 non
1755 3182 1876 3218 divina
1896 3181 2083 3226 Scriptura
2102 3181 2226 3215 decer-

1168 3248 1244 3286 nat,
1267 3243 1402 3279 nullam
1419 3243 1528 3280 aliam
1546 3244 1764 3289 scripturam
1790 3244 1934 3278 tertiam
1956 3243 2085 3278 debere
2099 3246 2223 3277 aucto-

1168 3304 1275 3339 ritate
1301 3304 1462 3340 scientiae
1479 3303 1623 3350 suscipi,
1643 3313 1724 3348 quae
1747 3302 1807 3338 hic
1827 3302 1905 3338 dies
1922 3301 2028 3337 tertia
2061 3300 2225 3335 nomina-

1169 3366 1242 3405 tur,
1264 3362 1327 3398 sed
1356 3361 1431 3407 igni
1466 3361 1651 3397 tradamus
1670 3360 1763 3405 quod
1783 3363 1966 3403 superest,
1994 3356 2030 3392 id
2048 3362 2117 3400 est,
2150 3358 2224 3395 Deo
2277 3361 2282 3366 '

1168 3429 1396 3457 reservemus
1410 3431 1421 3463 ;
1437 3429 1555 3465 neque
1574 3419 1671 3454 enim
1687 3417 1724 3452 in
1737 3417 1908 3462 praesenti
1925 3416 2000 3452 vita
2015 3417 2110 3454 Deus
2129 3418 2224 3455 scire

1170 3488 1236 3514 nos
1260 3479 1383 3515 onmia
1399 3478 1526 3520 voluit,
1557 3476 1713 3512 maxime
1741 3485 1823 3511 cum
1847 3475 1883 3511 id
1908 3480 1946 3511 et
1961 3474 2153 3522 Apostolus
2169 3478 2223 3514 di-

1170 3542 1253 3574 cat:
1274 3537 1368 3580 Quia
1385 3547 1429 3572 ex
1456 3541 1554 3582 parte
1578 3534 1706 3570 scimus
1723 3539 1756 3569 et
1775 3545 1818 3570 ex
1830 3540 1930 3581 parte
1946 3537 2192 3583 prophetamus
2206 3547 2221 3581 ‚⁸

1171 3607 1250 3633 cum
1265 3597 1394 3632 venerit
1425 3600 1542 3630 autem
1563 3594 1657 3641 quod
1685 3594 1874 3641 perfectum
1897 3602 1967 3639 est,
2000 3596 2223 3634 destruentur

1171 3657 1234 3694 illa
1256 3666 1333 3703 quoe
1351 3666 1395 3692 ea:
1408 3660 1507 3702 parte
1522 3661 1603 3691 sunt
1631 3653 1668 3702 (Ι
1682 3653 1802 3691 Corin.
1828 3655 1926 3700 xm).
1945 3655 2027 3700 ‚Iste
2040 3657 2108 3693 'est
2134 3666 2221 3705 ergo

1173 3717 1267 3764 ignis
1281 3716 1339 3755 cui
1351 3725 1432 3763 quae
1459 3716 1499 3754 in
1513 3716 1662 3756 tertium
1679 3716 1776 3755 diem
1799 3715 2043 3763 superfuerint
2073 3728 2222 3759 servaro
