2540 4016
30 139 161 197 '555

677 98 1019 196 musmones
1044 136 1093 177 1N
1115 135 1386 189 hminem.
1408 132 1457 180 Ξ.-
1480 137 1572 190 un,
1594 137 1675 207 We

2143 113 2153 121 ’
2205 143 2284 199 εν

90 233 155 273 sed
169 231 366 270 seeundum
378 233 569 267 numerum
590 222 784 266 morum,
803 219 843 258 id
858 223 928 264 est,
950 216 1149 256 secundum
1166 216 1204 259 A
1219 199 1392 264 spiritalis
1420 213 1620 263 scripturae
1649 217 1687 251 et
1706 213 1812 264 bonae
1839 219 2154 276 conversationis-,1
2169 197 2281 275 qu'm

77 306 195 335 suam
223 294 409 335 virtutem,
440 288 525 337 quia
554 285 642 323 anni
668 282 830 323 hominis
857 285 1003 319 :etatem
1030 283 1152 316 osten-

91 343 195 400 dunt,
216 364 262 392 ex
278 362 350 408 qua
366 347 579 388 manifestus
597 346 646 383 sit
664 344 762 393 quis,
788 343 876 390 quid
892 341 1009 390 possit
1024 350 1152 378 seeun-

90 418 177 455 dum
192 425 343 466 corpus3
364 411 461 461 quod
478 408 595 458 magis
612 408 809 454 explanans
838 402 1016 448 subdidit,
1043 403 1153 450 Juxta

90 477 370 526 supputationem
401 474 543 520 rruqum
569 469 692 507 vendet
720 467 800 511 tibi,
828 466 1027 510 secundum
1057 463 1154 517 quod

90 539 199 575 babet
223 538 396 574 virtutem
427 531 571 580 operari
597 535 634 567 et
659 527 895 571 fructificare,
917 525 1046 562 reddat
1075 534 1153 560 ma—

91 602 204 648 gistro
221 601 378 635 fructum
399 595 608 642 discipulus.
633 593 774 639 Quanto
801 590 882 637 plus
899 588 983 624 anni
1010 597 1154 629 reman-

90 662 205 698 serint
236 666 318 708 post
346 659 558 707 jubilaeum,
595 661 696 692 tanto
731 653 863 691 crescit
896 651 1067 701 pretium.
1109 649 1155 694 Et

89 726 224 769 quanto
242 721 362 756 minus
385 718 635 762 numeraveris
658 722 812 762 tempus,
835 717 976 750 tantum
1001 707 1156 758 minoris

87 788 125 819 et
141 781 275 829 emptio
292 779 483 817 constabit.
506 779 656 826 Tempus
674 778 766 814 enim
782 775 923 822 [ruyum
937 770 1059 809 vendet
1077 771 1152 806 tibi.

89 844 129 882 Si
158 850 278 891 potest
307 843 420 879 multa
450 841 614 890 operari,
642 838 795 876 multum
818 835 978 873 fructum
1007 832 1151 878 exiges3

88 906 119 942 si
141 910 262 942 autem
286 914 415 951 pauca,
446 912 599 949 parvum
618 910 628 935 :
648 909 733 939 nam
758 895 818 932 hie
841 894 987 940 quidem
1007 892 1152 938 trigesi-

89 977 204 1010 mum,
223 965 316 1001 alter
334 969 455 1004 autem
472 960 750 1007 sexagesimum,
772 955 865 992 alter
883 963 971 990 vero
998 953 1155 989 centesi-

90 1038 189 1064 mum
206 1027 366 1062 fructum
385 1023 481 1058 serre
499 1020 671 1067 exigitur.
702 1016 777 1052 Nee
796 1015 1020 1063 negligenter
1044 1015 1114 1050 hoc
1133 1023 1154 1049 a

87 1086 308 1133 legislatore,
331 1083 395 1119 sed
414 1093 457 1118 ex
477 1091 586 1127 opere
614 1079 793 1122 studetur,
814 1087 899 1112 nam
920 1077 972 1112 ait
989 1076 1119 1112 iteruin
1139 1084 1150 1110 τ

1220 277 1327 315 nobis
1343 275 1440 327 Deus
1455 274 1644 331 possidere
1660 278 1698 310 et
1711 272 1834 315 colere
1847 276 2028 329 praecipit,
2042 283 2187 329 quando
2201 283 2282 332 ejus

1220 337 1461 375 intentionem
1479 346 1553 388 non
1581 334 1760 385 tuerimus
1786 336 2030 387 transgressu
2054 342 2143 378 tuno
2170 343 2286 398 gignit

1219 397 1361 437 fructus
1381 409 1466 437 suos
1482 397 1615 446 quibus
1630 405 1823 446 vescamur
1840 405 1957 446 usque
1972 395 2020 440 ad
2034 399 2283 448 §muritaoem;

1221 465 1259 497 et
1274 460 1408 497 nullius
1425 461 1600 508 impetum
1616 456 1878 506 formidemus3
1910 455 1975 504 qui
2002 456 2103 497 enim
2131 462 2288 505 custodit

1221 521 1461 561 intentionem
1480 521 1570 570 legis
1589 525 1628 570 et
1653 518 1717 571 qui
1745 522 1932 574 operatur,
1959 517 2022 567 hic
2050 517 2129 566 eius
2147 519 2290 570 colliget

1222 583 1376 628 fructus,
1397 589 1434 629 et
1454 581 1620 632 comedet
1647 591 1710 632 eos
1730 579 1776 631 ad
1799 578 2043 628 saturitatem,
2062 584 2100 616 et
2118 579 2197 628 sine
2216 580 2290 620 ror.

1222 645 1358 683 midine
1378 645 1415 681 in
1435 655 1478 681 ea
1497 643 1690 691 inhabitat,
1712 642 1797 699 quia
1812 640 2033 693 legislatoris
2051 631 2290 682 intentionem

1222 718 1296 745 non
1313 705 1593 758 transgreditur,
1609 714 1675 753 nee
1692 702 1861 756 conscius
1877 702 1945 740 sibi
1959 707 2017 754 est
2029 705 2157 754 eontra
2172 701 2287 751 legem
2331 724 2339 734 ·

1222 770 1261 807 in
1277 769 1359 817 lege
1379 769 1441 805 Dei
1462 767 1684 807 conversari.
1707 765 1882 814 Sequitur
1901 777 1911 803 :

1273 843 1376 888 Quod
1395 844 1426 880 si
1446 842 1607 885 dixeritis
1625 851 1637 875 .·
1664 840 1758 885 Quid
1778 840 1997 883 comedemus
2018 851 2111 879 anno
2131 840 2291 889 septimo,
2324 852 2334 856 ·

1223 907 1254 941 si
1275 916 1343 942 non
1371 905 1561 942 severimus
1587 914 1697 951 neque
1723 902 1964 951 collegerimus
1986 903 2104 951 fruges
2125 903 2295 940 nostras?
2324 947 2327 951 Δ

1223 966 1324 1001 Dabo
1340 966 1612 1005 benedictionem
1630 964 1722 1002 vobis
1741 975 1836 1003 anno
1850 970 1961 1008 sexto,
1977 970 2008 1000 et
2028 963 2134 1012 saciet
2152 964 2290 1011 fructus
2322 953 2326 971 ³

1222 1027 1331 1061 trium
1353 1037 1549 1069 annorum‚·
1572 1027 1759 1073 seretisque
1779 1035 1873 1062 amm
1892 1030 2027 1073 octavo,
2052 1031 2085 1061 et
2106 1025 2293 1063 comedetis

1223 1091 1350 1121 veteres
1377 1086 1495 1131 srnqes
1525 1095 1635 1132 usque
1662 1084 1708 1120 ad
1735 1083 1871 1120 'nonum
1895 1095 2044 1128 annum,
2064 1085 2175 1120 donec
2203 1095 2293 1120 nova

90 1147 127 1184 Ν
129 1147 210 1183 Ome
238 1146 386 1193 ssfflfffffl'e
417 1141 626 1179 ⁶⁰”l7'fbu‘es
655 1146 799 1183 vestro&
820 1138 880 1174 sed
901 1139 1021 1174 timeat
1040 1148 1153 1174 unus·
1172 1128 1206 1170 B
1225 1154 1429 1192 nascantur,
1453 1147 1561 1182 edetis
1584 1152 1714 1182 vetera.
1741 1145 1850 1182 Valde
1869 1144 2018 1189 dignum
2042 1149 2112 1188 est,
2133 1149 2173 1181 ut
2191 1146 2293 1192 prius

87 1209 230 1256 quisque
254 1206 366 1241 Deum
390 1215 492 1240 sunm
506 1230 516 1246 ,
542 1203 625 1250 quia
645 1212 706 1248 eqo
727 1200 898 1236 Dominus
916 1199 1011 1235 Deus
1030 1204 1152 1234 vester.

89 1269 173 1305 Non
192 1268 315 1316 affliget
335 1267 437 1307 homo
456 1263 699 1306 contribulem,
729 1262 763 1298 id
795 1266 868 1305 est,
902 1272 974 1298 non
995 1261 1028 1296 ei
1047 1270 1155 1306 grave

87 1341 178 1368 onus
209 1318 391 1376 imponat,
414 1334 451 1364 et
481 1337 590 1380 supra
620 1325 793 1365 virtutem
822 1324 898 1372 ejus
920 1333 929 1358 t
952 1323 1011 1359 sed
1036 1323 1156 1358 timeat

86 1393 324 1439 unusquisque
355 1389 466 1425 Deunt
499 1399 622 1431 sunm,
656 1386 717 1432 qui
749 1386 856 1429 dicit,
891 1384 1000 1420 tollite
1027 1386 1156 1431 jttqum

88 1465 218 1496 meum,
243 1453 326 1500 quia
354 1462 459 1486 suave
480 1456 552 1491 est;
583 1455 614 1483 et
635 1459 721 1483 onus
746 1458 882 1490 ntenm,
903 1447 987 1492 qnia
1014 1445 1086 1480 leve
1107 1451 1157 1486 est

90 1516 235 1564 (Mmtn.
255 1514 320 1562 xl).
348 1514 423 1561 Eyo
443 1513 614 1548 Dominus
632 1511 727 1547 Dens
752 1517 875 1554 vester,
892 1510 927 1545 id
944 1514 1011 1552 est,
1034 1508 1096 1561 qui
1114 1509 1159 1545 de

89 1578 298 1625 virginitate
329 1575 500 1622 apostolis
529 1573 685 1620 praecepi
716 1577 752 1608 et
782 1571 857 1607 dixi
883 1582 890 1606 :
923 1569 1008 1606 Non
1040 1580 1158 1607 omnes

87 1638 229 1686 capiunt
260 1636 399 1673 verbum
430 1635 515 1678 Itoc,
549 1634 607 1669 sed
656 1634 716 1681 qni
749 1637 861 1680 potest
890 1642 1011 1678 capere
1043 1631 1158 1677 capiat

91 1699 145 1747 (M
149 1700 236 1735 aith.
259 1697 352 1746 mx).
365 1697 425 1733 Sic
441 1704 734 1743 unumquemque
745 1694 826 1733 inde
838 1693 949 1740 exigit
960 1693 1160 1729 secundum

90 1763 262 1799 virtutem
279 1770 394 1798 suam.
407 1759 453 1794 Et
470 1759 538 1794 hoc
556 1757 703 1804 quidem
717 1757 858 1801 lucrum
873 1760 929 1792 est
944 1753 1160 1800 contempla-

90 1824 201 1861 tionis
217 1823 378 1869 spiritus.
395 1820 510 1856 Habet
529 1825 651 1860 autem
666 1825 702 1854 et
716 1818 835 1861 littera
853 1828 925 1860 uon
942 1827 1091 1870 parvam
1110 1817 1161 1854 in-

89 1885 327 1930 structionem
345 1895 352 1918 :
371 1882 527 1930 compati
544 1882 640 1921 enim
657 1881 837 1928 proximo,
858 1884 895 1921 et
913 1879 950 1915 in
968 1878 1161 1920 contracti-

89 1948 156 1986 bus
187 1946 443 1989 sensibilibus,
477 1949 513 1983 et
543 1943 750 1985 nullatenus
778 1951 928 1990 gravem
953 1941 1162 1988 quempiam

90 2019 207 2060 neque
216 2018 409 2046 onerosum
420 2006 496 2049 vult
508 2015 603 2050 esse,
613 2015 682 2047 nee
696 2005 740 2040 de
752 2013 953 2052 pauperum
966 2002 1162 2039 necessita-

90 2073 188 2111 tibus
211 2069 406 2119 negotiari,
423 2079 490 2110 nec
514 2068 660 2106 studere
681 2077 746 2103 seu
763 2066 939 2109 festinare
958 2065 1162 2112 possessio-

91 2145 157 2178 nes
178 2143 303 2177 eorum
331 2131 399 2168 sibi
429 2130 662 2178 conquirere,
685 2129 833 2166 domum
855 2127 979 2169 domui
1010 2126 1160 2173 conjun-

93 2205 202 2244 gere,
242 2203 367 2242 agrum
403 2202 489 2240 agro
529 2201 734 2239 apponere;
774 2191 839 2229 sed
872 2189 1034 2227 tribuere
1069 2199 1159 2236 opus

94 2242 333 2299 habentibus,
363 2259 400 2290 et
424 2263 503 2305 quae
530 2253 705 2300 paulatim
723 2252 900 2293 dederunt
920 2251 963 2295 de
984 2250 1161 2290 fructibus

93 2316 276 2364 recipere,
296 2315 357 2365 qui
375 2315 418 2355 de
436 2314 533 2363 agris
552 2313 782 2360 colliguntur,
803 2312 921 2358 ipsum
946 2311 1043 2348 enim
1061 2311 1160 2347 debi-

93 2383 170 2414 tum
190 2377 347 2422 donare,
369 2382 404 2412 et
425 2386 542 2423 neque
566 2376 635 2412 hoc
653 2375 750 2422 quod
768 2379 935 2411 mutuum
960 2374 1082 2410 datum
1105 2377 1161 2409 est

93 2439 277 2486 recipere,
308 2437 477 2489 perfectae
505 2438 574 2475 hoc
593 2437 676 2477 vitoe
698 2442 776 2480 est,
796 2446 906 2483 quam
935 2446 1007 2472 non
1034 2445 1162 2477 omnes

94 2500 254 2546 capiunt,
274 2499 334 2551 qui
351 2504 472 2538 autem
491 2498 654 2547 capiunt,
675 2497 774 2534 beati
793 2501 891 2539 sunt.
912 2495 1110 2541 §equitum

143 2560 176 2596 F
179 2562 267 2599 acite
282 2567 455 2608 proecepta
481 2572 574 2604 mea,
603 2567 634 2596 et
657 2559 798 2606 judicia
825 2569 902 2597 mea
922 2557 1107 2601 custodite,
1128 2563 1159 2593 et

95 2620 233 2669 implete
258 2631 313 2666 ea,
339 2625 375 2660 ut
396 2618 557 2661 habitare
578 2617 718 2667 possitis
746 2617 784 2652 in
809 2623 904 2658 terra
932 2616 1061 2662 absque
1087 2615 1160 2655 ullo

95 2693 236 2728 pavore,
270 2686 303 2716 et
331 2680 451 2729 qiqnat
483 2678 577 2717 vobis
605 2678 733 2720 luamus
762 2677 898 2723 fructus
928 2689 1010 2719 suos
1035 2678 1160 2725 quibus

95 2746 285 2789 vescamini
304 2755 411 2792 usque
435 2743 480 2781 ad
498 2743 729 2785 saturitatem,
748 2741 880 2779 nullius
903 2741 1068 2788 impetum
1089 2742 1161 2788 sor-

97 2809 282 2851 midantes.
303 2807 516 2850 Nannenus
533 2806 630 2846 enim
651 2816 716 2845 nos
735 2815 868 2846 vacare
895 2805 998 2848 licet,
1025 2805 1160 2842 infirmi

98 2881 222 2913 sumus
241 2881 261 2908 a
285 2870 373 2918 legis
392 2869 620 2916 operatione,
638 2869 700 2905 sed
724 2868 870 2915 operari
897 2868 1022 2914 procul
1052 2869 1160 2905 dubio

99 2932 208 2971 etiam
234 2932 435 2974 seeundum
461 2932 636 2968 virtutem
656 2930 755 2974 vult,
781 2931 954 2967 virtutem
975 2931 1071 2967 enim
1096 2941 1162 2967 no-

100 3054 360 3101 Goqitationum
393 3055 540 3092 invicem
573 3052 816 3091 accusantium
839 3052 892 3089 vet
918 3053 1162 3095 excusantium

101 3116 222 3165 (Rom.
241 3116 298 3163 ιι).
322 3115 458 3153 Omnes
474 3125 562 3163 ergo
575 3115 738 3163 justitias
758 3115 844 3158 Dei,
868 3115 990 3151 omnia
1011 3115 1089 3162 ejus
1104 3115 1163 3161 ju·-

101 3177 194 3214 dicia
214 3177 316 3224 prius
333 3176 592 3220 custodiamus,
613 3182 650 3212 et
667 3180 794 3223 postea
813 3174 1012 3220 faciamus3
1038 3181 1162 3213 custo-

101 3240 243 3277 diamus
268 3249 341 3276 non
361 3244 635 3286 corrumpentes
662 3237 903 3274 intentionem
922 3248 1068 3283 eorum,
1099 3239 1164 3277 sed

102 3300 267 3341 districte
281 3300 528 3337 custodientes
542 3306 580 3336 et
597 3299 889 3343 immutabiliter,
904 3299 1016 3336 veluti
1038 3300 1068 3336 si
1082 3300 1164 3347 quis

102 3363 370 3411 eleemosynam
399 3362 544 3410 operari
577 3362 689 3406 velit,
723 3372 796 3400 non
826 3362 993 3409 proximo
1027 3373 1163 3399 nocens

104 3429 285 3470 operetur,
314 3433 433 3470 neque
453 3423 483 3460 si
508 3432 646 3470 pauper
664 3427 735 3468 est,
762 3422 841 3470 ipse
860 3423 981 3469 rapiat
1008 3423 1161 3460 divitum

105 3485 291 3531 mins,
308 3489 352 3522 ut
368 3485 530 3532 praebeat
558 3483 800 3533 pauperibus;
829 3483 926 3520 Deus
951 3484 1049 3520 enim
1068 3484 1164 3521 elee-

104 3548 356 3594 mosyn-nex
374 3547 513 3596 §ustitia
541 3546 665 3585 offerri
691 3547 783 3584 vult.
808 3545 886 3583 noe
911 3551 1034 3582 autem
1061 3550 1098 3582 et
1127 3546 1166 3582 in

107 3607 325 3657 *umque
339 3599 513 3646 normate
531 3608 699 3654 dicimus,
718 3613 760 3646 nt
775 3607 878 3657 prius
893 3608 973 3656 ejus
991 3606 1164 3644 intentio-

109 3660 373 3707 num-hen
390 3669 638 3708 custodiamus
655 3660 694 3707 et'
710 3669 764 3707 sic
785 3669 823 3706 in
841 3679 968 3707 eorum
985 3668 1166 3716 operatio-

109 3732 201 3762 nem
220 3726 475 3775 mausz
507 3734 596 3768 tune
623 3731 723 3769 enlm
752 3731 791 3768 in
821 3736 920 3768 terra
948 3729 1165 3778 intelligibili

111 3784 639 3843 omm'’ms2'
658 3791 702 3833 Qu
730 3791 852 3836 (lfflltss⁴
879 3791 1052 3834 videlieet
1084 3791 1164 3845 lego

1218 1210 1403 1258 juvemur,
1431 1209 1467 1245 id
1487 1215 1566 1253 est,
1590 1210 1634 1246 de
1661 1208 1821 1244 utilitate
1849 1206 1978 1245 litterae
2005 1207 2075 1243 hoe
2104 1207 2295 1244 intenden-

1224 1273 1310 1309 dum
1327 1278 1400 1317 est,
1423 1278 1533 1319 atque
1554 1270 1763 1316 hujusmodi
1787 1269 1929 1306 lucrum
1947 1270 2182 1314 sectandum3
2207 1271 2294 1307 duo·-

1224 1344 1307 1370 rum
1338 1334 1435 1370 enim
1469 1342 1647 1373 annorum
1683 1332 1912 1368 vacationem
1945 1336 2052 1372 terrae
2081 1331 2294 1379 praecipiens

1225 1404 1299 1435 nou
1316 1394 1393 1434 vult
1418 1393 1597 1437 deficere,
1630 1402 1747 1438 neque
1772 1391 1983 1434 conturbari
2010 1401 2072 1429 eos
2090 1392 2153 1438 qui
2178 1392 2294 1439 legem

1224 1455 1485 1502 percipiebant,
1503 1455 1588 1501 quid
1604 1454 1806 1497 comedant,
1823 1458 1886 1489 aut
1898 1453 1994 1489 unde
2007 1453 2214 1497 comedant,
2231 1455 2295 1491 sed

1225 1519 1277 1558 ait
1303 1530 1311 1553 ε
1338 1517 1438 1556 Dabo
1469 1517 1741 1553 benedictionem
1770 1527 1884 1552 meam
1914 1516 2023 1554 vobis.
2045 1509 2161 1560 Quam
2181 1516 2294 1554 vero?

1226 1580 1310 1626 quia
1335 1589 1402 1615 non
1423 1579 1460 1621 in
1480 1579 1555 1619 solo
1577 1589 1666 1625 pane
1690 1578 1769 1614 vivit
1791 1578 1908 1619 homo,
1936 1576 1995 1618 sed
2021 1577 2058 1612 in
2080 1577 2175 1618 omni
2193 1577 2294 1615 verbo

1228 1641 1320 1686 qnod
1339 1639 1493 1687 procedit
1510 1640 1553 1675 de
1578 1651 1636 1675 ore
1655 1638 1720 1675 Dei
1740 1638 1885 1685 (Manli.
1909 1637 1975 1684 lv).
1998 1636 2187 1680 Quomodo
2207 1647 2294 1685 ergo

1229 1701 1364 1738 Christi
1389 1701 1598 1742 mandatum
1624 1700 1771 1746 quidam
1803 1706 1977 1746 tanquam
2008 1698 2234 1745 impossibile
2259 1704 2297 1735 et

1228 1764 1451 1803 laboriosum
1481 1768 1653 1803 accusant
1673 1763 1769 1809 quod
1800 1762 1890 1799 dixit
1916 1773 1924 1797 :
1959 1760 2043 1799 Non
2074 1761 2231 1807 coyitetis
2257 1761 2296 1797 in

1229 1827 1397 1863 crastino.
1421 1826 1515 1863 Eece
1541 1826 1638 1865 enim
1667 1825 1777 1863 etiam
1803 1825 1860 1861 lex
1891 1823 2023 1862 similia
2047 1823 2234 1869 praecipit,
2257 1829 2296 1860 et

1228 1887 1275 1924 de
1301 1887 1451 1934 integris
1478 1888 1595 1924 tribus
1618 1887 1722 1926 annis
1749 1886 1852 1932 jubet
1878 1895 1951 1922 non
1968 1884 2131 1932 cogitare
2149 1893 2213 1922 eos
2232 1884 2296 1932 qui

1229 1948 1402 1987 virtutem
1431 1949 1650 1995 legislatoris
1683 1949 1888 1987 intendunt.
1922 1948 2104 1987 Praeterea
2132 1958 2199 1994 per
2220 1952 2298 1986 tres

1177 2033 1210 2087 C
1232 2021 1346 2049 annos
1375 2010 1660 2056 uniuscujusque
1687 2016 1853 2047 nostrum
1883 2010 2231 2047 consummationem
2259 2013 2297 2046 et

1231 2081 1461 2109 communem
1482 2072 1759 2108 retributionem
1780 2082 1860 2118 quae
1878 2076 1935 2107 est
1952 2077 2035 2117 post
2057 2071 2297 2108 resurrectio-

1227 2144 1312 2170 nem
1347 2133 1556 2170 necessario
1594 2132 1842 2178 intelligimus.
1875 2131 1914 2167 ln
1947 2139 2167 2178 unoquoque
2199 2131 2297 2167 enim

1227 2197 1358 2233 horum
1376 2196 1609 2232 comedemus
1629 2205 1854 2241 quaecunque
1872 2194 1931 2231 hic
1945 2195 2086 2241 operati
2106 2194 2295 2231 fuerimus.

1226 2256 1380 2304 Propter
1400 2257 1497 2303 quod
1515 2257 1564 2292 nit
1586 2266 1596 2292 ι
1622 2255 1724 2299 Quod
1751 2257 1781 2291 si
1802 2256 1961 2291 dixeritis
1982 2265 1993 2290 :
2016 2255 2110 2299 Quid
2137 2255 2298 2291 comede-

1227 2331 1305 2355 mus
1326 2330 1420 2362 anno
1446 2319 1618 2365 septimo?
1650 2319 1686 2354 id
1713 2323 1790 2361 est,
1819 2317 2104 2363 uniuscujusque
2132 2322 2297 2353 nostrum

1225 2379 1596 2422 consummationem3
1630 2378 1862 2415 manifestum
1891 2383 1948 2414 est
1979 2377 2074 2413 enim
2099 2377 2182 2422 quia
2203 2382 2240 2413 et
2259 2377 2298 2413 in

1227 2440 1426 2482 communi,
1448 2440 1486 2475 in
1507 2449 1577 2485 qua
1592 2439 1812 2475 resurrectio
1829 2439 1882 2482 iit,
1906 2443 1943 2474 et
1963 2438 1999 2474 in
2021 2437 2297 2474 retributionem

1227 2503 1395 2541 eumdem
1415 2502 1535 2540 cibum
1562 2501 1789 2538 habebimus.
1820 2501 1915 2537 Audi
1944 2501 2041 2547 quod
2074 2501 2139 2537 tibi
2171 2501 2216 2537 de
2238 2501 2296 2539 his

1229 2566 1323 2601 Deus
1342 2573 1555 2610 responsum
1570 2574 1634 2609 per
1651 2563 1766 2610 legem
1787 2563 1850 2602 dat
1871 2574 1879 2597 z
1899 2562 2000 2598 Dabo
2021 2562 2295 2599 benedictionem

1228 2636 1341 2661 meam
1361 2624 1455 2660 vobis
1475 2635 1568 2660 anno
1588 2630 1700 2666 sexto,
1720 2630 1751 2659 et
1773 2623 1877 2669 saciet
1899 2622 2032 2668 fructus
2057 2624 2164 2659 trium
2180 2634 2294 2661 anno-

1227 2697 1321 2721 rum.
1346 2685 1555 2727 Benedictio
1581 2685 1700 2721 Patris
1726 2684 1839 2721 Filius
1862 2690 1933 2728 est,
1965 2684 2043 2730 ipse
2067 2686 2164 2721 enim
2182 2685 2297 2723 male-

1230 2748 1366 2784 dictum
1385 2747 1524 2784 illatum
1544 2747 1630 2783 Adae
1654 2747 1886 2793 disperdidit,
1916 2752 2066 2794 propter
2089 2748 2185 2794 quod
2203 2754 2241 2785 et
2258 2748 2296 2788 in

1228 2817 1272 2844 eo
1289 2813 1457 2857 oportere
1486 2817 1552 2844 nos
1582 2807 1747 2844 benedici
1779 2807 1893 2844 David
1925 2807 2114 2853 psalmista
2145 2813 2182 2844 et
2211 2817 2296 2854 pro-

1228 2871 1338 2917 pheta
1356 2869 1480 2907 docuit
1498 2882 1506 2905 ε
1526 2869 1728 2906 Benedictio
1747 2868 1891 2905 Domini
1909 2880 2014 2915 super
2027 2879 2100 2912 vos,
2117 2868 2296 2906 benedixi-

1177 2942 1307 2989 Dntus
1337 2931 1433 2967 vobis
1460 2931 1498 2966 in
1529 2930 1670 2966 nomine
1700 2929 1843 2965 Domini
1872 2928 2000 2977 (Psat.
2043 2929 2189 2976 xxvnt).
2223 2928 2295 2966 No·

99 2999 213 3035 stram
231 2994 452 3032 conscientia
467 2998 594 3030 nostra
607 2990 806 3035 convincit,
822 2991 916 3028 sicut
932 2992 985 3027 nit
1000 2991 1133 3029 Paulus
1150 3003 1158 3027 :
1192 2994 1195 2995 ⁷

1230 3003 1312 3030 men
1330 2993 1474 3030 Domini
1495 2991 1627 3028 Filium
1645 2991 1770 3028 dicens
1789 2991 1990 3035 evidenter,
2013 2991 2097 3037 quia
2122 2991 2296 3038 quemad-

1231 3054 1377 3090 modum
1396 3063 1528 3090 nomen
1548 3051 1758 3088 manifestat
1777 3061 2087 3098 unumquemque,
2107 3051 2216 3087 etiam
2233 3051 2294 3097 qui

1232 3126 1303 3151 non
1322 3115 1483 3158 videtur,
1513 3113 1566 3150 sic
1585 3119 1622 3150 et
1639 3113 1807 3150 Christus
1822 3123 1999 3159 apparens
2020 3111 2188 3158 cognosci
2208 3111 2295 3147 fecit

1231 3175 1376 3211 Patrem
1396 3176 1434 3211 in
1463 3175 1672 3222 semetipso,
1705 3173 1869 3219 quamvis
1899 3171 2129 3209 invisibilem.
2160 3170 2228 3207 Hic
2255 3172 2292 3208 in

1230 3246 1335 3275 sexto
1355 3247 1451 3274 anno
1469 3237 1569 3274 venit
1589 3241 1760 3280 tanquam
1780 3234 1816 3269 in
1833 3232 2067 3279 perfectione,
2083 3231 2176 3267 hanc
2193 3232 2290 3268 enim

1232 3299 1398 3337 senarius
1419 3307 1594 3335 numerus
1623 3294 1803 3342 significat
1818 3320 1826 3336 ‚
1856 3292 1951 3338 quod
1976 3296 2016 3326 ut
2035 3291 2072 3326 in
2092 3291 2291 3333 novissimo

1230 3365 1396 3407 tempore
1415 3369 1543 3395 rursus
1559 3354 1770 3394 reformatio
1786 3352 2017 3400 proveniret:
2036 3351 2074 3388 iu
2093 3350 2196 3398 cujus
2212 3353 2289 3391 die-

1231 3433 1313 3459 rum
1331 3430 1483 3458 numero
1497 3421 1605 3456 homo
1621 3417 1799 3452 formatus
1817 3413 2140 3460 estzquamobrem
2159 3422 2286 3460 quem-

1231 3483 1425 3519 admodum
1445 3477 1673 3516 formationis
1709 3480 1813 3511 sexta
1831 3473 1923 3518 dies,
1942 3473 1996 3510 sio
2029 3478 2156 3511 sexms
2175 3483 2291 3510 annus

1230 3541 1502 3579 reformationis
1538 3542 1637 3577 reete
1674 3535 1886 3583 appellatur.
1924 3534 2028 3580 Quod
2058 3540 2181 3572 autem
2216 3533 2292 3576 illic

1231 3608 1355 3641 sextus
1385 3601 1474 3641 dies,
1506 3602 1631 3637 sextus
1656 3603 1778 3635 autem
1807 3595 1869 3632 bie
1893 3592 2011 3637 onnus
2041 3595 2188 3639 dicitur,
2215 3593 2291 3632 ὶοο

1230 3665 1312 3702 ideo
1335 3662 1375 3700 flt
1405 3661 1492 3710 quia
1520 3659 1634 3696 multa
1661 3658 1757 3695 inter
1783 3656 2039 3694 romanonem
2062 3660 2224 3693 nostran
2250 3659 2291 3692 ot

1230 3723 1527 3763 reformationem
1545 3725 1750 3768 temporum
1771 3711 2018 3757 'decurrerunt
2034 3716 2164 3765 spotia.
2191 3714 2290 3764 Ergo

1230 3797 1305 3830 non
1326 3785 1463 3826 frustra
1489 3783 1584 3824 sexti
1603 3782 1690 3823 anni
1715 3780 1904 3837 basiator
1917 3780 2143 3825 mentionem
2166 3776 2256 3819 cnut
2271 3788 2286 3817 ε,
