2540 4016
13 304 18 315 ⁷
38 303 100 334 »[ιῦ

12 317 128 406 {rim
145 341 398 392 hae'ie'ticorum
429 344 543 389 infert
576 350 756 398 dogmata,
785 355 822 386 et
841 351 1090 396 superstitiosa

12 445 30 475 ἰ
46 411 264 459 'cularium
278 412 484 449 litterarum
508 409 640 448 studia.
668 407 754 447 Haec
778 410 874 447 enim
894 412 949 446 est
965 410 1091 457 regula

12 457 162 525 {isli-ea,
179 474 363 511 luculento
383 483 549 510 sermone
565 474 685 519 aptata
704 484 711 507 :
733 472 826 508 hanc
838 469 994 507 fraudati
1009 478 1091 506 sunt

12 528 51 583 {i
103 545 161 581 us,
183 531 346 572 Marcion
379 531 633 577 etBasilides;
674 530 784 568 furati
809 537 894 568 sunt
915 532 1012 568 enim
1032 532 1091 567 isti

16 578 187 647 ifessulas
206 598 335 632 aureas
348 594 392 631 de
407 594 567 638 Jericho,
588 598 625 630 et
643 592 937 640 philosophorum
957 597 1094 628 sectam

21 646 112 710 [lion
132 664 269 696 rectam
287 658 324 697 in
345 656 546 694 Ecclesiam
570 655 690 692 conati
707 660 790 691 sunt
809 653 1037 690 introducere
1058 658 1095 688 et

41 709 221 771 fflaculare
236 730 381 756 omnem
398 716 597 755 Ecclesiam
612 716 768 759 Domini,
787 714 836 751 ita
851 720 890 750 ut
910 715 971 750 alii
990 714 1093 749 multi

24 780 279 882 ffirderentur
296 791 361 828 per
393 790 456 816 eos
476 791 484 814 ι
508 779 660 825 ideoque
693 776 824 822 abjecti
846 785 912 821 pro
946 774 1095 810 anatlie-

30 885 37 888 ,
82 846 156 886 ate,
179 841 282 888 quasi
307 851 435 877 acervo
453 839 626 886 lapidum,
645 838 696 874 ita
719 832 948 873 multitudine
968 845 1092 881 pccca-

29 901 160 940 tiorum
179 911 326 937 suorum
346 899 508 946 oppressi
526 904 634 944 atquc
671 895 839 933 exstincti
874 899 958 930 sunt
977 906 985 929 :
1008 905 1095 939 quo-

34 966 125 1000 lrum
140 970 266 999 auctor
287 973 329 998 ac
347 965 554 1008 peremptor
569 970 613 995 ex
632 957 716 1001 Alii,
738 957 808 992 hoc
825 960 893 999 est,
918 954 1092 998 diabolus,

33 1022 106 1072 oqui
124 1035 188 1070 per
208 1023 351 1059 illorum
388 1021 611 1068 impietatem
644 1018 802 1055 fidelium
829 1016 1001 1063 quosdam
1019 1018 1095 1053 cri-

30 1087 186 1128 «cerunt,
206 1095 334 1120 rursus
365 1087 556 1129 separatus
575 1079 770 1123 evincitur,
798 1084 905 1124 atque
924 1089 944 1114 a
967 1077 1096 1126 populo

29 1143 107 1183 mei
125 1154 320 1192 suspensus
338 1143 450 1190 ligno,
473 1141 594 1178 crucis
611 1141 745 1176 virtute
759 1146 921 1176 necatur.

458 1216 610 1255 CAPUT
637 1216 682 1252 X.

29 1297 95 1335 ifle
131 1294 388 1343 expuynatione
427 1292 526 1345 urbis·
562 1290 629 1344 ᾼΙιὶ
670 1295 703 1326 et
734 1288 975 1334 intersectione
1008 1299 1098 1334 reyas

514 1349 638 1385 zpsms.

93 1405 192 1445 (cip.
214 1403 310 1451 vni.)
342 1415 354 1436 ‹
386 1401 484 1437 Dixit
522 1405 643 1434 autem
678 1397 852 1434 Dominus
885 1396 930 1431 ad
958 1394 1095 1431 Josue:

36 1479 60 1502 ιι
90 1462 143 1503 Ne
164 1473 310 1507 timeas,
330 1472 446 1508 neque
471 1460 643 1496 formides
661 1470 669 1502 ;
694 1458 779 1493 tolle
818 1463 935 1492 tecum
953 1465 1098 1490 omnem

36 1539 60 1561 οι
90 1524 356 1561 multitudinem
377 1527 632 1567 pugnatorum,
654 1524 690 1554 et
708 1527 928 1563 consurgens
947 1515 1100 1551 ascende

36 1598 60 1622 ιι
91 1587 128 1623 in
144 1586 314 1631 oppidum
334 1583 417 1618 Alii.
442 1582 533 1617 Ecce
564 1579 695 1615 tradidi
715 1579 750 1614 in
773 1588 881 1613 mauu
903 1582 962 1611 tua
980 1584 1100 1622 regem

38 1661 62 1684 ,ι
92 1647 183 1694 ejus,
211 1653 246 1682 et
269 1643 454 1691 populum,
490 1643 701 1687 urbemque,
728 1645 764 1675 et
785 1644 920 1674 terrain
941 1650 948 1672 :
971 1637 1100 1672 facies-

38 1722 62 1744 ιι
93 1718 162 1755 que
183 1706 262 1742 urbi
285 1704 369 1747 Alii,
391 1708 427 1738 et
461 1702 535 1748 regi
567 1701 659 1747 ejus,
697 1700 790 1735 sicut
816 1697 933 1734 sccisti
957 1695 1101 1732 Jericlio

38 1781 62 1804 ιι
95 1774 130 1804 et
149 1767 225 1813 regi
242 1766 336 1801 illius
358 1777 365 1798 z
385 1763 544 1810 praedam
579 1772 664 1797 vero
690 1766 726 1796 et
763 1759 884 1794 onmia
906 1756 1103 1792 animantia

39 1843 64 1866 ιι
93 1829 269 1876 diripietis
305 1826 418 1862 vobis.
460 1824 557 1860 Pone
598 1822 746 1858 insidias
778 1821 858 1856 urbi
894 1824 975 1865 post
1008 1827 1101 1852 eam.

40 1902 65 1926 vt
94 1889 331 1934 Surrexitque
369 1886 492 1928 Josue,
531 1890 568 1919 et
604 1883 721 1919 omnis
746 1882 926 1917 exercitus
949 1879 1102 1915 bellato-

40 1964 64 1986 ἰ
95 1962 176 1987 rum
195 1960 275 1986 cum
309 1959 366 1990 eo,
387 1954 425 1983 ut
460 1945 697 1981 ascenderent
732 1943 768 1978 in
802 1942 888 1984 Ahi,
916 1946 952 1976 et
990 1940 1104 1975 electa

53 2024 66 2048 ι
95 2011 243 2057 triginta
265 2008 375 2045 millia
397 2008 558 2042 virorum
584 2005 731 2040 sortium
758 2003 856 2038 misit
873 2007 991 2042 noc-te,
1013 2010 1106 2044 prae-

54 2085 66 2108 ι
97 2072 264 2118 cepitque
278 2070 330 2105 eis
342 2069 463 2104 dicens
482 2079 489 2101 :
507 2066 633 2101 Ponite
650 2064 801 2100 insidias
814 2068 895 2108 post
908 2062 1102 2103 civitatem,

43 2204 68 2228 ·‹
99 2197 220 2229 autem
239 2197 276 2227 et
294 2190 434 2235 reliqua
454 2187 646 2224 multitudo
664 2196 743 2232 quae
760 2195 902 2220 mecum
918 2189 989 2226 est,
1006 2191 1107 2218 acce-

55 2267 68 2290 «
100 2252 227 2291 demus
245 2263 292 2290 ex
309 2252 460 2287 adverso
491 2255 618 2286 contra
653 2249 792 2291 urbem,
819 2260 831 2281 ›
852 2253 921 2282 etc.
945 2245 1016 2292 (Ex
1036 2244 1108 2278 Au-

42 2314 226 2363 gaustino.)
268 2309 369 2356 Quod
409 2310 504 2346 Deus
540 2309 642 2354 jubet
661 2308 811 2354 loquens
846 2307 891 2342 ad
916 2305 1039 2341 Jesum
1069 2309 1109 2338 ut

41 2373 255 2412 «constituat
281 2372 349 2408 sibi
370 2377 568 2407 retrorsum
602 2369 764 2411 insidias,
787 2368 823 2404 id
839 2372 909 2410 est,
942 2364 1110 2401 insidian-

43 2441 110 2472 ¹tes
131 2434 325 2471 bellatores
351 2432 396 2468 ad
415 2430 658 2468 insidiandum
680 2429 861 2470 hostibus,
887 2427 971 2461 hinc
987 2426 1110 2460 athno-

43 2508 184 2539 memur
219 2507 291 2532 non
314 2494 446 2540 injuste
482 2493 560 2529 fieri
595 2492 639 2527 ab
658 2491 715 2527 his
741 2490 956 2537 quijustum
977 2486 1110 2522 heliam

43 2562 196 2605 merum,
217 2562 256 2590 ut
275 2554 365 2590 nihil
383 2554 490 2588 hoino
507 2552 627 2596 justus
651 2551 831 2595 prtoeipue
873 2547 1030 2592 cogitare
1053 2546 1112 2580 de-

44 2610 138 2654 lbeat
160 2617 196 2652 iii
232 2615 289 2651 liis
310 2614 435 2655 rebus,
468 2612 538 2647 nisi
562 2616 601 2646 ut
615 2610 751 2654 justum
771 2608 903 2643 bellum
923 2605 1108 2650 suscipiat,

58 2678 116 2713 cui
134 2675 270 2711 bellare
290 2674 345 2709 sas
363 2678 417 2708 cst
442 2684 449 2708 ε
474 2671 654 2707 nonenim
672 2670 837 2706 omnibus
859 2668 914 2703 sas
932 2671 999 2702 est.
1022 2666 1110 2701 Cum

47 2743 177 2775 autem
195 2737 333 2782 justum
348 2734 480 2770 bellum
509 2732 721 2778 susceperit,
742 2735 863 2766 utrum
898 2735 1022 2775 aperta
1051 2738 1114 2772 pu—

60 2813 147 2850 gna,
168 2807 291 2838 utrum
312 2799 453 2835 insidiis
475 2799 609 2839 vincat,
635 2795 725 2831 nihil
746 2794 986 2840 adjustitiam
1007 2791 1114 2826 inter-

61 2854 132 2901 est.
159 2860 264 2899 Justa
302 2866 424 2896 autem
460 2859 554 2896 bella
587 2857 727 2894 deliniri
769 2855 884 2891 solent
915 2863 995 2898 quae
1028 2851 1115 2887 ulci-

48 2930 212 2963 scuntur
250 2922 400 2968 injurias
430 2933 438 2955 ε
477 2921 507 2956 si
546 2930 615 2965 qua
644 2928 733 2965 gens
766 2917 823 2952 vcl
863 2915 1003 2956 civitas,
1035 2923 1115 2958 quac

50 3044 550 3092 *suisimprobei'actumesss
580 3041 636 3077 vel
666 3040 817 3075 reddere
828 3037 926 3083 quod
945 3046 1009 3082 per
1025 3034 1118 3078 inju-

45 3100 49 3101 ⁷
63 3109 139 3150 rias
154 3108 314 3144 ablatum
323 3111 390 3142 est.
408 3105 478 3142 Sed
487 3105 595 3140 etiam
607 3103 674 3138 hoc
684 3100 884 3148 geiiusbclli
898 3099 975 3135 sine
984 3097 1119 3133 dubita-

64 3169 164 3220 tione
175 3166 317 3213 justum
331 3172 386 3203 est
405 3165 501 3213 quod
521 3165 614 3200 Deus
631 3164 795 3208 imperat,
815 3160 907 3206 apud
922 3168 1028 3204 quem
1047 3166 1118 3192 non

39 3234 122 3283 itast
142 3229 336 3275 iniquitas„
362 3231 399 3263 et
422 3227 523 3267 novit
550 3224 636 3271 quid
662 3223 790 3268 cuique
813 3220 891 3256 fieri
918 3219 1059 3255 debeat.
1080 3216 1119 3252 ln

49 3280 139 3334 ι”ιιο
160 3291 258 3333 bello
290 3291 419 3327 ductor
443 3288 645 3330 exercitus,
672 3285 730 3321 vel
756 3285 832 3330 ipse
857 3281 1022 3328 populus,
1047 3289 1120 3315 non

43 3346 53 3390 'l
82 3343 89 3347 ’
108 3391 111 3398 ,
160 3356 286 3389 auctor
299 3350 382 3387 belli
397 3359 506 3397 quam
524 3348 688 3385 minister
700 3345 914 3392 judicandus
930 3347 998 3378 est.
1015 3339 1119 3376 Jesus

48 3402 216 3465 ῗᾏῌῆιβιιε
239 3412 286 3449 ad
303 3411 374 3449 Abi
394 3406 650 3448 debellandum
670 3407 815 3453 triginta
836 3404 947 3440 millia
972 3402 1121 3438 bellato-

47 3470 67 3524 27
155 3495 175 3516 v
199 3473 251 3511 ait
270 3472 342 3523 illis
361 3483 373 3510 ;
401 3483 413 3506 ι
441 3471 511 3508 Vos
533 3466 790 3507 insidiabimini
814 3469 898 3511 post
918 3462 1118 3503 civitatem,

47 3481 199 3574 ἶζΐῗοιι
215 3531 319 3579 longe
336 3531 438 3569 eritis
457 3541 477 3566 a
494 3521 651 3572 civitate,
668 3533 704 3564 et
721 3525 821 3562 eritis
832 3531 960 3560 omnes
972 3519 1118 3567 parati:

46 3583 225 3655 {kt-089³
243 3593 432 3650 20²‚10m035
449 3592 606 3639 populus
624 3590 691 3637 qui
711 3596 854 3626 meeum
876 3588 952 3627 est,
972 3580 1122 3618 aecede-

46 3659 57 3706 fj
98 3667 101 3677 ·
135 3670 140 3683 »
178 3654 260 3710 {fid
275 3653 460 3708 civitatem
480 3664 492 3688 ι
510 3656 552 3689 et
568 3651 640 3688 erit
656 3659 743 3688 cum
765 3645 918 3684 exierint
942 3642 1006 3690 qui
1024 3650 1122 3677 coni-

72 3728 98 3771 ’·,
115 3706 266 3770 Οηῃψζ·
290 3713 329 3767 ’ψ
350 3710 422 3767 Albi
445 3714 485 3750 in
508 3712 653 3750 obvim
670 3710 800 3753 uobis,
819 3707 915 3744 sieut
934 3708 972 3740 et
1001 3707 1121 3741 autea,

90 3788 106 3818 ε»
125 3782 310 3831 emma.
382 3764 392 3783 ’·
426 3773 587 3823 morum·
607 3772 754 3820 Eion-
771 3766 1024 3811 “nummosi
1042 3769 1123 3802 m,

46 3813 117 3866 2²³²·
151 3835 298 3872 ucemus
315 3833 341 3873 il
363 3839 366 3841 ’
410 3834 457 3872 de
471 3834 639 3877 civitate,
665 3836 702 3869 et
722 3821 872 3868 dicent:
890 3824 1046 3873 Fugiunt
1065 3819 1125 3858 isti

649 190 886 253 contium.
909 208 956 252 m
980 207 1155 255 mmm
1177 206 1333 255 tostis.
1359 236 1408 247 -
1427 208 1566 256 mi.

2095 212 2192 267 m

118 290 164 336 de
194 287 428 329 anathemate
463 283 609 326 iericho
639 287 796 333 fraudat,
828 289 890 335 qui
908 288 947 325 in
973 290 1089 327 eccle-
1106 295 1142 335 Α
1157 302 1177 330 a
1195 289 1287 329 {acie
1304 297 1428 329 nostra
1447 292 1541 330 sicut
1564 292 1684 330 antea.
1699 283 1778 329 vos
1801 286 1919 338 au‘te‘m
1933 297 2131 348 exsui-getis
2147 312 2194 340 ex

1155 350 1315 396 insidiis,
1343 358 1380 389 et
1401 351 1500 390 ibitis
1523 353 1562 389 in
1588 348 1784 390 civitatem.
1812 345 2018 392 secundum
2047 356 2195 398 verbum

1154 411 1255 449 istud
1269 412 1410 450 facietis
1431 425 1440 450 ε
1460 424 1558 458 ecce,
1579 411 1749 460 praecipio
1762 406 1877 448 vobis.
1894 409 2127 457 Quaerendum
2141 425 2197 458 est

1157 474 1280 507 utrum
1304 473 1422 509 omnis
1448 473 1614 510 voluutas
1635 468 1865 519 fallendi.pro
1883 471 2068 511 mendacio
2091 473 2200 524 depu-

1159 531 1267 569 tanda
1294 533 1358 577 sit;
1386 538 1422 569 et
1448 533 1478 569 si
1508 533 1560 569 ita
1579 538 1656 578 est,
1683 539 1804 568 utrum
1829 533 1944 579 possit
1962 532 2101 579 iustum
2123 545 2202 575 esse

1159 593 1390 630 mendacium
1409 603 1480 639 quo
1500 588 1560 629 ille
1584 591 1719 629 fallitur
1738 594 1798 640 qui
1823 593 1951 639 dignus
1969 601 2024 630 est
2045 590 2117 630 falli
2138 605 2148 631 t
2169 603 2204 632 et

1159 653 1191 691 si
1218 663 1286 689 nec
1318 653 1388 689 hoc
1421 651 1564 698 quidem
1594 653 1820 688 mendacium
1844 651 1982 699 justum
2009 655 2202 699 reperitur,

1161 718 1274 750 restat
1286 719 1326 749 ut
1338 713 1534 750 secundum
1547 713 1704 759 aliquam
1719 713 2018 760 significationem
2032 715 2100 751 hoc
2114 716 2207 760 quod

1161 771 1205 808 de
1225 773 1366 809 insidiis
1384 772 1519 809 factum
1540 774 1655 809 estad
1675 774 1865 810 veritatem
1885 773 2076 811 referatur.
2101 772 2209 811 Jube-

1161 839 1222 869 tur
1240 844 1260 869 a
1277 834 1351 870 Deo
1376 835 1448 870 dux
1471 834 1592 881 populi
1612 835 1715 871 Jesus
1736 835 1771 871 in
1790 835 1879 872 duas
1901 843 2026 882 partes
2051 836 2208 873 dividere

1161 896 1331 942 populum
1343 923 1353 939 ,
1373 902 1411 932 ut
1430 906 1513 943 pars
1531 896 1674 933 simulet
1691 896 1810 944 sugam
1822 926 1832 942 ‚
1851 909 1936 945 pars
1955 904 2075 935 autem
2095 898 2210 936 subsi-

1163 961 1233 992 stat
1260 956 1297 991 in
1324 956 1485 1001 insidiis,
1512 958 1642 1004 quibus
1666 957 1866 1005 decipiatur
1889 959 1972 995 Ani.
2000 959 2136 1005 Quibus
2162 960 2210 995 ita

1164 1018 1363 1064 dispositis,
1384 1028 1446 1054 rex
1469 1017 1536 1054 Abi
1558 1019 1683 1056 videns
1700 1019 1822 1056 Jesum
1842 1027 1878 1057 et
1894 1022 1986 1058 filios
1999 1021 2107 1059 lsrael
2123 1022 2211 1058 emi-

1164 1087 1247 1119 nus,
1269 1077 1474 1112 concitatur
1493 1079 1666 1114 adversus
1685 1090 1746 1115 eos
1771 1080 1807 1115 in
1830 1081 1991 1125 praelium
2013 1094 2022 1116 :
2041 1082 2111 1117 illis
2126 1092 2211 1117 vero

1166 1137 1419 1173 simulantibus
1435 1137 1571 1184 sugam,
1591 1138 1651 1174 isti
1669 1140 1788 1175 acrius
1807 1140 2043 1183 insectantur,
2062 1147 2099 1177 et
2117 1142 2214 1178 velut

1114 1198 1148 1238 B
1167 1197 1281 1244 spolia
1302 1198 1443 1234 ducturi
1463 1200 1507 1235 de
1526 1199 1710 1243 hostibus,
1730 1210 1854 1236 omnes
1874 1200 1980 1236 simul
2003 1202 2212 1247 procedunt,

1165 1260 1215 1295 ita
1235 1265 1288 1304 ut,
1310 1265 1349 1295 ut
1371 1259 1557 1306 Scriptura
1577 1260 1675 1304 dicit,
1694 1261 1938 1306 relinquerent
1960 1271 2109 1297 vacuam
2127 1260 2214 1297 eivi-

1166 1325 1290 1355 tatem.
1309 1319 1379 1357 Sed
1395 1327 1628 1367 posteaquam
1646 1321 1681 1356 in
1695 1321 1927 1356 constitutum
1942 1323 2120 1368 progressi
2134 1328 2218 1359 sunt

1165 1381 1296 1425 locum,
1312 1393 1508 1418 conversus
1527 1382 1631 1419 Jesus
1650 1383 1790 1429 signum
1809 1383 1904 1419 dedit
1925 1389 1962 1419 ut
1981 1390 2217 1430 exsurgerent

1166 1444 1226 1489 qui
1247 1444 1283 1479 in
1302 1445 1440 1481 insidiis
1459 1451 1576 1488 erant,
1597 1451 1634 1481 et
1653 1446 1758 1481 dorsa
1779 1446 1935 1481 hostium
1954 1447 2132 1482 caederent
2148 1457 2158 1482 :
2178 1451 2217 1484 et

1167 1506 1217 1540 ita
1237 1506 1287 1540 illi
1308 1506 1492 1541 novissimi
1513 1512 1548 1542 et
1568 1507 1627 1541 isti
1646 1506 1751 1552 primi
1779 1507 1914 1542 medios
1935 1508 2057 1543 hostes
2073 1506 2218 1543 conclu-

1167 1576 1226 1602 sos
1252 1565 1464 1601 interimunt
1492 1568 1677 1602 universos
1705 1579 1713 1602 :
1745 1574 1781 1603 ct
1804 1568 1872 1603 hoc
1898 1569 2004 1604 modo
2031 1568 2135 1604 victis
2160 1567 2217 1604 his

1169 1628 1230 1674 qui
1254 1628 1465 1664 habitabant
1489 1628 1580 1672 Alii,
1601 1639 1721 1675 regem
1746 1639 1872 1664 corum
1899 1629 2162 1674 suspenderunt
2179 1628 2217 1664 in

1167 1687 1278 1734 ligno.
1307 1688 1370 1724 His
1388 1689 1539 1733 auditis,
1568 1689 1760 1725 verisimile
1785 1695 1841 1725 est
1862 1689 2045 1724 auditores
2064 1689 2184 1724 dicere
2208 1699 2217 1723 :

1171 1750 1262 1793 Quid
1277 1751 1362 1786 mihi
1380 1751 1482 1786 haec?
1496 1751 1580 1796 quid
1597 1751 1686 1786 mibi
1702 1750 1842 1786 confert
1855 1751 1883 1786 si
1899 1759 2112 1797 cognoscam
2124 1747 2221 1794 quod

1172 1813 1302 1848 devicti
1322 1818 1402 1848 sunt
1418 1813 1476 1858 qui
1497 1813 1707 1848 habitabant
1722 1812 1813 1847 Abi?
1830 1812 1914 1857 quia
1933 1811 1964 1847 si
1983 1822 2053 1846 non
2074 1809 2220 1853 similia,

1173 1879 1234 1909 aut
1252 1874 1358 1909 etiam
1378 1874 1578 1918 potentiora
1599 1873 1705 1915 bella,
1728 1872 1782 1907 rel
1801 1872 1995 1918 gestasint
2014 1871 2070 1906 vel
2094 1880 2222 1916 geran-

1174 1939 1248 1977 tur,
1262 1934 1339 1969 haec
1358 1933 1424 1969 snit
1440 1944 1526 1969 cura
1548 1933 1702 1978 Spiritus
1722 1934 1836 1968 sancti
1852 1938 1902 1974 ut,
1926 1932 2060 1978 relictis
2077 1936 2128 1966 tot
2143 1936 2221 1966 tan-

1174 2002 1294 2031 tarum
1322 1995 1493 2031 nobilium
1519 1995 1669 2030 excidiis
1696 1994 1859 2036 urbium,
1876 1993 2039 2038 praelium
2066 1991 2223 2027 civitatis

1175 2058 1245 2094 Abi
1265 2058 1476 2103 inscriptum
1499 2057 1611 2093 sacris
1630 2056 1868 2091 voluminibus
1884 2055 2126 2090 mandaretur.
2146 2052 2225 2088 Pri-

54 2144 66 2167 ι
102 2142 169 2167 nec
184 2130 326 2177 longius
343 2127 537 2170 recedatis,
557 2131 591 2161 et
624 2125 726 2161 eritis
735 2134 866 2160 omnes
883 2122 1013 2168 parati.
1031 2122 1105 2167 Ego
1125 2101 1154 2142 C
1175 2131 1234 2155 mo
1249 2125 1396 2165 propter
1412 2123 1560 2164 peccata
1580 2118 1663 2153 vimi
1677 2127 1812 2157 sumus,
1833 2120 1869 2150 et
1888 2116 1924 2151 hi
1939 2116 2003 2159 qui
2018 2114 2226 2150 habitabant

1174 2180 1244 2216 Ani
1272 2180 1556 2226 quamplurimos
1575 2189 1620 2214 ex
1647 2178 1750 2214 nobis
1776 2176 2045 2212 interfecerunt.
2076 2173 2145 2210 Ani
2171 2174 2226 2208 in-

1178 2247 1395 2287 terpretatur
1414 2241 1536 2283 chaos,
1558 2241 1668 2276 cbaos
1687 2243 1809 2274 autem
1827 2238 1944 2273 locuni
1964 2236 2019 2271 vel
2037 2236 2225 2272 habitacu-

1177 2305 1251 2339 lum
1278 2314 1357 2340 csse
1383 2304 1548 2338 novimus
1576 2301 1838 2336 contrariarum
1860 2298 2053 2337 virtutum,
2074 2304 2224 2339 quarum

1178 2374 1238 2399 rex
1267 2367 1302 2397 et
1330 2361 1508 2407 principes
1539 2358 1702 2395 diabolus
1733 2362 1799 2392 est.
1827 2355 2025 2389 Adversum
2052 2354 2144 2387 hunc
2165 2362 2225 2388 ve-

1178 2426 1281 2460 niens
1301 2423 1419 2464 JesuS,
1443 2422 1476 2456 in
1496 2421 1584 2455 duas
1602 2424 1723 2464 partes
1741 2417 1867 2451 dividit
1885 2414 2065 2460 tumultun,
2085 2418 2121 2447 et
2137 2413 2225 2448 alios

1179 2485 1322 2531 quidem
1342 2483 1376 2517 in
1399 2482 1524 2528 primis
1545 2480 1683 2521 statuit,
1704 2477 1794 2512 alios
1814 2476 1848 2510 in
1870 2473 2140 2520 posterioribus,
2162 2472 2224 2517 qui

1178 2557 1222 2582 ex
1250 2546 1431 2589 insperato
1456 2548 1536 2587 post
1566 2546 1702 2584 tergum
1731 2537 1877 2572 veniant
1909 2534 2146 2569 inimiwrum.
2180 2531 2224 2566 Et

1178 2606 1278 2642 vides
1298 2614 1381 2639 num
1406 2603 1521 2648 prima
1544 2611 1625 2646 pars
1644 2604 1698 2634 est
1720 2596 1840 2643 populi
1861 2595 1921 2631 illa
1949 2595 1994 2630 de
2015 2604 2086 2639 qua
2106 2593 2192 2628 dicit
2213 2604 2222 2626 t

1183 2679 1196 2700 ι
1217 2666 1293 2701 Non
1310 2665 1388 2700 reni
1403 2663 1471 2699 nisi
1488 2663 1532 2697 ad
1546 2671 1630 2697 oves
1644 2659 1803 2704 perditas
1819 2658 1945 2692 domus
1959 2655 2068 2690 lsrael
2081 2654 2134 2699 (Μ
2137 2654 2224 2688 aula.

1179 2728 1255 2771 xv),
1276 2740 1289 2760 ο
1311 2726 1404 2761 etde
1423 2734 1493 2769 qua
1512 2723 1598 2758 dicit
1617 2719 1809 2766 Apostolus
1833 2730 1841 2753 :
1866 2730 1877 2750 ‹
1901 2717 2029 2752 Gratia
2051 2720 2169 2750 autem
2189 2718 2226 2748 ct

1180 2799 1250 2835 pax
1267 2787 1364 2822 omni
1386 2785 1522 2821 bomini
1539 2781 1702 2828 operanti
1719 2782 1863 2821 bonum,
1884 2777 2006 2813 ludam
2022 2776 2176 2821 primum
2188 2779 2227 2809 ct

1182 2849 1306 2886 Gracco
1324 2847 1448 2894 (Rom.
1471 2846 1546 2891 ιι),
1573 2858 1584 2878 ι
1616 2844 1649 2878 id
1668 2847 1744 2883 est,
1764 2839 1904 2887 gentili.
1930 2838 2034 2873 Prior
2051 2846 2135 2880 ergo
2158 2835 2224 2869 iste

1182 2909 1333 2956 populus
1348 2908 1408 2953 qui
1424 2907 1458 2942 in
1477 2906 1602 2952 primis
1619 2903 1800 2945 statuitur,
1821 2907 1856 2937 et
1874 2899 1976 2945 quast
1991 2898 2132 2942 lugiens
2146 2906 2226 2931 eum

61 2985 157 3023 bello
171 2984 324 3031 petenda
344 2987 412 3026 est,
447 2981 503 3016 vel
537 2980 721 3016 vindicare
743 2976 944 3024 neglexerit
979 2973 1073 3019 quod
1095 2983 1114 3007 a
1132 2999 1167 3037 D
1182 2969 1288 3010 Jesu3
1309 2967 1487 3013 posterior
1507 2975 1593 2999 vero
1612 2963 1781 3009 populus,
1808 2962 1868 3006 qui
1892 2970 1938 2995 ex
1959 2958 2122 3004 gentibus
2143 2966 2228 2990 con-

1185 3035 1367 3078 gregatur,
1386 3028 1542 3072 quinque
1561 3036 1605 3061 ex
1623 3025 1803 3068 insperato
1824 3020 2006 3055 venientes
2024 3017 2117 3064 (quis
2136 3015 2229 3050 enim

1185 3097 1347 3139 speraret
1366 3095 1488 3136 gentes
1508 3087 1636 3123 salvari
1648 3086 1684 3130 ?)
1707 3083 1827 3119 acrius
1850 3086 1930 3127 post
1948 3086 2087 3123 tergum
2105 3076 2230 3110 adver-

1185 3154 1300 3191 sarios
1319 3151 1473 3188 caedunt.
1491 3147 1599 3184 Etsic
1611 3146 1735 3190 utique
1747 3141 1896 3188 populus
1914 3138 2066 3174 mediam
2090 3133 2225 3168 tui-bam

1187 3215 1390 3251 daemonum
1410 3209 1538 3247 sternit
1556 3213 1592 3242 ct
1610 3205 1730 3240 vincit.
1751 3202 1819 3236 Sed
1835 3200 1986 3234 sortasse
2003 3194 2094 3229 dieis
2109 3191 2198 3227 mibi
2217 3203 2224 3225 :

1185 3275 1376 3321 Quomodo
1390 3282 1479 3317 ergo
1499 3267 1603 3315 qnasi
1622 3265 1761 3309 fugiens
1781 3260 1925 3305 pontiu
1939 3254 2091 3302 φοραὶ-υς
2114 3252 2224 3297 prior,

1186 3341 1227 3373 et
1242 3335 1339 3372 velut
1352 3332 1611 3374 consequentes
1625 3321 1786 3367 anguet?
1800 3317 1941 3354 &henim
1950 3314 2050 3350 versi
2069 3316 2153 3348 sint
2162 3311 2227 3356 qui

1190 3399 1391 3442 sequunmr
1409 3390 1528 3426 lesum
1550 3397 1570 3421 a
1592 3381 1763 3429 legalibus
1780 3378 1950 3415 oneribus
1964 3380 2003 3410 et
2027 3372 2225 3420 pneoeph's.

1186 3458 1236 3493 da
1253 3450 1499 3491 observatione
1525 3442 1660 3480 sabbati
1677 3467 1687 3484 ,
1711 3450 1731 3476 a
1753 3436 2027 3475 cummisione
2050 3432 2188 3474 cat-ntis,
2207 3441 2228 3466 a

1186 3512 1409 3561 jugulatione
1429 3506 1640 3543 hostiarum.
1664 3500 1738 3537 Sed
1762 3499 1896 3534 iten-
1917 3506 1992 3532 oon
2008 3494 2121 3540 suga,
2144 3491 2227 3537 qu'a

1186 3577 1335 3612 seminis
1351 3573 1412 3605 est
1424 3566 1563 3607 Jesum‚
1578 3561 1836 3609 penroouoae-
1847 3562 1891 3593 et
1902 3554 2161 3603 'kindina-
2174 3550 2230 3586 ie-

1186 3635 1256 3682 gis.
1275 3627 1499 3668 Postea-nia
1515 3615 1981 3664 ,miseffimmui
1997 3614 2036 3651 i-
2058 3612 2228 3658 lipom-

1186 3691 1759 3734 minodtcimeeseuspenus·
1778 3677 1906 3716 floci-
1922 3671 2228 3720 tanny-mim

1191 3755 1325 3802 tegitur
1348 3746 1634 3797 quempian-’utos
1654 3741 1796 3783 mens,
1822 3734 2106 3775 sodmnuffi-
2120 3728 2232 3768 >uubis

1195 3798 1407 3854 tentabimus
1425 3808 1501 3846 haec
1521 3803 1655 3849 omnia,
1668 3810 1741 3839 non
1758 3797 1892 3838 nostris
1910 3792 2152 3842 opinionibus,
2166 3787 2232 3828 ned

2223 3974 2229 3981 .
2285 3987 2335 4011 w
