2540 4016
83 205 151 242 ss'l

717 194 1054 236 commum
1075 193 1123 232 IN
1147 192 1355 233 Exontm.
1380 213 1428 222 —
1449 194 1536 237 Lm.
1564 196 1623 234 ΙΙΙ.

2195 201 2266 240 118

81 282 150 320 sibi
168 281 303 318 saciant
320 279 358 317 iu
375 273 583 326 poenitentia
599 272 855 320 delinquentis.
884 271 1050 310 Cadaver
1066 282 1131 308 au·
1148 269 1185 311 A
1199 269 1261 316 sar
1275 269 1418 306 «tomum
1431 269 1501 306 sive
1518 269 1654 316 [odiens
1674 269 1780 316 [uerit
1794 270 1967 316 inventus,
1977 281 2008 309 et
2027 282 2166 323 accepto
2184 278 2263 314 vut-

82 347 159 379 tem
181 346 382 383 mortuum,
413 337 508 374 inter
529 345 570 372 se
594 334 762 372 similiter
778 333 1016 382 dispertiant,
1047 343 1132 370 eum

82 414 150 451 pro
166 403 302 441 scelere
315 401 425 445 sacto,
438 404 588 445 uterque
602 397 795 445 poenitenti
813 396 1016 441 condoleat,
1027 394 1132 442 Juxta

82 466 183 502 Pauli
210 473 359 502 vocem:
387 460 474 505 Quis
499 460 717 506 infirmatur,
745 458 883 505 inquit,
913 462 947 494 et
969 467 1033 504 eqo
1063 467 1133 492 non

81 527 269 574 infirmor?
288 525 374 569 Quis
392 524 668 567 scandalizatur,
688 530 720 559 et
737 533 800 569 eqo
818 532 886 558 non
902 530 986 556 uror
999 517 1035 567 (Ι
1046 519 1129 555 Gor.

81 590 162 637 x1)?
193 587 260 633 Qui
284 593 403 624 autem
428 586 640 632 injuriosum
661 584 872 631 discipulum
900 581 1037 619 sciebat
1053 609 1062 625 ,
1096 586 1133 617 et

80 662 162 688 eum
181 655 353 696 quantum
371 650 490 697 potuit
509 657 738 695 compescere
757 658 828 683 non
849 645 1008 687 curavit,
1030 654 1131 681 com-

79 711 227 747 missum
256 693 372 746 scelus
403 710 440 745 in
472 715 613 745 reatum
644 708 832 756 proprium
863 705 1054 743 convertit.
1092 703 1131 740 Si

77 772 154 820 qais
175 771 312 817 furatus
333 771 439 817 ruerit
465 782 561 806 ovem
585 775 647 805 aut
666 770 782 804 bovem
797 795 808 812 ,
837 773 870 804 et
891 765 1057 802 occiderit
1078 763 1131 800 vel

77 832 286 875 vendiderit,
314 833 463 880 quinque
487 831 585 867 boves
609 841 670 878 pro
695 840 764 866 uno
788 829 870 865 bove
890 827 1067 868 restituet,
1098 830 1131 860 et

77 900 229 940 quatuor
245 904 321 928 ores
338 904 400 939 pro
418 903 488 928 una
506 903 580 934 ove,
598 897 667 927 etc.
682 887 812 938 (Exod.
824 886 928 934 xxn).
950 883 1129 932 (Auyitst.)

78 954 165 999 Quae
180 953 390 999 justificatio
411 958 486 995 est,
507 958 548 1000 ut
566 961 630 998 pro
649 950 760 987 vitulo
780 959 852 984 uno
872 947 1032 993 quinque
1049 946 1131 981 red-

78 1017 223 1059 dantur,
248 1025 313 1062 pro
331 1024 398 1050 ove
417 1018 538 1049 autem
557 1016 725 1057 quatuor,
751 1009 820 1045 nisi
841 1007 975 1053 aliquid
994 1004 1130 1051 signiti-

77 1088 161 1114 care
182 1075 429 1122 intelligatur?
461 1074 657 1111 Possumus
678 1073 772 1108 hanc
798 1068 1007 1107 distantiam
1035 1067 1130 1102 inter

74 1137 203 1173 bovem
224 1141 260 1172 et
278 1146 382 1172 ovem
403 1134 542 1177 facere,
562 1139 603 1169 ut
623 1133 658 1169 in
679 1133 770 1169 bove
795 1130 1017 1176 accipiamus
1036 1127 1128 1164 hene

74 1197 298 1234 laborantem
316 1197 501 1232 doctorem
520 1196 555 1231 in
573 1205 660 1241 agro
677 1192 865 1230 Dominico
883 1203 890 1226 :
913 1190 974 1237 qui
993 1194 1128 1226 terram

75 1260 237 1296 cordium
265 1258 465 1295 carnalium
491 1266 638 1293 vomere
662 1253 871 1302 evangelico
900 1250 1056 1294 scindit,
1090 1255 1129 1285 ut

74 1319 212 1357 fructus
230 1320 404 1356 virtutum
425 1318 628 1366 germinare
646 1316 772 1363 possit.
795 1315 832 1351 lu
850 1325 968 1357 ovem,
992 1312 1130 1359 simpli-

74 1392 154 1419 cem
172 1382 387 1425 auditorem,
407 1380 469 1427 qui
490 1385 627 1416 tantum
649 1389 712 1415 sua
733 1377 963 1424 simplicitate
983 1381 1129 1411 eonten-

73 1448 132 1479 tus
151 1447 218 1479 est.
245 1442 387 1486 Quanto
405 1441 501 1477 enim
524 1439 641 1485 maj0r
663 1444 718 1475 est
744 1438 882 1474 utilitas
907 1437 943 1473 in
970 1435 1130 1483 qualibet

74 1513 129 1546 re,
141 1508 241 1539 tanto
252 1502 367 1548 magis
381 1502 551 1538 damnum
564 1501 601 1536 in
614 1498 690 1544 ejus
704 1498 916 1544 perditione.
936 1497 980 1532 Et
994 1501 1128 1542 quanto

74 1564 194 1599 minor
233 1562 470 1599 commoditas
505 1562 543 1596 in
577 1560 808 1607 possessione
843 1558 964 1603 aliqua
981 1585 989 1599 ‚
1027 1562 1128 1592 tanto

75 1623 194 1659 minor
218 1628 271 1658 es*
289 1621 389 1657 dolor
404 1622 439 1656 in
459 1621 571 1666 ipsius
589 1619 785 1655 amissione
807 1630 814 1653 :
837 1617 932 1663 quod
950 1616 1129 1663 significat

74 1683 191 1729 major
209 1689 382 1720 numerus
409 1682 446 1717 in
470 1681 574 1716 bovis
592 1679 845 1721 restitutione,
877 1683 914 1714 et
945 1677 1065 1713 minor
1090 1676 1127 1711 in

74 1747 165 1782 ovis.
191 1745 258 1790 Qui
284 1744 379 1781 enim
405 1742 601 1789 quemlihet
625 1742 808 1778 doctorem
835 1751 854 1777 a
875 1740 980 1787 plebe
1003 1738 1127 1775 Domi-

75 1808 157 1843 nica
177 1816 244 1852 per
262 1805 422 1840 fraudem
444 1803 584 1845 evellit,
611 1802 733 1838 multis
751 1806 880 1843 nocet3
912 1805 948 1836 et
972 1809 1041 1845 pro
1059 1800 1128 1835 hoc

75 1876 223 1904 necesse
240 1870 295 1902 est
312 1869 350 1901 ut
365 1874 490 1900 omnes
507 1873 634 1899 seusus
653 1862 818 1909 corporis
835 1862 889 1897 sui
906 1861 1129 1907 poenitentiae

74 1926 194 1963 studio
217 1926 380 1971 subigat,
406 1924 577 1970 quoniam
598 1924 795 1960 secundum
820 1922 936 1967 legem
958 1922 1126 1965 Domini,

73 1986 227 2032 pleniter
243 1985 414 2021 exsolvat.
439 1983 506 2028 Qui
525 1989 645 2019 autem
665 1983 866 2019 auditorem
886 1981 1088 2028 simplicem
1107 1992 1127 2017 a

75 2052 170 2083 statu
190 2056 253 2082 suo
273 2056 338 2092 per
354 2045 528 2082 malitiam
548 2044 738 2087 subvertit,
755 2054 887 2090 corpus
909 2054 1012 2079 suum
1030 2043 1127 2089 quod

74 2111 226 2152 quatuor
245 2105 432 2143 elementis
452 2111 618 2142 constare
635 2104 867 2142 manifestum
886 2110 953 2149 est,
974 2111 1014 2141 ut
1035 2103 1129 2151 ieju-

74 2169 145 2204 niis
165 2174 201 2204 et
216 2167 347 2214 vigiliis
365 2168 530 2214 castiget,
546 2177 694 2204 necesse
714 2172 782 2211 est,
798 2167 912 2204 donec
929 2165 1126 2214 perfectam

75 2229 323 2265 remissionem
343 2238 363 2264 a
380 2229 533 2264 Domino
550 2229 711 2274 recipcre
730 2234 924 2264 mereatur.
947 2227 1036 2264 ltem
1056 2226 1126 2263 alio

75 2289 195 2324 modo.
219 2288 289 2324 Bos
306 2289 439 2334 quippe
454 2287 637 2334 subjugale
651 2295 709 2326 est
727 2288 861 2324 animal
877 2298 886 2324 t
905 2293 942 2325 et
956 2287 1126 2335 populum

73 2348 231 2394 priorem
250 2348 427 2394 siguificat
441 2376 450 2392 ‚
483 2349 544 2395 qui
571 2349 637 2385 sub
660 2349 739 2396 lege
759 2349 872 2396 Moysi
894 2349 1125 2393 constitutus,

70 2407 246 2454 judicium
270 2408 360 2456 ¹egis
384 2410 600 2456 expetebat,
633 2410 804 2457 Apostolo
835 2416 939 2455 teste,
963 2411 1023 2457 qui
1047 2412 1125 2448 ait:

76 2472 280 2520 Quicunque
305 2473 396 2509 enim
419 2473 455 2509 in
478 2473 551 2520 (eye
567 2479 806 2520 peccaverunt,
825 2485 886 2520 per
906 2474 1014 2521 legem
1027 2474 1128 2520 jucti-

74 2534 247 2568 cabantur
275 2532 394 2579 (Rom.
423 2533 481 2581 ιι).
520 2533 614 2581 Ergo
646 2534 711 2570 hos
743 2533 884 2571 furatus
915 2540 952 2570 et
983 2536 1127 2572 occisus

75 2593 152 2629 sive
189 2594 356 2630 venditus
378 2621 388 2637 ,
433 2594 592 2640 quinque
630 2595 748 2631 bubus
787 2601 886 2631 recte
925 2601 1099 2641 pensatur
1115 2623 1124 2639 ‚

75 2664 158 2689 eum
182 2654 290 2688 homo
315 2653 458 2690 Judaeus
483 2659 608 2690 contra
634 2654 749 2700 legem
774 2654 899 2697 laesus,
927 2655 1127 2691 secundum

76 2714 191 2760 legem
225 2713 424 2750 ulciscitur.
469 2713 567 2750 Unde
600 2718 637 2750 et
669 2714 706 2750 in
738 2714 812 2760 ipsa
845 2714 923 2761 lege
953 2716 1127 2762 seriptum

73 2780 130 2811 est
163 2786 170 2809 :
220 2774 289 2817 Qut
330 2774 494 2809 occiderit
536 2774 710 2810 hominem
726 2802 736 2818 ‚
785 2781 896 2811 morte
938 2777 1124 2812 moriatur.

74 2834 120 2870 Et
136 2835 247 2871 item:
272 2833 422 2870 Oculum
446 2844 508 2881 pro
525 2833 642 2878 oculo,
662 2834 799 2870 dentem
832 2846 896 2882 pro
919 2835 1035 2880 dente,
1051 2848 1127 2872 ma-

73 2905 156 2931 num
171 2906 232 2942 pro
245 2905 367 2937 manu,
386 2899 424 2930 et
441 2899 583 2931 caetera.
602 2893 688 2931 Ovis
704 2900 839 2940 autem,
859 2897 955 2942 quod
973 2897 1126 2943 simplex

73 2961 130 2992 est
157 2955 310 2999 animal,
336 2954 516 2992 hominem
546 2955 802 3003 Evangelicum
835 2957 902 2994 suh
928 2959 1043 3005 gratia
1062 2959 1126 2996 Dei

71 3015 307 3052 constitutum
348 3015 529 3061 significat
552 3025 562 3052 t
587 3017 789 3053 membrum
825 3018 992 3056 videlicet
1030 3019 1126 3056 illius

65 3075 167 3121 ovis,
180 3077 224 3113 de
242 3086 314 3122 quo
328 3076 509 3122 Propheta
525 3078 575 3113 ait
594 3090 602 3112 :
624 3076 805 3124 Tanquam
824 3079 898 3116 ovis
916 3080 962 3116 ad
980 3082 1125 3119 occisio·

68 3144 152 3174 απ
165 3136 300 3175 ductus
316 3143 381 3181 est,
398 3144 430 3173 et
447 3149 516 3174 non
533 3139 669 3184 aperuit
709 3150 746 3174 οε
783 3149 886 3180 suum
906 3139 996 3188 (Isa.
1027 3142 1122 3190 ιιιι).

47 3195 181 3252 ⁴thtiutt
198 3197 360 3236 imitator
376 3199 551 3243 existens,
569 3205 692 3237 servat
709 3200 796 3236 illud
818 3202 915 3247 quod
934 3202 972 3239 in
1002 3203 1124 3242 Evan-

0 3295 1 3303 ,
54 3257 166 3308 stolio
178 3258 352 3305 scriptum
369 3264 452 3296 est:
473 3257 514 3296 St
538 3260 615 3306 quis
647 3261 855 3307 percusserit
880 3268 913 3298 te
938 3262 976 3299 in
1009 3264 1124 3300 dexte-

54 3316 150 3363 Μ
177 3317 504 3366 ηιαωίἰίαηι,.ρτωὺι
525 3318 580 3358 itti
597 3324 629 3356 et
647 3320 795 3359 atteram
827 3321 971 3368 (Hattb.
993 3324 1045 3372 v).
1078 3324 1124 3362 Et

56 3374 163 3418 {um
178 3390 190 3416 ε
206 3378 350 3426 Diligite
363 3380 524 3419 inimices
541 3386 686 3425 vestros.
707 3388 740 3418 et
764 3383 955 3430 benefacite
975 3385 1045 3429 his,
1061 3387 1123 3433 qui

55 3437 220 3497 W
239 3450 314 3479 vos.
331 3438 404 3482 Sed
419 3450 467 3478 ne
487 3439 599 3494 hujus
617 3441 792 3488 simplicis
819 3443 994 3486 <animalis
1023 3445 1124 3486 laesio

56 3492 188 3552 “a
198 3499 376 3547 munti
392 3499 572 3546 ridentur.
589 3500 774 3548 legislator
799 3501 1016 3550 jabet-quod
1033 3515 1125 3552 ‹lua-

56 3560 82 3568 ”
212 3571 246 3600 a·
268 3570 423 3609 provuna
439 3572 508 3604 ove
530 3562 740 3606 reddantur.
758 3564 872 3612 Igitur
888 3565 967 3602 ovis
979 3567 1124 3612 perdita

160 3669 172 3680 Ἴ
206 3679 218 3682 ..
315 3621 1126 3675 mmmmamquisquiusimptt*

310 3681 323 3726 f
381 3724 386 3726 .
427 3698 524 3725 ··¹.¹·›
551 3683 1051 3732 ..madentaenericneoesse
1067 3693 1124 3726 est

121 3746 127 3755 ·
195 3786 201 3796 ,
264 3790 286 3804 Ἰ,
329 3742 587 3805 mem
608 3745 837 3792 munem,
873 3747 982 3796 digna
1009 3749 1126 3796 ρωπί-

1014 3882 1091 3900 Γ.

1199 341 1281 367 nere
1293 337 1452 367 mortuus
1467 330 1589 377 fuerit,
1604 341 1789 377 percussor
1799 341 1868 366 non
1884 332 1951 367 en't
1972 343 2051 368 reus
2065 338 2259 383 sanquinic.

1198 391 1302 436 Quod
1319 391 1350 427 si
1365 397 1441 428 orto
1461 388 1533 428 sdle
1551 391 1616 427 hoc
1631 390 1764 437 fecerit,
1786 391 2015 428 homicidium
2030 399 2262 443 perpetravit,-

1198 457 1230 488 et
1254 451 1327 498 ipse
1345 452 1532 496 moriatur,
1553 456 1623 488 etc.
1641 450 1856 499 intelligitur
1874 462 1960 499 ergo
1977 457 2064 489 tunc
2095 463 2167 490 non
2184 467 2264 501 per.

1197 511 1316 548 tinere
1339 512 1385 548 ad
1404 512 1647 549 homicidium
1683 513 1714 548 si
1750 511 1809 548 sur
1841 519 2039 551 nocturnus
2071 515 2261 554 occiditur.

1199 570 1238 609 Si
1265 579 1387 609 autem
1416 573 1580 617 diurnus,
1614 574 1810 620 pertinere.
1846 574 1922 610 Hoc
1956 580 2011 610 est
2037 576 2135 612 enim
2166 578 2263 622 quod

1196 633 1274 670 ait:
1296 633 1334 670 Si
1348 634 1487 670 orietur
1503 634 1556 670 sol
1566 644 1778 680 supereum.
1796 634 2262 684 Poteratquippediscerni,

1197 695 1294 742 quod
1311 695 1354 731 ad
1373 694 1567 731 furandum
1592 705 1662 732 non
1692 696 1738 731 ad
1758 696 2011 740 occidendum,
2031 698 2206 741 venisset,
2227 704 2264 735 et

1198 757 1280 794 ideo
1299 768 1370 795 non
1399 759 1548 795 deberet
1561 758 1690 795 occidi.
1725 758 1802 795 Hoc
1821 764 1856 795 et
1876 759 1912 795 in
1931 759 2069 807 legibus
2104 762 2262 807 antiquis

1198 819 1446 863 saecularibus,
1467 819 1601 866 quibus
1623 825 1744 857 tamen
1778 820 1847 857 ista
1871 826 1926 857 est
1945 821 2141 868 antiquior,
2160 823 2262 860 iuve-

1198 881 1297 916 nitur
1317 882 1462 927 impunc
1479 881 1594 917 occidi
1608 888 1824 918 nocturnum
1846 882 1961 919 furem
1972 894 2117 930 quoquo
2132 886 2260 921 modo:

1198 941 1367 977 diurnum
1384 947 1518 984 autem,
1538 942 1568 977 si
1589 952 1626 978 se
1646 942 1715 979 telo
1726 943 1930 980 ‹tetemlerit
1947 957 1954 980 :
1972 943 2048 989 iam
2068 946 2164 982 enim
2181 947 2262 992 plus

1196 1006 1254 1037 est
1272 1012 1382 1048 quam
1409 1001 1479 1037 fur.
1503 1001 1653 1049 Mystice
1673 1009 1795 1041 autem
1815 1006 1915 1042 fures
1931 998 2123 1043 haereticos
2139 1019 2263 1055 possu-

1198 1070 1279 1096 mus
1305 1060 1518 1108 intelligere.
1547 1060 1649 1098 Unde
1686 1063 1763 1109 ipsa
1806 1065 1948 1101 Veritas
1981 1066 2058 1102 ait:
2085 1067 2263 1114 Quotquot

1198 1128 1365 1157 venerunt
1386 1128 1466 1158 ante
1486 1134 1554 1166 me,
1576 1123 1671 1169 sares
1690 1130 1771 1159 sum
1788 1130 1820 1160 et
1836 1124 1990 1162 latrones
2007 1126 2127 1174 (Joan.
2149 1129 2201 1175 x).
2221 1130 2263 1164 Et

1148 1174 1180 1214 B
1199 1181 1286 1218 item
1305 1193 1313 1216 :
1334 1181 1425 1226 Fur,
1444 1183 1572 1229 inquit,
1591 1185 1775 1228 nonvem't,
1793 1186 1861 1221 nisi
1876 1192 1913 1222 ut
1929 1186 2078 1233 furetur,
2095 1196 2263 1225 mactetet

1196 1232 1332 1288 per'dat.
1352 1242 1427 1289 qu
1448 1250 1564 1279 autem
1582 1244 1657 1280 veni
1671 1271 1682 1289 ‚
1719 1250 1758 1281 ut
1775 1246 1880 1282 vitam
1907 1247 2071 1292 habeant,
2091 1254 2121 1284 et
2151 1250 2263 1286 abnn-

1195 1302 1338 1339 dantius
1359 1303 1507 1340 habeant
1527 1304 1706 1352 (Eodem).
1744 1307 1839 1354 Ergo
1871 1307 1948 1351 sur,
1977 1308 2013 1345 id
2033 1314 2100 1353 est,
2114 1310 2261 1347 haereti-

1195 1375 1275 1408 cus,
1293 1365 1323 1400 si
1340 1363 1534 1411 effringens
1551 1366 1608 1402 vel
1627 1367 1782 1411 fodiens,
1805 1369 1873 1405 hoe
1888 1374 1944 1405 est
1976 1380 2042 1416 per
2058 1373 2261 1409 contentio-

1196 1433 1281 1460 nem
1300 1424 1376 1478 sive
1399 1424 1536 1468 dolum,
1556 1426 1702 1463 domum
1722 1427 1893 1464 Ecclesiae
1922 1429 2122 1476 irrumpere
2148 1437 2262 1469 teuta-

1195 1485 1303 1529 verit,
1321 1492 1357 1522 et
1373 1494 1522 1533 accepto
1533 1487 1681 1525 vulnere
1696 1488 1803 1534 justae
1818 1491 2070 1537 correptionis,
2083 1492 2117 1527 iu
2138 1503 2262 1528 errore

1195 1552 1371 1592 concepto
1402 1558 1640 1594 perseverans
1657 1550 1834 1595 perierit,
1863 1550 1988 1587 doctor
2023 1552 2086 1598 qui
2119 1562 2201 1588 eum
2223 1559 2262 1588 ut

1196 1608 1446 1653 poeniteutiam
1484 1616 1607 1656 ageret
1643 1611 1896 1647 communione
1938 1613 2093 1658 privavit
2113 1640 2123 1656 ‚
2158 1620 2259 1649 reatu

1196 1665 1379 1716 perdidit,
1413 1681 1484 1707 non
1514 1671 1787 1719 constringitur.
1812 1673 1915 1717 Quod
1943 1674 1973 1710 si
1993 1681 2092 1718 orto,
2119 1676 2259 1720 inquit,

1196 1731 1348 1768 antehoc
1370 1733 1466 1777 tecit,
1485 1733 1710 1770 homicidium
1737 1735 1958 1780 perpetravit.
1994 1735 2032 1771 lu
2063 1735 2139 1772 sole
2158 1741 2258 1778 orto,

1196 1795 1319 1832 lumen
1339 1802 1447 1832 rectae
1465 1796 1627 1833 scientiae
1651 1796 1878 1842 exprimitur.
1918 1780 1957 1833 S‘i
1977 1798 2089 1834 enim·
2108 1799 2256 1834 haereti-

1198 1867 1262 1894 cus
1280 1869 1300 1894 a
1318 1858 1554 1904 praedicatore
1585 1857 1803 1902 admonitus,
1834 1860 1971 1896 erroris
2003 1860 2059 1897 sui
2095 1862 2260 1897 tenebras

1197 1919 1417 1965 relinquens,
1435 1921 1479 1956 ad
1500 1920 1622 1956 lumen
1641 1920 1805 1957 veritatis
1825 1921 2112 1967 appropinquare
2139 1928 2257 1959 tenta-

1196 1979 1303 2023 verit,
1327 1990 1398 2016 non
1417 1986 1474 2016 est
1496 1991 1655 2026 aequum,
1670 1987 1710 2016 ut
1729 1982 1970 2019 anathematis
1993 1983 2066 2019 telo
2082 1982 2263 2029 perfodia-

1198 2045 1279 2084 tur;
1302 2042 1365 2078 sed
1386 2042 1577 2078 charitatis
1591 2041 1734 2078 vinculo
1744 2043 1980 2087 constrictus,
1995 2044 2078 2080 vitae
2099 2054 2270 2082 reserve-.

1198 2106 1426 2146 turaeternoe,
1437 2102 1742 2140 secundumillam
1755 2103 1955 2140 Salvator-is
1973 2106 2187 2142 sententiam
2201 2118 2209 2141 ε
2223 2106 2261 2142 Si

1195 2164 1387 2211 peccaverit
1416 2164 1502 2200 inte
1526 2165 1637 2210 frater
1654 2171 1750 2209 tuus,
1766 2165 1853 2202 vade
1868 2172 1900 2203 et
1920 2167 2056 2212 corripe
2075 2177 2154 2202 eum
2172 2167 2262 2202 iuter

1195 2229 1229 2260 te
1245 2229 1277 2259 et
1293 2224 1406 2269 ipsum
1426 2224 1551 2260 solum.
1579 2224 1626 2260 Et
1655 2226 1686 2261 si
1712 2225 1951 2271 poenitentiam
1968 2227 2091 2272 eqerit,
2113 2227 2261 2264 tuereris

1195 2284 1342 2330 fratrem
1360 2291 1472 2331 luunt,
1497 2291 1534 2323 et
1549 2286 1687 2333 reliqua
1702 2277 1847 2335 (Matth.
1864 2287 1982 2336 xvin).
1997 2288 2168 2335 Sequitur
2187 2302 2194 2324 :
2219 2289 2259 2326 Si

1194 2356 1266 2382 non
1280 2346 1442 2383 habuerit
1462 2348 1555 2394 quod
1572 2359 1635 2395 pro
1652 2348 1746 2394 furto
1763 2349 2179 2394 reddat‚venundabttur,
2193 2351 2260 2387 hoc

1197 2412 1254 2443 est
1274 2408 1304 2444 si
1322 2417 1385 2446 cor
1403 2408 1556 2445 docibile
1570 2419 1642 2445 non
1661 2410 1849 2453 hahuerit,
1878 2410 1974 2447 unde
1995 2410 2121 2455 dignos
2142 2411 2261 2455 poeni-

1195 2468 1318 2508 tentiae
1334 2468 1474 2505 fruetus
1487 2470 1750 2516 reprehendere
1766 2470 1891 2516 possit,
1908 2470 2259 2514 excommunicetur,

1193 2534 1233 2565 et
1251 2530 1449 2569 seeundum
1468 2531 1633 2567 veritatis
1656 2531 1887 2573 sententiam,
1901 2536 1940 2567 ut
1957 2531 2125 2567 ethnicus
2141 2536 2176 2566 et
2194 2542 2259 2577 pu-

1194 2592 1359 2630 blicanus
1391 2595 1591 2637 reputetur.
1621 2589 1661 2627 Si
1694 2591 1871 2629 inventum
1913 2590 2019 2637 suerit
2057 2591 2151 2637 apud
2178 2603 2259 2628 eum

1194 2653 1288 2700 quod
1314 2652 1453 2698 furatus
1477 2657 1527 2688 est
1547 2652 1673 2697 vivens,
1694 2654 1764 2690 sive
1796 2654 1878 2697 bos,
1909 2653 1981 2689 sive
2003 2652 2124 2688 asinus
2145 2679 2154 2696 ,
2190 2653 2260 2688 sive

1194 2716 1282 2759 ovis,
1302 2714 1447 2761 duptam
1464 2716 1638 2753 restituat.
1668 2715 1739 2752 Bos
1766 2716 1842 2752 sive
1874 2715 1953 2751 ovis
1985 2725 2065 2761 quae
2087 2714 2258 2761 ungulam

1195 2774 1360 2811 dividunt
1374 2780 1413 2812 et
1427 2775 1623 2818 ruminant,
1641 2775 1775 2812 munda
1805 2780 1890 2812 sunt
1921 2775 2111 2819 animalia;
2133 2775 2258 2812 asinus
2304 2803 2313 2810 .

1193 2842 1314 2873 autem
1329 2836 1567 2878 immundum.
1587 2836 1626 2873 Si
1652 2847 1737 2884 ergo
1755 2837 1862 2874 homo
1883 2835 2042 2879 Judaeus‚
2063 2835 2201 2882 exlege
2219 2836 2257 2872 in

1193 2898 1379 2937 Christum
1398 2898 1566 2943 credens,
1583 2905 1646 2936 aut
1663 2899 1816 2947 simplex
1832 2899 1982 2945 quilibet
1999 2898 2227 2935 Christianus
2244 2924 2255 2941 ,

1195 2960 1274 2997 sive
1291 2960 1402 2997 etiam
1419 2970 1582 3007 paganus
1598 2961 1757 3001 nondum
1774 2960 1811 2997 in
1830 2960 1976 2997 Christo
1994 2964 2143 2996 renatus
2161 2959 2257 3004 apud

1142 2995 1179 3036 D
1195 3019 1407 3057 haereticum
1423 3020 1563 3064 vivens,
1579 3020 1617 3057 id
1629 3025 1699 3064 est,
1718 3025 1855 3057 rectam
1873 3020 2111 3056 intentionem
2132 3029 2257 3056 verum

1193 3082 1379 3128 quaerendi
1399 3083 1552 3126 habens,
1567 3091 1798 3125 commanere
1811 3082 2008 3125 invenitur,
2026 3080 2134 3127 duplo
2151 3080 2256 3117 resti-

1193 3147 1341 3182 tuatur:
1359 3142 1498 3185 scilicet
1519 3148 1593 3180 tam
1612 3143 1734 3186 animo
1751 3153 1862 3190 quam
1896 3143 2008 3182 etiam
2033 3151 2185 3188 corpore
2210 3142 2255 3176 ab

1191 3202 1364 3243 haeretico
1380 3203 1416 3241 in
1435 3213 1507 3249 quo
1521 3213 1595 3244 non
1619 3208 1677 3240 est
1690 3203 1825 3245 veritas
1839 3208 2039 3250 separatus,
2056 3202 2153 3246 justo
2168 3209 2254 3244 pos·

1188 3262 1326 3301 sessori
1341 3262 1502 3307 Christo,
1518 3263 1581 3310 qui
1597 3270 1654 3304 est
1675 3263 1734 3305 via
1752 3263 1888 3300 veritas
1903 3268 1941 3300 et
1962 3262 2051 3304 vita,
2071 3260 2108 3297 in
2130 3258 2254 3295 Eccle—

1191 3325 1250 3366 sia
1276 3334 1342 3374 per
1365 3324 1474 3361 fidem
1496 3329 1534 3365 et
1567 3323 1832 3366 consessionem
1851 3322 2064 3362 catholicam
2082 3319 2252 3361 restitua-

1193 3390 1254 3427 tur
1274 3396 1283 3420 2
1304 3390 1346 3421 ut
1369 3384 1421 3427 ibi
1447 3389 1564 3427 totum
1583 3384 1745 3425 inveniat
1778 3384 1874 3429 quod
1905 3381 1991 3418 alibi
2007 3381 2252 3425 frustrafluae-

1190 3446 1311 3486 rebat.
1333 3445 1426 3487 Hinc
1454 3444 1565 3489 etiam
1599 3444 1767 3485 hortatur
1787 3441 1971 3486 Sapientia
2004 3439 2152 3485 dicen&
2170 3439 2251 3487 ,qu

1193 3511 1306 3548 mater
1322 3505 1479 3553 putchroe
1502 3503 1718 3547 dilectionis,
1751 3507 1784 3544 ot
1809 3501 1959 3546 timoris,
1976 3506 2009 3545 εἰ.
2038 3501 2249 3548 castilionis,

1191 3571 1372 3609 asama
1384 3564 1472 3612 met.
1490 3563 1536 3600 In
1551 3574 1607 3604 me
1629 3562 1746 3608 aratia
1760 3561 1874 3606 emis
1890 3562 1955 3606 vim
1973 3561 2252 3614 arannem»

1192 3635 1247 3662 me
1258 3624 1373 3665 omni·
1386 3633 1464 3670 spes
1477 3622 1558 3664 vitre
1568 3626 1603 3659 et
1627 3620 1958 3669 ainata-,Transito
1974 3621 2021 3661 ad
2042 3631 2112 3668 me,
2132 3630 2250 3669 om

1190 3686 1252 3734 qut
1268 3682 1512 3730 concupiscitis.
1537 3692 1605 3727 me,
1625 3687 1658 3724 et
1671 3693 1696 3724 a
1723 3681 2003 3731 generationibus
2017 3681 2107 3724 meis
2127 3678 2250 3731 imi&-

1192 3745 1293 3784 mini.
1321 3743 1392 3788 Qui
1411 3741 1512 3781 audit
1528 3752 1599 3787 me,
1613 3752 1684 3780 non
1702 3740 1952 3793 confundetur,
1972 3745 2005 3785 fit
2020 3740 2082 3791 qui
2105 3749 2250 3792 wrm·

1193 3814 1252 3851 tur
1262 3805 1303 3850 ia
1315 3814 1372 3850 me
1381 3799 1932 3865 noa-rmurttussmlmtt‘
1945 3800 2134 3858 m
2146 3806 2248 3862 ΒΜ·
