2540 4016
46 94 53 96 ”
76 100 152 148 493

681 97 1018 137 Exposmomss
1041 98 1090 135 m
1110 98 1385 138 LEvthcnu.
1410 120 1459 133 ψ
1479 102 1565 141 Lm.
1593 104 1652 143 Vl,

2179 116 2249 158 494.

79 183 152 220 tur.
185 176 251 216 Sin
277 186 364 214 vero
394 177 467 214 filia
498 173 696 222 sacerdotis
714 173 843 214 effecta
870 182 938 220 per
952 182 1035 209 eam
1053 183 1134 221 quae
1150 176 1186 217 A
1201 184 1324 212 sermo
1336 184 1444 220 quem
1457 175 1621 224 tradidit,
1637 177 1797 229 quinque
1810 183 1873 227 qui
1887 184 1925 219 in
1937 188 2041 225 nobis
2055 196 2138 227 sunt
2151 202 2251 229 com-

78 237 176 286 dieta
198 242 256 274 est
272 237 596 286 regenerationem,
623 233 834 282 alienigenae
850 233 1044 280 conjuncta
1056 234 1135 271 fue-

78 298 141 341 rit,
163 298 372 338 haereticum
390 297 475 344 quid
491 305 600 344 agens
618 293 675 332 vel
692 293 878 335 Judaicum
902 294 960 331 vel
985 291 1131 342 gentile,

77 362 116 402 et
134 357 241 396 vidua
259 357 354 406 sacta
375 355 484 393 fuerit
503 354 560 391 vel
577 354 777 401 repudiata,
809 353 1018 400 relinquens
1033 363 1134 390 erro-

78 428 156 458 rem
176 418 338 458 funditus
353 422 392 457 et
409 416 673 465 quodammodo
691 415 869 462 sepeliens
897 414 1011 459 illum,
1036 419 1073 451 et
1087 415 1133 453 ab

79 478 203 525 iniqua
231 479 461 525 semetipsam
483 475 672 516 absolvens
697 471 966 519 commistione,
986 484 1134 511 reversa

78 538 189 576 fuerit
206 540 243 576 in
260 541 407 578 domum
431 549 533 576 suam
553 543 755 586 paternam,
777 537 812 573 id
829 544 897 580 est,
918 536 1131 580 Ecclesiam,

78 605 114 635 et
136 601 335 638 secundum
348 599 574 645 juventutem
589 609 704 642 suam,
723 598 759 634 in
777 607 847 644 qua
865 596 1028 632 fervebat
1053 605 1134 631 cum

77 661 193 709 sacris
206 660 434 707 dogmatibus
447 660 530 695 fidei
543 658 787 701 nutriebatur,
809 656 1047 702 Juvencscens
1063 655 1136 691 vir-

77 721 216 757 tutibus
232 725 269 756 et
287 720 412 767 virago
444 721 488 756 ab
509 720 580 756 illis
612 718 803 766 appellata,
836 718 879 754 de
913 716 1043 764 quibus
1071 715 1135 751 Dei

73 780 236 828 ‚Spiritus
259 780 304 815 ad
334 778 516 815 Christum
538 779 575 814 in
600 778 759 815 Canticis
778 776 944 812 dicebat:
968 773 1133 821 Unquen-

77 846 151 876 tum
172 841 322 887 effusum
340 845 390 875 est
410 850 533 874 nomen
567 845 664 874 tuum
682 864 691 880 ,
722 840 904 884 propterea
935 832 1135 868 adolescen-

78 901 160 937 tuloe
184 901 379 937 dilexerunt
397 906 428 935 te
452 898 568 947 (Cane.
587 898 639 945 1),
670 897 714 932 de
732 895 885 942 panibus
915 892 1030 939 patris
1064 892 1133 936 sui,

78 962 114 998 id
133 967 201 1005 est,
227 961 362 998 Christi
379 958 544 996 comedat
560 983 569 1000 ‚
599 957 630 992 si
648 955 744 991 enim
764 959 917 989 matrem
935 952 1135 988 Ecclesiam

77 1021 323 1068 unusquisque
354 1022 533 1058 nostrum,
566 1019 603 1051 et
633 1018 775 1060 patrem
795 1012 979 1049 Christum
1008 1012 1132 1048 habet.

77 1081 202 1119 Omnis
216 1078 418 1125 alienigena
439 1075 651 1113 comedendi
671 1085 716 1111 ex
747 1074 800 1110 eis
817 1083 890 1110 non
906 1074 1016 1110 habet
1034 1078 1135 1119 pote-
1152 1060 1184 1099 Β

77 1147 221 1184 statem,
252 1139 287 1176 id
304 1143 373 1183 est,
399 1138 462 1186 qui
481 1137 595 1173 aliena
615 1135 758 1172 Christo
777 1140 814 1172 et
835 1135 975 1182 legibus
993 1135 1070 1181 ejus
1098 1140 1136 1171 et

75 1202 199 1251 gloriae
220 1201 304 1248 agit.
334 1200 420 1247 EJus
437 1198 533 1235 enim
549 1198 608 1234 lex
624 1202 680 1234 est
696 1210 704 1233 :
728 1195 810 1233 Non
826 1196 954 1232 dabitis
975 1202 1134 1232 sanctum

77 1263 235 1306 canibus,
258 1272 365 1308 neque
382 1260 529 1296 mittatis
543 1258 755 1305 marqaritas
770 1264 898 1295 vestras
916 1263 994 1294 ante
1010 1269 1133 1305 porcos

79 1323 221 1372 (ΜαιιΙι.
241 1322 322 1368 vn).
343 1320 515 1367 Sequitur
532 1332 540 1354 :

125 1383 193 1427 Qui
211 1381 399 1418 comederit
419 1381 461 1416 de
480 1379 707 1425 sanctificatis
723 1390 784 1425 per
799 1378 1033 1424 iquorantiam
1046 1405 1055 1422 ,
1075 1379 1134 1413 ad-

77 1443 127 1479 dit
152 1444 309 1489 quintam
327 1448 461 1488 partem
488 1451 565 1475 cum
590 1451 648 1483 eo,
674 1440 765 1486 quod
789 1439 956 1482 comedit,
985 1445 1015 1474 et
1036 1439 1133 1474 dabit

78 1504 251 1540 sacerdoti
271 1505 309 1539 in
328 1502 592 1544 sanctuarium,
615 1511 675 1535 nec
702 1500 987 1536 contaminabunt
1005 1500 1133 1535 sancti-

78 1568 184 1614 ficata
202 1566 356 1612 filiorum
374 1563 509 1607 Israel,
530 1573 606 1609 quw
625 1561 774 1607 offerunt
798 1561 944 1596 Domino
962 1588 970 1603 ,
988 1572 1028 1595 ne
1044 1561 1132 1607 sorte

78 1628 273 1663 sustineant
311 1626 530 1672 iniquitatem
564 1625 679 1659 delicti
714 1624 769 1658 sui
787 1650 795 1665 ,
828 1633 905 1657 cum
930 1622 1131 1667 salitificata

79 1687 318 1722 comederint:
338 1686 413 1733 qu
435 1685 629 1727 Dominus,
651 1683 709 1730 qui
734 1682 914 1727 sanctifico
942 1693 1012 1716 eos.
1044 1681 1132 1717 San-

80 1753 138 1784 cta
159 1752 367 1783 sanctorum
388 1750 471 1781 sunt
489 1744 634 1790 proprie
661 1742 794 1778 Christi
825 1742 997 1788 mysteria
1010 1769 1018 1784 ,
1048 1741 1131 1786 qnia

83 1807 195 1853 ipsius
213 1811 268 1841 est
285 1813 430 1850 corpus,
451 1803 495 1838 de
515 1812 585 1848 quo
606 1801 751 1837 Gabriel
772 1800 816 1835 ad
838 1799 1017 1846 Virginem
1037 1800 1131 1836 dice-

78 1866 169 1902 bat:
195 1863 350 1910 Spiritus
381 1867 523 1898 sanctus
557 1861 772 1907 superveniet
803 1861 840 1894 in
871 1866 924 1902 te,
958 1868 988 1895 et
1020 1861 1128 1896 virtus

77 1924 250 1960 Altissimi
273 1922 490 1959 obumbrabit
509 1921 590 1964 tibi,
615 1921 692 1956 ideo
719 1919 811 1966 quod
840 1925 1001 1954 nascetur
1028 1929 1070 1953 ea·
1098 1924 1129 1953 te

78 1992 240 2022 sanctum
256 2012 266 2029 ,
304 1984 485 2020 vocabitur
514 1981 630 2017 Filius
661 1981 725 2016 Dei
756 1980 867 2028 (Luc.
899 1992 909 2016 1
927 1980 954 2027 ).
992 1980 1062 2015 Sed
1095 1984 1130 2014 et

78 2045 217 2083 lsaias:
251 2045 401 2082 Sanctus
430 2044 620 2086 Dominus,
647 2048 679 2078 et
703 2043 739 2077 in
766 2041 846 2077 allis
870 2042 1002 2076 habitat
1022 2040 1127 2087 [Al.,

80 2107 248 2143 Sanctum
274 2116 396 2141 nomen
424 2105 499 2150 ejus
527 2104 564 2138 in
579 2101 726 2150 excelso]
749 2101 846 2149 (Iso.
874 2100 975 2148 Lvii),
995 2100 1031 2134 in
1050 2100 1130 2135 sinu

79 2167 248 2204 videlicet
261 2166 394 2202 Patris.
413 2164 467 2200 Ab
484 2165 553 2199 hoc
569 2163 664 2198 enim
682 2171 755 2198 non
775 2161 889 2197 solum
911 2160 1130 2204 alienigenas

82 2233 120 2264 et
150 2227 346 2274 inquilinos
377 2231 413 2262 et
441 2224 685 2260 mercenarios
713 2222 892 2258 sacrificio
924 2220 1127 2267 prohibuit,

79 2289 143 2326 sed
163 2298 231 2324 nec
249 2298 315 2334 per
332 2285 572 2334 ignorantiam
594 2283 778 2330 percipere
794 2282 970 2329 praecipit.

125 2349 196 2386 Per
229 2348 470 2395 ignorantiam
505 2351 625 2382 autem
656 2343 832 2390 percipit,
867 2343 928 2389 qui
958 2343 1129 2379 virtutem

83 2409 161 2456 ejus
180 2414 216 2446 et
236 2409 450 2455 dignitatem
471 2407 633 2453 ignorat,
656 2405 717 2450 qui
745 2404 862 2440 nescit
890 2404 974 2449 quia
1000 2412 1130 2449 corpus

81 2470 151 2506 hoc
172 2474 208 2504 et
229 2468 376 2515 sanguis
396 2472 452 2504 est
473 2466 670 2503 secundum
687 2465 875 2500 veritatem
893 2475 902 2506 3
923 2464 984 2498 sed
1002 2469 1131 2509 myste-

79 2528 136 2565 ria
156 2528 299 2573 quidem
316 2526 490 2573 percipit,
512 2525 627 2560 nescit
647 2532 766 2559 autem
786 2522 1043 2568 mysteriorum
1061 2520 1131 2554 vir-

81 2591 207 2622 tutem.
231 2585 286 2620 Ad
307 2595 414 2631 quem
436 2584 605 2619 Salomon
626 2582 732 2624 dicit,
754 2581 812 2616 vel
834 2581 947 2626 magis
975 2578 1131 2623 Spiritus

83 2647 146 2693 qui
173 2647 209 2682 in
237 2655 280 2681 eo
309 2650 392 2681 est:
426 2643 575 2686 Quando
607 2641 761 2683 sederis,
789 2645 826 2674 ut
858 2638 1019 2673 comedas
1050 2648 1130 2672 cum

81 2708 260 2756 principe,
280 2704 468 2751 diliqenter
488 2701 626 2738 attende
639 2727 648 2743 ,
668 2711 745 2746 qua:
766 2699 880 2745 posita
899 2703 979 2732 sunt
1000 2702 1079 2731 ante
1098 2702 1129 2730 te

83 2767 95 2815 (
112 2767 217 2803 Prov.
236 2775 328 2801 xx111
343 2766 369 2811 ).
389 2764 522 2810 Aperte
540 2768 576 2797 et
595 2762 670 2807 ipse
689 2759 908 2804 compellens
935 2763 971 2793 et
999 2766 1130 2803 cogens

85 2838 189 2871 eum,
218 2826 280 2873 qui
309 2826 472 2872 ignorat,
505 2823 636 2859 addere
666 2820 828 2866 quintam
856 2823 1023 2864 partem;
1052 2818 1129 2852 haec

87 2887 184 2924 enim
224 2885 348 2932 quinta
380 2884 500 2919 addita
534 2881 734 2927 intelligere
762 2889 828 2914 nos
861 2877 1133 2923 intelligibiliter

83 2949 204 2987 divina
222 2953 259 2985 et
276 2948 427 2995 mystica
444 2945 544 2982 facit.
565 2944 658 2988 Quid
676 2943 723 2979 sit
742 2946 861 2977 autem
881 2941 1005 2987 quinta
1019 2966 1028 2983 ‚
1053 2940 1131 2986 ipsa

83 3018 120 3048 te
135 3012 249 3048 verba
267 3009 484 3057 legislatoris
506 3009 635 3044 docere
653 3011 804 3052 possunt
820 3016 829 3048 ;
849 3005 900 3040 ait
917 3004 1012 3040 enim
1032 3016 1039 3038 :
1059 3003 1131 3038 Ad-

82 3072 135 3108 dit
164 3072 322 3119 quintam
349 3075 483 3116 partem
509 3079 588 3103 cum
615 3079 654 3103 eo
679 3066 771 3113 quod
792 3066 953 3101 comedit.
983 3065 1026 3100 Et
1046 3075 1131 3111 quo-

82 3131 190 3167 modo
213 3129 291 3176 ejus
314 3129 410 3175 quod
428 3126 506 3173 jam
526 3125 684 3163 comedit
703 3130 739 3160 et
755 3124 980 3170 consumpsit
999 3123 1131 3160 addere

83 3190 165 3238 quis
184 3190 345 3237 quintam
363 3193 484 3235 potest
500 3200 508 3224 :
527 3197 644 3234 neque
660 3186 756 3222 enim
776 3185 873 3221 aliud
891 3190 952 3221 aut
971 3185 1128 3228 aliunde,

83 3255 147 3292 sed
165 3254 209 3291 de
225 3254 304 3304 ipso
319 3258 356 3289 et
373 3263 455 3289 cum
475 3262 518 3289 eo
535 3263 544 3296 ;
565 3252 621 3288 vel
641 3251 734 3287 sicut
751 3250 985 3298 Septuaginta
1000 3278 1009 3295 ‚
1029 3261 1132 3298 super

83 3314 198 3363 {psum
212 3313 315 3363 jubet
332 3312 414 3349 addi
432 3312 608 3358 quintam.
631 3311 726 3358 Ergo
742 3312 906 3357 quintam
926 3309 1003 3356 ejus
1022 3319 1132 3356 super

84 3373 203 3426 ipsum
222 3383 341 3411 sermo
358 3379 437 3418 est,
458 3372 519 3419 qui
538 3372 700 3419 prolatus
725 3376 783 3408 est
809 3372 854 3408 ab
879 3371 958 3417 ipso
986 3364 1131 3407 Christo

89 3441 195 3482 super
209 3434 435 3472 Dominicum
451 3434 663 3481 mysterium
681 3444 690 3476 ;
712 3433 790 3479 ipse
807 3432 904 3468 enim
920 3432 1051 3468 liberat
1066 3441 1132 3467 nos

89 3493 136 3546 ffb
148 3494 360 3557 ignorantia,
374 3500 606 3542 removetque
623 3505 689 3531 nos
709 3493 848 3530 additos
867 3493 1014 3530 carnale
1033 3492 1134 3538 quid-

78 3554 186 3607 ,μὴ-ιιι,
211 3562 248 3592 ει
274 3561 458 3594 terrenum
486 3557 530 3594 de
557 3557 692 3594 sanctis
718 3555 907 3598 arbitrari,
930 3555 993 3591 sed
1013 3553 1134 3589 divine

95 3619 139 3667 (ἐι
152 3621 190 3652 et
204 3617 414 3674 ερὶιξὶιεᾏίιει·
433 3618 549 3666 accipi
567 3619 704 3662 sancit,
725 3618 821 3663 quod
842 3617 966 3663 quinta
989 3614 1134 3662 proprie

86 3675 312 3733 δ11οπ,ιὶιιαῐ.ιρ,ι·,
327 3679 411 3730 quia
423 3680 539 3729 quiin
556 3679 660 3716 nobis
678 3683 735 3716 est
750 3678 893 3716 divinus
911 3676 1080 3725 Spiritus,
1099 3680 1136 3711 et

1199 234 1302 283 ponit
1314 244 1456 271 sensus.
1470 234 1517 271 Et
1530 245 1604 272 non
1617 237 1735 273 solum
1749 245 1913 277 nostrum
1928 251 2076 289 gustum·
2083 253 2252 296 producit

1200 294 1247 331 ad
1268 294 1502 341 mysterium,
1519 295 1588 343 'sed
1612 300 1650 333 et
1673 297 1837 334 auditum
1861 304 1898 336 et
1915 301 2034 339 visum
2057 312 2095 342 et
2111 314 2247 350 tactum

1198 360 1239 407 et
1262 355 1483 415 odoratum;
1512 356 1563 392 ita
1581 359 1623 394 ut
1642 356 1733 393 nihil
1753 357 1790 394 in
1815 359 1870 395 eis
1898 361 2051 398 minoris
2076 368 2228 408 rationis

1201 419 1240 458 et
1256 414 1410 461 infirmae
1434 417 1547 452 menti
1573 416 1801 464 proximum,
1822 418 1866 454 de
1890 419 1949 456 his
1967 420 2154 468 videlicet,
2175 399 2255 474 qua}

1201 473 1305 510 valde
1336 484 1494 521 superna
1523 481 1626 523 sunt,
1661 477 1901 524 suspicemur.
1929 479 2141 529 Quicunque
2169 495 2256 534 ergo

1201 533 1431 572 sanctificata
1463 545 1530 582 per
1560 537 1805 583 ignorantiam
1832 539 2054 585 comederit,
2087 542 2257 589 ignorans

1203 604 1328 632 eorum
1347 596 1521 631 virtutem
1541 596 1634 633 sicut
1660 598 1820 636 diximus
1834 626 1843 644 ,
1865 599 1966 638 addit
1989 603 2151 649 quintam
2180 605 2258 652 ejus

1203 665 1312 702 super
1333 664 1377 692 eo
1392 655 1448 691 vel
1465 666 1548 708 cum
1562 667 1627 700 eo,
1645 662 1681 693 et
1705 659 1804 695 dabit
1828 661 2008 698 sacerdoti
2031 663 2069 698 in
2092 671 2255 702 sanctua-

1204 715 1299 751 rium
1316 727 1324 751 :
1344 715 1668 754 sanctificationem
1685 719 1783 755 enim
1802 721 1946 767 mystici
1965 723 2158 769 sacrificii,
2177 732 2214 762 et
2234 737 2255 763 a

1204 775 1437 812 sensibilibus
1457 776 1503 812 ad
1519 776 1758 824 intelligibilia
1776 781 2050 819 translationem
2068 784 2144 821 sive
2158 796 2255 823 com-

1203 835 1442 871 mutationem
1470 836 1527 880 ei,
1559 837 1621 883 qui
1652 848 1761 875 verus
1789 845 1844 876 est
1870 843 2063 888 sacerdos,
2089 845 2257 884 videlicet

1203 891 1369 939 Christo,
1391 902 1533 941 oportet
1551 896 1649 941 dari,
1672 898 1706 934 id
1723 905 1800 943 est,
1821 900 1889 946 ipsi
1910 901 1954 937 de
1971 902 2023 938 eis
2042 903 2257 941 miraculum

1204 953 1333 988 cedere
1354 958 1390 988 et
1407 954 1608 1000 imputare,
1630 956 1715 1001 quia
1732 967 1796 1004 per
1816 958 1893 1004 ejus
1911 959 2082 998 virtutem
2112 968 2149 999 et
2177 975 2258 1010 pro-

1202 1008 1314 1045 latum
1333 1011 1378 1046 ab
1395 1021 1438 1047 eo
1454 1014 1604 1049 verbum
1619 1040 1629 1056 ‚
1647 1024 1727 1060 quae
1744 1017 1911 1053 videntur
1929 1024 2002 1055 tam
2029 1023 2255 1062 sanctificata

1203 1076 1306 1114 sunt,
1327 1081 1435 1117 quam
1454 1079 1623 1109 cunctum
1639 1076 1760 1112 carnis
1776 1079 1957 1115 excedunt
1975 1091 2135 1118 sensum.

1250 1132 1363 1169 Recte
1389 1143 1476 1180 ergo
1498 1134 1661 1171 addidit:
1695 1135 1770 1172 Nec
1799 1141 2085 1178 contaminabunt
2105 1146 2259 1191 sanctifi-

1203 1198 1283 1228 cata
1306 1192 1464 1238 filiorum
1485 1193 1619 1237 Israel,
1643 1206 1720 1242 quse
1740 1197 1893 1242 offerunt
1912 1198 2082 1245 Domino,
2103 1213 2145 1238 ne
2168 1203 2258 1250 sorte

1201 1255 1397 1290 sustineant
1428 1256 1647 1302 iniquitatem
1678 1257 1795 1293 delicti
1823 1261 1899 1305 sui,
1931 1273 2009 1297 cum
2035 1265 2256 1311 sanctificata

1202 1316 1426 1352 comederint.
1448 1316 1514 1359 Qui
1530 1318 1627 1353 enim
1645 1317 1788 1355 Christo
1804 1330 1952 1356 suorum
1971 1323 2253 1362 ministeriorum

1202 1377 1528 1414 sanctificationem
1547 1379 1745 1426 imputant,
1766 1386 1801 1416 et
1823 1382 1996 1419 addentes
2014 1374 2251 1434 sibimetipsis

1201 1439 1364 1485 quintam
1396 1449 1475 1484 quae
1504 1440 1644 1484 prolata
1675 1445 1751 1484 est,
1783 1442 1949 1479 videlicet
1978 1446 2128 1482 verbum
2151 1447 2251 1493 ejus,

1201 1500 1297 1546 quod
1326 1505 1471 1535 nostros
1497 1501 1664 1545 producit
1687 1510 1814 1538 sensus
1844 1504 1889 1538 ad
1918 1505 2151 1551 sublimiora,
2180 1519 2252 1545 non

1200 1560 1447 1595 contaminant
1464 1559 1596 1595 Sancta
1614 1567 1837 1606 sanctorum,
1854 1570 1893 1599 ut
1911 1570 1995 1610 pote
2013 1567 2132 1611 qualia
2152 1579 2256 1616 opor-

1199 1623 1251 1654 tet
1270 1619 1313 1655 de
1333 1619 1385 1655 eis
1407 1619 1668 1666 intelligentes,
1699 1622 1759 1656 sed
1787 1632 1854 1658 nec
1873 1623 2047 1660 inducunt
2070 1636 2178 1673 super
2194 1640 2251 1673 se,

1199 1681 1427 1726 iniquitatem
1468 1681 1588 1717 delicti
1622 1682 1658 1717 in
1690 1683 1911 1720 comedendo
1946 1685 2079 1722 Sancta
2113 1695 2255 1727 sancto-

1198 1753 1304 1785 rum;
1324 1751 1390 1778 nec
1407 1742 1503 1777 enim
1531 1749 1570 1778 ut
1594 1743 1638 1778 ad
1664 1754 1891 1780 communem
1916 1745 2060 1791 cibum,
2089 1750 2152 1785 sed
2183 1752 2249 1787 sic-

1200 1807 1239 1837 ut
1269 1802 1313 1837 ad
1339 1803 1532 1848 mysticum
1560 1809 1596 1838 et
1622 1803 1782 1839 terribile
1812 1810 1847 1839 et
1876 1805 2023 1842 coeleste
2050 1810 2251 1847 accedunt:

1200 1863 1245 1898 ad
1275 1873 1381 1908 quem
1401 1889 1410 1905 ‚
1442 1864 1503 1908 qui
1535 1869 1668 1900 temere
1704 1866 1908 1910 accedunt,
1939 1878 2008 1903 non
2041 1870 2253 1916 simpliciter

1199 1928 1370 1970 peccant,
1405 1923 1631 1968 iniquitatem
1664 1926 1782 1962 delicti
1814 1928 1868 1962 sui
1897 1934 2041 1973 portare
2071 1931 2253 1969 dicuntur.

1200 1983 1378 2020 Delictum
1406 1988 1525 2019 autem
1554 1985 1699 2030 proprie
1730 1996 1749 2020 a
1780 1987 1983 2032 legislatore
2013 1990 2143 2027 dicitur
2171 2003 2253 2039 pec-

1199 2051 1346 2089 catum,
1381 2045 1475 2091 quod
1508 2046 1543 2080 in
1575 2047 1686 2082 Deum
1719 2048 1969 2093 committitur,
2000 2056 2037 2086 et
2067 2063 2134 2096 ca,
2170 2067 2250 2101 quae

1202 2108 1248 2143 ad
1275 2108 1344 2143 hoc
1366 2107 1551 2153 pertinent
1576 2107 1613 2142 in
1639 2107 1828 2143 sacrificiis
1842 2135 1850 2150 ‚
1868 2119 1948 2154 quae
1964 2120 2031 2155 pro
2048 2112 2190 2151 delictis
2206 2117 2258 2150 os-

1199 2167 1379 2211 fernntur‚
1412 2167 1553 2214 pridem
1581 2169 1816 2205 ostendimus.
1848 2169 1947 2206 Unde
1970 2177 2006 2207 et
2029 2183 2145 2218 nunc,
2175 2185 2256 2212 cnm

1201 2228 1352 2264 dixisset
1370 2239 1377 2262 :
1399 2227 1455 2262 Ne
1475 2227 1564 2273 sorte
1589 2229 1783 2264 sustineant
1802 2230 2021 2276 iniquitatem
2039 2233 2156 2269 delicti
2175 2237 2230 2270 sui
2243 2264 2252 2279 ,

1199 2292 1296 2323 recte
1326 2286 1511 2323 subdidit:
1545 2286 1620 2333 qu
1646 2287 1842 2333 Dominus,
1869 2290 1929 2336 qui
1959 2293 2138 2338 sanctifico
2169 2306 2255 2338 eos,·

1202 2349 1273 2385 hoc
1299 2349 1511 2391 ostendens,
1541 2350 1626 2395 quia
1652 2350 1841 2393 delictum,
1872 2352 1907 2386 id
1930 2358 2007 2396 est,
2035 2355 2201 2400 impietas
2218 2358 2254 2392 in

1200 2409 1314 2444 Deum
1328 2436 1336 2450 ‚
1356 2409 1604 2455 incompetens
1621 2416 1826 2445 sanctornm
1842 2414 2025 2458 perceptio
2040 2416 2253 2461 appellatur,

1199 2469 1319 2506 tendit
1335 2470 1432 2505 enim
1449 2470 1492 2505 ad
1511 2470 1623 2505 Deum
1643 2471 1940 2507 sanctificantem.

1588 2542 1739 2580 CAPUT
1766 2544 1859 2579 XIX.

1218 2603 1353 2639 Hoslioe
1369 2613 1446 2650 quae
1464 2603 1660 2648 offeruntur
1675 2603 1826 2639 Domino
1839 2631 1848 2647 ,
1866 2610 1904 2640 ut
1922 2607 2147 2652 acceptabiles
2163 2610 2232 2646 sint

1543 2649 1778 2685 immaculatoe
1795 2657 1907 2686 erunt.

1247 2708 1359 2756 (lmn.
1377 2708 1390 2756 )
1414 2708 1567 2743 Locutus
1592 2714 1642 2744 est
1662 2707 1834 2744 Dominus
1854 2709 1900 2743 ad
1922 2709 2067 2757 Moysen
2080 2739 2089 2755 ,
2107 2714 2226 2751 dicens
2243 2728 2255 2752 .·

1198 2769 1354 2815 Loquere
1371 2767 1415 2804 ad
1433 2768 1554 2803 Aaron
1573 2773 1605 2802 et
1626 2767 1671 2802 ad
1687 2766 1779 2813 filios
1797 2768 1887 2813 ejus,
1908 2775 1938 2804 et
1957 2770 2003 2805 ad
2024 2782 2141 2808 omnes
2160 2774 2254 2819 filios

1150 2849 1183 2888 D
1201 2829 1338 2872 Israel,
1358 2829 1517 2875 dicesque
1533 2828 1578 2863 ad
1597 2838 1681 2864 eos:
1706 2828 1821 2864 Homo
1841 2830 1883 2865 de
1902 2831 2005 2867 darno
2026 2833 2140 2870 Israel
2159 2843 2191 2871 et
2210 2838 2254 2873 de

1205 2889 1346 2926 advenis
1369 2889 1429 2936 qui
1453 2888 1611 2924 habitant
1634 2889 1727 2935 apud
1746 2900 1824 2933 vos,
1846 2891 1904 2936 qui
1926 2891 2086 2928 obtulerit
2111 2895 2257 2933 oblatio-

1204 2960 1281 2985 nem
1298 2960 1398 2985 suam
1413 2975 1422 2992 ,
1441 2947 1491 2984 vel
1509 2954 1587 2983 vota
1605 2947 1754 2991 solvens,
1770 2948 1820 2984 vel
1838 2957 1956 2996 sponte
1974 2952 2136 2999 offerens,
2155 2957 2257 3002 quid-

1203 3008 1286 3056 quid
1306 3008 1392 3043 illud
1409 3007 1570 3043 obtulerit
1591 3008 1626 3042 in
1647 3006 1889 3044 holocaustum
1907 3009 2050 3047 Domini
2069 3019 2104 3049 ut
2125 3016 2252 3061 offera-

1203 3074 1260 3103 tur
1276 3079 1337 3114 per
1356 3078 1434 3111 vos,
1455 3066 1631 3102 masculus
1649 3066 1897 3103 immaculatus
1917 3070 1981 3104 erit
2007 3081 2050 3106 ex
2076 3072 2203 3117 bobus,
2223 3081 2256 3110 et

1203 3139 1246 3164 ea:
1263 3127 1395 3171 ovibus,
1414 3133 1446 3163 et
1462 3138 1504 3163 ex
1520 3127 1648 3173 capris.
1667 3125 1707 3163 Si
1723 3126 1899 3162 maculam
1914 3128 2073 3164 habuerit
2091 3142 2158 3166 non
2173 3133 2255 3177 offe-

1203 3188 1285 3223 retis
1296 3215 1305 3231 ,
1329 3198 1436 3234 neque
1452 3187 1517 3222 erit
1534 3184 1755 3232 acceptabile.
1774 3184 1890 3220 Homo
1905 3187 1965 3232 qui
1982 3187 2142 3223 obtulerit
2158 3190 2255 3225 victi-

1203 3261 1297 3286 mam
1316 3248 1543 3296 pacificorum
1558 3247 1708 3282 Domino
1727 3245 1778 3281 vel
1795 3250 1873 3280 vota
1892 3246 2024 3282 solvens
2037 3273 2047 3290 ,
2069 3247 2119 3283 vel
2134 3256 2253 3293 sponte

1203 3311 1366 3356 offerens,
1386 3314 1458 3343 tam
1475 3307 1517 3343 de
1535 3306 1640 3342 bobus
1658 3315 1762 3352 quam
1788 3304 1830 3339 de
1849 3305 1965 3340 ovibus
1987 3306 2251 3345 immaculatum

1203 3371 1344 3417 offeret:
1355 3376 1391 3404 ut
1405 3365 1614 3414 acceptabile
1628 3366 1692 3407 sit,
1704 3365 1814 3399 omnis
1829 3363 1968 3400 macula
1983 3367 2128 3403 nouerit
2144 3369 2182 3404 in
2195 3379 2250 3406 eo.

1203 3430 1282 3478 (Ex
1298 3425 1499 3474 Hesychia.)
1518 3424 1593 3459 Non
1619 3423 1731 3458 solnm
1768 3422 1970 3459 sacerdotes
2000 3433 2020 3460 a
2053 3425 2251 3472 pollutione

1200 3487 1352 3524 mundos
1363 3495 1456 3528 esse,
1467 3483 1528 3520 sed
1538 3488 1575 3518 et
1588 3481 1785 3517 oblationes
1792 3491 1871 3528 quae
1879 3491 1899 3517 a
1909 3484 2040 3530 populo
2048 3484 2250 3525 offeruntur

1200 3547 1386 3594 praecipit:
1417 3549 1456 3580 ut
1483 3548 1521 3577 tu
1545 3551 1760 3588 cognoscas,
1790 3541 1852 3587 qui
1882 3552 1921 3580 es
1948 3542 2064 3581 fidelis
2090 3546 2188 3590 Deo,
2212 3554 2250 3584 et

1201 3608 1262 3655 qui
1280 3605 1411 3642 oblatio
1427 3604 1459 3639 ci
1476 3612 1539 3649 per
1555 3601 1802 3638 holocaustum
1818 3602 2051 3651 intelligibilis
2071 3606 2246 3645 sacrificii

1201 3668 1317 3706 sactus
1338 3675 1398 3711 es,
1422 3663 1506 3711 quia
1526 3662 1624 3699 omni
1642 3661 1837 3708 pollutione
1856 3663 2028 3710 mundam
2049 3674 2131 3705 esse
2150 3675 2250 3705 oom-
