2540 4016
295 237 383 274 ¹071

717 233 758 268 Β.
787 231 955 268 RABANI
981 231 1128 270 MAURI
1151 231 1369 269 ARCHIEP.
1397 229 1604 268 MOGUNT.
1633 229 1825 268 OPERUM
1850 228 1971 266 PARS
1993 228 2024 264 1.

2358 227 2450 264 1⁰72

289 326 298 347 r
333 313 499 348 dei-arem
525 310 674 352 terram,
694 308 929 353 nuntiavique
955 308 990 343 ei
1010 309 1106 354 quod
1128 316 1255 343 verum
1277 307 1332 342 vi-
1350 308 1386 349 Α
1403 306 1448 342 ab
1473 306 1656 342 Abraham
1682 294 1892 351 patriarcha
1915 313 1959 339 63
1978 305 2035 338 651
2053 299 2090 336 in
2108 308 2180 344 qua
2198 298 2363 346 conjugia
2386 310 2451 346 pa-

291 386 304 408 (
326 361 483 408 (161131111-
508 369 611 404 1111111.
639 367 787 404 Fratres
818 374 938 404 autem
966 368 1038 404 mei
1070 368 1132 414 qui
1160 367 1335 403 ascende-

291 445 303 465 «
333 434 415 466 rant
445 438 599 471 mecum,
619 428 860 464 dissolverunt
889 439 953 465 cor
971 428 1093 474 populi
1112 438 1122 463 :
1145 433 1181 463 et
1207 427 1336 463 nihilo-

290 504 301 524 (
332 491 452 526 minus
473 499 539 535 ego
568 493 712 524 secutus
743 499 823 524 sum
851 489 1042 524 Dominum
1060 489 1173 525 Deum
1200 500 1332 525 meum.

291 564 302 585 1
334 549 544 594 Juravitque
573 548 714 595 Moyses
746 549 782 584 in
804 548 861 584 die
894 549 968 592 illo,
1002 548 1125 585 dicens
1150 561 1158 584 :
1186 549 1335 584 Terram

289 623 301 643 ι
331 619 438 655 quam
465 608 618 645 calcavit
636 618 700 653 pes
727 612 824 651 tuus,
842 608 911 643 erit
930 609 1109 654 possessio
1131 614 1208 651 tua,
1228 614 1264 643 et
1292 608 1335 642 fi-

288 685 299 705 «
331 672 460 707 liorum
493 676 637 706 tuorum
669 669 706 704 in
739 673 1004 715 perpetuum‚»
1032 674 1070 705 et
1102 668 1255 713 reliqua.
1285 668 1335 702 De

283 743 351 774 me,
378 731 508 777 inquit,
529 735 565 767 et
583 730 627 765 (16
651 734 687 765 16
703 728 842 764 10661115
869 733 924 764 651
949 727 1114 775 Moyses:
1139 728 1182 763 de
1203 733 1236 762 te
1257 726 1336 772 qui-

283 794 377 835 dem,
402 793 472 827 hoc
500 795 555 827 est
586 789 681 835 quod
709 789 800 824 dixit
821 788 993 825 Dominus
1019 789 1100 834 quia
1125 800 1137 821 ‹
1158 788 1187 823 si
1209 788 1334 823 crede-

282 852 370 888 retis
388 850 522 897 Moysi,
544 849 740 886 crederetis
760 848 886 893 utique
914 853 951 883 et
976 847 1079 890 mihi,
1100 848 1143 882 (le
1161 857 1217 882 me
1237 847 1333 882 enim

282 912 341 948 ille
368 910 511 956 scripsit
532 910 652 957 (Joan.
671 907 728 955 v);
748 921 759 942 ›
784 909 828 944 de
846 918 903 943 me
927 918 1012 943 vero
1035 907 1120 952 quid
1140 907 1245 949 dixit,
1267 907 1335 942 hoc

281 978 336 1009 est
353 973 395 1009 de
416 972 538 1015 Caleb,
557 972 618 1017 qui
636 981 699 1007 cor
718 971 797 1006 est?
816 969 962 1006 Certum
983 974 1038 1005 651
1057 969 1141 1014 quia
1161 969 1205 1003 (16
1225 968 1332 1004 corde

281 1033 425 1078 scripsit
442 1032 595 1078 Moyses,
615 1031 676 1076 qui
708 1030 829 1065 onmia
859 1029 1055 1075 prudenter
1083 1029 1335 1074 sapienterque

282 1093 510 1137 conscripsit.
540 1091 600 1126 Ait
628 1101 714 1136 ergo
739 1090 881 1125 :Hodie
912 1090 1014 1124 valeo
1043 1090 1136 1125 sicut
1155 1089 1332 1123 valebam.

284 1155 383 1190 Tunc
401 1158 548 1188 sanctus
568 1151 699 1196 quippe
723 1150 889 1185 similiter
908 1149 1002 1184 valet
1026 1151 1062 1183 in
1081 1149 1332 1193 praesentibus,

1401 370 1496 401 trum
1510 370 1547 402 et
1561 365 1721 411 reliquiae
1738 373 1863 400 eorum
1876 362 2013 408 jacent,
2031 359 2069 395 id
2084 363 2152 402 est,
2170 357 2352 394 Abraham
2369 369 2452 396 cum

1403 424 1506 468 Sara,
1539 425 1640 460 Isaac
1663 434 1746 459 cum
1771 422 1951 462 Rebecca,
1985 418 2098 454 Jacob
2119 428 2202 454 cum
2224 417 2302 453 Lia.
2323 417 2454 454 Meruit

1401 494 1488 531 ergo
1504 483 1612 520 Caleb
1631 488 1775 529 patrum
1805 480 1976 525 reliquias
1994 477 2032 514 in
2065 477 2313 514 haereditatem
2340 478 2454 514 susci-

1401 555 1498 590 pere,
1517 545 1594 580 sine
1612 542 1719 579 dubio
1736 540 1821 586 quia
1839 549 1904 585 per
1922 538 2136 584 sapientiam
2154 548 2234 583 quae
2253 538 2291 574 in
2311 548 2354 574 eo
2375 543 2454 574 erat

1401 606 1462 651 qui
1490 606 1657 651 vigebat,
1674 611 1711 639 et
1730 602 1796 638 sub
1816 601 1939 648 Moyse
1965 606 2003 636 61
2021 601 2089 637 sub
2117 600 2200 637 Jesu
2228 601 2454 637 intellexerat

1401 663 1664 710 conjunctionis
1695 662 1807 708 ipsius
1836 661 2026 704 rationem,
2046 666 2082 697 61
2100 667 2339 708 prospexerat
2368 661 2454 707 quid

1402 728 1498 760 esset
1519 733 1637 759 causae
1657 721 1754 769 quod
1773 731 1855 757 cum
1874 720 2058 756 Abraham
2089 721 2164 757 sola
2196 720 2284 756 Sara
2299 720 2452 766 jaceret,

1402 784 1462 820 ubi
1494 793 1613 829 neque
1642 781 1752 828 Agar,
1775 791 1892 827 neque
1924 779 2078 816 cethura
2107 781 2140 816 ei
2172 781 2361 817 meruisset
2389 782 2452 818 ad-

1397 843 1523 889 jungi:
1545 841 1601 878 vel
1621 842 1709 887 quid
1741 846 1838 877 esset
1867 850 1984 876 causae
2014 840 2110 886 quod
2137 850 2219 876 cum
2240 839 2351 876 Jacob
2379 841 2454 877 sola

1402 904 1464 939 Lia
1490 902 1612 948 jacere
1630 902 1826 944 videretur,
1846 906 1882 936 et
1899 910 2016 946 neque
2035 899 2170 936 Rachel
2194 911 2274 945 quae
2299 901 2454 946 amplius

1403 963 1520 998 fuerat
1551 962 1694 1004 dilecta,
1716 971 1832 1007 neque
1865 960 1984 1006 aliqua
2012 971 2056 996 ex
2083 960 2307 1004 concubinis,
2337 961 2374 996 in
2395 970 2454 996 se-

1402 1024 1526 1069 pulcro
1541 1022 1575 1059 ei
1593 1023 1713 1058 fuerat
1729 1021 1907 1068 copulata.
1927 1021 2007 1066 Ipse
2024 1031 2112 1068 ergo
2132 1021 2169 1056 in
2190 1021 2377 1057 memoriis
2393 1032 2457 1067 pa-

1404 1091 1499 1120 trum
1523 1083 1768 1119 haereditatem
1798 1082 1894 1128 capit
1924 1082 2081 1126 prudens
2109 1087 2146 1117 et
2166 1083 2307 1127 sapiens
2333 1081 2453 1124 Caleb,

1404 1147 1471 1193 ipsi
1498 1146 1602 1181 Jesus
1621 1144 1877 1180 Enachitarum
1898 1144 2059 1190 gentium
2079 1145 2307 1190 metropolim
2329 1145 2456 1180 tribuit

279 1219 315 1248 61
333 1213 370 1248 16
389 1210 595 1257 praeteritis,
616 1214 652 1244 61
670 1209 706 1244 16
725 1208 945 1250 novissimis,
963 1214 999 1242 et
1022 1207 1059 1242 in
1078 1207 1276 1250 veteribus,
1299 1212 1334 1242 61
1356 1202 1386 1240 Β
1405 1206 1567 1247 Hebron,
1596 1210 1632 1241 et
1663 1203 1815 1240 efficitur
1850 1204 1882 1238 61
1916 1213 1992 1239 5015
2023 1214 2138 1249 usque
2174 1203 2212 1238 in
2242 1204 2455 1239 hodiernum

279 1275 317 1308 in
335 1271 553 1318 Evangeliis‚
575 1269 668 1305 etin
699 1268 790 1314 lege.
826 1268 902 1304 Hoc
934 1273 989 1302 est
1017 1277 1102 1313 ergo
1122 1267 1216 1312 quod
1249 1268 1335 1302 dicit

281 1333 400 1368 valere
417 1342 455 1368 se
477 1331 584 1366 hodie
604 1330 669 1364 suh
689 1328 773 1364 1656
792 1329 884 1363 51661
905 1334 990 1364 1666
1009 1329 1075 1363 561)
1098 1328 1230 1374 Moyse,
1252 1330 1335 1373 quia

282 1392 314 1425 in
340 1391 527 1434 utriusque
558 1388 779 1423 Testamenti
809 1387 992 1432 mysteriis
1018 1397 1080 1421 cor
1106 1386 1257 1429 vigilans
1274 1397 1336 1421 va-

278 1452 338 1486 let.
361 1449 433 1485 Sed
453 1448 640 1483 videamus
668 1447 777 1482 etiam
806 1446 1017 1492 petitionem
1037 1446 1114 1490 ejus
1144 1457 1252 1491 quam
1274 1457 1336 1492 po-

277 1512 345 1547 scit
365 1511 410 1546 ab
429 1509 514 1545 Jesu
537 1508 645 1545 Caleb
666 1507 760 1543 silius
780 1507 917 1542 Jess'one
936 1519 943 1541 ε
967 1519 979 1539 (
997 1506 1084 1542 Peto
1106 1511 1152 1550 te,
1167 1520 1179 1540 ›
1205 1507 1333 1552 inquit,

282 1585 293 1604 α
316 1576 477 1607 16061661
495 1571 605 1611 11666,
621 1582 633 1603 ›
658 1568 750 1603 sicut
782 1567 870 1603 dicit
892 1566 1066 1602 Dominus
1085 1580 1092 1601 :
1115 1567 1153 1601 16
1180 1568 1236 1603 (116
1257 1567 1331 1602 illa.

278 1632 375 1667 Nihil
395 1631 531 1667 humile
563 1630 621 1665 vel
653 1628 830 1673 dejectum
866 1633 1011 1663 sanctus
1042 1628 1213 1673 requirit,
1246 1627 1335 1662 nihil

277 1694 373 1739 quod
403 1693 440 1728 in
470 1691 644 1728 demersis
675 1690 901 1726 convallibus
930 1688 1047 1734 jacet,
1082 1690 1142 1725 sed
1177 1695 1334 1725 montem

276 1754 406 1800 quaerit
425 1753 620 1795 excelsum,
641 1756 677 1787 et
694 1756 853 1786 montem
870 1751 906 1786 in
926 1759 998 1795 quo
1014 1750 1180 1785 civitates
1195 1760 1334 1796 magnae

275 1819 311 1849 et
337 1813 495 1848 munitae.
523 1812 568 1847 Et
590 1822 635 1847 ex
654 1812 723 1846 1106
754 1811 831 1846 11366
850 1810 1036 1855 poscebat,
1069 1810 1153 1855 quia
1183 1815 1334 1846 noverat

275 1874 504 1920 belligerare,
527 1873 622 1909 sicut
651 1872 827 1917 scriptum
845 1876 900 1907 est
918 1883 925 1905 :
954 1883 965 1903 ‹
985 1870 1159 1907 Civitates
1178 1871 1333 1906 munitas

275 1934 466 1979 occupabit
499 1933 656 1978 sapiens,
683 1938 720 1967 et
752 1932 912 1967 destruet
942 1931 1178 1966 munitionem
1200 1931 1235 1966 in
1263 1942 1332 1977 qua

274 1994 502 2030 confidebant
517 1993 617 2038 impii
629 1991 750 2040 (Prov.
762 1991 852 2039 xxi).
862 2005 873 2026 ›
886 1991 996 2027 Putas
1006 2001 1088 2027 cum
1104 1991 1180 2026 haec
1195 1991 1332 2027 diceret

276 2054 445 2090 Salomon
459 2055 527 2090 hoc
540 2063 606 2089 nos
623 2052 766 2089 volebat
781 2053 910 2088 doecre
929 2052 1013 2097 quia
1030 2051 1171 2097 sapiens
1188 2057 1331 2097 caperet

275 2115 438 2150 civitates
453 2119 489 2148 61
506 2113 725 2148 munitiones
748 2113 949 2147 destrueret
977 2122 1020 2147 ex
1041 2111 1218 2157 lapidibus
1243 2122 1329 2147 con-
1350 2099 1379 2139 C

275 2175 444 2211 structis?
468 2174 524 2208 An
556 2173 642 2208 illud
674 2173 793 2218 potius
823 2173 956 2207 indIcat
985 2172 1078 2216 quod
1101 2172 1265 2207 civitates
1296 2177 1331 2206 et

278 2235 373 2270 muri
394 2239 478 2270 sunt
504 2234 698 2280 impiorum
729 2233 909 2278 dogmata,
930 2237 966 2267 et
991 2232 1184 2278 syllogismi
1214 2233 1330 2278 philo-

274 2295 482 2341 sophorum,
504 2294 634 2340 quibus
657 2299 824 2328 astruunt
846 2293 956 2337 impia
976 2302 1126 2337 quaeque
1145 2298 1180 2327 et
1201 2293 1329 2327 divinae

273 2356 361 2401 legis
380 2354 562 2390 contraria
583 2364 663 2399 quae
687 2353 781 2399 apud
800 2362 960 2398 paganos
990 2353 1046 2386 vel
1067 2352 1242 2387 barbaros
1266 2353 1328 2387 ob-

274 2414 483 2451 servantur?
508 2413 578 2449 Sed
599 2413 658 2448 illa
675 2413 732 2448 his
750 2413 953 2458 deputanda
983 2417 1077 2455 sunt,
1100 2419 1136 2447 et
1167 2413 1330 2449 civitates

274 2476 431 2510 munitas
451 2484 530 2510 esse
551 2480 659 2519 atque
675 2473 711 2508 in
730 2473 912 2508 montibus
931 2472 1139 2516 collocatas,
1159 2484 1237 2518 quae
1256 2475 1333 2509 1136-

276 2535 377 2571 161161
414 2534 674 2570 assertionibus
704 2533 804 2569 velut
831 2533 867 2567 in
893 2533 975 2569 altis
1008 2534 1190 2569 montibus
1219 2534 1330 2571 collo-

275 2602 369 2632 cant.
396 2596 485 2631 Istas
513 2604 598 2641 ergo
629 2594 794 2630 civitates
825 2593 970 2639 sapiens
1000 2594 1150 2639 quisque
1181 2594 1330 2630 verbum

276 2657 439 2692 veritatis
458 2656 658 2702 praedicans
678 2654 844 2696 destruit,
866 2659 903 2689 et
922 2655 1031 2689 urbes
1058 2655 1252 2690 mendaces
1270 2664 1332 2691 ve—

275 2717 394 2752 ritatis
411 2716 524 2750 ariete
541 2715 739 2756 subvertit;
758 2715 850 2750 sicut
867 2720 902 2749 61
920 2713 1052 2750 Paulus
1069 2714 1224 2759 dicebat,
1246 2727 1258 2747 ‹
1274 2724 1332 2751 60-

276 2777 470 2824 gitationes
501 2775 741 2816 destruentes,
764 2778 799 2808 et
825 2783 970 2809 omnem
999 2774 1224 2810 altitudinem
1251 2784 1331 2820 quae

275 2837 415 2874 extollit
434 2847 473 2873 56
491 2836 684 2871 adversum
702 2835 890 2870 seientiam
909 2835 974 2871 Dei
994 2835 1050 2883 (II
1069 2835 1150 2871 Cor.
1170 2835 1206 2882 x)
1219 2863 1228 2879 ‚
1245 2849 1256 2870 »
1281 2836 1330 2871 113

274 2901 386 2937 etiam
416 2909 512 2935 nunc
542 2897 830 2944 sapientissimus
859 2897 918 2932 hic
948 2896 1057 2933 Caleb
1078 2897 1215 2933 assistit
1246 2902 1330 2932 ante

274 2962 411 3002 Jesum,
434 2966 470 2996 et
488 2959 668 3005 promittit
697 2969 735 2994 se
755 2958 877 2994 valere
900 2958 944 2993 ad
973 2957 1119 3000 bellum,
1140 2963 1176 2993 et
1206 2968 1329 3003 prom-

275 3028 377 3069 ptum
391 3031 471 3057 esse
490 3022 535 3055 ad
552 3021 726 3065 praelium.
744 3019 788 3053 Et
806 3019 886 3054 ideo
904 3018 1066 3063 deposcit
1082 3018 1241 3063 permitti
1260 3018 1328 3054 sibi

275 3083 334 3120 vel
353 3081 555 3128 dispensari
578 3079 800 3119 facultatem,
823 3083 863 3112 ut
879 3077 1130 3122 congrediatur
1151 3087 1232 3112 cum
1255 3077 1330 3113 dia-

280 3145 417 3183 lecticis
446 3142 587 3185 saeculi,
609 3151 692 3177 cum
721 3141 778 3176 his
799 3139 861 3186 qui
883 3149 947 3185 pro
966 3140 1060 3175 veris
1083 3139 1171 3175 salsa
1198 3141 1330 3176 confir-

277 3210 398 3248 mant3
416 3208 457 3240 ut
479 3213 542 3238 eos
568 3200 740 3243 confutet,
759 3204 795 3235 et
814 3203 970 3245 superet,
992 3203 1028 3233 et
1047 3199 1233 3234 subvertat
1252 3209 1325 3235 061-

278 3269 337 3304 1113
362 3275 441 3312 quae
459 3264 509 3301 illi
526 3263 626 3299 falsis
651 3260 908 3298 assertionibus
931 3266 1224 3296 construxerunt.
1244 3260 1327 3296 Ideo

278 3329 432 3374 denique
461 3325 588 3362 videns
619 3323 842 3360 alacritatem
869 3323 948 3369 ejus
969 3321 1096 3366 Jesus,
1119 3322 1324 3365 benedixit,

277 3389 414 3435 inquit,
439 3397 535 3430 eum,
558 3385 695 3422 scilicet
711 3385 807 3430 quod
831 3383 916 3419 talia
932 3383 1103 3430 deposcat
1121 3389 1158 3419 61
1187 3383 1324 3419 audiat.

279 3449 351 3487 Sed
376 3454 413 3484 et
431 3453 469 3483 tu
486 3447 517 3483 si
544 3446 599 3481 vis
623 3445 709 3481 dare
725 3454 874 3490 operam
893 3444 1035 3487 studiis,
1053 3448 1089 3479 et
1110 3443 1223 3490 legem
1241 3454 1327 3489 pru-

279 3509 406 3546 denter
422 3507 600 3550 meditari‚
620 3515 656 3543 et
673 3506 764 3542 effici
782 3516 846 3543 cor
864 3506 902 3542 in
916 3505 994 3552 lege
1011 3504 1099 3548 Dei,
1119 3510 1222 3551 potes
1239 3505 1328 3541 istas

280 3568 489 3615 magnificas
515 3573 551 3603 et
592 3566 748 3601 munitas
780 3566 907 3607 urbes,
939 3564 977 3600 id
1009 3569 1084 3608 est,
1110 3564 1327 3600 assertiones

279 3633 488 3668 subvertere
517 3628 682 3665 1315113115
697 3654 706 3672 ,
725 3633 765 3663 111
784 3631 820 3663 61
843 3631 878 3662 16
897 3625 1070 3662 166163115
1090 3625 1256 3662 benedici
1286 3625 1331 3661 ab

279 3692 364 3730 16511
381 3698 418 3730 61
446 3693 610 3739 accipere
639 3691 796 3728 Hebron.
826 3690 1085 3737 Interpretatur
1109 3694 1229 3726 autem
1259 3689 1328 3725 He-

281 3754 371 3789 bron
387 3754 591 3799 conjunctio
603 3753 660 3790 vel
678 3752 908 3800 conjugium:
928 3762 994 3797 per
1006 3751 1103 3798 quod
1116 3755 1237 3797 potest
1255 3750 1328 3788 for-

282 3818 379 3848 tasse
398 3813 484 3848 illud
502 3814 641 3850 ostendi
661 3814 755 3860 quod
783 3814 952 3861 spelunca
971 3811 1100 3859 duplex
1117 3818 1326 3859 comparata

1403 1268 1511 1303 diem.
1531 1266 1666 1302 Nomen
1687 1265 1830 1300 Hebron
1853 1269 1958 1299 antea
1977 1265 2173 1299 vocabatur
2195 1263 2454 1300 Cariatharbe:

1402 1330 1516 1364 Adam
1537 1327 1716 1362 maximus
1736 1325 1786 1360 ibi
1815 1325 1852 1359 in
1885 1329 1982 1360 terra
2002 1324 2178 1360 Enachim
2202 1325 2291 1361 situs
2316 1331 2395 1368 est,
2421 1331 2458 1362 et

1403 1394 1500 1424 terra
1534 1386 1687 1423 cessavit
1717 1396 1737 1420 a
1767 1385 1912 1431 praeliis.
1945 1383 2182 1422 Cariatharbe
2207 1396 2292 1433 ergo
2330 1387 2456 1423 civitas

1403 1453 1556 1494 quatuor
1575 1447 1859 1491 interpretatur:
1879 1450 1917 1481 61
1937 1444 2021 1480 11661
2052 1454 2221 1492 corrupte
2250 1447 2288 1482 in
2319 1446 2455 1484 Graecis

1403 1507 1586 1543 codicibus
1607 1506 1726 1542 Arboe
1752 1504 1944 1547 scribatur,
1972 1509 2093 1540 tamen
2121 1506 2158 1540 in
2183 1506 2343 1542 Hebraeis
2369 1508 2457 1554 legi-

1403 1567 1497 1613 gitur
1513 1566 1622 1608 Arbe,
1643 1565 1678 1601 id
1697 1570 1753 1601 est
1772 1569 1926 1610 quatuor
1943 1576 1950 1598 :
1971 1573 2014 1599 ex
2041 1574 2083 1600 eo
2103 1566 2198 1610 quod
2226 1566 2276 1602 ibi
2297 1571 2368 1602 tres
2394 1577 2456 1612 pa-

1405 1627 1583 1670 triarchae,
1600 1626 1798 1668 Abraham,
1819 1625 1920 1660 Isaac
1937 1630 1973 1660 et
1999 1623 2124 1668 Jacob,
2151 1626 2281 1672 sepulti
2305 1632 2398 1670 sunt,
2421 1632 2457 1662 ct

1402 1688 1515 1724 Adam
1535 1698 1700 1734 magnus,
1723 1686 1815 1722 sicut
1833 1686 1869 1721 in
1893 1686 1960 1721 1106
1981 1685 2086 1728 libro,
2109 1687 2178 1723 hoc
2208 1693 2285 1730 est,
2309 1688 2345 1722 in
2372 1687 2455 1724 Jesu

1402 1749 1499 1784 Nave
1519 1748 1694 1793 scriptum
1724 1753 1797 1791 est;
1819 1747 1903 1784 licet
1932 1756 2014 1782 eum
2045 1748 2191 1793 quidam
2215 1749 2399 1785 conditum
2418 1749 2456 1784 in

1402 1811 1480 1846 loco
1501 1810 1674 1846 Calvariae
1694 1810 1933 1855 suspicentur.
1954 1810 2039 1846 Haec
2065 1815 2186 1846 autem
2217 1811 2343 1847 eadem
2365 1810 2457 1846 Che-

1402 1873 1491 1908 bron
1524 1871 1610 1907 olim
1640 1872 1850 1917 metropolis
1869 1872 2181 1916 Philisthinorum‚
2210 1878 2246 1908 et
2273 1873 2456 1910 habitacu-

1401 1932 1473 1967 lum
1507 1932 1712 1978 gigantum,
1746 1942 1968 1978 regnumque
1999 1938 2123 1978 postea
2158 1933 2271 1968 David
2303 1936 2340 1968 in
2362 1933 2456 1969 tribu

1400 1990 1490 2027 Juda
1518 1993 1644 2027 civitas
1673 1993 1907 2028 sacerdotalis
1934 2001 1970 2029 et
1993 1994 2250 2040 fugitivorum,
2277 1994 2387 2030 distat
2413 1995 2456 2030 ad

1400 2052 1638 2087 meridianam
1655 2053 1795 2098 plagam
1815 2054 1859 2088 ab
1879 2053 1957 2088 Elia
1989 2055 2203 2090 milliaribus
2235 2055 2379 2090 circiter
2398 2055 2453 2090 vi-

1400 2112 1491 2158 ginti
1511 2112 1666 2154 duobus;
1685 2117 1720 2146 61
1737 2122 1890 2157 quercus
1908 2112 2103 2156 Abraham,
2123 2124 2202 2159 quae
2222 2119 2257 2149 et
2278 2114 2452 2156 Mambre,

1399 2183 1512 2219 usque
1540 2174 1585 2209 ad
1614 2172 1816 2208 Constantii
1838 2174 1932 2220 regis
1953 2175 2145 2219 imperium
2166 2175 2450 2218 monstrabatur,

1399 2238 1435 2269 et
1455 2232 1676 2268 mausoleum
1697 2233 1774 2278 ejus
1795 2233 1831 2268 in
1855 2234 2131 2278 praesentiarum
2149 2235 2323 2270 cernitur.
2348 2234 2456 2270 Cum-

1399 2303 1469 2338 que
1491 2303 1508 2327 a
1530 2293 1662 2328 6051115
1695 2292 1827 2328 ibidem
1846 2293 1998 2329 66616513
2022 2293 2098 2338 jam
2127 2300 2311 2331 exstructa
2340 2295 2387 2331 sit
2418 2295 2454 2330 in

1400 2353 1566 2395 circuitu,
1588 2363 1609 2389 a
1641 2354 1779 2389 cunctis
1822 2354 1987 2400 gentibus
2020 2355 2229 2391 Terebinthi
2260 2355 2361 2392 locus
2392 2366 2452 2392 su-

1397 2412 1603 2457 perstitiose
1621 2412 1764 2455 colitur‚
1782 2423 1825 2448 eo
1846 2414 1941 2458 quod
1962 2414 2027 2449 sub
2044 2424 2087 2449 ea
2105 2414 2287 2450 Abraham
2305 2414 2450 2459 angelos

1399 2473 1580 2518 quondam
1620 2472 1777 2518 hospitio
1811 2475 2023 2519 susceperit.
2056 2473 2139 2509 Haec
2173 2484 2258 2520 ergo
2296 2474 2452 2519 primum

1397 2534 1505 2576 Arbc‚
1528 2538 1651 2579 postea
1671 2543 1692 2567 a
1711 2533 1893 2576 Chcbron‚
1910 2543 1980 2569 uno
2004 2533 2160 2569 tiliorum
2179 2533 2302 2577 Caleb,
2324 2534 2451 2569 sortita

1397 2594 1612 2631 vocabulum
1629 2598 1697 2630 est.
1715 2593 1810 2640 Lege
1826 2593 1944 2630 Verba
1963 2595 2114 2630 dierum.

1816 2668 1966 2706 CAPUT
1996 2669 2038 2705 V.

1396 2749 1449 2784 De
1477 2755 1569 2785 sorte
1595 2748 1750 2794 filiorum
1781 2746 1877 2781 Juda
1901 2755 1912 2779 .·
1940 2751 1973 2780 et
2001 2744 2094 2791 quod
2124 2743 2226 2780 Caleb
2260 2743 2382 2779 delevit
2408 2754 2450 2778 ea:

1445 2795 1588 2831 Hebron
1608 2802 1676 2830 tres
1708 2793 1801 2838 filios
1826 2792 1985 2835 Zenach,
2009 2791 2129 2835 Sesai,
2162 2796 2194 2826 et
2218 2790 2388 2826 Achiman
2418 2796 2450 2824 et

1447 2842 1621 2877 Tltolmai.

1446 2901 1545 2948 (Car.
1564 2900 1642 2948 xv.)
1662 2913 1675 2935 ‹
1693 2900 1804 2947 Igitur
1823 2910 1901 2936 sors
1926 2899 2083 2936 filiorum
2104 2897 2204 2934 Judae
2226 2907 2290 2943 per
2319 2907 2449 2943 cogna-

1402 2976 1415 2998 ‹
1444 2964 1562 2999 tiones
1588 2972 1670 2998 suas
1701 2962 1770 2997 ista
1788 2961 1880 2997 suit:
1904 2971 1925 2997 a
1948 2961 2101 2996 termino
2130 2958 2245 2994 Edom
2267 2959 2448 2994 desertum

1402 3035 1414 3056 ‹
1446 3021 1510 3057 Sin
1528 3026 1653 3057 contra
1678 3020 1879 3064 meridiem,
1898 3025 1933 3056 et
1949 3029 2063 3066 usque
2084 3019 2130 3054 ad
2145 3023 2344 3054 extremam
2366 3027 2449 3062 par-

1402 3094 1414 3114 «
1445 3086 1519 3116 tem
1548 3080 1716 3116 australis
1740 3081 1867 3127 plagae,
1891 3094 1903 3114 »
1924 3084 1993 3115 616.
2018 3079 2090 3127 (Ex
2109 3077 2333 3125 Auqustino.)
2352 3077 2447 3114 Con-

1398 3142 1549 3178 suetudo
1576 3147 1631 3177 est
1663 3141 1860 3187 Scripturae
1894 3147 2047 3188 quatuor
2078 3141 2167 3176 adeo
2194 3145 2315 3186 partes
2350 3140 2449 3176 orbis

1397 3209 1516 3246 terrae,
1538 3213 1628 3248 quas
1661 3212 1787 3248 agrum
1813 3207 1850 3238 et
1869 3201 1992 3248 plagas
2015 3201 2217 3243 nominant,
2247 3199 2445 3246 appellare3

1396 3267 1432 3297 et
1454 3263 1492 3297 in
1516 3262 1767 3298 distributione
1787 3261 1913 3296 finium
1942 3260 2058 3296 tribus
2075 3259 2175 3294 Judae
2192 3257 2272 3293 duae
2291 3263 2447 3293 tantum-

1398 3324 1505 3360 modo
1535 3323 1779 3364 nominantur,
1806 3327 1842 3356 et
1870 3321 1949 3356 duae
1980 3319 2190 3355 reticentur.
2221 3317 2313 3354 Hinc
2349 3319 2445 3355 enim

1398 3385 1570 3430 scriptum
1587 3388 1666 3419 est:
1683 3382 1726 3418 Et
1743 3381 1828 3417 facti
1843 3385 1926 3416 sunt
1941 3379 2030 3415 fines
2046 3379 2161 3415 tribus
2178 3379 2333 3415 tiliorum
2352 3379 2444 3416 Juda

1397 3443 1592 3481 secundum
1615 3442 1737 3488 plebes
1770 3450 1918 3484 eorum,
1941 3449 1962 3475 a
1984 3439 2115 3475 finibus
2145 3439 2320 3483 Idumaeae,
2339 3451 2360 3475 a
2384 3441 2446 3476 (16-

1399 3507 1496 3540 56110
1515 3502 1603 3538 Sina
1622 3500 1668 3536 ad
1698 3499 1941 3542 occidentem3
1962 3503 2000 3534 et
2024 3508 2107 3534 cum
2137 3499 2307 3544 descripti
2325 3505 2446 3536 essent

1399 3565 1490 3602 fines
1519 3563 1566 3600 ad
1599 3561 1842 3603 occidentem,
1875 3563 1951 3594 tum
1983 3558 2112 3595 deinde
2140 3562 2176 3594 et
2201 3558 2248 3594 ab
2277 3558 2442 3600 oriente3

1399 3638 1518 3672 omne,
1548 3625 1684 3672 inquit,
1708 3632 1809 3659 mare
1831 3619 1978 3658 salsum.
2005 3620 2052 3656 Et
2081 3619 2171 3657 alias
2201 3618 2291 3655 duas
2323 3623 2444 3665 partes

1399 3688 1555 3731 reticuit,
1585 3686 1620 3722 id
1649 3689 1724 3726 est,
1752 3680 2006 3728 septentrionis
2033 3679 2091 3716 vel
2121 3676 2324 3716 meridiani.
2355 3678 2445 3715 Vide

1399 3759 1497 3796 ergo,
1528 3747 1558 3784 si
1583 3756 1655 3782 non
1689 3743 1824 3790 repleta
1857 3747 1940 3778 sunt
1972 3738 2168 3788 mysteriis,
2192 3738 2277 3775 licet
2305 3737 2444 3784 singula

1390 3797 1454 3847 ¹vel
1484 3807 1617 3845 sentire
1640 3804 1696 3842 vel
1724 3803 1903 3850 explicare
1929 3807 2162 3849 nequeamus.
2181 3800 2319 3838 Tamen
2334 3801 2446 3846 prout

2518 3683 2540 3894 qma-il.
2533 3666 2536 3667 =
2536 3638 2540 3647 ,,
2527 3603 2540 3605 l

2495 3899 2540 4016 hid
