2540 4016
310 173 406 212 ¹105

737 170 779 206 Β.
805 170 975 209 ΒΑΒΑΜ
1000 169 1148 210 MAURI
1170 169 1382 209 ARCHIEP.
1409 169 1615 211 MOGUNT.
1642 171 1833 212 OPERUM
1857 173 1977 213 PARS
1996 173 2026 212 Ι.

308 254 365 288 est
383 249 492 291 Deus,
507 245 666 283 alienum
686 245 800 283 Deum
819 248 945 293 utique
961 252 999 284 et
1015 247 1146 284 salsum
1168 249 1207 284 in
1222 248 1361 294 cogita·
1379 250 1416 290 A
1431 247 1494 294 qui
1518 248 1624 286 cultri
1645 250 1779 296 petrini
1810 261 1894 288 eum
1919 251 1982 288 illo
2013 248 2123 288 etiam
2151 248 2281 297 sepulti
2313 256 2420 298 sunt,
2437 258 2481 295 m

308 309 406 345 tione
421 310 556 353 portat.
573 305 661 350 Quis
684 311 740 342 est
768 312 890 342 autem
917 307 979 352 qui
1008 307 1063 343 sic
1090 307 1224 354 cogitet
1253 307 1367 343 Deum

307 366 609 415 quemadmodum
623 366 683 402 ille
699 367 778 402 est?
797 366 851 403 Ac
868 376 935 414 per
951 367 1021 404 hoc
1040 367 1263 414 relinquetur
1278 367 1367 405 fide-

304 429 400 465 libus
431 426 589 472 quandiu
619 426 873 474 peregrinatur
912 436 934 462 a
965 427 1135 472 Domino,
1166 427 1311 465 auferre
1344 438 1366 465 a

304 487 413 525 corde
450 496 516 523 suo
542 486 719 523 irruentia
747 497 838 523 vana
858 488 1125 534 phantasmata,
1140 499 1221 536 quae
1247 499 1286 526 se
1302 499 1363 527 co-

304 546 503 595 gitantibus
528 547 712 594 ingerunt,
727 547 827 584 velut
855 549 939 585 talis
971 554 1034 585 aut
1060 550 1142 587 talis
1172 551 1219 587 sit
1250 551 1378 595 Deus,

304 608 421 654 qualis
438 608 561 653 utique
589 617 661 643 non
678 613 753 652 est,
773 613 810 644 et
830 608 986 657 dirigere
1003 620 1067 647 eor
1084 611 1130 647 ad
1149 611 1252 648 illum
1271 612 1363 648 fide-

302 669 402 710 liter;
428 673 467 703 ut
486 668 789 713 quemadmodum
807 674 845 705 et
860 675 1036 716 quantum
1059 672 1165 708 nobis
1191 672 1363 718 expedire

302 730 415 773 novit,
442 730 518 775 ipse
550 739 588 765 se
618 729 777 766 insinuet
808 741 874 776 per
905 731 1080 778 Spiritum
1109 743 1226 775 suum,
1246 732 1361 769 donec

303 794 510 825 assumatur
530 798 636 824 omne
668 790 917 834 mendacium3
958 792 1053 828 unde
1087 792 1222 828 dictum
1257 798 1313 827 est
1350 804 1359 828 z

272 855 279 861 ’
307 860 319 882 ι
349 848 596 885 omnishomo
624 849 777 884 mendax
801 848 914 896 (Psal.
937 849 1036 896 cxv).
1067 864 1079 885 ι
1110 851 1155 886 Et
1179 855 1362 887 transacta

302 919 375 944 non
399 908 513 944 solum
531 908 640 954 impia
658 908 833 954 salsitate,
853 920 976 946 verum
994 911 1103 946 ctiam
1121 911 1198 958 ipso
1217 912 1361 957 speculo

303 973 340 1004 et
358 968 564 1015 aenigmate,
582 968 674 1004 facie
692 969 737 1004 ad
755 969 883 1005 faeiem
903 981 1177 1017 cognoscamus,
1201 971 1297 1007 sicut
1324 976 1362 1007 et

302 1030 438 1076 cogniti
474 1040 620 1073 sumus;
658 1032 961 1076 quemadmodum
995 1032 1188 1078 Apostolus
1226 1033 1314 1069 dicit
1348 1044 1357 1068 :

307 1104 318 1125 ι
349 1092 522 1128 Videmus
540 1103 635 1128 nunc
659 1103 723 1138 per
755 1093 940 1139 speculum
969 1094 1005 1128 in
1038 1094 1244 1139 aenigmate,
1272 1099 1357 1130 tunc

1432 308 1649 355 profundum
1667 311 1879 358 mysterium
1901 311 2194 348 demonstrarent
2218 311 2376 357 posteris
2397 316 2495 360 pro-¹

2382 177 2478 219 inu
2530 169 2540 175 '

1432 367 1606 406 futurum.
1626 368 1689 406 Sic
1704 380 1790 418 ergo
1808 375 1846 406 et
1873 370 1982 407 istum
2014 369 2184 416 lapidem,
2201 380 2405 417 quanquam
2428 370 2494 411 vim·
2525 390 2533 403 ι

1431 429 1586 467 sibiliter
1604 435 1795 474 statutum,
1815 430 2026 477 spiritaliter
2054 430 2226 467 debemus
2258 431 2422 478 accipere
2442 431 2481 471 in
2526 463 2535 466 -

1430 490 1676 527 testimonium
1706 489 1870 526 futurum
1896 489 2030 526 Judaeis
2058 489 2282 536 infidelibus,
2310 492 2380 528 hoc
2410 497 2495 538 ests*

1431 551 1707 594 mentientibus,
1738 552 1782 588 de
1806 551 1938 597 quibus
1968 551 2056 588 dicit
2085 551 2276 598 psalmus:
2302 565 2315 587 ι
2341 552 2493 591 Inimici*
2524 551 2526 553 ’

1430 611 1572 647 Domini
1589 612 1732 648 mentiti
1748 616 1834 648 sunt
1849 612 1883 649 ei
1901 611 2015 660 (Psat.
2035 611 2160 660 Lxxx).
2191 625 2204 648 ι
2233 612 2369 660 Neque*
2385 614 2483 651 enim

1429 672 1566 708 frustra
1586 682 1666 708 cum
1681 672 1758 720 iam
1778 672 1843 709 Dei
1862 672 2017 710 famulus
2036 673 2190 721 Moyses,
2209 674 2267 711 vel
2280 675 2400 722 potius
2416 685 2482 722 per

1430 733 1623 769 eum'Deus
1634 733 1868 779 disposuisset
1879 735 1924 770 ad
1937 734 2108 781 populum
2125 740 2378 773 testamentum
2386 737 2483 783 quod

1430 792 1467 828 in
1498 802 1581 829 arca
1616 797 1709 836 erat,
1738 803 1818 839 quae
1842 793 1939 830 dicta
1968 799 2024 830 est
2042 804 2128 830 arca
2149 796 2371 839 testamenti,
2389 796 2483 832 etin
2535 835 2538 838 ,

1428 852 1531 890 libris
1560 853 1648 901 legis
1678 859 1778 890 tanta
1809 860 2120 892 sacramentorum
2151 861 2188 892 et
2222 862 2483 902 praeceptorum

1429 913 1693 960 multiplicitate
1710 915 1939 962 conscriptis,
1964 921 2087 953 tamen
2115 917 2225 953 etiam
2259 917 2319 953 hic
2348 918 2482 955 dictum

1429 980 1495 1017 est,
1521 987 1533 1008 ‹
1563 975 1749 1022 Disposuit
1768 975 1872 1013 Jesus
1891 978 1935 1014 ad
1958 977 2128 1025 populum
2160 983 2417 1015 testamentum
2445 980 2483 1016 in

1429 1034 1486 1070 die
1519 1034 1592 1070 illa.
1619 1048 1632 1069 ›
1657 1035 1838 1082 Repetitio
1864 1038 1994 1083 quippe
2030 1039 2234 1075 testamenti
2257 1039 2396 1076 Novum
2416 1040 2484 1077 Te-

1428 1100 1648 1131 stamentum
1671 1096 1861 1142 significat,
1882 1098 1976 1143 quod
1997 1098 2176 1144 significat
2203 1104 2239 1134 et
2258 1100 2483 1137 Deuterono«

302 1158 423 1189 autem
445 1153 537 1188 facie
555 1154 599 1189 ad
623 1153 775 1196 saeiem;
808 1164 903 1188 nunc
933 1153 1007 1188 scio
1039 1163 1084 1188 ex
1112 1159 1214 1198 parte
1231 1181 1240 1197 ‚
1271 1159 1357 1189 tune
1375 1150 1406 1189 B
1425 1155 1550 1198 mium,
1569 1157 1663 1201 quod
1684 1157 1943 1202 interpretatur
1964 1159 2120 1194 secunda
2152 1159 2223 1202 lex,
2244 1161 2340 1206 quod
2368 1161 2482 1206 signi·

299 1218 421 1250 autem
431 1223 644 1260 cognoscam
658 1214 749 1249 sieut
760 1219 796 1250 et
806 1214 971 1260 cognitus
986 1224 1064 1250 sum
1083 1213 1118 1261 (Ι
1135 1213 1216 1250 Cor.
1227 1214 1324 1263 xm.)
1340 1229 1353 1251 ›

692 1277 842 1335 CAPUT
871 1298 963 1335 xv1.

298 1374 351 1410 De
364 1385 403 1409 co
420 1373 512 1420 quod
529 1373 698 1419 percussit
713 1371 737 1407 J
741 1383 823 1407 osue
839 1372 950 1417 foedus
965 1383 1082 1407 coram
1092 1373 1287 1408 Dominoin
1299 1373 1358 1409 Si-

346 1421 456 1462 chem,
473 1420 676 1466 scripsitque
705 1419 821 1453 omnia
841 1418 943 1453 verba
963 1419 1101 1464 soederis
1134 1420 1171 1454 in
1187 1419 1358 1455 volumine

344 1466 430 1512 lepis
450 1466 513 1501 Dei
534 1474 566 1501 et
581 1466 697 1512 posuit
724 1476 827 1518 super
843 1464 993 1511 lapidem
1034 1466 1176 1501 randem
1192 1472 1222 1501 et
1241 1466 1358 1502 subter

346 1523 511 1559 quercum
536 1523 614 1558 quoe
638 1518 711 1547 erat
729 1522 766 1546 m
780 1513 982 1546 sanctuario
1034 1512 1154 1547 omini.

346 1574 465 1622 (lain.)
497 1586 509 1606 ‹
537 1573 721 1610 Percussit
738 1572 848 1620 igitur
866 1572 975 1609 Josue
1001 1573 1038 1608 in
1058 1574 1115 1609 die
1140 1573 1200 1609 illo
1218 1573 1354 1618 soedus;

301 1646 314 1669 ‹
346 1634 533 1681 proposuit
565 1635 696 1680 populo
721 1639 904 1680 praecepta
933 1640 1041 1680 atque
1069 1633 1205 1679 judicia
1237 1635 1274 1670 in
1300 1634 1357 1670 Si-

300 1708 314 1728 «
345 1696 449 1730 ehem
474 1707 481 1729 z
505 1695 723 1740 scripsitque
751 1695 873 1729 omnia
891 1695 1000 1730 verba
1020 1694 1096 1729 haee
1119 1694 1156 1729 in
1177 1693 1357 1729 volumine

299 1769 311 1789 ι
342 1757 432 1802 legis
449 1757 511 1792 Dei
536 1769 543 1791 :
566 1762 603 1792 et
618 1756 699 1791 tulit
719 1756 874 1802 lapidem
891 1756 1128 1802 pergrandem
1141 1782 1150 1798 ,
1165 1755 1356 1801 posuitque

299 1831 311 1851 ι
341 1827 423 1853 cum
446 1817 567 1853 subter
586 1827 759 1862 quereum
786 1827 865 1862 quae
889 1822 968 1852 erat
986 1817 1023 1852 in
1045 1816 1252 1851 sanctuario
1276 1815 1354 1859 Dei,

300 1893 312 1913 «
345 1886 381 1916 et
401 1879 492 1914 dixit
516 1879 562 1915 ad
582 1889 725 1914 omnem
754 1878 924 1925 populum
948 1891 956 1913 :
982 1878 1036 1913 En
1069 1877 1157 1923 lapis
1190 1877 1256 1912 iste
1285 1875 1356 1911 erit

299 1953 310 1974 r
345 1940 444 1976 vobis
469 1940 505 1976 in
534 1940 795 1983 testimonium,
816 1939 912 1985 quod
931 1938 1086 1974 audierit
1105 1937 1225 1973 omnia
1245 1936 1354 1972 verba

298 2014 310 2035 ι
346 2002 489 2037 Domini
512 2012 591 2047 quae
608 2002 749 2037 locutus
766 2006 821 2036 est
840 2001 956 2043 vobis,
975 1999 1128 2035 neforto
1146 2003 1269 2044 postea
1291 2007 1354 2033 ne-

296 2075 307 2095 «
340 2073 426 2109 gare
442 2063 573 2104 velitis,
590 2068 627 2098 et
647 2062 792 2098 mentiri
824 2061 977 2096 Domino
1009 2061 1083 2095 Deo
1104 2064 1239 2095 vestro.
1266 2072 1277 2092 )
1307 2059 1351 2094 Et
1372 2046 1400 2087 C

295 2124 474 2169 disposuit
502 2123 606 2159 Jesus
622 2128 877 2158 testamentum
895 2122 938 2157 ad
954 2121 1123 2167 populum
1142 2121 1178 2155 in
1198 2120 1259 2155 illo
1279 2120 1350 2162 die,

296 2190 333 2219 ct
354 2184 451 2219 dedit
470 2183 518 2218 illi
538 2183 653 2228 legem
672 2188 708 2218 ct
723 2182 898 2227 judicium
918 2181 953 2215 in
972 2180 1059 2220 Silo,
1082 2190 1203 2214 coram
1232 2179 1353 2214 taber-

295 2243 424 2278 naeulo
443 2243 585 2278 Domini
606 2242 667 2276 Dei
690 2242 822 2284 Israel;
860 2248 896 2276 et
926 2240 1071 2286 scripsit
1087 2240 1195 2275 verba
1220 2239 1296 2274 haec
1316 2238 1351 2273 in

294 2301 389 2337 libro
415 2302 503 2348 legis
524 2301 588 2336 Dei
607 2313 615 2335 ;
637 2307 670 2336 et
693 2301 833 2346 acecpit
850 2301 1005 2345 lapidem
1024 2309 1207 2344 inagnum,
1223 2303 1258 2333 ct
1278 2304 1352 2333 sta-

293 2362 363 2397 tuit
382 2361 481 2396 illum
499 2359 604 2396 ‚lesus
631 2361 698 2396 sub
724 2361 928 2396 terebintho
963 2365 1047 2394 ante
1080 2359 1283 2394 Dominum.
1306 2358 1352 2393 Et

293 2422 385 2457 dixit
416 2421 520 2458 ,lesus
551 2423 596 2458 ad
629 2421 799 2467 populum
823 2431 831 2455 :
852 2421 944 2456 Ecce
964 2419 1055 2465 lapis
1074 2419 1142 2455 iste
1159 2419 1228 2454 erit
1247 2419 1350 2455 vobis

291 2483 328 2518 in
347 2483 606 2525 testimonium,
626 2483 709 2528 qnia
738 2482 796 2518 hie
818 2481 953 2517 audivit
986 2481 1106 2516 omnia
1139 2490 1219 2526 quae
1252 2479 1350 2515 dieta

292 2550 374 2580 sunt
393 2555 412 2579 a
429 2544 595 2587 Domino,
612 2554 835 2590 quaecunque
852 2543 992 2578 locutus
1006 2547 1059 2577 est
1076 2542 1120 2577 ad
1134 2551 1197 2577 vos
1215 2541 1321 2577 hodie
1337 2552 1346 2576 ε

288 2610 324 2642 et
339 2605 399 2640 hic
412 2605 481 2640 erit
498 2605 599 2640 vobis
617 2605 652 2639 in
668 2604 913 2639 testimonium
929 2604 965 2638 in
988 2602 1194 2638 novissimis
1208 2602 1345 2644 diebus,

287 2678 371 2705 eum
388 2667 528 2702 mentiti
556 2666 696 2701 fueritis
715 2665 869 2701 Domino
887 2665 962 2701 Deo
982 2668 1116 2700 vestro.
1134 2662 1218 2698 Haec
1239 2661 1349 2698 verba

289 2728 352 2774 qui
370 2738 441 2762 non
462 2727 498 2761 in
518 2726 708 2771 superficie
726 2732 864 2762 tantum
883 2726 1032 2761 audiunt
1045 2752 1054 2768 ,
1080 2725 1143 2761 sed
1165 2724 1348 2770 aliquanto

289 2788 396 2823 altius
421 2791 712 2833 perscrutantur,
732 2797 959 2832 nequaquam
981 2792 1122 2822 tantum
1137 2787 1254 2822 virum
1274 2791 1348 2821 tam

287 2848 518 2893 insipientem
536 2852 665 2892 putare
680 2847 825 2891 debent,
842 2853 883 2882 ut
900 2847 1009 2884 verba
1027 2848 1090 2884 Dei
1107 2858 1187 2893 quae
1205 2847 1347 2884 loeutus

289 2915 345 2943 est
364 2909 508 2954 populo,
538 2909 735 2944 inanimem
757 2908 911 2954 lapidem
931 2909 1075 2945 audisse
1106 2908 1301 2945 crediderit
1332 2920 1341 2943 :

289 2967 349 3012 qui
368 2967 511 3002 etiamsi
525 2968 570 3002 ab
592 2968 732 3003 artifice
749 2969 785 3003 in
803 2969 959 3004 hominiS
979 2968 1246 3004 similitudinem
1266 2968 1342 3004 effi-

289 3026 406 3072 giatus
423 3031 534 3069 esset,
553 3026 648 3061 inter
673 3026 753 3062 illos
771 3027 897 3071 utique
924 3027 1170 3072 deputaretur,
1193 3027 1238 3063 de
1270 3029 1347 3074 qui-

289 3088 359 3123 hus
378 3087 415 3122 in
436 3086 576 3133 psalmo
594 3086 739 3123 canitur
759 3096 769 3121 ε
794 3097 807 3118 ι
826 3085 943 3122 Aures
965 3087 1112 3130 habent,
1129 3091 1165 3122 et
1183 3098 1256 3123 non
1287 3098 1347 3123 au-

288 3145 391 3182 dient
415 3146 537 3194 (Psal.
554 3145 679 3193 cxlii).
701 3158 714 3180 ›
733 3146 857 3192 Neque
873 3146 968 3181 enim
988 3146 1081 3182 idola
1103 3148 1263 3193 gentium
1283 3158 1347 3183 au-

287 3224 369 3249 rum
383 3218 420 3249 et
437 3218 628 3260 argentum
643 3213 719 3249 sola
735 3224 807 3250 non
826 3213 1036 3256 audiunt,et
1055 3213 1084 3248 si
1102 3213 1240 3259 lapidea
1257 3214 1343 3257 sint,

290 3275 454 3310 audiunt.
477 3274 548 3311 Sed
566 3284 631 3320 per
650 3275 746 3311 hunc
763 3274 922 3320 lapidem
941 3274 1104 3320 prolecto
1119 3274 1219 3310 illum
1238 3274 1344 3320 signi-

289 3335 411 3371 ficavit
424 3335 486 3381 qui
503 3334 570 3371 suit
591 3335 682 3381 lapis
697 3335 906 3372 offensionis
931 3346 1004 3372 non
1023 3335 1252 3372 credentibus
1282 3335 1343 3371 Ju-

289 3396 388 3438 daeis,
406 3402 443 3431 et
459 3401 562 3442 petra
590 3397 773 3440 scandali3
808 3397 870 3444 qui
901 3407 985 3434 cum
1013 3397 1267 3444 reprobaretur
1297 3398 1342 3434 ab

288 3453 563 3499 aedificantibus,
585 3454 701 3492 sactus
716 3462 773 3492 est
788 3457 826 3494 in
840 3462 949 3503 caput
963 3457 1106 3504 anguli;
1127 3467 1234 3503 quem
1249 3466 1343 3503 prae-

288 3514 456 3560 figuravit
472 3520 508 3552 et
518 3515 579 3552 illa
592 3521 695 3563 petra
707 3527 786 3563 quae
804 3522 927 3564 potum
942 3518 1079 3555 sitienti
1096 3517 1229 3565 populo
1245 3517 1341 3565 ligno

288 3586 463 3621 percussa
486 3578 665 3625 profudit;
698 3581 742 3616 de
757 3591 828 3627 qua
847 3581 935 3618 dicit
956 3580 1167 3628 Apostolus;
1193 3594 1206 3616 ι
1235 3581 1343 3618 Bibe-

289 3635 378 3673 bant
390 3643 511 3675 autem
532 3640 576 3676 de
595 3641 748 3687 spiritali
762 3647 1006 3690 consequente
1028 3652 1091 3679 eos
1110 3627 1341 3689 petra,p‹?tra

292 3702 412 3734 autem
429 3705 509 3736 erat
535 3699 702 3738 Christus
727 3701 762 3750 (1
780 3702 862 3739 Gor.
883 3702 935 3751 x).
962 3716 975 3738 ι
998 3702 1101 3740 Unde
1124 3709 1163 3739 et
1187 3703 1342 3741 cultellis

290 3758 441 3805 petrinis
456 3761 627 3807 populum
647 3763 875 3800 circumcidit
893 3763 961 3800 iste
985 3764 1116 3802 ductor
1138 3764 1306 3811 egregius
1329 3775 1338 3800 :

1425 1215 1534 1251 fleant
1553 1222 1590 1251 et
1606 1216 1787 1261 prioribus
1802 1217 1996 1252 confractis
2010 1218 2140 1253 tabulae
2154 1225 2349 1254 renovatae.
2362 1219 2482 1256 Multis

1425 1276 1522 1311 enim
1541 1275 1657 1311 modis
1677 1274 1952 1320 significandum
1970 1276 2066 1321 quod
2094 1287 2166 1313 uno
2195 1277 2302 1313 modo
2330 1279 2482 1325 implen-

1426 1334 1510 1369 dum
1534 1334 1612 1369 suit.
1646 1334 1725 1370 Jam
1748 1345 1834 1371 vero
1867 1336 1965 1381 quod
1998 1338 2060 1373 sub
2095 1337 2299 1375 terebintho
2327 1344 2482 1377 statutus

1425 1393 1607 1439 estlapis,
1626 1394 1695 1430 hoe
1727 1395 1905 1442 significat
1940 1397 2036 1443 quod
2065 1398 2166 1445 virga
2192 1400 2238 1435 ad
2270 1406 2408 1446 petram
2441 1408 2483 1439 ut

1425 1465 1517 1501 aqua
1536 1455 1744 1502 proflueret,
1767 1457 1851 1502 quia
1870 1467 1986 1504 neque
2009 1459 2069 1496 hic
2094 1460 2171 1496 sine
2200 1460 2297 1507 ligno
2324 1467 2481 1501 statutus

1424 1522 1480 1553 est
1499 1516 1605 1563 lapis.
1632 1518 1715 1554 ldeo
1734 1524 1855 1554 autem
1887 1520 2024 1564 subter,
2058 1521 2142 1567 qula
2178 1531 2251 1558 non
2285 1521 2414 1560 fuisset
2443 1524 2481 1561 in

1425 1586 1532 1613 cruce
1549 1577 1741 1622 exaltatus,
1759 1579 1830 1616 nisi
1849 1580 2053 1617 humilitate
2076 1579 2258 1627 subjectus
2279 1594 2287 1617 ε
2310 1583 2366 1619 vel
2385 1584 2481 1630 quod

1425 1637 1484 1673 illo
1516 1643 1677 1683 tempore
1707 1639 1803 1685 quod
1836 1639 1872 1675 id
1906 1640 2064 1677 faciebat
2097 1639 2201 1677 Jesus
2232 1641 2345 1686 Nave,
2364 1643 2481 1679 adhuc

1424 1699 1711 1736 obumbrandum
1738 1702 1951 1748 mysterium
1984 1702 2065 1738 suit.
2103 1703 2313 1740 Terebinthi
2343 1704 2480 1751 lignum

1423 1759 1674 1795 medicinalem
1693 1760 1891 1808 lacrymam
1905 1763 2070 1806 exsudat,
2083 1773 2161 1809 quae
2173 1764 2280 1800 arbor
2295 1774 2314 1799 a
2329 1763 2481 1810 Septua-

1424 1820 1523 1866 ginta
1544 1820 1802 1867 interpretibus
1820 1822 1888 1858 hoc
1908 1823 1988 1860 loeo
2011 1824 2128 1869 posita
2150 1829 2217 1869 est,
2241 1825 2405 1870 quamvis
2422 1835 2479 1861 se-

1423 1881 1581 1915 cundum
1599 1880 1690 1916 alios
1709 1882 1926 1927 interpretes
1944 1893 2099 1928 quercus
2116 1884 2269 1930 legatur.

1469 1939 1587 1987 (lain.)
1619 1954 1630 1975 ι
1662 1942 1877 1989 Dimisitque
1896 1944 2066 1991 populum
2084 1946 2243 1992 singulos
2271 1945 2308 1982 in
2335 1956 2479 1992 posses-

1427 2011 1439 2032 (
1471 2001 1611 2036 sionem
1639 2012 1755 2038 suam.
1786 2017 1798 2037 b
1824 2004 1954 2040 Mirum
1981 2011 2037 2041 cst
2061 2017 2147 2043 sane
2178 2007 2273 2053 quod
2296 2007 2425 2043 saltem
2442 2008 2480 2044 in

1422 2060 1629 2096 novissimis
1651 2062 1724 2096 suis
1742 2063 1877 2106 verbis,
1896 2064 2027 2108 quibus
2042 2065 2212 2111 populum
2228 2066 2405 2103 allocutus
2423 2074 2481 2103 est

1421 2120 1529 2157 Josue
1562 2122 1670 2157 honlo
1694 2122 1771 2165 Dei,
1792 2123 1881 2158 nihil
1901 2133 1962 2159 eos
1990 2125 2215 2171 objurgavit,
2236 2136 2281 2162 ex
2312 2137 2355 2162 eo
2384 2127 2480 2173 quod

1420 2181 1476 2216 his
1495 2182 1660 2225 gentibus
1675 2189 1914 2228 pepercerunt
1930 2194 2019 2229 quas
2035 2185 2209 2222 Dominus
2223 2196 2339 2233 usque
2359 2187 2404 2223 ad
2425 2188 2480 2223 in-

1420 2243 1667 2278 ternecionem
1700 2254 1783 2280 eum
1812 2246 2039 2283 anathemate
2067 2248 2270 2294 perdendas
2291 2259 2371 2285 esse
2388 2259 2478 2295 prae-

1421 2302 1527 2346 cepit.
1546 2302 1606 2338 Sic
1622 2303 1719 2338 enim
1739 2310 1795 2339 est
1814 2306 2007 2351 seriptum:
2036 2319 2048 2340 ι
2071 2307 2116 2343 Ει
2135 2307 2272 2344 sactum
2293 2315 2362 2353 est,
2380 2314 2479 2355 post-

1419 2372 1528 2407 quam
1549 2362 1777 2399 invaluerunt
1796 2365 1860 2400 filii
1877 2365 2002 2411 Israel,
2023 2373 2058 2403 et
2075 2366 2240 2404 fecerunt
2255 2369 2478 2407 Chananaeos

1420 2422 1638 2465 obedientes,
1660 2425 1876 2461 exterminio
1894 2432 2015 2462 autem
2040 2436 2102 2464 eos
2120 2438 2192 2464 non
2210 2429 2476 2465 exterminave-

1419 2488 1505 2518 runt
1523 2483 1613 2530 (Jos.
1634 2484 1738 2532 xvn).
1768 2498 1780 2520 ›
1802 2485 1894 2521 Nam
1917 2487 2034 2532 primo
2055 2498 2117 2524 605
2141 2488 2179 2524 id
2206 2499 2278 2524 non
2314 2490 2478 2536 potuisse

1420 2543 1605 2589 Scriptura
1623 2550 1752 2581 testata
1774 2552 1850 2590 est;
1885 2548 1948 2583 sed
1974 2559 2070 2584 nunc
2084 2555 2322 2595 posteaquam
2339 2561 2477 2596 praeva-

1418 2605 1576 2648 luerunt,
1597 2606 1646 2641 ita
1662 2610 1701 2641 ut
1714 2606 1877 2643 facerent
1892 2609 2144 2654 obaudientes,
2164 2611 2259 2656 quod
2273 2621 2346 2647 non
2365 2611 2476 2648 etiam

1418 2667 1763 2711 exterminaverunt,
1780 2669 1906 2714 utique
1935 2675 2061 2705 contra
2089 2677 2307 2718 praeceptum
2334 2671 2477 2709 Domini

1417 2728 1551 2764 factum
1573 2735 1642 2773 est,
1658 2731 1752 2776 quod
1771 2741 1843 2767 non
1857 2737 1912 2768 est
1929 2733 2096 2779 cuiquam
2114 2733 2248 2770 sactum
2270 2744 2351 2770 eum
2370 2733 2475 2771 Jesus

1417 2790 1618 2826 exercitum
1636 2792 1796 2828 duceret.
1825 2792 1899 2829 Cur
1917 2804 2003 2842 ergo
2022 2806 2095 2832 non
2114 2806 2176 2832 eos
2198 2795 2401 2841 objurgavit
2423 2795 2474 2831 al-

1415 2847 1596 2885 locutione
1622 2850 1832 2895 novissima,
1860 2855 1957 2898 quod
1982 2854 2020 2890 in
2045 2855 2114 2890 hoe
2134 2854 2275 2891 Domini
2293 2860 2473 2901 praecepta

1415 2908 1662 2954 neglexerint?
1680 2909 1737 2946 An
1756 2910 1850 2948 forte
1867 2914 1962 2959 quod
1975 2915 2076 2960 prIus
2093 2914 2183 2950 dixit
2202 2924 2264 2950 605
2285 2913 2473 2961 Scriptura

1415 2979 1486 3004 non
1520 2970 1700 3015 potuisse,
1718 2975 1843 3019 utique
1872 2979 2064 3020 antequam
2090 2974 2341 3020 praevalerent,
2360 2975 2471 3012 etiam

1417 3040 1496 3066 cum
1530 3032 1803 3077 praevaluissent
1831 3035 1998 3072 timuisse
2012 3036 2182 3073 credendi
2202 3041 2302 3080 sunt,
2315 3046 2362 3073 ne
2376 3035 2471 3073 sorte

1415 3095 1552 3140 paratis
1565 3096 1712 3133 obedire
1733 3096 1763 3133 si
1776 3106 1927 3143 parcere
1939 3096 2156 3140 noluissent,
2174 3096 2294 3133 aerius
2320 3105 2382 3133 eos
2407 3096 2471 3132 ad-
2508 3099 2511 3101 “

1414 3167 1560 3194 versum
1581 3167 1620 3194 se
1637 3168 1683 3194 ex
1701 3158 1779 3204 ipsa
1811 3157 2060 3204 desperatione
2091 3166 2251 3203 pugnare
2279 3156 2471 3203 compelle-

1414 3224 1509 3261 rent,
1527 3225 1564 3254 et
1583 3228 1645 3254 eos
1665 3228 1838 3264 superare
1870 3228 1943 3254 non
1972 3223 2134 3263 possent.
2168 3216 2271 3253 Hunc
2299 3227 2386 3263 ergo
2415 3218 2470 3255 eis

1414 3278 1612 3313 humanum
1651 3279 1819 3314 timorem
1839 3271 2013 3312 Dominus
2042 3276 2156 3312 noluit
2185 3275 2378 3321 imputare,
2399 3278 2468 3315 etsi

1415 3341 1564 3383 apparet
1581 3337 1616 3371 in
1630 3345 1674 3372 eo
1688 3337 1851 3382 quaedam
1868 3335 2089 3372 subdefectio
2104 3335 2201 3380 fidei,
2213 3346 2294 3382 quae
2312 3336 2344 3372 si
2363 3336 2468 3375 sortis

1413 3397 1451 3434 in
1465 3397 1519 3433 eis
1536 3402 1645 3440 esset,
1661 3406 1704 3433 ea
1718 3401 1956 3443 sequerentur
1982 3405 2062 3442 quae
2093 3396 2210 3442 ipsum
2242 3396 2365 3434 Jesum
2390 3396 2467 3434 bel-

1414 3458 1549 3494 lantem
1569 3463 1692 3494 secuta
1719 3462 1815 3494 sunt.
1838 3456 1929 3500 Quia
1943 3465 2030 3492 vero
2046 3466 2119 3493 non
2137 3457 2174 3492 in
2191 3456 2245 3493 eis
2258 3461 2360 3493 tanta
2374 3457 2464 3495 fides

1415 3518 1497 3563 fuit,
1516 3518 1624 3555 etiam
1639 3527 1722 3554 cum
1751 3515 1966 3554 adversariis
1990 3516 2066 3553 suis
2094 3516 2380 3563 praevaluissent,
2396 3527 2464 3563 pu-

1414 3591 1526 3628 gnare
1544 3591 1625 3618 cum
1641 3580 1695 3617 eis
1709 3588 1824 3626 usque
1836 3579 1883 3615 ad
1898 3579 2180 3616 internecionem
2191 3588 2318 3615 eorum
2332 3578 2464 3618 timore
2495 3613 2499 3617 ,

1408 3652 1486 3679 non
1504 3642 1584 3679 ausi
1601 3646 1698 3680 sunt.
1722 3640 1836 3686 Quem
1857 3641 2036 3684 timorem,
2057 3645 2097 3677 ut
2113 3639 2206 3682 dixi,
2227 3648 2301 3676 non
2321 3639 2366 3676 de
2386 3650 2464 3677 ma-

1412 3701 1505 3745 litia,
1526 3711 1644 3748 neque
1673 3701 1718 3737 de
1746 3701 1935 3748 superbia,
1967 3701 2025 3738 vel
2054 3703 2262 3744 contemptu
2290 3699 2462 3746 praecepti
2487 3709 2500 3739 ,t

1412 3762 1602 3808 Dominici,
1620 3761 1685 3800 sed
1703 3762 1748 3800 de
1762 3762 1872 3801 animi
1885 3762 2095 3802 infirmitate
2110 3760 2330 3807 venientem,
2345 3759 2462 3804 noluit

2537 3746 2540 3752 .
2519 3665 2540 3691 m
2520 3574 2540 3653 duxisti*
