2540 4016
54 44 57 51 Ι
70 0 95 29 fl

49 278 155 336 'ligni
171 294 279 323 omne
297 282 482 330 eloquium
513 278 628 328 possit
649 276 815 324 intelligi,
851 281 892 311 ut
920 283 1028 310 omne
1045 273 1123 319 eius

46 346 283 395 ‘mysterium
319 341 516 391 penetrari,
549 344 648 377 recte
679 337 940 384 subiungitur:
964 334 1005 371 Si
1038 333 1124 381 quid

70 410 189 442 nutem
212 403 434 446 remanserit,-
450 402 545 448 *iane
575 398 796 436 comburetis.
826 396 930 440 Quod
962 404 1008 431 ex
1029 403 1124 441 agno

69 470 235 504 remanet
266 465 342 512 igni
374 462 637 505 comburimus,
676 458 822 506 quando
854 458 925 494 hoc
964 454 1062 502 quod
1078 454 1125 491 de

68 528 244 576 mysterio
280 523 542 562 incarnationis
575 523 654 570 ejus
689 520 889 567 intelligere
907 527 980 555 non
998 525 1126 564 possu-

68 593 164 630 mus,
197 585 368 632 potestati
405 584 564 630 Spiritus
589 582 705 619 sancti
741 579 927 617 humiliter
959 586 1125 614 reserva-

69 655 165 689 mus,
186 650 318 686 ut0non
346 644 501 689 superbe
520 644 601 689 quis
635 642 767 685 audeat
788 640 845 677 vel
877 644 1125 681 contemnere,

67 707 125 743 vel
141 705 358 743 denuntiare
377 697 474 750 quod
491 714 563 740 non
578 703 758 750 intelligit,
778 702 842 739 sed
860 702 930 738 hoc
958 700 1032 747 igni
1055 705 1126 735 tra-

70 767 144 810 dat,
163 776 246 803 cum
265 764 418 812 Spiritui
439 771 566 801 sancto
586 768 765 800 reservat.
800 752 1046 798 Prohibentur
1063 759 1126 804 qui

68 829 205 876 pascha
237 827 374 863 faciunt
412 836 495 862 ossa
529 825 709 873 frangere.
745 824 823 860 Non
858 823 1074 868 franguntur
1090 821 1127 855 in

69 899 179 927 cruce
199 899 283 925 ossa
303 889 460 931 Domini,
492 892 688 923 attestante
705 884 944 930 evangelista,
966 882 1028 927 qui
1045 881 1096 916 ait
1116 893 1124 916 :

73 949 122 986 Os
156 961 226 985 non
264 948 504 984 comminuetis
535 948 566 982 ei
586 945 706 993 (Joan.
736 943 828 990 xlx).
850 942 1000 978 Omnem
1018 941 1127 976 ritum

69 1009 218 1046 Paschae
225 1008 469 1045 observabunt
481 1005 692 1046 Christiani,
712 1003 795 1048 quia
807 1002 979 1048 quidquid
1000 1002 1035 1036 in
1049 1001 1127 1047 lege

73 1070 310 1109 historialiter
327 1071 547 1115 praeceptum
584 1070 642 1101 est
673 1064 794 1100 facere
818 1064 854 1099 in
884 1063 1128 1099 celebratione

69 1132 225 1180 pasehae,
249 1133 362 1165 totum
387 1127 424 1163 in
441 1126 604 1162 Ecclesia
620 1125 756 1162 Christi
773 1123 986 1170 spiritaliter
1004 1124 1129 1160 obser-
1147 1114 1180 1153 B

68 1199 188 1231 vatur.

118 1253 158 1290 Si
173 1253 249 1300 quis
266 1256 382 1287 autem
397 1255 430 1285 et
445 1249 597 1285 mundus
623 1254 672 1283 est
693 1253 724 1283 et
741 1248 778 1282 in
805 1247 928 1282 itinere
951 1256 1021 1280 non
1047 1245 1126 1290 tuit,

71 1321 103 1352 et
129 1321 245 1351 tamen
266 1323 335 1348 non
351 1312 435 1358 facit
453 1312 574 1357 phase,
610 1309 900 1346 easterminabitnr
934 1309 1051 1343 anima
1067 1307 1130 1341 iila

71 1377 113 1413 de
136 1375 272 1423 populis
288 1375 376 1418 suis,
402 1374 484 1420 quia
502 1372 714 1417 sacrificium
735 1370 888 1405 Domino
921 1379 989 1404 non
1007 1367 1130 1403 obtulit

71 1443 223 1483 tempore
241 1446 304 1471 suo
315 1446 327 1478 ;
357 1438 538 1480 peccalum
568 1442 669 1467 suum
702 1432 773 1477 ipse
791 1429 954 1476 portabit.
988 1428 1055 1463 Hic
1070 1437 1131 1464 eos

71 1498 133 1544 qui
153 1496 219 1532 sub
251 1496 330 1542 lege
350 1495 464 1530 veteri
497 1493 644 1529 fuerant
661 1490 914 1527 comminando
943 1487 1129 1530 instruxit,

70 1563 111 1593 ut
133 1557 277 1602 paschae
305 1561 444 1600 tempus
468 1553 669 1599 legitimum
699 1560 844 1587 servare
877 1559 949 1584 non
970 1548 1130 1594 neglige-

72 1623 165 1659 rent,
186 1622 363 1662 quatenus
397 1614 585 1649 interitum
615 1612 698 1647 vitae
728 1621 800 1646 non
824 1610 1065 1659 incurrerent,
1100 1607 1131 1642 si

73 1683 293 1726 praeceptum
311 1675 453 1712 Domini
469 1675 663 1710 observare
689 1683 759 1708 non
780 1675 1042 1718 procurarent3
1060 1669 1132 1704 imo

75 1746 111 1775 et
130 1748 191 1774 eos
212 1738 273 1783 qui
306 1737 371 1773 sub
399 1736 514 1782 gratia
533 1733 666 1770 Christi
701 1738 784 1768 sunt
810 1731 918 1777 positi
950 1731 1130 1770 admonet,

76 1805 256 1845 quatenus
271 1797 384 1843 phase
405 1795 568 1841 spiritale
601 1799 761 1838 tempore
783 1802 847 1827 suo
863 1801 970 1837 agere
985 1800 1055 1825 non
1072 1799 1134 1825 ne-

77 1859 223 1906 gligant.
247 1858 297 1893 De
318 1866 389 1902 quo
407 1855 574 1891 videlicet
593 1858 753 1897 tempore
776 1861 784 1886 τ
802 1851 934 1886 Paulus
950 1849 1135 1896 apostolus

79 1921 178 1956 dicit.
214 1918 304 1953 Ecce
334 1928 425 1952 nunc
444 1923 577 1961 tempus
597 1912 820 1960 acceptabile,
857 1923 932 1947 ecce
951 1922 1042 1946 nunc
1061 1911 1135 1945 dies

77 1979 200 2016 salutis
225 1978 283 2025 (ΙΙ
309 1978 390 2012 Cor.
409 1976 472 2023 vi).
529 1975 618 2019 Quia
654 1973 818 2019 quisquis
850 1971 1135 2017 redemptionem

78 2041 227 2078 humani
246 2039 401 2087 generis,
428 2047 507 2083 quae
524 2037 560 2071 in
579 2035 653 2070 veri
673 2035 753 2081 agni
778 2034 1023 2069 immolatione
1054 2043 1136 2078 per-
1155 2013 1186 2055 C

77 2106 218 2149 petrata
236 2106 305 2144 est,
322 2099 391 2135 fide
407 2098 511 2144 digna
532 2096 715 2133 celebrare
737 2105 806 2130 non
822 2100 938 2137 curat,
956 2103 1132 2139 suamque

77 2163 190 2198 vitam
222 2162 259 2197 in
276 2160 425 2196 meliora
452 2167 523 2193 non
544 2156 722 2192 studuerit
745 2158 956 2190 convertere
976 2159 1137 2199 tempore

79 2221 312 2271 mortalitatis
333 2220 451 2261 istius,
469 2221 577 2262 atque
594 2227 613 2251 a
629 2216 726 2252 vitiis
743 2215 785 2250 ad
806 2214 960 2249 virtutes
980 2213 1138 2248 transire

78 2294 151 2319 non
171 2282 334 2324 festinat,
356 2280 399 2315 ad
430 2277 708 2314 resurrectionis
723 2277 845 2321 utique
865 2275 1032 2321 gloriam,
1058 2284 1138 2319 quse

81 2345 118 2380 in
149 2343 220 2379 tine
237 2342 426 2378 veracibus
445 2338 579 2375 Christi
615 2336 813 2372 cultoribus
840 2335 1033 2375 tribuetur,
1067 2343 1139 2369 non

81 2406 289 2456 pertinebit,
302 2404 366 2442 sed
389 2415 408 2439 a
426 2402 608 2440 consortio
618 2400 779 2437 omnium
799 2404 1006 2435 sanctorum
1020 2397 1139 2432 anima

83 2466 399 2508 exterminabitur,
427 2474 493 2500 nec
510 2463 542 2498 ei
558 2463 593 2498 in
611 2467 706 2498 coctu
735 2459 918 2495 laetissimo
933 2463 1139 2493 sanctorum

81 2530 191 2566 ullam
204 2527 494 2564 communionem
512 2524 648 2559 habere
662 2521 798 2556 licebit.
827 2518 929 2562 Quod
948 2522 1068 2552 autem
1086 2526 1140 2551 se-

85 2590 231 2635 quitur:
251 2586 463 2631 Pereyrinus
485 2593 618 2630 quoque
641 2587 670 2615 et
693 2580 825 2614 advena
853 2579 882 2612 si
913 2577 1017 2622 fuerit
1047 2575 1140 2620 apud

83 2661 154 2690 vos,
174 2648 280 2694 phase
298 2645 406 2690 saciat
425 2643 572 2678 Domino
588 2641 692 2686 juxta
717 2637 941 2673 caeremonias
963 2642 994 2671 et
1007 2635 1142 2680 justifi-

83 2710 238 2746 cationes
256 2707 331 2753 ejus
347 2714 358 2738 .·
378 2707 586 2751 prccceptum
603 2699 775 2735 idem'erit
789 2697 885 2744 apud
905 2707 977 2739 vos,
994 2702 1065 2730 tam
1081 2695 1142 2730 ad-

84 2779 178 2806 venoe
191 2777 295 2815 quam
309 2765 495 2811 indignum,
514 2760 673 2798 ostendit
689 2759 825 2795 nullam
842 2758 1052 2794 distantiam
1062 2766 1141 2792 esse

86 2835 326 2876 personarum
345 2823 438 2870 apud
455 2821 668 2862 Dominum;
689 2818 751 2855 sed
776 2817 953 2863 quisquis,
977 2816 1052 2852 sive
1075 2816 1140 2851 Ju-

87 2890 196 2932 daeus,
221 2888 297 2924 sive
310 2884 466 2933 gentilis,
485 2883 560 2919 sive
585 2880 779 2923 masculus,
799 2879 874 2915 sive
895 2878 1044 2920 femina,
1063 2878 1139 2914 sive

87 2950 316 2994 servus‚sive
332 2948 437 2990 liber,
458 2946 502 2982 ad
524 2945 631 2980 fidem
642 2941 857 2978 catholicam
877 2950 1085 2982 conversus,
1100 2945 1138 2977 et
1155 2919 1191 2958 D

86 3011 303 3058 baptismate
318 3006 452 3044 Christi
474 3004 617 3041 ablutus
631 3002 802 3038 Ecclesiae
819 3001 994 3037 unitatem
1010 3009 1136 3046 perce-

86 3073 193 3119 perit,
216 3062 493 3107 resurrectionis
510 3065 645 3103 Christi
663 3063 859 3110 mysteriis,
880 3063 950 3099 rite
973 3061 1024 3098 illi
1039 3071 1139 3098 com-

86 3132 273 3170 municare
285 3128 420 3165 licebit.

497 3198 650 3237 CAPUT
673 3197 730 3235 lll.

229 3261 411 3308 Quomodo
429 3260 605 3307 proficisci
618 3259 765 3295 debeant
781 3257 847 3304 litii
868 3256 996 3293 Israel.

137 3323 256 3374 (lain.)
282 3321 399 3370 Igitur
425 3321 482 3358 die
510 3331 580 3368 qua
607 3326 758 3356 erectum
783 3324 833 3355 est
861 3316 1138 3360 tabernaculum,

90 3386 222 3435 operuit
239 3383 329 3420 iilud
348 3383 466 3419 nubes.
500 3381 531 3417 A
545 3390 684 3428 vespera
700 3385 818 3416 autem
833 3390 937 3426 super
954 3379 1141 3414 tentorium

90 3450 166 3482 erat
187 3444 287 3492 quasi
305 3443 432 3491 species
449 3442 540 3489 iynis
560 3450 669 3488 usque
683 3448 797 3482 mane,
819 3437 982 3484 sicfiebat
993 3437 1138 3484 Juqiter.

91 3498 164 3542 Per
176 3504 268 3548 diem
288 3501 463 3551 operiebat
492 3501 580 3538 iliad
594 3499 714 3543 nubes,
752 3505 782 3534 et
803 3509 864 3545 per
883 3487 1018 3532 noctem
1041 3494 1141 3542 quasi

78 3564 333 3621 1vegetissimum
364 3561 518 3610 Cumque
534 3561 653 3598 abiam
678 3561 801 3607 suisset
820 3557 926 3594 nubes
941 3553 1142 3602 quoetaber-

93 3620 258 3662 Μ
271 3623 485 3673 protegebat,
503 3627 586 3658 tanc
601 3619 912 3669 proficiscebantur
921 3615 987 3662 litii
1003 3612 1139 3656 Israel,-

94 3686 127 3719 οῖ
151 3669 191 3719 in
218 3683 295 3728 Ιᾷου
309 3683 372 3720 ubi
387 3683 534 3720 stetisset
555 3679 677 3724 nutes,
703 3678 752 3715 ibi
771 3681 885 3714 castra
906 3673 1136 3711 metabantur.

94 3737 148 3779 Ad
163 3735 345 3782 imm
353 3741 498 3780 deini
511 3740 834 3789 Ρὲοβσῦεσεὺαηῐκν,
845 3744 877 3774 et
891 3736 936 3772 ad
955 3734 1135 3806 imperium

75 43 89 71 t

63 108 141 217 ᾖ,
554 110 914 180 assantibus
937 132 984 175 lu
1008 135 1184 175 Lmnuu
1207 126 1520 176 umanum.
1545 159 1594 170 -
1615 136 1704 179 tm.
1725 139 1775 179 n.
2171 149 2243 192 ω

45 220 186 274 ῥὶῄῄᾱο
203 224 457 272 penetrentur.
482 212 555 258 Ser]
589 211 674 266 t'1uia
697 207 982 254 ialde‘dimcile
1013 218 1070 249 est
1087 217 1128 249 ut
1145 214 1180 254 Α
1195 211 1293 249 iilius
1305 212 1458 259 figebant
1475 213 1717 251 tabernae-im
1732 214 1881 257 Guium·
1896 219 2019 260 αφ..
2030 226 2155 272 ’,η-ὑ..
2165 229 2244 267 35⁶·

1193 274 1251 310 bat
1273 274 1379 310 nubes
1410 283 1515 320 super
1531 273 1813 319 tabernae-tun,
1848 281 2036 319 manebant
2062 287 2103 323 {a
2123 288 2246 328 eod..

1192 333 1283 370 loco.
1320 333 1367 369 Et
1379 334 1412 370 si
1429 333 1597 370 evenisset
1620 338 1659 369 ut
1672 333 1782 370 mutto
1798 339 1952 383 tempore
1963 349 2119 380 meum
2141 356 2247 396 super

1190 392 1294 437 illud,
1314 400 1415 430 erant
1440 393 1507 440 filii
1527 392 1643 430 lsrael
1675 394 1715 429 in
1741 395 1895 431 excubiis
1929 395 2087 444 minent,
2113 406 2148 438 st
2176 414 2248 444 ..a

1191 455 1505 502 proficiscebantur
1521 458 1692 503 quotquot
1717 454 1840 491 diebus
1873 455 1997 502 fuisset
2023 459 2130 496 nabo·
2147 466 2251 509 supr

1193 514 1472 552 tabernaculum.
1511 515 1567 551 Aa
1583 515 1770 562 imperium
1785 515 1930 552 Domini
1946 517 2127 564 efflabant
2141 526 2252 558 tmo-

1193 576 1264 620 ἦα,
1285 580 1317 611 et
1327 575 1374 611 ad
1387 575 1572 622 imperium
1585 574 1682 611 iliius
1693 575 1925 622 deponebant.
1952 576 1994 613 si
2008 577 2132 624 missin
2147 580 2252 618 naboe

1194 650 1217 675 a
1234 648 1370 685 vespere
1395 647 1506 685 usque
1521 646 1640 681 vitane,
1661 638 1703 684 [et
1734 639 1854 675 statim
1878 635 2035 674 dituculo
2061 639 2256 687 reliquisset

1195 698 1473 743 tabernaculum,
1489 699 1813 746 proficiscebantur.
1836 699 1883 736 Et
1899 701 1930 737 si
1947 700 2025 748 post
2040 701 2134 737 diem
2147 709 2180 739 et
2194 714 2257 740 no·-

1196 767 1284 797 ctem
1294 762 1503 805 recessisset,
1519 761 1736 808 dissipabant
1755 761 1996 798 tabernacula.
2012 761 2148 799 sivero
2164 763 2256 800 duo-

1196 823 1260 858 bus
1279 828 1341 858 aut
1353 834 1424 859 uno
1449 833 1565 858 mense
1581 822 1633 859 vei
1660 823 1811 870 tonywri
1839 828 1992 870 tempore
2010 823 2132 871 suisset
2154 835 2259 872 super

1196 884 1476 927 tabernaculum,
1496 883 1683 920 manebant
1698 883 1765 930 filii
1779 883 1895 920 Israel
1926 885 1964 921 in
1977 885 2099 921 eodem
2119 885 2212 930 loco,
2225 891 2259 922 et

1196 951 1265 977 non
1279 943 1602 989 proficiscebantur.
1636 943 1764 980 Statim
1776 950 1893 980 autem
1909 951 1948 980 ut
1963 946 2173 988 recessisset,
2189 957 2260 984 mo-

1196 1002 1318 1038 vehant
1335 1010 1466 1039 castra.
1503 1003 1576 1039 Per
1591 1005 1733 1040 verbum
1752 1005 1894 1041 Domini
1917 1006 2068 1053 figebant
2092 1009 2258 1053 tentoria,

1197 1067 1230 1097 et
1242 1073 1303 1108 per
1329 1063 1470 1098 verbum
1490 1063 1588 1098 illius
1602 1064 1914 1110 proficiscebantur
1927 1078 1940 1103 .·
1958 1073 2127 1114 erantque
2147 1069 2186 1103 in
2201 1078 2260 1104 ea:-

1199 1122 1309 1157 cubiis
1328 1121 1470 1157 Domini
1485 1122 1591 1168 juxta
1606 1123 1792 1167 imperium
1807 1124 1883 1170 ejus
1894 1135 1956 1171 per
1969 1135 2115 1162 manum
2131 1127 2259 1174 Moysi.

1197 1182 1235 1218 ln
1248 1182 1484 1229 Septuaginta
1494 1193 1639 1229 quoque
1651 1185 1912 1230 interpretibus
1923 1186 1992 1222 hoc
1999 1187 2197 1233 capitulum
2214 1189 2264 1226 ita

1199 1244 1429 1280 continetur:
1452 1244 1497 1279 Et
1517 1244 1573 1279 die
1582 1256 1651 1291 qua
1668 1246 1896 1281 constitutum
1911 1252 1962 1282 est
1982 1247 2262 1292 tabernaculum,

1199 1306 1284 1341 texit
1308 1305 1415 1340 nubes
1430 1305 1695 1340 tabernaculum
1711 1306 1852 1341 domum
1867 1307 2111 1351 testimonii,et
2130 1319 2265 1356 vespere

1200 1371 1272 1400 erat
1286 1376 1390 1410 super
1411 1365 1690 1409 tabernaculum,
1713 1366 1804 1401 velut
1827 1361 1958 1413 species
1976 1368 2066 1414 iqnis
2084 1375 2197 1405 nocte.
2218 1369 2266 1405 Ec

1201 1437 1279 1460 cum
1300 1426 1510 1461 ascendisset
1537 1426 1642 1461 nubes
1664 1438 1685 1461 α
1712 1426 1951 1470 tabernaculo,
1984 1433 2017 1463 et
2036 1434 2157 1474 postea
2183 1440 2266 1475 pro-

1201 1485 1382 1521 movebant
1405 1485 1470 1530 filii
1490 1485 1617 1521 Israel.
1651 1485 1696 1521 In
1719 1485 1795 1521 loco
1813 1487 2009 1533 ubicunque
2044 1494 2187 1524 steterat
2205 1500 2267 1525 nu·

1202 1547 1272 1588 bes',
1293 1546 1339 1580 ibi
1358 1552 1474 1581 castra
1497 1546 1714 1581 collocabant
1732 1546 1799 1591 sitii
1814 1546 1941 1582 Israel.
1966 1547 2034 1583 Per
2051 1555 2264 1596 praeceptum

1202 1607 1344 1641 Domini
1381 1606 1597 1641 collocabant
1617 1613 1733 1641 castra
1753 1606 1820 1652 filii
1839 1607 1967 1651 Israel,
1999 1615 2032 1643 et
2061 1619 2123 1654 per
2136 1620 2267 1655 proece-

1200 1673 1298 1714 ptum
1329 1667 1472 1703 Domini
1502 1667 1760 1713 promovebant.
1812 1667 1940 1703 Omnes
1968 1668 2043 1703 dies
2075 1669 2112 1704 in
2141 1670 2266 1716 quibus

1203 1730 1430 1766 obumbrabat
1467 1731 1572 1766 nubes
1611 1742 1716 1776 super
1747 1729 2014 1766 tabernaculum
2031 1757 2040 1773 ,
2071 1731 2109 1766 in
2140 1733 2266 1767 castris

1203 1798 1303 1826 erant
1333 1791 1399 1837 filii
1429 1791 1543 1827 Israel
1554 1803 1566 1834 ;
1588 1798 1619 1827 et
1633 1792 1772 1838 quando
1793 1798 2017 1838 protraxerat
2039 1791 2145 1827 nubes
2162 1803 2266 1839 super

1205 1852 1470 1887 tabernaculum
1488 1853 1560 1887 dies
1574 1851 1705 1899 plures,
1730 1858 1761 1887 et
1779 1853 1973 1889 custodient
1992 1853 2057 1898 filii
2075 1852 2190 1888 Israel
2207 1865 2269 1889 cu·

1205 1912 1338 1947 stodias
1348 1911 1504 1954 Domini,
1522 1918 1553 1946 et
1573 1923 1642 1947 non
1663 1912 1922 1958 promovebunt.
1946 1912 2066 1948 Eterit
2082 1924 2161 1948 cum
2175 1919 2269 1948 texo-

1207 1974 1252 2009 rit
1267 1973 1374 2009 nubes
1394 1974 1468 2008 dies
1484 1983 1629 2008 numero
1649 1984 1753 2019 super
1777 1974 2054 2016 tabernaculum,
2075 1985 2140 2021 per
2153 1986 2269 2011 vocem

1207 2034 1351 2070 Domini
1375 2034 1412 2068 in
1444 2034 1568 2068 castris
1597 2039 1713 2076 erunt,
1751 2039 1783 2068 et
1814 2043 1876 2079 per
1895 2039 2106 2079 praeceptum
2125 2033 2269 2068 Domini

1206 2093 1468 2142 promovebunt.
1503 2092 1548 2127 Et
1590 2093 1655 2127 erit
1698 2103 1777 2128 cum
1809 2092 1915 2137 suerit
1947 2091 2055 2127 nubes
2075 2103 2097 2127 α
2130 2103 2271 2138 vespera

1210 2167 1317 2202 usque
1348 2166 1463 2197 mane,
1485 2161 1516 2190 et
1532 2154 1726 2189 ascenderit
1766 2150 1872 2189 nubes
1899 2164 2015 2197 mane,
2037 2159 2069 2189 et
2087 2164 2271 2199 promove·

1209 2217 1293 2253 bunt
1313 2217 1369 2252 die
1392 2216 1444 2253 vel
1474 2223 1587 2252 nocte.
1611 2216 1655 2251 Et
1677 2217 1707 2252 si
1729 2217 1924 2252 ascenderit
1953 2216 2060 2252 nubes
2092 2227 2270 2262 promoue-

1210 2277 1292 2312 bunt
1309 2289 1321 2320 ;
1345 2277 1399 2312 vel
1426 2277 1482 2313 die
1497 2288 1613 2312 mense
1627 2278 1697 2312 diei
1717 2277 1918 2312 abundante
1938 2278 2026 2313 nube
2045 2276 2271 2312 obumbrante

1209 2350 1312 2384 super
1334 2338 1434 2381 illud,
1455 2339 1491 2373 in
1528 2339 1654 2373 castris
1673 2344 1775 2374 erunt
1797 2338 1863 2383 filii
1894 2338 2021 2380 Israel,
2054 2343 2087 2372 et
2103 2348 2172 2372 non
2190 2348 2271 2383 pro-

1214 2399 1410 2440 movebunt,
1431 2399 1597 2443 quoniam
1624 2410 1685 2443 per
1701 2403 1909 2444 proecepturn
1926 2397 2068 2432 Domini
2083 2407 2266 2443 promove-

1211 2460 1308 2495 bunt.
1337 2458 1542 2494 Custodiam
1563 2458 1704 2492 Domini
1722 2458 1961 2492 custodierunt
1979 2467 2040 2502 per
2058 2462 2268 2503 proeceptum

1210 2520 1353 2555 Domini
1379 2519 1416 2554 in
1439 2529 1547 2553 manu
1565 2517 1693 2563 Moysi.
1734 2518 1850 2553 Totus
1881 2517 1942 2552 hic
1959 2517 2060 2553 locus
2079 2517 2270 2563 diligenter

1212 2578 1446 2624 exponendus
1464 2583 1532 2620 est,
1551 2577 1723 2622 quoniam
1754 2577 1936 2612 inusitatis
1959 2577 2150 2623 generibus
2168 2577 2269 2613 locu-

1212 2641 1350 2676 tionum
1369 2639 1584 2674 obscuratus
1602 2642 1668 2673 cst.
1695 2637 1742 2672 Et
1761 2638 1830 2681 a'ie,
1864 2637 1994 2683 inquit,
2014 2648 2082 2684 qna
2099 2643 2269 2674 statutum

1215 2707 1263 2737 est
1287 2698 1563 2740 tabernaculum,
1594 2699 1680 2733 texit
1713 2698 1820 2733 nubes
1840 2697 2106 2733 tabernaculum
2125 2698 2270 2734 domum

1212 2762 1415 2798 testimonii.
1444 2760 1543 2796 idem
1585 2759 1861 2796 tabernaculum
1899 2758 2090 2805 appellavit
2124 2759 2269 2795 domum

1212 2821 1423 2859 testimonii.
1445 2819 1491 2855 Et
1512 2830 1648 2866 vespere
1666 2825 1742 2854 erat
1769 2829 1873 2865 super
1889 2816 2151 2854 tabernaculum
2177 2818 2270 2854 vetut

1214 2885 1344 2931 species
1376 2882 1468 2929 iqnis
1500 2891 1610 2928 usque
1628 2888 1758 2916 mane:
1777 2880 1827 2914 ita
1843 2879 1950 2925 fiebat
1970 2889 2116 2925 semper.
2135 2879 2270 2915 Deinde

1210 2944 1400 2990 diligenter
1417 2940 1590 2987 exprimit
1623 2939 1708 2985 quid
1741 2938 1852 2975 tiebat
1873 2947 2029 2983 semper.
2060 2937 2196 2980 Nubes,
2214 2937 2270 2974 iu-

1210 3003 1302 3049 quit,
1339 3001 1483 3047 tegebat
1509 2999 1597 3036 illud
1631 2999 1702 3042 die,
1737 3002 1774 3034 et
1793 2997 1932 3044 species
1957 2996 2053 3044 ignis
2075 3001 2194 3032 nocte.
2221 2995 2270 3032 Et

1210 3074 1288 3100 cum
1309 3062 1518 3098 ascendisset
1550 3059 1691 3095 nubesa
1711 3057 1954 3101 tabernaculo,
1982 3062 2015 3093 et
2043 3062 2163 3103 postea
2189 3067 2269 3103 pro-

1210 3125 1393 3161 movebunt
1409 3121 1474 3168 filii
1492 3120 1623 3156 Israel.
1657 3119 1728 3155 Ista
1747 3117 1925 3154 sententia
1939 3116 2092 3153 obscum
2110 3125 2183 3151 non
2195 3120 2266 3158 est,

1210 3186 1281 3223 nisi
1298 3190 1446 3232 propter
1463 3183 1560 3219 illam
1579 3181 1799 3218 locutionem
1823 3177 1886 3213 ubi
1914 3176 2070 3217 additor,
2088 3179 2134 3209 et.
2166 3173 2264 3210 ordo

1211 3248 1308 3284 enim
1322 3245 1518 3283 verborum
1538 3244 1677 3288 integer
1699 3238 1876 3284 sequitur,
1900 3236 2010 3271 etiam
2028 3233 2059 3270 si
2075 3233 2169 3269 desit
2186 3233 2265 3279 ipsa

1211 3307 1430 3354 conjunctio,
1450 3309 1486 3341 et
1508 3304 1561 3340 sic
1580 3303 1721 3338 dicatur
1747 3310 1755 3333 ε
1772 3297 1819 3332 Et
1836 3305 1914 3331 cum
1935 3293 2145 3330 ascendisset
2157 3291 2264 3329 nubes

1210 3380 1232 3405 a
1246 3365 1484 3407 tabernaculo,
1501 3367 1618 3409 postea
1635 3356 1882 3407 promovebunt
1896 3353 1963 3400 ficti
1977 3351 2104 3388 limet.
2129 3351 2264 3397 Quam..

1209 3430 1266 3466 vis
1286 3433 1322 3464 et
1357 3428 1474 3472 ipsum
1505 3420 1600 3468 quod
1625 3420 1762 3454 dictum
1791 3417 1849 3450 est
1878 3413 2013 3459 postea,
2049 3410 2080 3448 si
2103 3411 2261 3456 mosset,

1211 3488 1319 3535 piena
1332 3489 1456 3533 posset
1470 3492 1550 3519 esse
1566 3477 1756 3517 sententia.
1777 3474 1914 3512 Deinde
1931 3473 2095 3522 sequtus*
2114 3473 2258 3511 dicens:

1211 3548 1244 3584 E
1246 3553 1258 3582 t
1271 3547 1308 3582 in
1324 3545 1400 3580 loco
1416 3543 1475 3579 ubi
1489 3537 1763 3580 antemnates,
1777 3535 1826 3572 tbi
1841 3536 1958 3572 casira
1969 3533 2187 3572 ebffoeabam
2193 3532 2262 3580 filit

1210 3603 1338 3642 Israel.
1375 3601 1452 3638 noc
1475 3603 1596 3635 autem
1616 3601 1732 3632 totum
1756 3595 1852 3642 quod
1870 3594 2054 3632 fecicum
2068 3594 2262 3640 adpraeoe·

1207 3671 1308 3712 ptnm
1322 3661 1466 3699 Domini
1481 3658 1657 3702 referens,
1679 3657 1731 3694 ita
1755 3633 2018 3703 commemor.
2046 3653 2260 3700 Permes-

1207 3735 1304 3775 ptum
1321 3723 1478 3768 Domini,
1493 3720 1623 3767 inquit,
1641 3724 1756 3756 castra
1770 3715 1988 3755 collocabunt
2007 3713 2260 3762 flbii‘lsmdset
