2540 4016
0 183 115 261 3⁶8¹

522 208 878 250 ENARRATIONES
903 210 949 247 IN
974 209 1149 248 LIBRUM
1172 208 1482 248 NUMERORUM.
1507 227 1558 238 —
1576 210 1664 248 ΠΒ.
1687 211 1732 248 11.

2145 217 2216 256 682

48 289 132 338 quia
150 290 264 325 omnis
291 289 480 328 multitudo
509 294 708 326 sanctorum
738 292 802 331 est,
825 292 858 322 et
885 286 924 322 in
941 286 1028 333 ipsis
1050 292 1101 322 est
1118 287 1156 328 Α
1170 285 1268 322 nitur
1293 283 1506 327 inferorum,
1526 287 1565 318 et
1585 283 1744 318 maxime
1773 282 1814 318 in
1832 287 1983 322 mortuis
2004 289 2073 326 hoc
2106 293 2222 340 accipi

49 349 237 387 Dominus.
281 348 354 386 Cur
391 349 571 388 elevamini
604 358 707 395 super
738 346 904 395 populum
935 345 1107 382 Domini?

49 408 153 452 Quod
183 419 263 445 cum
289 409 443 446 audisset
472 409 632 456 Moyses,
658 407 808 454 procidit
834 416 964 453 pronus
989 405 1028 440 in
1053 404 1108 450 [α-

50 470 153 506 ciem.
179 470 399 517 Locutusque
417 477 466 507 est
483 470 528 506 ad
554 467 667 506 Chore
687 473 719 503 et
733 466 778 503 ad
800 477 935 502 omnem
954 464 1109 501 multitu-

49 530 180 566 dinem.
205 529 326 576 Mane,
356 531 484 577 inquit,
505 536 625 565 notum
653 529 756 575 faciet
773 527 958 570 Dominus,
984 526 1045 572 qui
1062 524 1108 560 ad

49 602 85 626 sc
104 591 313 637 pertineant,
330 597 362 626 et
379 596 518 627 sanctos
532 589 719 638 applicabit
738 589 826 632 sibi,·
846 594 878 624 et
894 598 979 634 quos
1000 585 1110 632 eleqe-

50 652 109 695 rit,
129 651 457 699 appropinquabunt
482 652 535 694 ei,
553 656 590 687 et
606 651 711 697 reliq.
732 650 805 698 (Ea)
831 647 1006 693 Isidoro.)
1039 647 1110 682 Per

50 708 231 748 excidium
254 711 384 755 Chore,
419 713 560 748 Dathan
581 718 618 748 et
635 712 787 754 Abiron,
808 709 870 756 qui
891 709 959 745 sibi
983 713 1111 744 eontra

50 772 197 819 Moysen
214 777 251 807 et
269 771 391 808 Aaron
418 773 646 809 sacerdotem
675 771 903 809 sacrificandi
926 767 1110 806 licentiam

52 833 307 876 vendicantes,
326 842 454 879 poenas
472 844 538 879 pro
553 834 627 869 suis
643 832 831 869 conatibus
847 828 1108 875 expenderunt,

51 893 300 941 significantur
324 893 362 928 hi
380 893 442 939 qui
461 894 617 930 haereses
635 898 671 929 et
692 892 887 928 schismata
906 888 1026 924 tacere
1045 897 1107 923 co-

51 965 197 1002 nantur,
228 963 264 994 et
297 958 429 994 multos
451 969 574 995 secum
606 955 783 993 trahendo
803 952 999 998 decipiunt,
1025 961 1112 986 eon-

51 1025 256 1057 temnentes
276 1019 483 1055 sacerdotes
500 1018 647 1060 Christi,
669 1022 705 1051 et
722 1025 761 1051 se
776 1014 913 1050 a'clero
937 1013 1015 1058 ejus
1036 1012 1112 1058 ple-

51 1082 180 1128 bisque
216 1082 388 1117 societate
429 1085 660 1127 segregantes
678 1106 687 1122 ,
722 1078 944 1114 constituere
978 1077 1112 1112 audent

51 1142 233 1178 Ecclesias
265 1147 302 1177 et
322 1141 419 1177 aliud
448 1141 563 1177 altare
582 1150 801 1186 precemque
820 1139 926 1174 aliam
946 1166 955 1182 ‚
978 1138 1111 1174 illicitis

1177 347 1282 383 solet.
1305 346 1379 382 Sed
1396 344 1565 391 quoniam
1579 344 1678 391 ipsos
1694 342 1858 379 viventes
1881 344 2016 382 dictum
2035 355 2092 385 est
2105 353 2151 388 ad
2166 353 2223 389 in.

1176 406 1274 442 feros
1299 406 1545 450 descendisse,
1568 409 1606 441 et
1627 404 1707 450 ipsa
1735 403 1945 441 narratione
1977 407 2064 451 quid
2090 409 2224 448 factum

1175 466 1286 503 suerit
1298 467 1389 503 satis
1423 470 1582 514 apparet,
1611 463 1843 502 manifestum
1873 469 1943 508 est,
1966 470 2008 500 ut
2025 466 2114 510 dixi,
2134 468 2226 506 inre-

1177 529 1294 566 riores
1322 534 1446 575 partes
1481 534 1590 564 terrae
1613 526 1815 563 inferorum
1848 525 2023 562 vocabulo
2043 537 2231 574 nuncupa-

1177 596 1246 634 tas,
1268 591 1305 627 in
1331 589 1603 635 comparatione
1627 586 1735 632 hujus
1759 586 1958 632 superioris
1975 590 2095 630 terrae,
2114 586 2152 622 in
2171 597 2234 623 cu-

1174 652 1234 700 ius
1248 651 1342 688 facie
1355 651 1503 694 vivitur,
1519 650 1612 687 sieut
1633 650 1672 686 in
1688 649 1960 695 comparatione
1972 647 2057 684 coeli
2075 650 2237 694 superio-

1179 716 1245 759 ris,
1271 714 1333 751 uhi
1354 718 1565 750 sanctorum
1592 712 1794 748 demoratio
1819 716 1874 747 est
1903 710 2128 758 angelorum,
2149 720 2236 757 pec«

1180 782 1304 814 cantes
1338 775 1484 822 angelos
1522 775 1559 810 in
1593 774 1701 820 hujus
1743 773 1839 810 aeris
1872 773 2037 808 detrusos
2069 772 2239 816 caligine,

1181 838 1369 884 Scriptura
1389 837 1488 879 dicit,
1511 842 1684 882 tanquam
1711 835 1921 871 carceribus
1943 833 2051 870 inseri
2085 833 2240 880 punien-

1180 900 1246 935 dos
1263 897 1457 934 reservari.
1489 895 1530 933 Si
1545 896 1638 932 enim
1657 895 1768 939 Deus,
1790 894 1921 940 inquit,
1943 892 2076 940 anyelis
2092 904 2242 939 peccan-

1181 960 1272 995 tibus
1291 971 1360 994 non
1376 959 1543 1005 pepercit,
1565 957 1625 993 sed
1652 956 1851 992 carceribus
1871 955 2033 1001 caliqinis
2060 954 2167 1000 inseri
2189 965 2244 989 re-

1181 1020 1323 1054 trudens
1337 1045 1346 1062 ,
1379 1018 1528 1053 tradidit
1575 1018 1613 1051 in
1650 1016 1788 1062 judicio
1835 1015 2028 1062 puniendos
2075 1015 2246 1049 reservari

1181 1079 1217 1128 (Ι
1239 1079 1316 1114 Pet.
1340 1078 1412 1125 ιιι),
1436 1089 1519 1114 cum
1536 1077 1720 1124 apostolus
1737 1076 1870 1112 Paulus
1890 1076 2082 1122 principem
2095 1081 2247 1121 potesta-

1181 1139 1225 1174 tis
1249 1139 1355 1183 aeris,
1377 1138 1474 1174 dicat
1503 1137 1698 1181 diabolum,
1735 1138 1794 1183 qui
1823 1142 1989 1183 operatur
2007 1136 2045 1171 in
2060 1135 2144 1180 filiis
2158 1135 2247 1181 diffi-

50 1202 198 1238 vocibus
213 1201 350 1236 faciunt
370 1201 567 1237 Dominicae
582 1200 709 1237 hostiae
724 1200 930 1243 veritatem,
947 1211 1012 1246 per
1026 1200 1115 1236 salsa
1135 1204 1167 1244 Β
1185 1201 1327 1238 dentioe.

51 1262 230 1300 sacrificia
249 1261 497 1308 profanantes.
530 1261 575 1297 Hi
608 1262 670 1307 qui
694 1267 823 1298 contra
852 1261 1018 1297 ordinem
1052 1263 1115 1298 Dei

52 1323 232 1366 nituntur,
252 1322 298 1359 ob
318 1322 534 1358 temeritatis
553 1323 743 1358 audaciam
762 1328 867 1358 terrae
883 1322 1116 1369 compagibus

54 1386 168 1431 ruptis
185 1412 194 1428 ,
228 1384 396 1431 profundi
427 1384 527 1420 hiatu
554 1390 788 1431 merguntur;
818 1394 886 1419 nec
914 1389 1053 1419 tantum
1080 1384 1117 1419 hi

54 1448 115 1493 qui
134 1448 243 1484 duces
271 1458 396 1484 eorum
421 1452 505 1483 sunt
522 1475 531 1491 ,
563 1449 627 1483 sed
645 1453 681 1483 et
700 1447 750 1482 illi
771 1447 833 1492 qui
857 1447 1117 1483 consentiendo

53 1508 250 1554 participes
279 1508 489 1543 corumdem
507 1507 627 1543 effecti
655 1512 752 1551 sunt,
775 1508 811 1542 iu
842 1507 962 1554 ignem
990 1506 1118 1543 aeterni

51 1566 179 1613 judicii
198 1574 400 1614 praeparata
418 1568 556 1604 ultione
576 1569 758 1615 peribunt.

104 1629 257 1665 Locutus
278 1636 328 1665 est
346 1630 520 1666 Dominus
541 1631 586 1666 acl
607 1630 752 1677 Moysen
772 1636 803 1666 et
822 1631 943 1666 Aaron
965 1630 1083 1665 dicens
1105 1640 1115 1664 .-

55 1690 278 1738 separamini
297 1692 339 1728 de
359 1693 472 1728 medio
496 1694 774 1740 congregationis
793 1694 912 1739 liujus,
932 1699 968 1727 ut
984 1703 1040 1728 eos
1062 1703 1117 1726 re-

56 1759 157 1801 pente
176 1753 393 1799 disperdam,
423 1758 459 1789 et
475 1759 618 1789 caetera.
642 1753 714 1801 (Em
742 1752 967 1799 Augustino.)
985 1752 1120 1788 Notan-

58 1814 143 1849 dum
158 1819 214 1850 est
226 1813 447 1858 tuncjubere
463 1814 655 1850 Dominum
671 1814 750 1850 fieri
765 1815 1031 1860 separationem
1041 1824 1122 1850 cor-

58 1874 237 1920 poralem,
255 1885 338 1910 cum
365 1874 440 1919 jam
472 1875 631 1910 vindicta
652 1875 816 1910 imminet
835 1874 954 1910 malis.
975 1874 1035 1910 Sic
1047 1874 1122 1910 Noe

0 1974 1 1984 γ
60 1946 143 1971 cum
159 1936 265 1971 domo
287 1946 351 1972 sua
373 1941 560 1982 separatur
579 1946 599 1970 a
621 1936 763 1971 caeteris
781 1935 913 1970 diluvio
928 1936 1120 1980 perituris;

0 1985 1 1992 ¹
61 1994 113 2030 sic
128 1994 222 2031 Loth
241 2006 325 2031 cum
342 1996 417 2031 suis
439 2001 628 2040 separatur
646 2005 666 2030 a
686 1994 853 2031 Sodomis
875 1995 956 2041 igne
981 1995 1123 2031 coelitus

61 2057 334 2100 consumendis;
360 2057 412 2093 sic
430 2057 506 2103 ipse
521 2057 672 2103 populus
692 2057 736 2092 ab
753 2055 948 2102 AEgyptiis‚
972 2057 1123 2093 marinis

1568 1259 1722 1297 CAPUT
1748 1258 1872 1295 XVIII.

1185 1322 1237 1360 De
1262 1322 1450 1358 thuribulis
1485 1323 1732 1358 seditiosorum
1759 1322 1801 1357 ab
1832 1320 1994 1357 incendio
2021 1320 2170 1357 sublatis
2189 1332 2251 1367 per

1511 1369 1665 1404 Eleazar
1690 1369 1920 1405 sacerdotem.

1234 1445 1353 1493 (lum.)
1375 1445 1595 1491 Locutusque
1610 1451 1660 1480 est
1676 1445 1849 1480 Dominus
1864 1445 1909 1480 ad
1932 1445 2079 1491 Moysen
2098 1446 2216 1482 dicens
2236 1455 2247 1479 .·

1186 1507 1344 1553 Praecipe
1359 1506 1534 1542 Eleazaro
1553 1506 1628 1551 filio
1643 1506 1764 1541 Aaron
1779 1507 1964 1550 sacerdoti,
1989 1514 2026 1542 ut
2047 1507 2148 1543 tollat
2170 1508 2251 1543 thu-

1186 1567 1316 1611 ribula,
1335 1579 1412 1614 quoe
1431 1568 1545 1611 iacent
1566 1568 1603 1602 in
1622 1567 1798 1611 incendio,
1821 1573 1852 1602 et
1872 1568 1987 1614 iqnem
2013 1569 2078 1603 huc
2099 1568 2251 1615 illucque

1187 1628 1376 1674 disverqat,
1396 1628 1560 1675 quoniam
1577 1628 1800 1673 sanctificata
1821 1634 1902 1663 sunt
1925 1629 1963 1663 in
1985 1629 2154 1664 mortibus
2169 1641 2251 1675 pec-

1188 1696 1367 1733 catorum‚·
1389 1690 1626 1736 producatque
1644 1701 1685 1724 ea
1705 1690 1742 1724 in
1762 1689 1913 1724 laminas
1932 1696 1963 1724 et
1982 1691 2097 1736 ufficyat
2129 1690 2249 1732 altari,

1188 1764 1227 1788 eo
1248 1752 1340 1799 quod
1363 1752 1517 1787 oblatum
1533 1753 1578 1787 sit
1601 1752 1638 1786 in
1657 1752 1706 1787 eis
1730 1753 1910 1787 incensum
1930 1751 2103 1795 Domino;
2123 1758 2153 1787 et
2171 1763 2253 1787 san-

1190 1815 1343 1859 ctificata
1359 1820 1454 1856 sunt,
1475 1819 1514 1847 ut
1539 1818 1681 1848 cernant
1709 1824 1749 1847 ea
1783 1824 1845 1858 pro
1864 1813 1962 1858 siquo
1979 1818 2011 1847 et
2029 1817 2253 1847 monumento

1190 1873 1255 1919 filii
1272 1874 1398 1909 Israel.
1422 1874 1601 1918 Quaeritur
1618 1873 1687 1909 hoe
1706 1873 1799 1917 loen,
1819 1884 1883 1909 eur
1900 1883 1972 1908 nou
1988 1873 2032 1908 ad
2050 1873 2198 1918 Moysen
2217 1876 2256 1907 et

1190 1936 1312 1972 Aaron
1329 1937 1422 1971 sieut
1445 1935 1482 1970 in
1518 1934 1780 1980 superioribus,
1804 1935 1977 1971 Dominus
2011 1934 2153 1970 locutus
2190 1935 2252 1977 sit,

1193 2001 1256 2037 scd
1291 2001 1336 2036 ad
1362 1999 1508 2046 Moysen
1543 2004 1579 2034 et
1612 1997 1827 2034 Eleazarum
1856 1997 1970 2033 silium
2009 1996 2144 2032 Aaron.
2170 1996 2256 2033 Haec

1194 2063 1284 2098 mihi
1305 2073 1413 2098 causa
1429 2062 1576 2097 interim
1605 2064 1778 2105 occurrit,
1798 2062 1969 2106 quoniam
1996 2061 2147 2106 quaestio
2178 2063 2258 2095 erat.

62 2117 229 2155 fluctibus
244 2119 472 2162 obruendus;
491 2119 543 2155 sie
567 2119 627 2155 isti
643 2129 738 2154 nunc
756 2129 775 2153 a
794 2128 975 2165 synagoga
990 2118 1122 2163 Chore,
1145 2112 1174 2154 C
1197 2126 1240 2161 de
1260 2126 1431 2172 progenie
1455 2125 1699 2167 sacerdotum,
1717 2124 1755 2160 id
1784 2130 1853 2167 est,
1869 2124 1912 2159 de
1927 2133 1998 2168 quo
2028 2133 2160 2169 genere
2178 2131 2259 2158 esse

63 2179 201 2216 Abiron
227 2186 263 2216 et
293 2181 448 2224 nathan,
466 2181 528 2226 qui
555 2191 594 2217 se
611 2181 782 2227 primitiis
814 2191 878 2226 per
909 2181 1124 2233 seditionem

67 2244 285 2289 abrumpere
314 2242 535 2278 voluerunt:
559 2253 641 2278 cum
679 2242 809 2288 quibus
850 2249 972 2278 tamen
1010 2244 1127 2279 saneti

67 2309 173 2339 antea
188 2304 351 2340 viventes
370 2309 715 2349 conversantesque,
732 2309 865 2340 etcum
879 2305 1021 2340 caeteris
1038 2315 1128 2350 qnos

67 2363 240 2410 reprobat
260 2365 371 2407 Deus,
398 2365 598 2400 seeundum
616 2364 725 2400 verba
751 2374 831 2409 quae
858 2365 894 2400 in
928 2375 990 2401 eos
1007 2365 1128 2400 incre-

70 2434 161 2470 pans
180 2424 279 2467 dicit,
299 2426 540 2460 contaminari
558 2430 678 2460 tamen
702 2427 746 2461 ab
767 2426 821 2462 eis
839 2427 990 2462 minime
1009 2433 1131 2471 potue-

69 2490 174 2528 runt;
202 2495 270 2521 nec
296 2486 459 2531 separari
479 2497 518 2522 se
535 2485 627 2530 jussi
648 2493 744 2529 sunt,
768 2488 912 2533 quando
932 2489 1129 2524 vindictam

68 2545 243 2583 Dominus
264 2548 339 2583 sive
361 2547 564 2591 differebat,
584 2548 660 2584 sive
694 2549 802 2583 talem
832 2549 1042 2590 adhibebat,
1062 2559 1131 2593 qua

74 2606 285 2643 innocentes
305 2608 503 2653 periclitari
520 2608 577 2642 vel
607 2608 689 2643 laedi
723 2619 795 2643 nou
829 2614 978 2653 possent
1005 2620 1013 2643 ;
1040 2609 1133 2643 sicut

74 2668 297 2714 serpentium
333 2668 539 2711 morsibus,
568 2669 662 2704 sicut
695 2675 815 2714 strage
845 2671 1029 2714 mortium,
1061 2682 1132 2717 qua

74 2728 173 2764 Deus
212 2737 319 2774 quem
352 2727 510 2771 volebat,
532 2728 625 2764 sicut
649 2729 803 2772 volebat,
822 2730 892 2766 alio
908 2731 1134 2776 percutiebat

72 2790 230 2833 intacto;
255 2800 327 2825 non
356 2790 450 2826 sicut
472 2801 565 2836 aqua
599 2791 738 2835 diluvii,
760 2798 822 2827 aut
851 2793 955 2839 ignea
995 2794 1130 2839 pluvia,

73 2857 135 2887 aut
174 2862 268 2897 aqua
300 2853 412 2889 maris
438 2858 500 2888 aut
535 2853 635 2889 hiatu
662 2858 788 2898 terrm,
823 2865 904 2901 quae
940 2856 1134 2901 permistos

73 2912 210 2958 pariter
235 2918 439 2949 assumeret
460 2926 467 2948 :
490 2924 562 2950 non
588 2914 676 2959 quia
699 2920 735 2950 et
756 2915 805 2950 ibi
826 2914 921 2952 Deus
941 2927 1025 2953 suos
1048 2928 1133 2953 con—

74 2982 220 3008 servare
235 2983 307 3009 non
327 2979 470 3020 posset;
511 2975 573 3011 sed
594 2976 681 3021 quid
711 2986 801 3022 opus
822 2983 902 3013 erat
933 2979 1133 3014 tentatione

74 3033 240 3070 miraculi
272 3035 333 3071 ubi
355 3037 536 3082 separatio
555 3036 634 3073 fieri
652 3042 809 3083 poterat,
830 3044 870 3074 ut
890 3039 946 3075 vel
963 3050 1056 3086 aqua
1076 3040 1134 3076 vel
1151 3015 1187 3054 D

74 3093 179 3139 ignis,
203 3094 260 3130 vel
275 3094 398 3131 hiatus
430 3101 551 3140 terrae,
575 3108 666 3143 quos
703 3099 918 3142 invenisset,
951 3100 1135 3137 auferret?

76 3151 137 3189 Sic
155 3159 191 3190 et
211 3155 247 3189 in
282 3154 354 3191 fine
378 3165 398 3191 a
424 3156 574 3193 zizaniis
592 3159 857 3204 separabuntur
877 3159 1074 3204 frumenta,
1101 3166 1137 3197 et

75 3216 191 3253 malos
211 3218 459 3255 cremantibus
475 3218 643 3264 flammis,
655 3220 744 3266 justi
772 3221 960 3268 fulgebunt
975 3223 1069 3259 sicut
1084 3222 1137 3259 sol

74 3276 112 3312 in
131 3286 243 3324 regno
265 3277 385 3314 Patris
399 3288 541 3315 eorum.

125 3335 318 3384 Confestim
335 3338 444 3385 igitur
458 3346 495 3375 ut
517 3343 659 3378 cessavit
675 3342 784 3388 loqui,
800 3342 960 3389 disrupta
977 3349 1026 3379 est
1042 3349 1135 3379 terra

76 3397 139 3433 sub
157 3397 302 3444 pedibus
328 3410 473 3443 eorum;
497 3407 539 3454 ἐι
564 3403 722 3448 aperiens
755 3414 793 3438 os
824 3414 938 3446 suum,
962 3404 1137 3440 devoravit

77 3457 172 3502 illos,
191 3471 270 3495 cum
302 3461 536 3499 tabernaculis
556 3464 645 3507 suis,
665 3471 697 3500 et
726 3465 888 3500 universa
912 3465 1136 3506 substantia,-

79 3520 377 3569 ascenderuntque
409 3524 477 3560 vivi
511 3524 549 3561 in
578 3526 754 3572 infernum
796 3525 907 3572 operti
935 3525 1069 3568 humo,
1105 3530 1138 3560 et

79 3579 258 3626 perierunt
282 3581 326 3619 de
355 3584 470 3620 medio
495 3585 742 3623 multitudinis.
768 3585 974 3623 Notandum
1008 3595 1138 3622 secun-

82 3638 168 3676 du'm
194 3641 312 3680 locum
330 3649 517 3682 terrenum
549 3646 666 3684 dictos
692 3658 774 3685 esse
801 3647 952 3693 inferos,
975 3649 1043 3684 hoc
1069 3652 1136 3690 est,

84 3698 122 3734 in
164 3698 396 3740 inferioribus
428 3709 534 3742 terrae
570 3706 748 3753 partibus.
786 3708 895 3746 Varie
934 3708 1067 3755 quippe
1101 3707 1139 3742 in

61 3781 65 3787 ·
87 3756 298 3804 scripturis,
315 3763 369 3799 “et
400 3764 467 3800 sub
492 3764 679 3803 intellectu
716 3767 928 3815 multiplici,
956 3768 1051 3804 sicut
1080 3776 1139 3802 re-

39 3823 169 3916 jaeom
199 3818 244 3856 de
274 3818 408 3880 quibus
429 3825 548 3871 agitur
576 3831 707 3865 ’sensus
740 3829 852 3876 exigit
869 3856 878 3872 ,
912 3838 1044 3866 nomen
1075 3837 1140 3874 po-

60 3909 87 4016 ὶ
106 3893 109 3900 ⁴
299 3880 484 3925 Pii-not..
513 3885 659 3929 cvm.

33 3988 47 4008 ,1

1197 2188 1371 2224 deberent
1387 2200 1394 2222 :
1418 2188 1512 2223 unde
1531 2187 1582 2222 illi
1600 2196 1644 2222 ex
1662 2186 1732 2222 alio
1748 2196 1879 2232 genere
1894 2186 1978 2231 quia
1995 2185 2062 2222 sibi
2083 2194 2260 2231 usurpare

1198 2249 1441 2285 sacerdotium
1460 2248 1539 2284 ausi
1559 2253 1658 2292 sunt,
1669 2254 1743 2283 tam
1759 2248 1940 2283 horrendo
1954 2253 1990 2282 et
2003 2247 2160 2282 mirabili
2175 2258 2259 2293 sup-

1197 2310 1305 2355 plicio
1323 2310 1524 2355 perierunt,
1540 2320 1611 2345 non
1627 2310 1670 2345 ad
1692 2309 1828 2351 Aaron,
1851 2309 1911 2353 qui
1928 2308 2004 2354 jam
2023 2318 2184 2343 summus
2204 2318 2261 2344 sa-

1201 2369 1329 2405 cerdos
1344 2375 1437 2413 erat,
1460 2371 1522 2405 sed
1539 2370 1584 2404 ad
1602 2370 1756 2405 Eleazar
1771 2370 1884 2404 voluit
1902 2369 2000 2414 loqui
2020 2369 2128 2411 Deus,
2147 2369 2209 2414 qui
2225 2369 2261 2404 ei

1201 2430 1396 2465 succedere
1427 2429 1595 2471 debebat,
1614 2434 1651 2464 et
1678 2429 1835 2465 seeundo
1856 2428 1931 2473 jam
1966 2429 2168 2464 sacerdotio
2184 2429 2263 2464 sun-

1202 2489 1367 2535 gebatur‚
1391 2494 1430 2523 ut
1447 2497 1490 2524 eo
1507 2489 1613 2524 modo
1650 2493 1785 2524 sortem
1815 2489 1957 2533 generis
1975 2489 2259 2532 commendaret,

1205 2561 1284 2594 quat
1300 2550 1336 2584 in
1356 2548 1647 2584 successionibus
1667 2549 1895 2584 sacerdotum
1913 2559 1993 2585 esse
2011 2549 2170 2585 deberet.
2188 2549 2260 2587 Sed

1203 2610 1415 2651 notandum,
1452 2619 1545 2644 novo
1575 2608 1682 2643 modo
1710 2609 1807 2644 dicta
1831 2609 2053 2644 sanctificata
2078 2619 2183 2654 poena
2200 2620 2262 2645 eo·-

1203 2679 1298 2711 rum,
1318 2680 1337 2703 a
1365 2668 1496 2713 quibus
1524 2668 1590 2704 hoe
1618 2674 1809 2714 peecatum
1844 2668 1963 2704 suerat
1996 2676 2258 2715 perpetratum,

1204 2731 1284 2775 quia
1306 2740 1371 2775 per
1391 2739 1453 2765 eos
1478 2728 1684 2775 exemplum
1705 2729 1827 2764 datum
1847 2734 1903 2764 est
1921 2730 2061 2765 caeteris
2081 2731 2262 2775 quomodo

1205 2792 1386 2826 timerent.
1407 2789 1772 2835 circumpositionem
1793 2795 1912 2826 autem
1932 2789 2036 2825 altari
2061 2801 2126 2826 cur
2148 2802 2191 2826 cx
2210 2792 2264 2827 cis

1205 2850 1283 2886 fieri
1299 2850 1422 2892 voluit,
1434 2849 1572 2885 addidit
1591 2850 1728 2890 diceus,
1749 2850 1920 2895 quoniam
1941 2850 2060 2886 oblata
2077 2857 2160 2886 sunt
2178 2857 2262 2886 ante

1204 2912 1318 2947 Deum
1338 2917 1374 2946 et
1390 2910 1627 2953 sanctificata,
1652 2910 1747 2946 sacta
1766 2916 1850 2946 sunt
1871 2911 1908 2946 iu
1936 2911 2078 2957 signum
2099 2912 2181 2947 filiis
2211 2913 2263 2947 Is-

1205 2973 1293 3008 rael.
1317 2971 1396 3008 Non
1415 2981 1502 3018 ergo
1524 2972 1560 3007 in
1575 2971 1628 3007 eis
1654 2964 1841 3017 reprobari
1878 2971 2007 3013 voluit,
2035 2973 2130 3018 quod
2147 2983 2166 3007 a
2185 2972 2265 3007 tali-

1204 3037 1271 3073 bus
1287 3035 1407 3071 oblata
1423 3040 1520 3076 sunt,
1543 3035 1606 3070 sed
1635 3035 1705 3070 hoc
1730 3035 1850 3080 potius
1883 3035 2034 3082 cogitari
2068 3041 2104 3070 et
2128 3036 2262 3070 attendi

1206 3102 1289 3133 ante
1308 3107 1415 3142 quem
1433 3096 1554 3133 oblata
1590 3101 1687 3139 sunt,
1713 3096 1748 3132 id
1766 3103 1833 3139 cst,
1854 3096 1937 3141 quia
1957 3102 2042 3132 ante
2056 3096 2261 3137 Dominum,

1205 3158 1347 3204 utplus
1374 3159 1409 3194 in
1446 3158 1499 3194 eis
1523 3158 1662 3194 valeret
1697 3167 1830 3193 nomen
1865 3156 2023 3198 Domini,
2040 3161 2124 3191 ante
2156 3165 2263 3199 quem

1206 3219 1326 3256 oblata
1342 3224 1441 3263 sunt,
1458 3229 1566 3266 quam
1591 3219 1787 3265 pessimum
1806 3216 1975 3251 meritum
2002 3225 2127 3250 eorum
2144 3224 2163 3248 a
2184 3214 2265 3258 qui-

1207 3281 1274 3317 bus
1287 3281 1405 3317 oblata
1426 3287 1523 3317 sunt.
1540 3279 1615 3315 Hoc
1633 3283 1753 3316 autem
1762 3276 1837 3321 iam
1855 3280 1892 3311 et
1907 3275 1944 3310 in
1963 3274 2087 3310 Exodo
2105 3284 2262 3310 comme-

1207 3349 1415 3380 moraverat
1433 3342 1636 3387 Scriptura,
1653 3338 1795 3384 quando
1817 3336 1930 3371 altare
1948 3334 2162 3370 fabricatum
2182 3344 2263 3371 esse

1207 3405 1307 3440 dicit.
1333 3403 1433 3440 Unde
1455 3401 1666 3446 intelligitur
1687 3407 1818 3445 genera
1840 3405 1961 3431 rerum
1989 3401 2172 3441 gestarum
2189 3396 2263 3431 dis-

1206 3465 1340 3501 tributa
1355 3473 1434 3499 esse
1450 3471 1513 3508 per
1532 3461 1657 3501 libros,
1680 3468 1751 3493 non
1779 3462 1982 3501 temporum
2007 3455 2098 3492 ordo
2114 3462 2258 3492 contex-

1208 3530 1278 3560 tus.
1296 3523 1444 3570 Mystice
1464 3525 1585 3556 autem
1605 3518 1724 3554 Chore
1739 3516 1891 3562 figuram
1922 3521 2020 3552 tenet
2053 3526 2177 3553 eorum
2197 3515 2261 3561 qui

1209 3589 1335 3620 contra
1364 3579 1647 3617 ecclesiasticam
1668 3577 1776 3613 fidem
1804 3582 1842 3612 et
1876 3576 2078 3612 doctrinam
2097 3575 2262 3612 veritatis

1209 3645 1412 3689 insurgunt.
1436 3639 1617 3685 Scriptum
1639 3648 1725 3686 ergo
1740 3638 1784 3674 dc
1801 3636 1922 3674 Chore
1941 3643 1978 3673 et
1990 3637 2034 3674 de
2054 3642 2150 3674 coetu
2167 3637 2261 3683 ejus,

1209 3703 1304 3751 quod
1330 3702 1366 3737 in
1384 3700 1519 3737 batillis
1540 3698 1644 3735 aereis
1666 3699 1853 3735 incensum
1872 3697 2044 3734 obtulerit
2066 3697 2159 3745 ignis
2175 3697 2263 3734 alie-

1208 3764 1259 3799 ni.
1279 3761 1431 3798 Jubetur
1445 3770 1464 3796 a
1482 3759 1556 3798 Dco
1587 3759 1680 3807 ignis
1706 3758 1853 3806 quidem
1887 3757 2028 3795 alienus
2047 3757 2206 3806 dispergi
2226 3764 2264 3795 et

1209 3823 1356 3861 effundi.

1893 3881 1946 3921 22
