2540 4016
48 57 49 65 a

54 119 67 147 ‘2

47 187 65 197 „

47 180 137 283 t&

45 420 143 465 m
150 416 292 456 civium
310 418 366 454 ad·
378 426 485 453 usum
499 421 638 452 nostum
652 415 937 452 amirei-sationis
955 416 1115 461 trahere,

49 488 203 528 mque
223 481 321 526 ipsos
345 478 394 514 ad
417 478 642 514 incrementa
666 478 840 514 virtutum
862 478 969 515 bonis
989 478 1118 515 studiis

0 551 3 560 >
41 540 298 583 Efflannnaret
318 539 418 584 Quia
435 540 532 576 enim
556 539 641 576 illuc-
659 549 852 577 ascensnra
875 544 981 577 tanta
999 540 1117 576 credi-

43 607 127 641 tur·
141 600 334 639 mutuus·
350 600 537 636 hominum
549 626 567 643 ,-
579 605 714 646 quanta
733 600 1122 637 multitudo·remansit

51 659 297 708 §angela-amr
316 664 499 705 superest,
524 663 569 694 ut
590 659 659 705 ipsi
683 669 826 706 quoque
851 660 1032 703 homines,
1057 659 1124 705 qui

123 719 313 761 coeiestem
326 719 483 766 patriam
503 719 681 763 redeunt,
695 728 741 755 ex
760 719 812 755 eis
831 719 1036 766 agminibus
1051 718 1120 754 ali-

0 801 6 809 ·
50 782 150 831 apid
178 781 263 818 illuc
277 786 504 818 revertentes
532 781 730 817 imitentur.
752 781 939 817 Distinctae
965 789 1122 825 namque

51 846 357 885 imvm-sationes
375 846 566 882 hominum·
579 844 803 892 singulorum
822 844 1006 890 agminum
1021 843 1122 878 ordi-

52 907 177 944 unibus:
188 912 405 954 congruunt,
423 912 460 942 et
486 907 530 942 in-
542 916 666 942 eorum
685 910 819 942 sortem
843 914 909 951 per
927 914 1121 940 conversa—

53 969 179 1005 ttionis
191 969 409 1014 deputantur
427 967 711 1004 similitudinem.
733 966 823 1001 Pars
841 969 960 1000 autem
980 964 1124 1000 Domini

54 1027 270 1074 ›spiritualis-
288 1027 426 1070 Jacob,
449 1038 462 1060 c
489 1031 529 1062 eu
542 1025 721 1061 sunimuus
741 1023 963 1060 haereditatis
985 1023 1075 1069 ejus.
1107 1035 1120 1057 »

51 1087 312 1130 limetverus,
330 1086 492 1122 Ecclesia
506 1085 675 1122 videlicet
694 1084 887 1128 catholica,
909 1084 952 1121 de
971 1095 1040 1131 qua
1058 1095 1124 1131 per

0 1138 5 1147 '¹
52 1150 302 1188 lpsalmistam»
329 1148 460 1185 dicitur
488 1160 496 1180 ι
536 1159 548 1180 ι
578 1146 699 1183 Funes
729 1147 936 1183 ceciderunt
964 1146 1053 1182 mihi
1087 1147 1124 1182 in

51 1210 247 1261 ipraeclaris
269 1219 279 1245 ι
301 1208 435 1245 etenim
456 1207 648 1244 haereditas
667 1217 748 1244 mea
768 1207 942 1254 praeclara
961 1212 1018 1242 est
1035 1207 1125 1243 mihi

0 1293 3 1300 ·
53 1272 182 1322 «amat.
201 1272 278 1319 xv).
302 1283 315 1306 ›
337 1271 408 1307 Per
438 1269 545 1306 funes
577 1269 766 1315 Scriptura
798 1278 901 1305 sacra
932 1268 1125 1314 aliquando

52 1333 328 1372 dimensionum
358 1335 497 1374 sortes,
524 1329 716 1375 aliquando
739 1334 902 1374 peccata,
933 1328 1127 1373 aliquando

54 1400 187 1432 mutem
208 1394 316 1430 fidem
340 1392 530 1438 designare
548 1389 747 1426 consuevit.
771 1389 863 1424 Nam
884 1393 1030 1434 propter
1053 1388 1126 1423 hac-

54 1456 260 1493 meditarias
276 1453 540 1490 dimensionum
556 1456 686 1494 sortes,
709 1450 841 1486 dicitur
858 1459 867 1485 ε
894 1462 906 1484 ‹
925 1449 1046 1486 Funes
1064 1458 1125 1485 ce-

54 1517 234 1554 *ciderunt
252 1515 342 1550 mihi
363 1513 398 1549 in
424 1511 613 1558 praeclaris
633 1522 640 1546 :
670 1510 803 1547 etenim
828 1510 1021 1546 haereditas
1046 1518 1130 1545 mea

66 1576 244 1625 praeclara
268 1581 325 1611 est
350 1573 453 1609 mihi.
479 1585 491 1607 ›
515 1570 636 1608 Funes
656 1571 788 1618 quippe
807 1571 845 1606 in
865 1570 1048 1617 praeclaris
1068 1579 1128 1605 ca-

67 1637 156 1675 dant
177 1635 262 1672 dum
288 1644 359 1680 per·
376 1632 616 1670 humilitatem
639 1632 741 1675 vitae,
764 1636 881 1668 sortes
909 1641 975 1667 nos
1002 1630 1129 1676 patriae

67 1696 229 1734 melioris
255 1694 451 1741 excipiunt.
480 1693 638 1730 Rursum
666 1693 750 1739 quia
783 1692 867 1728 sune
899 1696 1048 1737 peccata
1080 1690 1131 1726 si-

0 1783 2 1787 >
67 1762 235 1805 guantur,
262 1766 329 1803 per
352 1755 565 1800 prophetam
585 1754 717 1790 dicitur
738 1766 746 1790 :
773 1765 785 1786 ι
818 1753 889 1797 Vae,
909 1752 968 1798 qui
988 1751 1131 1788 trahitis

69 1818 248 1855 vanitates
267 1818 305 1853 in
324 1811 495 1853 funiculis
518 1816 719 1862 iniqnitatis
737 1815 826 1863 (Isa.
847 1814 898 1862 v).
921 1828 934 1850 ›
957 1814 1132 1860 Iniquitas

69 1893 226 1928 namque
264 1883 302 1918 in
335 1881 506 1918 funiculis
539 1882 709 1918 vanitatis
742 1881 917 1925 trahitur,
950 1881 1034 1916 ditm
1066 1888 1132 1926 per

70 1940 303 1989 augmentum
324 1942 427 1988 culpa
447 1941 656 1989 protelatur.
684 1941 785 1978 Unde
809 1952 873 1987 per
899 1940 1131 1977 Psalmistam

71 2005 227 2041 dicitur:
250 2017 263 2037 ‹
285 2003 406 2040 Funes
423 2009 656 2049 peccatorum
671 2002 905 2048 circumplexi
925 2006 1010 2037 sunt
1023 2010 1093 2036 me.
1115 2013 1127 2034 ι

0 2090 4 2097 .
71 2063 281 2108 Quiaenim
303 2063 401 2098 siinis
419 2063 584 2098 addendo
606 2066 795 2106 torquetur
814 2067 853 2097 ut
881 2065 1038 2103 crescat,
1060 2070 1131 2096 non

561 212 831 258 meanto
853 217 1006 257 suri-:R
1030 214 1444 260 nsummmmuu.
1469 242 1519 251 -
1539 225 1629 261 ιιι
1650 226 1709 262 iv.

48 282 403 350 ffiffl'i'wum'
419 302 621 332 nnmerum
634 294 850 341 angelorum
862 294 941 330 Dei.
968 307 981 328 ι
1003 294 1118 331 Dehe—
1134 295 1173 335 Αι
1185 301 1312 334 cenna
1331 297 1520 334 haemtissos
1538 300 1653 343 am
1672 305 1921 345 mm
1943 314 2072 345 W&
2095 311 2224 359 sowi*
2239 330 2242 333 ’

49 362 208 413 me,
225 366 294 395 Μ,
310 356 449 402 aliquid
463 364 509 392 ex
531 354 605 390 iilis
627 353 921 390 distinctionibus
942 363 1116 399 superno-
1184 364 1250 392 tur*
1261 357 1336 394 aiia
1347 358 1581 404 comparatio.
1601 357 1734 395 esieut
1749 360 1879 405 9,ῌὶΙῶ
1897 371 2148 408 Ψωωὸὦΰ
2160 383 2240 410 ‘⁸⁸‘

2151 237 2226 275 9η

1189 427 1213 451 ‹-
1225 416 1374 453 landum·
1387 419 1506 464 pullos
1525 429 1624 463 suos,
1643 425 1681 456 et
1697 420 1729 455 si
1746 429 1813 465 per
1829 430 1898 458 eos-
1910 423 2084 470 volitansr
2093 436 2230 475 m„-

1189 487 1203 510 c
1226 476 1285 512 dit·
1300 477 1377 514 alas
1394 488 1492 523 suas,
1512 483 1553 515 eb
1573 480 1771 526 assumpsit
1788 488 1862 524 eos,
1888 487 1995 528 atque
2019 489 2244 530 pometum>

1194 547 1215 570 «z
1229 536 1395 572 humenis
1408 538 1495 574 suis.
1520 551 1536 572 ι
1556 538 1715 575 Narrant
1729 540 1866 586 physici
1885 542 1981 587 quod
1998 544 2133 589 aquila,
2151 556 2234 592 φη

1193 595 1239 631 ab
1256 596 1492 634 acumineest
1517 599 1702 635 oculorum
1730 599 1838 643 dicta,
1862 605 1934 636 tam
1963 603 2058 639 acuti
2083 604 2239 644 intuitus-

1189 657 1250 698 sit,
1267 661 1308 692 ut
1323 665 1405 692 cum
1425 665 1533 702 super
1549 659 1664 694 maria
1680 658 1853 695 immobili
1869 671 1991 707 penna
2003 662 2155 708 seratur,
2168 675 2240 702 nee-

1190 715 1236 752 ab
1254 715 1424 753 humanis
1442 712 1623 755 obtutibus
1641 719 1818 763 videatur,
1835 720 1879 757 de
1900 726 1999 758 tanta
2017 722 2236 762 sublimitate

1189 776 1384 823 pisciculos
1403 783 1528 815 natare
1545 780 1587 815 int
1599 790 1691 826 aqua
1710 781 1847 825 videat,
1872 787 1910 819 et
1930 785 2100 821 tormenti
2123 786 2237 823 instar

1191 837 1414 875 descendens
1432 845 1572 885 raptam
1598 842 1754 887 praedam
1767 869 1777 885 ,
1804 843 1935 889 pennis·
1952 844 1998 880 ad
2026 844 2126 883 littus
2154 856 2239 893 per-

1191 899 1324 934 trahat.
1354 899 1444 935 Nam
1460 905 1496 936 ct
1513 906 1638 937 contra
1657 902 1795 938 radium
1812 903 1910 946 solis,
1931 903 2048 941 fertur
2061 906 2237 943 obtutum

1193 969 1297 996 suum
1314 960 1468 998 flectere.
1497 962 1597 998 Unde
1621 968 1658 998 et
1678 963 1793 1008 pullos
1809 973 1894 1000 snos
1910 973 2028 1011 ungue
2047 975 2240 1013 suspensos

1193 1021 1305 1056 radiis
1321 1021 1408 1057 solis
1425 1021 1561 1066 objicit,
1577 1027 1614 1058 et
1629 1032 1718 1067 quos
1735 1023 1865 1059 viderit
1881 1025 2100 1062 immobilem
2116 1032 2238 1064 tenere

1195 1081 1324 1123 aciem,
1344 1087 1385 1117 ut
1400 1081 1527 1128 dignos
1543 1091 1673 1128 genere
1691 1090 1893 1119 conservat.
1912 1084 1951 1121 Si
1967 1095 2058 1131 quos
2073 1096 2160 1123 vero
2178 1089 2252 1124 ob·-

1196 1147 1313 1177 tutum
1339 1141 1523 1187 inflectere
1544 1142 1658 1185 videt,
1678 1143 1780 1188 quasi
1805 1144 1998 1190 degeneres
2026 1146 2160 1192 abjicit.
2184 1147 2245 1184 Di-

1142 1193 1179 1233 B
1194 1207 1326 1238 cuntur
1345 1207 1381 1237 et
1407 1202 1534 1247 aquilae
1558 1201 1674 1247 pullos
1701 1211 1798 1246 suos,
1829 1212 1910 1239 cum
1938 1203 2060 1240 vident
2086 1205 2124 1242 in
2151 1206 2244 1243 nidis

1192 1262 1430 1309 plumescere,
1462 1262 1528 1298 alis
1549 1268 1752 1308 percutere,
1777 1269 1813 1299 et
1841 1264 1886 1300 ad
1903 1264 2094 1301 volandum
2112 1276 2174 1303 eos
2201 1267 2245 1303 de

1192 1325 1278 1360 nido
1296 1333 1506 1370 provocare.
1525 1323 1717 1359 Nidificant
1731 1328 1850 1360 autem
1869 1324 1905 1359 in
1923 1326 2036 1370 petris
2054 1330 2092 1361 et
2107 1327 2246 1363 arbori-

1192 1384 1262 1420 bus
1291 1384 1328 1419 in
1357 1391 1511 1429 quarum
1541 1383 1624 1419 nido
1651 1383 1742 1429 lapis
1768 1384 1883 1420 aetites
1911 1383 2105 1428 invenitur,
2136 1395 2242 1431 quem

1195 1447 1304 1492 aliqui
1332 1452 1551 1483 vocaverunt
1580 1452 1742 1493 gagatem
1767 1459 1774 1482 :
1796 1448 1857 1493 qui
1877 1448 1922 1483 ad
1948 1448 2059 1484 multa
2085 1450 2245 1485 remedia

1195 1507 1293 1543 utilis
1312 1513 1386 1550 est,
1406 1507 1496 1543 nihil
1517 1507 1598 1553 igne
1615 1508 1826 1552 deperdens.
1846 1506 2003 1543 Narrant
2025 1514 2145 1546 autem
2163 1510 2247 1546 inde

1196 1574 1335 1604 natura:
1364 1568 1610 1614 inquisitores,
1639 1568 1734 1614 quod
1766 1568 1893 1614 aquilae
1919 1579 1990 1605 non
2017 1574 2091 1605 tam
2115 1571 2249 1606 obeant

1197 1631 1298 1666 senio
1326 1639 1435 1675 quam
1463 1629 1578 1672 fame,
1610 1629 1647 1664 in
1680 1635 1817 1665 tautum
1848 1630 2031 1676 superiore
2064 1638 2252 1668 crescente·

1198 1696 1327 1733 rostro,
1356 1694 1396 1726 ut
1427 1690 1613 1726 aduncitas
1646 1690 1778 1735 aperiri
1809 1699 1880 1725 non
1913 1694 2032 1736 queat.
2064 1690 2135 1727 Sed
2166 1702 2249 1728 cum

1198 1751 1280 1788 inde
1297 1751 1428 1787 viderit
1454 1751 1520 1787 sibi
1547 1750 1745 1796 periculum
1773 1750 1972 1792 imminere,
2000 1752 2165 1787 obtundit
2191 1763 2249 1788 ro-

1199 1818 1314 1849 strum
1332 1813 1367 1848 in
1381 1817 1484 1858 petra
1501 1811 1704 1855 durissima,
1725 1811 1838 1848 donec
1853 1811 1981 1847 iterum
2001 1813 2037 1847 in
2056 1812 2247 1857 pristinum

1199 1883 1303 1909 usum
1318 1878 1541 1908 revertatur:
1563 1878 1599 1908 et
1617 1871 1700 1908 inde
1715 1872 1866 1918 mystico
1881 1881 2044 1908 sermone
2058 1872 2093 1908 in
2107 1872 2250 1910 Psalmo

1200 1933 1375 1979 scriptum
1392 1937 1449 1968 est
1472 1933 1610 1968 dicente
1634 1933 1809 1978 propheta
1831 1935 1875 1968 ad
1895 1933 2050 1969 animam
2072 1933 2212 1970 fidelem
2238 1945 2249 1969 τ

1205 2006 1217 2027 ι
1238 1993 1481 2029 Renovabitur
1497 1993 1589 2029 sicut
1605 1993 1732 2038 aquilae
1743 1992 1911 2037 juventus
1927 2000 1986 2028 tua
2002 1993 2115 2038 (Psal.
2134 1993 2212 2039 cn).
2233 2007 2246 2028 ι

1202 2055 1272 2091 Per
1293 2055 1421 2101 aquilae
1446 2054 1718 2090 similitudinem
1737 2055 1931 2090 secundum
1952 2054 2110 2089 litteram
2127 2060 2249 2090 osten-

72 2124 255 2162 immerito
287 2128 474 2170 peccatum
501 2122 586 2159 sune
619 2123 807 2169 figuratur,
838 2123 933 2168 quod
961 2130 1133 2167 perverso
1152 2100 1182 2143 C
1202 2115 1314 2158 ditur,
1333 2115 1428 2161 quod
1451 2114 1624 2150 Dominus
1641 2114 1812 2160 populum
1831 2123 1934 2149 suum
1957 2114 2183 2158 provocando
2208 2115 2252 2149 ad

73 2185 182 2222 eorde
199 2193 304 2229 saepe
322 2183 407 2219 dum
427 2183 644 2226 defenditur,
674 2182 944 2228 multiplicatur.
975 2182 1134 2218 Rursum

74 2243 160 2279 fune
178 2243 266 2279 fides
283 2243 511 2289 exprimitur,
538 2242 731 2278 Salomone
748 2248 956 2286 attestante,
978 2243 1040 2288 qui
1059 2243 1107 2278 ait
1123 2253 1132 2285 ;

79 2313 93 2337 ι
115 2303 311 2340 Funiculus
338 2303 471 2348 triplex
498 2302 642 2339 difficile
674 2303 853 2348 rumpitur
883 2302 996 2349 (Eccl.
1023 2302 1087 2349 iv).
1118 2316 1131 2337 »

76 2363 168 2409 Quia
186 2363 355 2400 videlicet
374 2363 478 2407 fides,
497 2373 576 2409 quae
596 2363 639 2399 de
655 2362 860 2410 cognitione
879 2362 1068 2398 Trinitatis
1091 2363 1136 2399 ab

76 2436 141 2464 ore
167 2426 443 2474 praedicantium
465 2426 611 2469 texitur,
645 2425 748 2461 fortis
778 2425 815 2460 in
846 2425 970 2462 electis
995 2419 1137 2471 perina-

77 2499 182 2532 nens,
198 2488 236 2524 in
257 2487 333 2524 solo
351 2487 586 2534 reproborum
604 2486 712 2522 corde
730 2485 939 2532 dissipatur.
964 2497 976 2518 ε
998 2485 1136 2521 Invenit

82 2561 96 2584 ι
117 2559 200 2587 eum
225 2550 261 2585 in
286 2555 383 2586 terra
411 2549 572 2591 deserta,
606 2548 643 2583 in
663 2548 744 2583 loco
772 2547 934 2582 horroris
964 2552 1001 2581 ct
1027 2551 1137 2583 vastae

81 2620 97 2644 ο
119 2610 334 2647 solitudinis.
356 2607 604 2644 circumduxit
622 2617 703 2643 enm
724 2612 761 2642 et
775 2607 908 2650 docuit,
929 2611 965 2642 et
981 2607 1137 2644 custodi-

83 2682 96 2703 ι
123 2670 175 2705 vit
205 2669 308 2715 qnasi
336 2667 509 2714 pupillam
537 2666 632 2703 oculi
664 2666 732 2702 sui.
760 2679 772 2700 ι
800 2665 939 2702 Invenit
964 2666 1137 2704 Dominus

77 2729 190 2767 lsrael
211 2729 254 2782 in
282 2729 362 2765 loco
390 2727 554 2764 horroris
585 2732 623 2763 et
646 2731 757 2763 vastae
787 2726 1004 2771 solitudinis,
1033 2733 1071 2763 et
1101 2727 1136 2764 in

80 2794 203 2826 monte
218 2787 305 2824 Sina
319 2789 434 2835 legem
450 2788 554 2831 dans,
573 2792 718 2834 pactum
737 2796 819 2824 eum
835 2797 877 2823 co
896 2787 989 2831 iniit,
1006 2798 1137 2823 manna

80 2850 127 2888 de
143 2850 234 2887 ooelo
260 2849 332 2886 illis
356 2850 502 2893 tribuit,
527 2854 563 2884 et
585 2858 717 2895 aquam
747 2849 791 2884 de
822 2854 923 2894 petra
946 2849 1136 2895 produxit,

82 2911 314 2949 coturnicum
337 2920 466 2947 carnes
493 2909 591 2946 dedit
615 2914 651 2945 et
677 2909 714 2945 in
743 2908 869 2945 eadem
896 2919 1030 2953 eremo,
1052 2919 1140 2956 qua-

83 2972 251 3018 draginta
271 2971 376 3008 annis
393 2980 455 3007 eos
475 2969 791 3013 circumducendo,
819 2974 998 3015 praecepta
1020 2969 1140 3005 docuit

83 3042 164 3071 sua.
195 3032 276 3069 Sed'
296 3032 396 3068 illud>
418 3031 547 3078 quaerit
575 3030 717 3074 merito,
750 3031 930 3076 quomodo
959 3030 1047 3066 dicit
1077 3040 1140 3067 eos

82 3093 290 3141 peotexisse
307 3092 590 3139 sicut-pupillam
612 3091 706 3128 oculi
723 3091 792 3134 sui,
814 3101 897 3128 cum
914 3090 1060 3138 plurirni
1080 3101 1141 3127 eo·

76 3161 168 3192 um
184 3153 359 3201 prostrati
377 3158 463 3190 sunt
479 3153 516 3189 in
534 3152 751 3189 solitudine?
770 3150 848 3188 Nisi
869 3151 963 3187 forte
980 3151 1141 3187 dicamus

77 3224 153 3253 -eos
181 3215 316 3253 tandiu!
342 3219 525 3262 protectos
562 3224 605 3251 ac
640 3213 839 3251 custoditos
872 3222 952 3250 esse
983 3213 1141 3259 quandiu

80 3275 512 3314 ·mundatu·servavemnt
528 3274 606 3312 Dei.
620 3274 710 3311 Cum
725 3279 846 3310 autem
864 3283 908 3310 ea
924 3272 1142 3319 transgressi

66 3320 174 3374 bnt
190 3336 313 3373 statim
338 3336 457 3383 plagis
478 3335 678 3382 percussit,
702 3339 811 3381 atque
830 3334 875 3370 ab
902 3333 1057 3370 inimicis
1077 3332 1140 3368 dc-

79 3397 231 3436 ἰωή·
244 3402 341 3434 sum.
365 3397 515 3445 Mystice
532 3403 652 3434 antem
674 3396 847 3433 Dominus
861 3395 968 3431 lsrael
989 3394 1027 3430 in
1048 3399 1142 3430 terra

91 3457 240 3494 «ἰοῦσι-ιιι
261 3457 425 3502 invenit,
457 3468 540 3495 eum
568 3457 768 3494 Ecclesiam
796 3456 841 3492 de
867 3454 991 3491 mundi
1020 3463 1142 3491 errore

46 3533 49 3535 ·
81 3515 203 3562 ,mnt‚·
223 3517 288 3555 ffl
314 3519 446 3555 horror
473 3517 697 3561 idololatriae,
725 3521 767 3552 et·
789 3514 886 3551 nulla
916 3512 1052 3549 mentio
1078 3512 1142 3548 Dei

68 3568 445 3616 „immundum
461 3588 549 3626 engo
570 3573 975 3616 Eoelesinmbmniuus,
997 3580 1079 3608 cum
1104 3572 1142 3607 in

71 3638 284 3680 m
296 3639 431 3678 nuum·
450 3638 618 3687 panibus
638 3646 728 3676 eam
747 3635 949 3678 dilatando,
980 3633 1017 3670 in
1046 3632 1142 3669 viam

79 3698 522 3740 ssiam-‘mmm
547 3701 692 3747 dii-igit,
708 3705 755 3736 eu
769 3709 836 3745 per
863 3697 1036 3744 Spirimm
1061 3705 1142 3732 san-

52 3795 53 3799 ,
94 3759 580 3799 mwlmimu
610 3760 864 3802 etri-dicans,
897 3757 1031 3804 ubique
1063 3765 1142 3792 eam

46 3752 599 3872 “numqui-ph
616 3801 1140 3868 wfflwffioengnatur,

1203 2182 1335 2212 terram
1355 2175 1523 2212 Chanaan
1548 2174 1652 2210 bellis
1676 2173 1940 2219 possidendam,
1958 2172 2069 2219 juvit3
2096 2179 2132 2209 et
2156 2174 2254 2219 adju-

1202 2238 1331 2281 vando,
1366 2237 1411 2282 ab
1442 2236 1598 2272 inimicis
1627 2236 1794 2281 protexit.
1826 2234 2030 2270 Secundum
2062 2235 2251 2280 mysticum

1204 2308 1289 2333 vero
1310 2307 1453 2332 sensum
1468 2324 1478 2339 ,
1500 2295 1618 2341 aquila
1639 2296 1715 2331 haec
1740 2295 1931 2330 Dominum
1960 2294 2177 2329 Salvatorem
2201 2295 2253 2329 si-

1203 2359 1361 2406 gnificat,
1386 2358 1447 2403 qui
1467 2357 1595 2402 aquilae
1612 2356 1881 2392 similitudinem
1899 2355 1934 2389 in
1957 2363 1998 2389 eo
2020 2359 2136 2396 tenet,
2158 2355 2252 2399 quod

1203 2420 1361 2466 praedam
1380 2418 1425 2453 ab
1441 2419 1544 2453 hoste
1562 2406 1718 2461 maligno
1738 2421 1852 2451 morte
1870 2424 1933 2450 sua
1952 2414 2095 2459 cripuit,
2117 2419 2153 2449 et
2172 2420 2254 2460 post

1205 2477 1507 2514 resurrectionem
1525 2486 1626 2511 suam
1644 2483 1803 2517 carnem,
1823 2483 1930 2519 quam
1947 2482 2012 2518 pro
2030 2473 2173 2508 humani
2193 2483 2252 2518 ge-

1204 2540 1302 2576 neris
1320 2538 1567 2584 redemptione
1588 2537 1766 2582 suscepit,
1788 2536 1832 2571 ad
1865 2535 1935 2570 alta
1966 2534 2136 2570 coelorum
2166 2543 2251 2579 pro-

1205 2603 1302 2639 vexit
1326 2614 1335 2637 :
1357 2611 1421 2637 nos
1450 2600 1555 2636 dictis
1585 2605 1690 2645 atque
1710 2597 1882 2643 exemplis
1898 2597 2107 2639 exhortans,
2128 2601 2254 2641 quate-

1205 2675 1273 2700 nus
1291 2663 1374 2699 illuc
1396 2670 1590 2707 sequamur
1609 2659 1677 2694 fide
1696 2658 1955 2703 tendamusque
1973 2657 2172 2698 devotione,
2191 2656 2252 2691 ubi

1206 2726 1282 2771 ipse
1301 2721 1461 2759 ascendit
1478 2721 1515 2756 in
1536 2730 1698 2767 corpore.
1720 2719 1821 2755 Unde
1841 2724 1876 2754 et
1900 2719 1935 2754 in
1956 2717 2150 2764 Evangelio
2171 2718 2221 2752 ait
2242 2729 2251 2752 ι

1211 2797 1223 2818 α
1248 2783 1314 2820 Ubi
1343 2783 1452 2818 fuerit
1467 2791 1611 2827 corpus,
1642 2779 1727 2815 illuc
1744 2779 2056 2825 congregabuntur
2073 2783 2108 2814 et
2129 2778 2254 2823 aquila}

1209 2844 1307 2891 (Luc.
1329 2842 1432 2889 xvn).
1457 2854 1469 2876 ι
1500 2841 1579 2877 Alia
1606 2840 1716 2876 etiam
1742 2839 1926 2885 exempla,
1956 2849 2034 2884 qum
2064 2838 2107 2873 dc
2137 2838 2254 2883 aquila

1209 2905 1377 2947 diximus,
1397 2907 1548 2949 possunt
1567 2901 1734 2937 similiter
1749 2900 1794 2935 ad
1812 2900 1926 2946 ipsum
1945 2898 2040 2934 etad
2055 2897 2145 2932 [ilios
2163 2898 2253 2943 cius,

1210 2965 1410 3013 figuraliter
1424 2962 1622 2999 transferri.
1643 2961 1731 2996 Nam
1751 2961 1842 2996 sicut
1860 2958 1975 3005 aquila
1994 2957 2087 2994 acuti
2108 2956 2256 2992 intuitus

1209 3031 1279 3070 est,
1296 3026 1346 3061 ita
1367 3030 1407 3060 ut
1425 3033 1533 3070 super
1552 3022 1667 3058 maria
1686 3020 1859 3057 immobili
1880 3028 1997 3064 penna
2018 3017 2171 3060 sublata,
2189 3026 2255 3053 nec

1211 3086 1378 3125 humanis
1398 3094 1574 3131 apparens
1591 3083 1796 3129 aspectibus
1812 3079 2002 3127 pisciculos
2021 3078 2067 3115 de
2087 3083 2182 3113 tanta
2199 3088 2255 3113 su-

1210 3149 1387 3185 blimitate
1403 3151 1570 3183 natantes
1582 3144 1708 3181 videns
1730 3143 1767 3178 in
1784 3141 1922 3187 pelago,
1942 3137 2131 3184 praedando
2162 3136 2254 3182 rapit

1210 3216 1248 3246 et
1272 3209 1318 3245 ad
1342 3208 1443 3245 littus
1463 3205 1659 3254 pertrahit;
1690 3203 1742 3239 sic
1765 3200 1982 3243 Redemptor
2007 3202 2130 3232 noster
2145 3204 2254 3241 super

1210 3280 1337 3308 omnes
1362 3270 1474 3306 coelos
1497 3267 1695 3306 exaltatus,
1723 3266 1759 3296 et
1785 3260 1830 3295 ab
1857 3256 2023 3295 humanis
2050 3254 2253 3302 aspectibus

1210 3331 1448 3378 corporaliter
1467 3327 1639 3366 sublatus,
1661 3322 1696 3357 in
1711 3320 1836 3366 pelago
1854 3323 1973 3354 tamen
1993 3316 2096 3352 istius
2112 3314 2252 3360 mundi.

1208 3390 1412 3438 ,maiestatis
1440 3396 1513 3423 suae
1530 3383 1660 3420 intuitu
1679 3380 1776 3416 videt
1793 3387 1883 3424 quos
1898 3387 1964 3423 per
1980 3376 2137 3423 praedam
2157 3375 2252 3412 salu-

1210 3453 1352 3489 tiferam
1377 3452 1495 3487 eruat,
1523 3449 1631 3489 atque
1659 3441 1705 3477 ad
1731 3441 1833 3476 littus
1848 3444 1992 3475 aetcmae
2007 3437 2249 3481 beatitudinls,

1209 3505 1416 3547 amoris-*sui
1434 3504 1519 3539 fune
1535 3500 1706 3538 attrahat.
1728 3498 1882 3535 Unde-et
1898 3497 1975 3543 ipse
1999 3496 2045 3533 ia
2058 3494 2251 3541 Evangelio

1209 3569 1285 3605 nit:
1310 3564 1474 3610 «Emesa
1502 3562 1533 3598 si
1551 3559 1729 3597 exaltatus
1752 3557 1854 3594 suero
1881 3566 1903 3592 a
1924 3561 2032 3599 tem,
2058 3553 2176 3590 omnin
2203 3552 2250 3591 ad

1209 3627 1397 3674 meipsum
1414 3623 1556 3660 traham
1569 3619 1691 3668 (Joan.
1708 3618 1789 3665 ιιι).
1809 3629 1822 3652 ι
1843 3615 1966 3653 Pano·
1978 3624 2076 3657 mos,
2093 3613 2163 3650 hoc
2177 3619 2249 3657 est,

1208 3689 1301 3727 filios
1330 3695 1396 3733 per
1422 3682 1573 3730 gratiam
1603 3677 1828 3725 baptismatis
1853 3675 1922 3712 sibi
1952 3679 2114 3716 renatos,
2138 3671 2251 3709 radiis

1210 3751 1294 3789 solis
1324 3746 1448 3785 aitemi
1474 3753 1540 3791 per
1568 3739 1906 3787 contemplationem
1921 3734 2066 3782 obiicit,
2095 3738 2138 3775 οι
2156 3742 2248 3780 «μοι

1210 3811 1339 3851 viderit
1363 3810 1586 3846 constantem
1606 3800 1778 3840 intuendo
1803 3797 1934 3836 babere
1961 3795 2076 3834 aciem
2101 3794 2248 3839 mutis,
