2540 4016
256 259 276 269 ,,
316 220 408 259 1005

313 296 374 343 qui
414 295 530 340 legem
566 303 640 330 non
678 284 798 330 facitis
822 294 944 349 (Joan
961 293 1013 342 v).
1030 307 1048 329 o
1093 283 1164 329 nic
1187 297 1244 329 εει
1269 285 1374 329 iesus
1391 295 1428 336 Α

313 356 372 393 cui
387 358 455 412 ‘per
469 349 620 410 Moysen
639 346 799 391 dicitur·
823 366 835 388 ι
854 354 1076 400 Prophetam
1094 345 1200 391 vobis
1218 353 1373 390 suscita-

313 417 365 453 bit
389 416 563 452 Dominus
586 416 684 452 Deus
718 419 866 451 vester:
885 420 1060 462 tanquam
1076 425 1149 460 me,
1171 415 1293 462 ipsum
1309 426 1374 451 au

260 505 262 508 .
313 468 433 513 dietis.
463 475 588 512 Omnis
615 475 735 511 anima
765 485 846 530 quse
869 485 942 512 non
975 476 1131 513 audierit
1156 476 1374 529 prophetam

315 538 444 582 illum,
475 530 779 573 exterminabitur
809 529 854 573 de
884 528 1001 583 plebe,
1028 543 1099 574 ete.
1145 537 1191 575 Et
1210 547 1297 574 ecce
1316 547 1374 573 me

312 597 421 633 vultis
434 589 612 639 occidere,
633 597 694 642 qui
713 597 828 644 legem
848 607 918 633 non
939 596 1060 634 facitis
1076 589 1196 646 (Dent.
1214 597 1333 646 xvm).
1356 610 1370 632 ι

311 654 351 693 ln
378 654 447 693 is'to
476 656 557 693 loco
586 656 735 693 dimissa
762 661 818 693 est
846 656 920 702 lex,
947 659 1104 694 dimissae
1133 664 1216 695 sunt
1244 668 1375 695 manus

314 712 441 766 Moysi,
466 709 618 754 'invaluit
642 711 880 754 incredulitas
894 717 1118 763 Judaeorum‚
1138 719 1252 756 vincit
1269 719 1375 755 Ama-

314 780 382 824 lec,
417 781 486 816 hoe
515 785 572 816 est
602 778 781 823 diabolus,
814 772 876 826 qui
908 780 996 816 vicit
1032 780 1189 825 Judaeos,
1229 780 1374 827 quando

315 841 499 879 Christum
534 839 818 884 erucifixerunt,
853 846 890 876 et
918 850 990 876 non
1027 835 1260 877 crediderunt
1291 851 1375 877 cum

315 902 418 949 signa
444 901 628 944 viderunt,
657 900 742 947 quia
768 901 906 937 dictum
931 905 1010 937 erat
1040 903 1085 937 de
1114 901 1184 937 illis
1216 901 1255 937 in
1281 901 1373 948 lege.

318 976 331 998 ι
362 960 538 999 videbitis
562 962 676 999 vitam
703 966 862 999 vestram
896 961 1113 1008 pendentem
1143 962 1181 997 in
1203 961 1316 1008 ligno,
1340 965 1378 997 et

315 1035 387 1060 non
407 1024 561 1061 credetis
589 1024 622 1059 ei
661 1021 778 1071 (Deut.
811 1023 956 1070 xxvin).
986 1037 998 1058 t
1029 1023 1203 1060 Cessante
1220 1033 1377 1069 namque

316 1085 411 1133 apud
441 1085 521 1121 illos
546 1085 624 1132 lege
651 1089 687 1120 et
711 1084 881 1130 operibus
915 1084 1028 1130 legis,
1063 1085 1125 1130 qui
1158 1085 1242 1119 dum
1275 1093 1378 1120 suam

313 1150 493 1198 justitiam
521 1153 687 1195 quaerunt
719 1153 889 1192 statuere,
917 1146 1068 1192 justitiae
1094 1147 1159 1183 Dei
1193 1157 1265 1182 non
1294 1151 1379 1182 sunt

316 1211 492 1258 subjecti;
522 1211 687 1246 demissae
716 1214 800 1245 sunt
832 1220 960 1245 manus
980 1209 1108 1255 Moysi,
1139 1208 1292 1244 invaluit
1322 1208 1374 1243 in-
1392 1206 1426 1245 B

314 1272 524 1314 credulitas,
543 1271 700 1305 vincitur
713 1269 879 1316 populus.
899 1269 971 1304 Sed
985 1274 1020 1305 et
1034 1269 1171 1311 Nadab,
1194 1275 1230 1304 et
1240 1269 1373 1311 Abiud,

314 1338 350 1368 et
369 1332 522 1367 Eleazar
556 1336 591 1365 et
619 1329 782 1365 Ithamar
806 1329 1060 1374 relinquuntur
1095 1328 1132 1363 in
1153 1328 1304 1370 castris,
1338 1333 1380 1362 ut

312 1393 478 1438 judicent
496 1391 679 1438 populum.
709 1390 980 1435 Derelinquitur
999 1390 1109 1426 etiam
1127 1394 1163 1424 et
1179 1389 1319 1432 sethi-o,
1339 1394 1380 1425 ut

310 1454 448 1501 judicet
481 1458 517 1488 et
545 1452 621 1498 ipsc
641 1451 811 1497 populum
837 1461 919 1486 eum
954 1451 1021 1486 eis.
1065 1449 1171 1486 ιῐεειιε
1190 1460 1277 1486 vero
1306 1460 1379 1486 non

314 1515 590 1561 derelinquitur,
623 1514 686 1549 sed
703 1514 868 1560 sequitur
883 1513 1030 1559 Moysen
1047 1513 1081 1548 in
1104 1517 1277 1548 montem.
1309 1512 1379 1548 Ubi

314 1576 468 1623 adjectio
494 1581 550 1612 est
566 1576 667 1611 verbi
686 1574 889 1610 mirabilis:
911 1586 923 1608 ‹
946 1573 1025 1610 Non
1046 1574 1129 1609 veni
1160 1574 1275 1620 legem
1309 1573 1380 1608 sol-

313 1649 422 1681 vere,
458 1637 521 1673 sed
555 1636 754 1682 adimplere
781 1635 926 1683 (ΜαιῑΙι.
949 1635 1000 1682 v).
1025 1649 1037 1670 ›
1095 1635 1202 1672 Jesus
1234 1640 1380 1671 secutus

314 1700 474 1747 Moysen,
503 1709 585 1735 cum
614 1686 740 1745 legem
761 1698 971 1744 adimplevit
996 1698 1032 1734 in
1058 1709 1101 1734 eo
1119 1699 1215 1744 quod
1246 1699 1380 1734 dicitur

313 1759 398 1806 quia
419 1759 611 1795 assistebat
630 1759 755 1804 Moysi.
780 1758 968 1802 Quomodo
997 1759 1215 1795 assistebat?
1244 1759 1321 1794 Non
1340 1764 1381 1795 ut

313 1821 513 1863 secundus,
533 1830 605 1856 non
625 1826 665 1855 ut
684 1819 847 1864 interior,
876 1821 939 1856 sed
958 1825 999 1855 ut
1019 1819 1164 1865 adjutor
1191 1826 1227 1856 et
1255 1825 1379 1866 prote-

314 1893 415 1929 gens.
449 1881 520 1918 Sed
538 1888 574 1918 et
594 1882 681 1918 illud
704 1883 810 1928 quale
830 1887 899 1925 est,
920 1883 1015 1928 quod
1033 1893 1115 1918 cum
1135 1883 1295 1928 primum
1314 1893 1381 1917 no-

315 1945 471 1981 minatus
492 1950 548 1981 est
565 1942 683 1987 Jesus,
706 1949 784 1980 non
797 1949 860 1980 'est
886 1944 1089 1981 indicatum
1116 1948 1246 1980 nomen
1267 1944 1380 1991 patris

315 2006 404 2051 eJus‚
434 2015 550 2051 neque
575 2005 612 2040 in
641 2001 814 2048 secundo,
830 2008 952 2050 neque
975 2005 1013 2040 in
1036 2005 1169 2048 tertio:
1192 2016 1274 2041 eum
1293 2009 1380 2042 vero

315 2073 420 2111 pater
437 2065 515 2110 eius
532 2065 739 2101 nominatur
757 2065 868 2109 Nave,
889 2070 976 2101 tunc
995 2066 1073 2111 ipse
1092 2075 1164 2101 non
1178 2065 1296 2109 Jcsu5‚
1317 2065 1380 2101 sed

315 2126 431 2162 Auses
462 2127 578 2162 dietus
612 2126 690 2161 est?
711 2124 836 2172 (Num.
859 2125 1070 2172 x111.)Inter
1101 2136 1164 2161 eos
1194 2125 1290 2160 enim
1318 2107 1429 2170 quiC
1458 2141 1483 2164 η
1507 2128 1518 2136 ”·

317 2186 565 2232 exploratores
580 2184 681 2220 missi
699 2190 796 2227 sunt,
815 2194 948 2220 nomen
967 2183 1044 2230 ejus
1059 2183 1175 2220 Auses
1194 2183 1378 2220 scribitur.

318 2246 389 2285 Sed
414 2247 579 2283 fortassis
608 2245 698 2281 mihi
725 2241 868 2281 videtur
892 2256 958 2291 pro
991 2245 1234 2291 exploratoris
1265 2242 1381 2280 officio

317 2320 386 2345 non
403 2302 519 2351 Jesus,
541 2308 604 2344 sed
621 2306 737 2343 Auses
758 2307 876 2343 dictus
889 2313 960 2350 est,
982 2313 1018 2343 et
1035 2306 1133 2342 Nave
1154 2306 1248 2341 silius
1266 2305 1382 2340 nomi-

318 2375 439 2405 natur.
470 2367 560 2404 Cum
582 2377 667 2403 vero
688 2367 782 2403 redit
806 2377 915 2414 opere
941 2367 1098 2414 expleto,
1122 2372 1158 2403 et
1177 2366 1382 2413 perterritis

317 2430 505 2473 omnibus,
535 2428 632 2465 solus
668 2428 832 2464 sublevat
866 2428 987 2474 lapsos
1021 2429 1384 2475 desperationemque

316 2491 438 2539 populi
460 2490 558 2528 solus
585 2490 705 2538 erigit,
730 2495 813 2527 tunc
847 2501 867 2526 a
885 2490 1007 2537 Moyse
1027 2490 1132 2526 Jesus
1158 2490 1381 2534 nominatur,

317 2563 384 2589 nec
425 2551 524 2588 Nave
564 2546 659 2587 iilius
700 2551 846 2595 dieitur,
875 2552 938 2588 sed
980 2551 1041 2587 ille
1082 2551 1128 2587 ad
1154 2561 1262 2597 quem
1296 2550 1383 2587 dicit

318 2612 478 2660 Moyses:
495 2625 506 2646 ‹
533 2613 634 2649 Educ
653 2613 854 2649 exercitum
874 2618 909 2649 et
925 2611 1076 2659 conflige
1095 2623 1177 2648 cum
1195 2612 1378 2648 Amalec.»

316 2673 405 2709 lllud
424 2674 519 2708 enim
538 2673 696 2716 intuens,
714 2674 1001 2720 magnitudinem
1017 2674 1096 2719 ejus
1112 2673 1380 2719 pervideamus.

318 2731 422 2778 Quod
453 2744 536 2769 eum
571 2734 927 2780 transfigurationem
962 2734 1084 2770 vultus
1118 2733 1230 2780 Moysi
1264 2734 1383 2769 omnis

318 2793 475 2830 filiorum
492 2793 602 2830 lsrael
618 2795 808 2831 hebetaret
827 2801 1007 2842 aspectus,
1028 2806 1095 2832 nec
1114 2796 1244 2841 aliquis
1261 2800 1383 2842 posset

318 2857 453 2894 intueri
479 2854 609 2891 faeiem
629 2855 749 2892 vultus
768 2855 860 2901 ejas,
881 2856 986 2894 Jesus
1013 2868 1086 2893 non
1108 2857 1227 2893 solum
1249 2857 1381 2893 faeiem

319 2923 526 2960 contuetur,
547 2927 677 2954 verum
710 2917 821 2954 etiam
842 2918 877 2953 in
899 2918 1134 2955 interioribus
1155 2918 1381 2954 tabernaculi

319 2978 577 3024 mysteriorum
601 2978 770 3014 conscius
795 2983 1018 3023 perseverat.
1054 2978 1132 3021 Quo
1162 2979 1272 3025 igitur
1291 2986 1380 3015 nutu

319 3040 398 3076 haec
425 3043 555 3074 cuneta
588 3038 838 3084 perspiciunt?
863 3038 998 3083 Nempe
1016 3048 1059 3074 eo
1085 3039 1182 3084 quod
1212 3040 1304 3075 liber
1320 3041 1380 3077 hie

319 3110 393 3135 non
413 3103 487 3134 tam
511 3103 614 3146 gesta
644 3097 708 3133 filii
727 3097 827 3133 Nave
850 3097 987 3133 indicet
1005 3109 1111 3144 quam
1132 3100 1274 3136 Domini
1293 3099 1380 3137 Jesu

263 3188 270 3205 4
319 3161 424 3197 nohis
443 3165 672 3197 sacramenta
692 3159 875 3206 depingat.
894 3160 975 3206 lpse
993 3161 1088 3197 enim
1109 3163 1170 3208 qui
1187 3169 1268 3208 post
1286 3174 1380 3199 mor-

321 3227 394 3257 tem
422 3216 557 3268 Moysis
580 3221 739 3267 suscepit
767 3221 973 3267 imperium‚
996 3221 1074 3268 ipse
1097 3227 1153 3258 est
1182 3224 1243 3270 qui
1273 3224 1380 3259 ducet

320 3282 522 3319 exereitum
551 3287 587 3318 et
613 3281 780 3330 confliget
816 3282 991 3319 adversus
1020 3282 1180 3320 Amalec.
1218 3284 1264 3319 Et
1282 3286 1379 3330 quod

320 3343 372 3380 ibi
392 3337 676 3380 adumbrabatur
695 3343 732 3380 in
751 3349 874 3380 moute
893 3345 1061 3382 manibus
1077 3345 1384 3391 extensishaffigit

322 3398 423 3439 cruci
443 3414 529 3448 suae,
553 3405 783 3452 triumphans
800 3405 1030 3453 principatus
1058 3412 1098 3443 et
1116 3411 1320 3453 potestates
1343 3407 1382 3441 in

321 3464 530 3510 semetipso.
550 3465 752 3503 Defunctus
768 3472 826 3503 est
838 3467 996 3516 Moyses,
1017 3467 1174 3506 cessavit
1188 3468 1288 3504 enim
1308 3468 1382 3512 lex,

320 3526 493 3582 quoniam
539 3539 552 3563 ι
588 3527 646 3564 lex
680 3534 718 3566 et
748 3531 939 3576 prophetas
982 3541 1099 3578 usque
1133 3531 1180 3568 ad
1209 3529 1385 3567 loannem

266 3617 273 3624 .
322 3580 474 3634 (Manli.
495 3599 556 3634 xi,
577 3588 658 3638 15).
690 3603 704 3626 ι
736 3589 796 3628 Vis
818 3597 941 3628 autem
962 3592 1008 3629 de
1037 3592 1240 3639 Sci-ipsuis
1258 3592 1384 3640 wofe-

323 3657 404 3684 ram
430 3648 651 3703 documenta
671 3650 768 3697 quod
794 3651 855 3688 lex
872 3644 1016 3700 Moyses
1031 3652 1265 3700 appellatur?
1287 3650 1384 3689 Audi

323 3707 411 3753 quid
436 3709 525 3747 dicit
556 3711 596 3748 in
618 3710 840 3758 Evangelio:
856 3724 876 3746 ι
896 3712 1038 3750 Habent
1068 3712 1215 3761 Moysen
1241 3718 1280 3751 ει
1296 3720 1385 3759 φω-

323 3767 453 3812 phetas
467 3796 479 3815 ,
511 3772 663 3810 audiant
683 3771 767 3814 illos
788 3771 892 3822 (Duc.
911 3773 1001 3823 xva),
1023 3788 1042 3810 -›
1093 3775 1241 3823 Moysen
1257 3775 1384 3821 m

327 3826 443 3875 legem
461 3831 665 3885 nominans.
682 3832 882 3873 Defunctus
897 3840 952 3873 est
965 3845 1054 3882 ergo
1069 3835 1210 3882 Moyses
1225 3832 1383 3872 famulus
1403 3884 1406 3886 -

1391 3928 1442 3940 „m

721 205 1131 260 B RABAN1MAYTR1
1154 209 1367 256 Arteman.
1393 202 1600 256 Motii‘m‘n
1628 202 1818 254 ornanti
1836 176 2011 254 ΡΛιιει.

1434 3653 1550 3700 7ἆεςὶε
1568 3652 1733 3689 ammi·
1744 3650 2026 3697 &adpositum
2048 3646 2394 3688 etnam-5·
2453 3687 2463 3694 ,

1435 3712 1643 3760 >Nusquam
1662 3721 1750 3760 eigo
1764 3711 1931 3749 ‘ascendit
1944 3712 2013 3759 qui
2032 3709 2129 3758 §qis
2145 3708 2314 3747 wera-
2341 3723 2369 3739 ω.

2450 158 2462 194 ⁴.

1442 291 1520 337 Dei,
1545 291 1714 329 defuncta
1735 289 1834 326 enim
1851 293 1908 326 est
1923 288 2034 330 lex,e
2013 283 2194 332 etlegalia
2209 289 2391 331 praecepta
2416 284 2430 331 j

1439 358 1594 392 cessant.
1612 344 1655 389 Si
1686 361 1774 398 ergo
1803 349 2012 387 consideres
2042 344 2242 383 Jerusalem
2265 345 2476 388 subveasam

1437 403 1552 452 altare
1584 407 1829 454 destructum,
1861 418 2043 455 nusquam
2075 404 2284 451 sacrificia,
2311 417 2455 454 nusqua

1438 486 1507 514 nec
1523 474 1664 513 hostias
1679 482 1747 508 nec
1763 471 1953 512 libamina,
1972 479 2152 515 nusquam
2170 467 2392 513 sacerdotes,
2411 478 2460 504 nu

1438 548 1548 586 quam
1581 535 1786 583 pontifices,
1820 542 2001 580 nusquam
2035 532 2241 568 ministeria
2268 531 2491 568 heritarum.

1439 596 1530 633 Cum
1559 597 1638 632 haec
1665 594 1787 632 omnIa
1813 591 1914 628 vides
1939 601 2098 635 cessare,
2117 591 2228 629 dicito
2249 591 2334 637 quia
2350 589 2495 638 Moyses

1440 658 1598 695 famulus
1614 657 1679 693 Dei
1702 656 1894 694 defunctus
1919 659 1986 691 est.
2010 653 2050 691 Si
2069 651 2206 691 videris
2232 653 2414 690 nemiuem
2441 657 2500 688 ter

1441 720 1480 756 in
1498 729 1594 755 anno
1623 718 1745 755 venire
1765 718 1811 754 ad
1831 721 2063 763 conspectum
2092 715 2250 759 Domini,
2276 724 2344 751 nec
2368 713 2501 752 offerre

1442 789 1593 816 munera
1629 779 1666 815 in
1703 777 1852 824 templo,
1882 787 1950 813 nec
1976 775 2146 824 jugulare
2178 776 2329 820 hostias,
2363 774 2474 823 pasch

1442 830 1510 878 nec
1529 850 1652 887 azyma
1673 841 1794 882 edere,
1814 849 1881 875 nee
1906 838 2038 874 offerre
2063 838 2258 884 primitias,
2278 847 2347 873 nec
2363 836 2459 883 prim

1441 903 1563 951 genita
1592 912 1810 938 conservare
1831 913 1838 936 :
1862 911 1944 937 cum
1961 901 2037 936 haec
2054 900 2179 936 omnia
2199 909 2272 935 non
2288 899 2389 935 vides
2407 898 2483 935 cele

1443 966 1556 1009 brari,
1576 964 1688 1001 dicito
1703 964 1788 1010 quia
1817 963 1957 1011 Moyses
1975 961 2131 998 santulus
2148 961 2294 997 Domini
2310 959 2503 997 defunctus

1445 1033 1512 1064 est.
1550 1026 1641 1063 Cum
1671 1036 1756 1062 vero
1786 1026 1919 1062 videris
1961 1024 2113 1061 introire
2141 1029 2271 1071 gentes
2303 1023 2350 1059 ad
2375 1021 2500 1065 fidem,

1445 1090 1620 1127 ecclesias
1647 1088 1794 1131 instrui,
1823 1087 1954 1122 altaria
1987 1097 2061 1123 non
2078 1095 2209 1122 cruore
2236 1084 2415 1131 pecudum
2447 1093 2504 1119 re-
2523 1119 2530 1130 ‚y

1447 1151 1586 1199 spergI,
1614 1151 1678 1188 sed
1701 1150 1861 1198 pretioso
1900 1149 2073 1195 sanguine
2103 1147 2239 1183 Christi
2271 1145 2500 1189 conservam3
2532 1160 2540 1194 g

1444 1225 1527 1250 cum
1551 1213 1684 1249 videris
1713 1212 1919 1248 sacerdotes
1960 1215 1997 1245 et
2031 1208 2162 1244 levitas
2188 1217 2261 1243 non
2293 1206 2505 1252 sanguinem
2527 1211 2540 1244 '!

1446 1280 1634 1310 taurorum
1663 1277 1700 1306 et
1728 1271 1928 1311 hircorum,
1955 1268 2019 1303 sed
2038 1266 2190 1302 verbum
2204 1265 2268 1300 Dei
2296 1275 2363 1310 per
2388 1264 2507 1302 sancti
2525 1273 2534 1304 .‘

1445 1335 1607 1381 Spiritus
1623 1333 1781 1379 gratiam
1810 1331 2076 1371 ministrantes,
2099 1333 2185 1363 tunc
2201 1327 2315 1363 dicito
2342 1327 2430 1373 quia
2444 1325 2466 1363 J
2477 1340 2479 1347 ’

1446 1406 1509 1432 sus
1536 1399 1620 1440 post
1645 1393 1792 1439 Moysen
1822 1390 1980 1436 suscepit
1997 1394 2036 1425 et
2056 1388 2213 1425 obtinuit
2237 1388 2504 1434 principatum:

1449 1455 1512 1491 sed
1531 1466 1604 1490 non
1622 1454 1681 1490 ille
1702 1452 1807 1488 Jesus
1823 1452 1920 1487 filius
1941 1450 2051 1492 Nave,
2070 1449 2175 1486 Jesus
2190 1449 2302 1484 Filius
2319 1449 2396 1484 Dei.
2413 1448 2497 1484 Gur·

1447 1516 1581 1552 videris
1595 1515 1679 1561 quia
1694 1514 1828 1561 pascha
1844 1519 2009 1549 nostrum
2022 1511 2229 1551 inundatus
2256 1515 2314 1546 est
2327 1509 2509 1553 Christus,

1449 1583 1485 1613 et
1511 1585 1637 1623 azyma
1657 1575 1799 1611 edimus
1820 1573 2041 1611 sinceritatis
2061 1576 2097 1608 ει
2112 1571 2296 1614 vermium
2317 1581 2396 1607 cun
2410 1570 2512 1606 vide-

1451 1638 1501 1674 ris
1520 1636 1662 1673 fruetus
1687 1636 1838 1681 justitiae
1868 1641 1976 1672 terrae
2003 1635 2108 1670 bonae
2125 1634 2163 1669 in
2193 1632 2355 1669 Ecclesia
2369 1630 2494 1679 trigesi

1450 1709 1544 1742 mos,
1557 1699 1814 1744 sexagesimos,
1833 1702 1871 1733 et
1883 1696 2114 1738 centesimos,
2128 1694 2245 1740 justas
2263 1693 2448 1739 coniuges,
2461 1692 2497 1728 vi

1450 1761 1554 1804 duas,
1574 1761 1733 1807 virgines
1749 1766 1786 1795 et
1801 1765 2000 1806 martyres;
2024 1767 2106 1793 cum
2122 1756 2256 1792 videris
2275 1753 2512 1800 multiplicari

1446 1833 1574 1859 semen
1594 1821 1703 1858 Israel
1723 1822 1760 1856 in
1786 1821 1843 1856 his
1870 1819 2021 1866 quinon
2047 1818 2082 1853 in
2117 1815 2366 1863 sanguinibus,
2394 1824 2503 1859 nequ·

1451 1894 1497 1920 ex
1515 1883 1700 1919 voluntate
1719 1882 1803 1926 viri,
1825 1891 1943 1927 neque
1961 1890 2006 1915 ex
2022 1879 2208 1914 voluntate
2231 1877 2365 1919 earnis,
2386 1876 2447 1911 sed
2466 1885 2511 1911 es

1451 1946 1527 1982 Deo
1544 1946 1622 1982 ‘nati
1643 1947 1749 1989 sunt3
1776 1949 1811 1980 et
1829 1949 1911 1980 culm
1928 1939 2065 1980 videris
2086 1940 2180 1976 lilios
2194 1940 2258 1975 Dei
2278 1940 2340 1986 qui
2357 1938 2515 1984 dispers

1452 2005 1570 2049 eran't,
1593 2005 1806 2052 congregari
1831 2006 1869 2040 in
1891 2014 2001 2040 unum
2022 2013 2102 2039 cum
2131 2013 2195 2038 sua
2222 2001 2421 2042 voluntate,
2448 1999 2494 2034 ba

1454 2192 1551 2227 tione
1583 2190 1722 2236 peccati
1743 2202 1750 2224 ε
1769 2199 1851 2225 cum
1883 2189 1962 2224 haec
1992 2187 2117 2223 omnia
2147 2186 2260 2228 vides,
2294 2185 2404 2222 dicito
2428 2185 2516 2231 qui

1452 2252 1594 2299 Moyses
1619 2251 1776 2287 famulus
1798 2251 1864 2285 Dei
1887 2249 2079 2285 defunctus
2109 2253 2179 2291 est,
2216 2252 2254 2283 et
2275 2245 2381 2282 Jesus
2398 2245 2514 2282 Filiu

1453 2311 1517 2347 Dei
1543 2311 1683 2347 obtinet
1702 2309 1960 2356 principatum.
1987 2307 2059 2344 Sed
2077 2308 2265 2344 videamus
2283 2306 2372 2352 vquid
2388 2305 2493 2342 Domi

1452 2381 1521 2407 nus
1540 2371 1672 2407 dixerit
1692 2370 1737 2406 ad
1754 2369 1897 2406 Jesum:
1919 2381 1931 2402 ι
1955 2368 2096 2415 Moyses
2124 2377 2253 2403 servus
2283 2375 2386 2401 meus
2421 2375 2481 2401 mo

1457 2444 1469 2465 ‹
1494 2437 1576 2466 tuus
1599 2436 1666 2466 est.
1691 2429 1819 2475 Surge,
1855 2435 1891 2465 et
1918 2429 2030 2464 transi
2051 2421 2245 2463 Jordanem
2274 2425 2398 2469 istum,
2418 2430 2459 2461 tu
2477 2430 2521 2460 c'···

1458 2504 1470 2526 t
1495 2491 1613 2528 omnis
1629 2491 1782 2538 populus
1810 2495 1926 2526 tecum
1942 2516 1952 2533 ‚
1981 2489 2018 2524 in
2050 2494 2184 2524 terram
2209 2496 2317 2532 quam
2335 2496 2403 2532 ego
2422 2485 2517 2522 dab

1459 2569 1471 2591 ι
1494 2555 1579 2591 filiis
1598 2554 1722 2591 lsrael.
1743 2554 1895 2590 Omnem
1916 2552 2034 2588 locum
2054 2558 2164 2597 quem
2182 2548 2381 2586 calcaverit
2406 2547 2496 2584 vesti

1458 2628 1470 2649 ι
1496 2615 1593 2662 gium
1618 2614 1720 2661 pedis
1754 2613 1892 2656 vestri,
1921 2612 2023 2648 vobis
2056 2611 2216 2654 tradam,
2247 2610 2345 2646 sicut
2375 2608 2472 2644 locut
2503 2622 2520 2637 :-

1459 2690 1469 2711 ι
1499 2687 1577 2713 sum
1597 2675 1724 2723 Moysi,
1752 2685 1775 2710 a
1796 2675 1939 2710 deserto
1962 2678 1999 2709 et
2017 2672 2156 2708 Libano
2174 2680 2289 2716 usque
2305 2670 2355 2706 ad
2382 2668 2504 2705 ssumeu

1459 2751 1470 2771 ι
1495 2747 1665 2783 magnum
1685 2735 1921 2781 Euphratem.
1942 2748 1954 2768 ›
1977 2733 2148 2779 Requiris
2163 2731 2319 2767 fortasse
2332 2729 2505 2775 quomod

1454 2800 1621 2835 minister
1642 2799 1754 2845 Moysi
1786 2797 1895 2833 fuerit
1924 2796 2035 2833 etiam
2055 2795 2230 2831 Dominus
2265 2798 2389 2828 noster
2410 2791 2506 2827 Jesu

1454 2860 1621 2897 Christus
1638 2860 1752 2896 Filius
1769 2859 1847 2895 Dei.
1882 2859 1974 2902 Quia
1999 2867 2082 2894 cum
2101 2856 2259 2893 venisset
2298 2867 2310 2887 ‹
2327 2853 2505 2900 plenitud-

1454 2927 1671 2967 temporum‚
1721 2921 1820 2957 misit
1847 2920 1942 2955 Deus
1966 2919 2099 2955 Filium
2131 2926 2257 2960 sumn,
2296 2915 2432 2951 sactum
2469 2925 2489 2950 e

1452 2983 1621 3026 muliere,
1661 2982 1795 3018 sactum
1815 2983 1881 3019 sub
1900 2982 1979 3027 lege
1998 2978 2092 3028 (Gal.
2108 2978 2175 3027 iv).
2196 2992 2209 3014 ι
2253 2977 2322 3014 Per
2337 2977 2479 3022 hocqu
2501 2994 2502 2997 =

1453 3044 1573 3080 faetus
1591 3049 1648 3080 est
1668 3045 1734 3080 sub
1755 3045 1848 3091 lege,
1871 3044 2038 3080 minister
2054 3042 2173 3090 Moysi
2192 3041 2308 3077 factus
2325 3046 2394 3076 esu
2418 3039 2499 3075 Dixi

1453 3113 1576 3143 autem
1593 3107 1689 3144 Deus
1707 3112 1749 3143 ut
1765 3112 1952 3143 transeant
1971 3106 2008 3142 in
2023 3111 2174 3148 ten-am,
2198 3114 2273 3140 non
2293 3112 2402 3149 quam
2414 3098 2497 3137 ded·

1452 3168 1611 3215 Moyses,
1634 3169 1695 3204 sed
1712 3178 1839 3213 quam,
1862 3167 1994 3213 inquit,
2007 3176 2081 3211 ego
2099 3166 2145 3202 do
2161 3166 2275 3202 velis.
2298 3163 2407 3199 Vides
2426 3169 2504 3206 eng-

1453 3231 1552 3274 quia,
1569 3230 1690 3275 Moyse
1704 3234 1863 3270 mortuo,
1874 3229 1976 3264 Deus
1991 3228 2056 3263 dat
2074 3231 2210 3262 tenum
2222 3221 2506 3269 munissiouii

1451 3289 1585 3334 populo
1610 3289 1723 3324 lsrael
1747 3299 1813 3333 per
1831 3288 1969 3323 lesum.
1991 3287 2110 3331 Quam
2135 3285 2293 3322 terrm?
2316 3284 2417 3319 ssiam
2435 3283 2505 3319 sin

1452 3349 1565 3386 dubi-o
1582 3349 1627 3385 de
1641 3358 1716 3394 qua
1730 3348 1822 3384 dicit
1835 3348 2026 3383 Dominus.
2058 3359 2070 3380 ‹
2091 3346 2191 3382 Beati
2215 3345 2408 3387 mansueti,
2426 3355 2467 3391 q
2481 3344 2489 3352 ⁰

1452 3409 1523 3455 ipsi
1559 3407 1773 3444 haeffliitate
1807 3407 2043 3453 possidebunt
2084 3408 2222 3442 ‘tenram
2254 3404 2399 3453 (Manu.
2419 3403 2470 3451 v).

1455 3469 1625 3512 omem,
1639 3468 1770 3514 inquit,
1786 3467 1906 3504 locum
1918 3476 2174 3514 {numaque
2188 3464 2430 3502 affluitis
2460 3478 2463 3483 ·
2488 3492 2494 3498 „

1457 3529 1578 3577 stigias
1591 3529 1728 3576 pedum
1750 3533 1969 3571 resmin,
1986 3527 2089 3563 vobis
2104 3527 2309 3564 moui-e
2323 3525 2412 3570 Q&

1453 3583 1634 3638 locaque&
1645 3589 1878 3627 escenfiius
1891 3588 2425 3636 vestigispod-noeumm,
2464 3616 2466 3618 .

1456 3771 1498 3810 Si
1525 3772 1688 3811 alim
1713 3769 2278 3820 κωφή-νωθῆ·

1457 3833 1505 3872 ab
1523 3832 1675 3874 historia
1702 3834 1748 3872 ad
1779 3833 2005 3874 intem
2029 3830 2277 3875 mre
2302 3828 2416 3870 celsio
2444 3828 2474 3856 .’
