2540 4016
116 206 154 236 t

218 179 244 203 ο

255 231 319 270 167

244 314 316 343 tum
348 302 390 337 de
424 292 655 344 hyacimltinis
1055 339 1063 346 ·
1147 337 1156 344 ·
1263 335 1271 343 ⁸

242 361 399 403 coelestis
427 364 482 395 est
510 353 640 392 coloris
662 364 669 386 :
691 349 792 397 pellis
824 353 910 381 vero
933 345 1065 377 mortui
1098 342 1294 373 ammanus

243 437 328 475 pars
347 429 384 460 et
401 420 569 458 indicium
587 420 653 451 est.
667 412 711 447 Et
726 408 809 455 quid
825 416 888 452 per
902 402 1012 450 pelles
1026 398 1293 446 hyacinthinas,

245 556 373 594 purum
411 539 547 578 cunctis
576 527 872 576 concupiscentiae
900 522 1059 560 carnalis
1092 518 1299 561 illecebris,

246 605 426 642 coelcstcm
445 592 707 644 quodammodo
725 590 759 624 in
776 586 885 622 terris
896 584 1008 620 vitam
1029 586 1173 628 gerunt,
1192 584 1300 624 atque

246 666 340 700 inter
357 660 517 698 homines
536 653 642 700 positi
662 648 859 695 angelicam
878 644 994 691 magis
1006 643 1201 690 puritatem
1221 639 1302 675 imi-

246 729 377 762 tantur,
390 725 423 754 ct
434 719 499 753 hoc
509 714 601 760 quod
613 718 773 757 tempore
783 708 911 743 suturae
922 703 1204 742 immortalitatis
1212 711 1301 736 cun-

246 785 314 819 ctis
344 778 566 828 promittitur
587 774 712 810 electis
749 771 811 817 qui
846 780 917 805 non
943 768 1082 804 nubant
1108 774 1223 810 neque
1243 762 1304 798 du-

247 851 330 881 cant
346 851 488 879 uxores,
507 837 565 873 sed
585 836 652 871 sint
669 831 818 879 oequates
839 828 972 875 anyelis
992 827 1058 863 Dei
1080 825 1181 872 (Luc.
1216 821 1279 868 xx)
1293 848 1303 864 ,

249 904 314 950 ipsi
331 901 446 937 adhuc
467 895 607 933 mortali
628 903 736 929 carne
755 889 882 926 retenti
903 885 1103 933 praevenire
1121 886 1302 927 satagunt.

251 963 352 1000 Unde
374 958 498 995 merito
519 963 589 991 tam
612 962 748 998 magnae
768 948 913 985 virtutis
931 952 1169 993 permagnum
1194 943 1307 976 restat

250 1023 457 1071 praemium,
488 1018 570 1064 quia
593 1018 786 1051 attestante
817 1010 1006 1056 propheta,
1030 1005 1114 1040 Hoec
1134 1003 1216 1038 dicit
1238 1001 1309 1035 Do-

200 1118 203 1121 .
252 1087 366 1120 minus
383 1081 564 1120 eunuchis,
581 1077 637 1124 qui
660 1072 896 1109 custodierunt
920 1067 1064 1103 sabbata
1080 1075 1172 1106 mea,
1193 1069 1223 1097 el
1242 1060 1304 1097 ele-

253 1151 373 1193 gerunt
394 1153 471 1189 quw
496 1151 556 1185 eqo
582 1136 672 1172 volui
691 1162 700 1177 ‚
739 1140 769 1168 et
809 1134 992 1166 tenuerunt
1027 1126 1138 1172 soeclus
1163 1130 1308 1158 meum:

254 1205 353 1242 Dabo
371 1204 418 1238 eis
440 1203 474 1236 in
490 1200 592 1234 domo
611 1207 685 1230 inea
703 1221 713 1237 ‚

258 1275 380 1301 nomen
396 1261 517 1296 inclina
537 1271 556 1293 α
574 1257 656 1303 filiis
673 1262 702 1290 ec
731 1252 870 1299 filiabus
884 1277 893 1294 ‚
922 1259 1046 1284 nomen
1066 1245 1310 1290 sempiternum

258 1327 347 1362 dabo
365 1325 411 1359 eis
429 1321 519 1369 quod
552 1330 619 1354 non
652 1314 830 1361 auferetur
849 1311 940 1359 (Isa.
964 1308 1052 1353 tvi).
1080 1306 1207 1341 Merito
1227 1312 1311 1349 crgo

259 1387 370 1434 pelles
403 1380 642 1430 hyacinthinae
674 1383 880 1421 supremum
919 1372 955 1406 in
975 1370 1081 1405 domo
1101 1366 1166 1402 Dei
1196 1365 1313 1399 locum

261 1450 403 1487 tenent;
432 1443 599 1485 colorque
636 1435 792 1473 coelcstis
825 1431 1026 1479 proximam
1059 1427 1152 1464 coelo
1193 1424 1314 1460 sedem

260 1507 407 1544 sortitus
423 1510 490 1543 cst,
513 1507 551 1536 ut
568 1499 667 1535 chori
687 1494 892 1542 virginales,
912 1497 948 1526 et
963 1489 1072 1525 animi
1092 1492 1126 1522 ct
1142 1483 1307 1530 corporis

265 1565 408 1612 speciali
428 1562 556 1598 vicinia
589 1567 718 1605 agnum
744 1553 930 1595 secuturi,
964 1556 1001 1586 et
1035 1549 1252 1595 hymnorum
1282 1542 1315 1579 ei

262 1628 386 1663 laudes
406 1623 634 1668 designentur
666 1628 746 1654 esse
776 1612 968 1651 cantaturi.
1004 1611 1100 1646 Bene
1131 1613 1252 1642 autem
1273 1605 1318 1641 de

267 1688 357 1724 velis
384 1685 603 1721 cortinarum
630 1690 672 1714 ac
701 1686 866 1723 sagorum
887 1674 1030 1713 dicitur,
1058 1669 1152 1716 quod
1170 1674 1206 1703 et
1232 1667 1262 1702 si
1283 1666 1320 1701 iu

267 1746 340 1783 alto
370 1744 497 1790 posita,
514 1741 558 1776 ad
587 1746 720 1774 terram
756 1742 875 1771 tamen
908 1731 1064 1768 demissa
1097 1727 1318 1774 penderent,

268 1804 432 1852 quamvis
452 1801 599 1837 cortinae
624 1804 849 1842 nequaquam
873 1792 918 1828 ad
939 1798 1073 1827 terram
1107 1797 1221 1834 usque
1240 1796 1323 1833 per-

269 1867 406 1911 tingere
423 1860 615 1908 potuerint.
633 1857 816 1893 Columna}
849 1862 992 1900 quoque
1029 1861 1071 1886 ac
1106 1848 1237 1884 tabulae
1269 1852 1325 1881 ta-

269 1923 467 1964 bernaculi,
485 1927 521 1956 et
540 1920 570 1956 si
596 1919 630 1954 in
652 1918 764 1952 altum
783 1919 887 1951 erant
915 1916 1059 1952 erectae,
1075 1910 1184 1944 bases
1203 1913 1325 1942 tamen

271 1986 307 2021 in
325 1984 453 2030 quibus
479 1986 615 2016 starent
634 1977 815 2013 habebant
837 1975 873 2008 in
893 1979 990 2008 terra
1006 1970 1156 2016 positas.
1176 1967 1222 2002 At
1239 1974 1325 2002 vero

273 2046 317 2081 de
349 2041 540 2079 rubricatis
566 2044 672 2083 atque
703 2033 947 2081 hyacinthinis
976 2030 1139 2077 pellibus,
1161 2027 1257 2074 quod
1289 2027 1326 2062 in

275 2103 347 2139 alto
365 2107 497 2137 tectum
528 2097 707 2143 operiant,
726 2094 869 2130 dicitur.
892 2091 993 2135 Quod
1011 2100 1098 2126 vero
1121 2089 1165 2123 ad
1194 2094 1328 2123 terram
1346 2070 1375 2111 C
1401 2086 1557 2124 nummis
1571 2084 1805 2132 compleatur,
1827 2083 1936 2120 statui
1966 2083 2094 2119 suturae
2112 2089 2244 2119 nostra:
2273 2083 2462 2122 beatitudi-

276 2166 397 2198 esscnt
415 2158 571 2197 deflexae,
601 2165 670 2190 non
698 2152 840 2188 additur
858 2163 866 2185 :
888 2150 971 2196 quia
1003 2148 1171 2184 nimirum
1191 2151 1332 2182 ccctcrae

279 2222 454 2257 virtutum
491 2216 626 2262 species
644 2222 834 2249 commune
864 2210 997 2255 aliquid
1018 2219 1100 2244 cum
1134 2207 1189 2243 his
1205 2206 1267 2252 qui
1295 2205 1333 2241 in

280 2287 375 2317 terra
409 2279 524 2314 adhuc
556 2276 770 2315 detinentur,
792 2271 925 2308 babere
944 2269 1121 2305 videntur.
1144 2267 1334 2303 Certamen

282 2349 370 2375 vero
388 2336 564 2382 martyrii,
582 2341 617 2369 ct
636 2334 743 2369 decus
758 2333 829 2367 Deo
845 2331 970 2367 dicatae
984 2328 1215 2374 virginitatis,
1231 2324 1335 2372 quasi

283 2398 329 2434 ab
349 2396 481 2431 intimis
498 2405 539 2429 ac
560 2393 711 2428 terrenis
733 2391 839 2426 relius
870 2398 1095 2434 suspensum,
1116 2392 1152 2422 ct
1171 2384 1336 2432 supernis

282 2455 420 2493 civibus
437 2452 643 2500 specialiter
660 2455 802 2486 constat
819 2460 899 2485 esse
914 2448 1157 2494 conjunctum.

669 2524 819 2560 CAPUT
846 2522 937 2559 XlV.

283 2590 336 2627 De
370 2587 496 2624 tabulis
519 2585 736 2622 tabernaculi
756 2591 787 2620 et
821 2584 988 2631 positione
1011 2594 1132 2619 earnm
1190 2582 1336 2618 vectium

607 2643 725 2667 ΟΟΠΗΠ
747 2637 778 2666 el
807 2630 1033 2666 annulorum.

333 2694 459 2730 Facies
478 2700 509 2728 et
533 2691 667 2726 tabulas
685 2698 813 2726 stantes
844 2689 1073 2731 tabernaculi,
1092 2690 1134 2724 de
1150 2689 1253 2736 liquis
1281 2699 1336 2725 se-

288 2754 394 2794 thim,
425 2763 501 2798 qua·
525 2749 670 2795 sinqulae
702 2749 808 2784 denos
829 2749 959 2783 cubitos
982 2749 1018 2783 in
1041 2748 1255 2794 longitudine
1275 2748 1339 2783 lta-

289 2812 404 2853 beant.
424 2817 454 2846 et
482 2810 517 2844 in
538 2808 722 2843 latitudine
754 2806 908 2851 sinqulos
939 2818 979 2841 ac
1009 2807 1196 2841 semissem.
1224 2806 1337 2852 Ligna

290 2871 420 2908 sethim
445 2871 489 2905 de
526 2868 655 2914 quibus
683 2865 950 2901 tabernaculum
981 2865 1086 2900 tiebat
1110 2865 1339 2910 imputribilis

291 2935 376 2965 sunt
395 2934 554 2969 naturae,
585 2926 707 2961 eximii
725 2925 892 2964 candoris
925 2934 967 2959 ac
998 2924 1177 2959 levitatis:
1206 2929 1243 2959 ct
1267 2934 1338 2960 uon

293 2988 444 3024 multum
466 2988 508 3022 de
525 2987 604 3021 alba
633 2985 748 3031 spina,
770 2985 838 3020 nisi
870 2990 987 3019 tamen
1010 2983 1266 3030 magnitudine,
1287 2984 1341 3019 di-

298 3047 442 3084 stantia.
461 3045 851 3090 Undeetllieronymus
869 3053 1120 3088 nonnunquam
1141 3043 1175 3077 in
1194 3043 1255 3078 lib.
1278 3043 1345 3078 lle-

293 3107 472 3142 bncorum
491 3104 742 3145 Nominuni‚et
761 3103 795 3138 in
814 3102 893 3138 aliis
910 3102 1093 3148 opusculis
1113 3101 1201 3143 suis,
1222 3102 1344 3136 sethim

296 3165 458 3201 absolute
476 3165 594 3210 spinas
615 3163 870 3207 interpretatus
901 3166 970 3196 est.
994 3159 1101 3196 Verbi
1122 3161 1250 3206 gratia,
1266 3159 1346 3196 abel

296 3225 438 3265 sethim.
451 3224 565 3259 luctus
584 3223 777 3269 spinarum.
793 3220 869 3256 Non
887 3226 1005 3256 autem
1031 3220 1135 3256 facile
1152 3221 1219 3256 hoc
1236 3230 1348 3267 genus

296 3285 381 3331 ligni
399 3284 469 3320 nisi
488 3283 525 3319 in
540 3282 693 3319 desertis
708 3280 865 3322 Arabiae,
884 3280 944 3316 ubi
975 3280 1245 3316 tabernaculum
1263 3280 1348 3316 aedi-

299 3345 487 3386 (icebatur,
506 3342 597 3379 solet
615 3341 784 3378 inveniri.
815 3340 918 3378 Unde
944 3339 1060 3376 Graeci
1079 3340 1134 3375 vet
1159 3340 1276 3376 Latini
1295 3341 1350 3376 in-

299 3409 489 3449 terpretes,
505 3411 635 3438 nomen
671 3401 704 3437 ei
734 3400 830 3437 atiud
849 3405 980 3447 praeter
998 3398 1185 3436 Hebraeum
1214 3409 1349 3446 ponere

302 3464 562 3508 nequiverunt:
579 3469 620 3501 ut
635 3469 734 3511 pote,
758 3461 860 3509 cuius
889 3463 983 3509 apud
1000 3472 1064 3500 eos
1097 3462 1224 3500 notitia
1248 3460 1349 3499 'nulla

303 3526 400 3564 erat,
426 3524 588 3568 quamvis
610 3523 756 3569 quidam
771 3522 981 3570 qualitatem
1016 3527 1155 3560 naturae
1179 3522 1257 3569 ejus
1285 3533 1351 3560 ex-

304 3581 460 3627 primere
475 3582 635 3619 volentes
651 3609 662 3627 ,
692 3582 788 3630 liqna
809 3582 1041 3630 imputribilia
1069 3583 1347 3621 transtulerunt.

307 3638 453 3678 'rabula
484 3649 570 3688 ergo
603 3640 823 3678 tabernaculi
840 3641 1023 3688 apostolos
1039 3651 1238 3690 eorumque
1267 3651 1351 3680 sne-

309 3706 483 3744 oemren,
495 3708 562 3746 per
575 3709 728 3752 quorum
744 3709 949 3738 sermonem
965 3701 1127 3740 Ecclesia
1141 3712 1209 3751 pei·
1220 3702 1348 3740 orben

310 3753 1348 3808 Quumuuwmimffltnm‚fl-

1298 3836 1338 3847 ⁸0.

666 216 708 252 B.
735 208 904 250 RABAM
930 180 1083 242 MAtJffl
1103 199 1320 239 Ancnfflp.
1349 196 1561 236 MOGUNT.
1586 195 1779 235 omnum
1803 194 1924 251 PARS
1946 194 1974 231 l.

683 288 839 337 pellibus.
875 279 1099 329 Hyacinthus
1134 283 1290 321 namque
1307 277 1344 317 A
1359 273 1486 310 latatio
1502 279 1560 310 est
1578 272 1661 309 fidei
1675 277 1714 309 et
1729 275 2057 311 sacramentorum,
2083 277 2164 315 quoe
2181 266 2285 314 prius
2302 265 2340 304 in
2354 277 2430 306 una

1360 333 1559 370 Israelitica
1583 332 1734 375 latebat,
1757 331 1821 368 sed
1847 332 1978 367 horum
2005 327 2208 366 ministerio
2236 327 2285 364 ad
2316 328 2432 366 totius

1362 393 1463 430 orbis
1481 393 1745 440 plenitudinem
1774 391 1942 439 pervenit
1959 402 1969 427 ε
1989 389 2155 438 quamvis
2182 394 2280 426 recte
2294 389 2333 426 in
2348 389 2433 454 ¹3²³·

244 487 314 524 nisi
345 485 459 519 vii-tus
483 476 693 524 exprimitur
730 469 871 505 illorum
908 463 968 509 qui
995 459 1224 497 mortificatis
1252 457 1297 494 ad
1364 452 1490 490 tudine
1510 453 1714 490 tabularum
1734 453 1812 499 ipsa
1833 462 1978 499 quoque
1998 451 2162 488 dilatatio
2198 450 2320 488 cordis
2350 459 2434 487 san-

1349 521 1508 552 'ctorum
1526 515 1623 552 valet
1635 514 1803 561 intelligi,
1819 524 1885 560 per
1911 523 2021 560 quam
2042 513 2218 549 mundum
2245 511 2435 575 despioege

753 1199 783 1228 et
805 1193 840 1226 in
860 1190 969 1225 muris
1002 1187 1087 1221 ineis
1122 1184 1257 1224 locmn,·
1278 1187 1309 1216 et
1330 1174 1361 1213 B
1381 1181 1426 1216 ab
1457 1179 1760 1216 delectationibus
1783 1187 1917 1214 exuere
1950 1178 2178 1219 studuerunt,
2196 1182 2374 1222 quatenus
2405 1178 2448 1214 ti-

2197 153 2239 190 ‘
2344 190 2427 231 m

1367 583 1476 623 atque
1506 577 1551 613 ad
1576 576 1778 622 appetenda
1810 574 1975 612 coelestia
2009 573 2126 611 solent
2146 573 2350 611 sublimiter
2374 573 2436 610 ae.—

1369 636 1501 678 cendi‚
1535 645 1600 681 per
1629 645 1738 681 quam
1763 644 1836 671 non
1865 634 1983 671 solum
2004 633 2142 670 amicos
2179 634 2217 669 in
2237 634 2338 678 Deo,
2372 633 2437 670 sed
2496 656 2499 658 >

1370 697 1479 733 etiam
1500 695 1669 731 inimicos
1686 694 1844 741 gaudent
1861 694 2011 741 diligere
2019 699 2167 740 propter
2178 693 2307 730 Deum.
2316 693 2439 740 Spinoe

1370 766 1456 793 vero
1475 755 1579 801 iuxta
1597 755 1780 801 eloquium
1800 754 1999 790 Salvatoris
2020 765 2118 790 curae
2139 761 2225 790 sunt
2244 753 2354 800 hujus
2370 765 2439 792 εω-

1373 813 1443 854 culi
1462 817 1598 853 divitiae
1617 823 1653 852 et
1667 816 1871 861 voluptates
1886 815 2035 852 fallaces
2051 826 2061 858 ;
2091 815 2156 851 sed
2171 820 2208 851 et
2224 816 2440 862 punctiones

1373 883 1604 925 peccatorum
1627 887 1698 912 non
1717 877 1913 923 incongrue
1931 875 2046 922 spinis
2068 874 2328 911 assimilantur.
2348 875 2441 913 Hinc

1375 939 1508 975 etenim
1519 938 1694 983 scriptum
1710 945 1779 979 est,
1794 936 1876 983 quia
1893 936 2003 981 spinoe
2021 941 2215 971 nascantur
2226 935 2264 971 in
2279 935 2441 977 manibus

1376 1000 1555 1036 temulenti
1574 998 1696 1046 (Pron.
1724 997 1824 1044 xxvi)
1844 1009 1852 1034 z
1875 997 1910 1032 id
1934 1001 2003 1039 est,
2027 1001 2177 1042 peecata
2210 995 2249 1033 in
2271 995 2444 1042 operibus

1378 1060 1492 1096 stulti.
1514 1059 1607 1102 Quia
1623 1069 1709 1105 ergo
1727 1057 1985 1104 praedicatores
2005 1057 2121 1092 sancti
2141 1062 2177 1093 et
2200 1067 2218 1092 a
2243 1056 2446 1102 punctioni-

1378 1120 1446 1155 bus
1460 1129 1498 1155 se
1515 1119 1685 1154 vitiorum
1702 1126 1918 1163 expurgare,
1935 1122 1972 1152 et
2003 1116 2174 1152 omnibus
2199 1116 2324 1153 mundi
2346 1116 2448 1154 curis

1380 1242 1467 1277 bera
1495 1247 1616 1275 mente
1638 1240 1673 1275 in
1693 1248 1816 1274 amore
1838 1238 1901 1274 Dei
1925 1243 1961 1274 et
1987 1238 2143 1284 proximi
2162 1238 2322 1282 dilatari,
2340 1243 2450 1284 atque
2511 1248 2528 1283 -J

1383 1302 1428 1337 ad
1442 1299 1709 1346 praedieandum
1728 1299 1878 1334 verbum
1900 1298 2006 1344 longe
2025 1298 2170 1344 lateque
2197 1304 2346 1345 possent
2372 1299 2449 1336 dis-

1383 1372 1543 1404 currere,
1556 1366 1653 1397 recte
1673 1361 1820 1403 dicitur,
1833 1360 1916 1406 quia
1931 1359 2093 1406 deligitis
2109 1361 2295 1406 spinarum
2316 1361 2450 1400 tabula)

1384 1427 1467 1459 sunt
1486 1421 1590 1458 sacta:
1610 1420 1847 1457 tabernaculi.
1860 1420 2061 1467 Longitudo
2072 1421 2278 1457 tabularum
2299 1421 2452 1458 altitudo
2513 1410 2522 1433 4

1385 1489 1455 1526 est,
1480 1493 1559 1528 quae
1576 1482 1700 1518 decem
1723 1481 1864 1517 cubitos
1891 1481 2072 1518 habebat:
2092 1480 2177 1527 quia
2194 1481 2312 1517 sancti
2331 1482 2455 1517 docto·
2516 1515 2525 1517 ,

1387 1553 1446 1579 res
1466 1552 1532 1588 per
1554 1541 1824 1577 obscrxantiam
1846 1540 2006 1586 decalogi
2026 1540 2115 1586 legis
2130 1541 2174 1575 ad
2193 1539 2455 1586 perfectionem

1387 1603 1558 1646 tendunt;
1582 1602 1666 1647 quia
1689 1612 1755 1648 pro
1785 1601 2018 1650 perceptione
2052 1601 2191 1637 denarii
2211 1600 2330 1637 diurni
2349 1600 2386 1636 in
2402 1600 2457 1636 vi·-

1388 1673 1456 1699 nea
1487 1662 1621 1699 Christi
1646 1662 1843 1705 laborant,
1877 1662 1911 1697 id
1937 1666 2005 1704 est,
2027 1660 2086 1696 illa
2123 1660 2324 1698 intentione
2344 1660 2456 1696 verbo

1390 1723 1563 1759 doctrina:
1580 1722 1763 1765 insistunt,
1789 1727 1829 1756 ut
1847 1721 2039 1767 imaginem
2061 1721 2098 1756 in
2122 1730 2161 1756 se
2183 1721 2238 1756 sui
2257 1719 2458 1757 conditoris

1391 1794 1434 1820 ac
1467 1784 1574 1830 regis,
1598 1793 1706 1828 quam
1745 1781 1860 1818 Adam
1887 1786 2059 1827 peccante
2084 1781 2348 1826 perdiderunt,
2377 1780 2459 1826 ipso

1393 1845 1551 1880 donante
1569 1847 1790 1885 restaurent;
1822 1847 1861 1877 ut
1889 1842 1967 1886 eJus
1986 1842 2081 1887 qnod
2113 1844 2296 1888 peccando
2327 1842 2459 1879 amise-

1393 1912 1488 1950 rant,
1506 1912 1604 1942 recte
1635 1905 1788 1942 vivendo
1826 1904 2015 1949 recipiant.
2040 1902 2140 1939 Solet
2166 1913 2320 1949 namque
2341 1903 2377 1939 in
2398 1903 2460 1938 de-

1394 1966 1498 2002 nario
1521 1967 1615 2013 regis
1646 1975 1777 2001 nomen
1799 1970 1834 2000 ct
1857 1964 1975 2010 imago
2005 1963 2197 1998 contineri.
2223 1962 2294 1999 Sed
2323 1968 2360 2001 et
2391 1963 2460 2003 hoc

1396 2024 1491 2072 quod
1527 2025 1698 2061 denarius
1717 2034 1762 2060 cx
1793 2034 1837 2059 co
1861 2033 1992 2059 nomen
2017 2023 2179 2069 accipit,
2217 2022 2301 2068 quia
2335 2023 2461 2061 decem

1402 2148 1458 2184 nis
1476 2153 1557 2193 apte
1573 2146 1753 2192 congruit,
1783 2155 1862 2192 qua:
1892 2145 1926 2180 in
1945 2155 2030 2180 vcra
2052 2144 2113 2180 Dei
2142 2150 2179 2180 et
2207 2144 2363 2191 proximi
2378 2144 2463 2181 dile-

1402 2209 1520 2246 ctione
1553 2206 1752 2254 pcrficitur.
1779 2205 1874 2240 Deus
1895 2215 2050 2250 namque
2069 2204 2160 2241 solet
2190 2204 2350 2241 ternario
2368 2213 2462 2250 saepe

1403 2279 1567 2310 numero,
1590 2273 1737 2315 propter
1753 2277 1833 2302 eam
1853 2276 1932 2312 qnoe
1958 2266 2034 2311 ipse
2063 2271 2118 2302 est
2137 2266 2346 2307 trinitatem,
2372 2264 2463 2312 sigu-

1403 2331 1476 2367 rari
1496 2340 1505 2365 ε
1525 2330 1632 2365 homo
1650 2327 1866 2375 septenario,
1884 2327 1968 2373 quia
1989 2337 2120 2374 corpus
2149 2336 2193 2362 cx
2210 2331 2367 2373 quatuor
2399 2335 2464 2361 no-

1404 2390 1554 2427 tissimis
1573 2389 1725 2425 habetur
1744 2388 1945 2424 elementis.
1965 2386 2105 2424 Animae
2130 2396 2232 2429 vero,
2249 2387 2318 2423 hoc
2335 2390 2389 2422 est
2409 2385 2464 2421 in·-

1406 2450 1550 2487 terioris
1569 2449 1725 2485 hominis
1745 2448 1959 2489 substantia,
1982 2446 2114 2492 triplici
2131 2445 2221 2482 solet
2246 2446 2282 2481 in
2306 2439 2467 2492 Scripffi-

1406 2509 1458 2546 ris
1476 2508 1646 2545 distantia
1676 2507 1946 2553 comprehendi.
1970 2505 2062 2542 Hinc
2081 2511 2137 2542 est
2156 2505 2254 2543 enim
2272 2505 2367 2552 quod
2384 2505 2468 2540 (ΙίΙί-
2521 2493 2527 2525 ¹.

1407 2581 1486 2617 yere
1502 2569 1614 2605 Deum
1632 2580 1675 2604 ex
1692 2575 1763 2603 toto
1780 2567 1896 2611 corde,
1917 2573 1989 2602 tota
2016 2567 2151 2610 anima,
2170 2573 2243 2603 tota
2264 2567 2390 2603 virtute
2407 2576 2468 2601 no·
2511 2595 2518 2598 .

1406 2637 1479 2666 stra
1501 2629 1726 2676 proecipimnr
1747 2627 1866 2675 (Dent.
1889 2627 1978 2673 xvi).
2008 2626 2106 2664 Bene
2120 2637 2207 2674 ergo
2223 2626 2367 2670 tabulae,
2388 2626 2468 2672 qui-
2511 2636 2516 2667 ζ

1404 2691 1472 2728 bus
1498 2690 1630 2727 crectis
1644 2699 1687 2725 ac
1703 2689 1883 2725 stantibus
1899 2687 2170 2725 tabernaculum
2183 2697 2290 2724 omne
2305 2687 2470 2724 contine·
2515 2703 2520 2705 Α

1406 2758 1480 2794 tur,
1499 2751 1623 2786 decem
1640 2749 1779 2786 cubitos
1794 2749 1931 2785 habent
1948 2748 2149 2784 altitudinis
2166 2759 2174 2783 :
2197 2747 2282 2795 quia
2300 2747 2470 2787 doctores
2512 2746 2526 2751 ‘⁴

1407 2819 1450 2845 ac
1472 2814 1631 2844 rectores
1650 2813 1784 2843 sanctae
1810 2807 1980 2843 Ecclesia)
2003 2807 2069 2843 hac
2098 2807 2300 2844 intentione
2319 2806 2393 2842 Deo
2407 2806 2470 2843 de·
2525 2803 2527 2805 ’

1408 2869 1584 2907 serviunt.
1596 2873 1637 2902 ut
1653 2867 1770 2914 ipsum
1785 2867 1905 2903 anima
1918 2873 1955 2902 et
1969 2877 2077 2904 carne
2088 2866 2311 2904 immortales
2321 2876 2362 2904 ac
2371 2865 2468 2903 beati

1410 2928 1447 2963 in
1463 2933 1638 2962 aeternum
1648 2926 1769 2962 videre
1782 2932 2001 2962 mercantur.
2017 2927 2118 2972 Quod
2136 2937 2224 2964 vero
2239 2927 2326 2972 ipsae
2338 2925 2468 2963 tabulae

1411 2987 1551 3022 cubitos
1573 2997 1615 3021 ac
1635 2986 1822 3022 semissem
1850 2987 1884 3022 in
1906 2987 2094 3023 latitudine
2117 2988 2319 3031 habebant,
2341 2987 2470 3034 plenus
2525 3003 2528 3007 ’

1412 3045 1471 3081 ille
1488 3045 1629 3081 cubitus
1647 3045 1905 3091 perfectionem
1920 3047 2022 3083 bonae
2032 3047 2469 3093 operationis,dimidium
2488 3071 2491 3075 -

1414 3107 1524 3144 cubiti
1551 3107 1644 3152 quod
1673 3112 1836 3152 superest
1866 3108 2131 3148 inchoationem
2160 3111 2291 3146 divinae
2311 3095 2472 3148 ostendit

1415 3166 1643 3213 cognitionis.
1666 3167 1776 3206 Deum
1810 3176 1896 3202 vero
1920 3167 2063 3204 interim
2100 3164 2170 3205 tide
2193 3147 2494 3218 cognoscimus,1

1419 3226 1483 3262 sed
1507 3225 1647 3272 plenam
1666 3225 1745 3270 ejus
1767 3226 2009 3271 cognitionem
2044 3227 2080 3263 in
2111 3228 2233 3265 futuro
2260 3237 2471 3278 speramus,
2494 3255 2500 3272 .

1417 3286 1559 3322 dicente
1578 3285 1656 3331 ipso
1674 3285 1748 3321 Deo
1767 3295 1810 3321 ac
1828 3285 1978 3322 Domino
1993 3293 2118 3322 nostro
2136 3286 2222 3325 Jesu
2241 3288 2387 3328 Christo
2404 3299 2414 3324 t
2430 3284 2473 3324 Si

1417 3344 1616 3380 manseritis
1643 3344 1679 3378 in
1699 3344 1802 3379 verbo
1816 3354 1906 3386 meo,
1925 3355 2002 3380 vere
2035 3345 2200 3394 discipuli
2225 3347 2294 3382 mei
2310 3347 2421 3392 eritis,
2437 3336 2479 3386 ef

1417 3402 1627 3450 coqnoscetis
1646 3402 1824 3438 veritatem
1844 3402 1965 3449 (Joan.
1995 3402 2090 3450 viu).
2112 3403 2180 3449 Qui
2200 3414 2326 3442 rursus
2344 3406 2389 3442 ad
2402 3405 2476 3443 Pa·-

1419 3467 1512 3499 trem
1533 3473 1542 3498 :
1564 3461 1651 3498 Hoec
1681 3467 1732 3498 est
1749 3467 1886 3504 amem,
1923 3461 2061 3508 inquit,
2100 3464 2171 3499 vita
2191 3470 2337 3510 oeterna,
2359 3470 2398 3503 ut
2423 3486 2444 3495 νη
2475 3482 2478 3485 ⁴

1420 3528 1587 3570 quoscum
1604 3527 1637 3558 te
1653 3521 1767 3558 solum
1791 3526 1825 3558 et
1857 3532 1975 3558 verum
1999 3522 2124 3567 Deum,
2153 3530 2186 3561 et
2219 3536 2322 3575 quem
2442 3541 2458 3553 ’-

1418 3581 1540 3619 Jewm
1559 3580 1750 3618 Christum.
1767 3579 1919 3618 Plenum
1947 3591 2033 3630 ergo
2058 3583 2144 3620 boni
2162 3585 2284 3631 operis
2319 3600 2395 3617 ν
2420 3602 2435 3610 ·=

1418 3641 1604 3680 habentia
1622 3641 1693 3679 liae
1706 3641 1782 3678 vita
1808 3640 1930 3678 electi.
1950 3641 2022 3680 sed
2048 3643 2208 3682 cubitum
2224 3645 2361 3689 beata*
2450 3641 2461 3651 ⁸

1416 3701 1581 3741 betium
1592 3710 1640 3740 cx
1660 3706 1766 3751 parte
1793 3701 1940 3746 hahent.
1958 3702 1998 3740 in
2014 3709 2188 3750 quantum

1415 3760 1600 3810 penem,
1617 3766 1656 3800 et
1680 3761 1992 3810 praetutiana-oui
2017 3762 2227 3803 eundum-to·
2246 3783 2249 3797 ·
2316 3767 2325 3777 ²
