2540 4016
323 169 386 206 571

737 159 777 194 Β.
804 155 971 193 RABANI
993 154 1140 191 MAURl
1165 152 1379 199 ARCHIEP.
1407 150 1614 189 MOGUNT.
1641 149 1834 187 OPERUM
1858 148 1978 185 PARS
2003 147 2031 183 l.

2397 149 2467 187 572

320 239 435 281 derit,
462 246 533 274 non
551 235 659 270 alium
678 232 768 268 ultra
793 238 953 274 quaerere
981 233 1096 264 curet.
1131 227 1234 264 Unde
1254 231 1290 262 et
1317 226 1355 261 in
1372 225 1408 265 A
1425 229 1543 260 turtur
1567 224 1772 269 solivagus,
1793 222 1960 259 columba
1980 225 2100 256 autem
2122 219 2297 266 gregatim
2323 230 2469 268 gemero

317 297 482 336 laudibus
500 293 668 331 Ecclesiae
688 290 843 335 loquitur
859 289 1059 324 Dominus:
1090 287 1253 322 Pulcarae
1272 291 1354 322 sunt

316 367 413 404 qenoe
431 361 500 390 tuce
515 353 602 388 sicut
629 349 790 390 turturis;
811 347 1018 382 etiterum:
1040 346 1130 381 Ecce
1150 351 1187 380 tu
1207 344 1353 391 pulchra

317 425 368 457 es,
387 413 499 449 amica
521 422 622 452 mea,
655 417 730 443 ecce
749 412 784 440 tu
806 405 953 451 pulchra
969 416 1028 448 es,
1049 404 1140 439 oculi
1157 403 1208 439 tui
1226 404 1355 438 colum-

318 474 439 509 barum
459 469 572 517 (Cavit.
591 467 642 514 1);
660 474 766 512 genas
780 465 910 510 quippe
925 469 964 499 ut
985 463 1134 499 turturis
1151 463 1260 498 habet
1276 463 1353 498 ani

317 542 377 568 ma
387 541 464 577 quae
474 531 517 565 ab
527 527 623 565 omni
636 524 866 571 impudicitiae
879 529 979 570 peste
993 529 1131 560 castam
1147 533 1185 559 se
1200 523 1355 559 custodit

317 596 354 627 et
369 590 580 629 immunem3
600 585 722 622 oculos
739 585 848 620 habet
868 583 1129 625 columbarum,
1150 593 1243 628 quae,
1268 581 1354 617 nulli

313 657 443 685 nocere
461 645 666 682 desiderans
682 671 691 687 ,
718 644 827 679 etiam
856 643 1019 678 inimicos
1051 642 1204 687 simplici
1233 651 1355 677 amore

313 710 515 743 contuetur.
549 704 619 740 Sed
636 709 671 739 et
687 708 838 747 utraque
861 701 938 737 avis
960 706 1160 737 memorata
1174 727 1182 742 ‚
1199 700 1282 745 quia
1297 708 1356 744 ge·

314 767 440 803 mitum
461 775 525 811 pro
544 768 649 800 cantu
663 763 770 798 edere
790 760 894 803 solet,
915 766 1124 796 sanctorum
1146 759 1182 794 in
1204 759 1276 794 hoc
1289 767 1354 793 sae-

315 827 396 863 culo
414 825 595 860 tristitiam
615 822 789 868 designat,
801 821 843 856 de
859 830 929 865 qua
948 819 1121 855 Dominus
1136 822 1357 853 memoratur

316 886 465 921 dicens:
490 883 596 919 Amen
623 893 723 917 amen
755 881 831 915 dico
861 879 978 921 vobis,
1005 878 1087 924 quia
1112 876 1294 923 plorabitis
1324 881 1357 911 et

314 945 439 990 flebitis
457 954 527 987 vos,
549 942 698 977 mundus
718 946 830 975 autem
849 938 1035 985 qaudebit,·
1052 948 1108 973 vos
1130 942 1246 971 autem
1274 946 1358 971 con-

314 1003 556 1045 tristabimini,
582 1002 640 1037 sed
665 1001 807 1036 tristitia
832 1004 943 1034 vestra
961 1002 1108 1032 vertetur
1125 997 1160 1031 in
1190 995 1357 1041 qaudium

315 1061 437 1109 (Joan.
459 1062 556 1107 xvt);
576 1066 611 1095 et
626 1070 748 1095 rursus
774 1071 781 1093 2
802 1058 901 1092 Beati
920 1056 1087 1102 luqentes‚
1107 1055 1270 1100 quoniam
1291 1053 1357 1099 ipsi

1422 284 1626 326 consuevit;
1639 289 1675 319 et
1690 284 1736 319 ob
1751 283 1786 318 id
1800 283 1870 317 ista
1883 285 2043 317 secretas
2057 279 2260 315 orationum
2274 279 2470 328 lacrymas,

1422 344 1482 380 illa
1509 344 1670 390 publicos
1687 342 1856 379 Ecclesiae
1886 344 2084 376 conventus
2103 339 2273 376 insinuat.
2294 340 2390 377 Bene
2405 351 2471 378 au-

1423 407 1493 438 tem
1521 412 1611 447 puer
1639 401 1743 437 Jesus
1769 399 1886 445 primo
1914 397 2186 434 circumciditur
2201 425 2211 443 ‚
2230 409 2272 436 ae
2291 399 2345 436 sic
2360 400 2474 437 inter-

1420 460 1548 505 positis
1567 460 1693 495 diebus
1713 456 1998 502 Hierosolymam
2017 466 2100 492 cum
2131 457 2251 493 hostia
2285 457 2445 494 defertur
2460 484 2472 501 ,

1422 519 1506 564 quia
1532 523 1567 553 et
1597 518 1673 562 ipse
1691 517 1766 563 jam
1790 515 1935 560 juvenis
1956 516 2056 561 prius
2082 526 2227 552 omnem
2253 517 2375 553 carnis
2393 527 2475 554 cor-

1422 578 1626 623 ruptionem
1659 576 1848 613 moriendo
1882 586 1925 612 ae
1967 578 2189 624 resurgendo
2223 578 2394 624 calcavit;
2431 589 2475 616 ac

1422 636 1550 672 deinde
1574 636 1797 681 interpositis
1829 636 1954 673 diebus
1971 647 2054 673 cum
2076 637 2154 683 ipsa
2175 648 2284 676 carne
2317 638 2392 685 jam
2411 639 2478 676 im-

1422 694 1590 738 mortali,
1626 705 1733 740 quam
1765 705 1832 741 pro
1859 701 1982 732 nostra
2010 696 2126 733 salute
2150 697 2308 734 hostiam
2333 698 2406 735 Deo
2423 697 2478 735 fe·-

1423 759 1537 797 cerat‚
1548 755 1592 790 ad
1608 755 1738 801 gaudia
1757 765 1923 801 supernae
1937 757 2095 793 civitatis
2112 759 2287 795 ascendit.
2303 759 2349 795 Et
2366 770 2476 796 unus-

1423 815 1574 861 quisque
1605 821 1770 852 nostrum
1799 817 1899 862 prius
1931 828 2025 863 aqua
2060 819 2230 864 baptismi
2265 830 2286 855 a
2317 821 2477 867 peccatis

1423 875 1616 919 omnibus,
1641 876 1746 921 quasi
1776 887 1863 912 vera
1894 877 2168 914 circumcisione
2201 885 2403 924 purgatur,
2434 891 2478 917 ac

1424 935 1477 971 sic
1494 936 1704 981 proliciente
1723 938 1839 984 gratia
1858 949 1958 974 novae
1979 939 2088 983 lucis,
2111 941 2157 976 ad
2179 941 2292 977 altare
2312 947 2478 979 sanctum

1425 995 1574 1031 salutari
1597 997 1715 1032 hostia
1745 997 1886 1033 Domini
1907 999 2070 1044 corporis
2088 1005 2124 1035 ct
2150 1001 2335 1047 sanguinis
2353 1012 2480 1039 consc-

1426 1055 1581 1091 crandus
1597 1056 1809 1102 ingreditur,
1825 1067 1907 1093 nam
1929 1063 1964 1094 et
1984 1059 2060 1104 ipsa
2080 1060 2309 1106 singulariter
2327 1062 2479 1108 simplex

316 1122 586 1158 consolabuntur
605 1120 747 1167 (Matth.
771 1118 819 1165 v).
841 1118 965 1153 Merito
984 1126 1068 1162 crgo
1090 1120 1207 1150 turtur
1232 1120 1268 1149 et
1298 1123 1357 1148 co-
1375 1125 1406 1163 Β
1426 1122 1462 1153 et
1481 1123 1579 1152 casta
1601 1118 1714 1154 nostri
1733 1117 1929 1155 salvatoris
1947 1120 2164 1162 humanitas,
2185 1131 2266 1166 quae
2286 1121 2406 1158 oblata
2424 1129 2481 1159 est

316 1180 437 1218 lumba
462 1181 611 1217 Domino
632 1180 828 1216 offeruntur
847 1179 881 1214 in
899 1178 1068 1220 hostiam,
1089 1176 1171 1222 quia
1188 1174 1356 1210 nimirum

317 1241 468 1286 simplex
491 1247 526 1277 et
559 1241 685 1287 pudica
710 1240 866 1281 fidelium
895 1237 1117 1274 conversatio
1143 1240 1282 1282 gratum
1303 1238 1357 1269 est

317 1300 369 1336 illi
398 1301 610 1337 sacrificium
632 1299 803 1343 jttstitize3
826 1298 908 1344 quia
927 1297 987 1342 qui
1006 1297 1144 1332 laborat
1169 1295 1205 1330 in
1224 1294 1356 1339 gemitu

316 1369 395 1403 suo,
423 1360 483 1405 qui
512 1359 679 1404 lacrymis
707 1358 780 1393 suis
804 1362 954 1392 stratum
979 1365 1082 1391 suum
1110 1353 1266 1399 singulas
1292 1363 1357 1398 per

316 1423 441 1454 noctes
460 1417 582 1460 abluit,
607 1417 892 1462 acceptissimam
911 1425 1057 1461 prorsus
1080 1415 1151 1450 Deo
1171 1413 1355 1449 victimam

316 1482 465 1512 mactat.
498 1477 586 1512 Cum
614 1486 700 1512 vero
727 1480 878 1520 utraque
905 1474 980 1509 avis
1011 1474 1060 1508 ita
1099 1478 1245 1519 propter
1271 1483 1357 1508 con-

318 1535 540 1571 suetudinem
565 1535 727 1580 gemendi
743 1539 940 1579 praesentes
959 1538 1166 1569 sanctorum
1186 1532 1302 1568 luctus
1322 1537 1358 1568 et

318 1593 494 1630 desideria
512 1604 663 1640 superna
681 1594 933 1639 designet‚hoc
948 1598 1067 1629 tamen
1082 1591 1249 1628 differunt
1264 1593 1359 1638 quod

330 1708 437 1719 ——--

1096 1783 1293 1835 LIBER
1342 1783 1675 1844 QUARTUS.

650 1945 799 1981 CAPUT
825 1943 1018 1980 PRIMUM.

321 2005 372 2042 De
388 2005 527 2040 diversis
548 2003 719 2038 coloribus
749 2002 874 2037 obortis
903 2003 939 2037 in
965 2012 1069 2037 carne
1089 2001 1237 2038 hominis
1261 2008 1293 2036 et
1318 2001 1360 2036 de

727 2047 830 2093 playa
848 2047 964 2094 leproe.

371 2123 511 2171 (strr.
532 2122 627 2168 xm.)
646 2122 797 2157 Locutus
826 2127 875 2156 est
901 2121 1070 2156 Dominus
1094 2122 1139 2156 ad
1162 2121 1306 2167 Moysen
1330 2126 1363 2156 et

324 2185 443 2220 Aaron
476 2183 591 2218 dicens
613 2192 623 2216 :
645 2182 758 2217 Homo
779 2182 815 2217 in
835 2182 934 2227 cujus
971 2192 1073 2216 carne
1100 2187 1132 2216 et
1167 2189 1242 2216 cute
1266 2186 1362 2216 ortus

324 2244 429 2290 suerit
454 2243 607 2279 diversus
636 2241 730 2277 color
757 2242 825 2277 sive
852 2240 1006 2287 pustula,
1040 2241 1218 2286 autquasi
1246 2239 1363 2274 lucens

322 2303 496 2349 quippiam
512 2329 522 2345 ,
556 2302 592 2336 id
622 2307 694 2344 est,
712 2300 813 2346 playa
833 2300 949 2346 leprcr,
970 2300 1162 2334 adducetur
1178 2299 1222 2334 ad
1244 2298 1363 2334 Aaron

323 2361 534 2396 sacerdotem
549 2360 600 2396 vel
620 2361 665 2395 ad
684 2371 791 2395 unum
810 2359 992 2406 quemlibet
1008 2359 1160 2404 filiorum
1181 2359 1269 2404 ejus.
1295 2358 1363 2401 Qui

322 2431 400 2455 eum
420 2420 543 2454 viderit
557 2419 687 2465 lepram
706 2420 741 2454 in
759 2426 848 2462 cute,
866 2426 895 2454 el
916 2419 1003 2465 pilos
1022 2420 1057 2454 in
1074 2419 1191 2454 album
1213 2425 1362 2454 nudatos

322 2478 483 2521 colorem,
508 2479 683 2524 ipsamque
709 2479 854 2524 speciem
880 2477 982 2523 leproe
999 2478 1217 2513 humiliorem
1241 2485 1317 2513 cute
1331 2485 1363 2514 et

323 2548 426 2573 carne
444 2537 589 2584 reliqua,
609 2537 711 2584 playa
732 2537 835 2583 leproe
850 2544 911 2573 est.
931 2538 982 2572 Ad
998 2539 1180 2573 arbitrium
1207 2539 1282 2585 ejus
1309 2551 1363 2575 se-

322 2597 513 2642 parabitur.
541 2596 606 2633 Sin
625 2603 739 2632 autem
763 2597 880 2633 lucens
911 2599 1015 2644 suerit
1042 2599 1174 2634 candor
1193 2600 1229 2634 in
1256 2606 1332 2636 cute
1349 2626 1359 2642 ‚

323 2663 385 2687 nec
407 2653 570 2688 humilior
589 2666 692 2690 carae
723 2655 854 2701 reliqua
872 2683 881 2698 ,
902 2663 933 2692 et
966 2657 1028 2702 pili
1054 2657 1180 2693 coloris
1197 2659 1334 2705 pristini
1351 2685 1361 2703 ‚

322 2711 473 2747 recludet
506 2723 582 2748 eum
614 2714 773 2749 sacerdos
796 2716 921 2760 septem
945 2717 1062 2752 diebus
1081 2724 1112 2752 et
1133 2719 1362 2754 considerabit

324 2771 380 2806 die
402 2773 571 2818 septimo:
588 2774 801 2819 etsiquidem
819 2775 912 2820 lepra
933 2775 1023 2811 ultra
1047 2788 1114 2812 non
1131 2779 1281 2821 creverit,
1302 2791 1362 2814 nec

324 2829 554 2865 transieritin
575 2836 651 2866 cute
675 2831 806 2876 priores
835 2834 1025 2876 terminos,
1057 2845 1176 2870 rursus
1211 2837 1362 2872 includet
1379 2829 1512 2881 Djugo
1534 2836 1715 2882 subjectus
1740 2848 1812 2873 non
1839 2838 1921 2875 fuit.
1953 2840 2100 2886 Oportet
2120 2847 2254 2884 autem,
2282 2847 2322 2879 ut
2355 2847 2464 2878 tame

326 2897 405 2921 eum
439 2893 565 2933 septem
593 2888 712 2924 diebus
740 2890 832 2933 aliis,
861 2897 893 2925 et
913 2892 967 2926 die
986 2893 1126 2937 septimo
1154 2895 1364 2941 contempla-

326 2944 420 2979 bitur
434 2953 446 2978 .·
460 2945 490 2980 si
504 2946 681 2981 obscurior
698 2947 803 2991 fuerit
822 2947 916 2994 lepra
930 2955 961 2983 et
979 2960 1046 2985 non
1063 2952 1204 2986 creverit
1221 2953 1256 2987 in
1272 2959 1363 2997 cute,

324 3004 505 3040 mundabit
533 3016 623 3049 eum,
657 3007 738 3053 quia
784 3007 913 3042 scabies
945 3014 1021 3043 est:
1045 3008 1236 3056 lavabitque
1263 3011 1363 3046 homo

323 3069 524 3104 vestimenta
541 3079 619 3112 sua,
639 3075 671 3104 et
690 3069 839 3105 mundus
858 3070 935 3105 erit.
966 3070 1067 3113 Quod
1097 3072 1127 3106 si
1143 3077 1323 3118 postquam
1343 3086 1364 3110 a

323 3126 502 3163 sacerdote
519 3128 613 3164 visus
632 3133 697 3171 est,
719 3127 873 3164 redditus
896 3128 1076 3164 munditioe
1092 3156 1102 3173 ,
1124 3130 1249 3166 iterum
1269 3130 1364 3178 lepra

323 3185 480 3230 creverit,
515 3186 708 3223 adducetur
725 3188 771 3231 ad
789 3198 883 3232 eum,
904 3194 935 3223 et
960 3189 1188 3226 immunditioe
1205 3191 1364 3227 condem-

322 3244 475 3280 nabitur.
495 3245 610 3292 Plaqa
627 3245 731 3293 leproe
748 3247 778 3282 si
797 3247 901 3293 fuerit
923 3247 959 3284 in
990 3247 1147 3292 homine,
1173 3249 1365 3286 adducetur

325 3303 371 3339 ad
390 3305 617 3350 sacerdotem,
647 3312 681 3342 et
708 3306 832 3343 videbit
863 3317 955 3343 eum.
983 3306 1135 3355 Cumque
1152 3307 1247 3344 color
1265 3309 1364 3345 albus

322 3361 363 3397 iu
378 3368 453 3399 cute
471 3363 576 3409 suerit
590 3390 600 3407 ,
621 3370 655 3401 et
674 3364 880 3412 capillorum
902 3366 1046 3402 mutarit
1070 3371 1246 3413 aspectum
1260 3394 1271 3411 ,
1288 3367 1364 3414 ipsa

324 3428 458 3466 quoque
473 3432 554 3459 caro
569 3423 643 3459 viva
660 3425 876 3471 apparuerit,
903 3424 999 3472 lepra
1022 3426 1251 3462 vetustissima
1264 3427 1366 3474 judi-

325 3476 462 3513 cabitur
479 3485 580 3527 atque
608 3482 730 3520 inolita
758 3484 844 3520 cuti.
872 3482 1128 3523 Contaminabit
1153 3487 1270 3534 itaque
1286 3497 1365 3523 eum

324 3534 486 3572 sacerdos
508 3543 540 3573 et
557 3547 627 3574 non
644 3540 814 3586 recludet,
841 3542 925 3590 quia
946 3544 1124 3591 perspicue
1142 3544 1365 3582 immunditia

326 3599 388 3629 ost.
410 3593 476 3631 Sin
494 3602 608 3634 autem
626 3599 809 3646 effloruerit
826 3601 1024 3641 discurrens
1038 3602 1136 3651 lepra
1152 3605 1190 3640 in
1210 3608 1288 3641 cute
1304 3631 1315 3650 ‚
1331 3610 1364 3642 et

329 3654 498 3697 ‹peruerit
524 3665 656 3694 omnem
684 3664 797 3696 cutem
829 3671 852 3697 a
885 3662 995 3708 capite
1025 3673 1133 3711 usque
1155 3663 1203 3702 ad
1229 3664 1332 3711 pedes
1349 3691 1360 3710 ‚

1377 1944 1404 1985 C
1426 1944 1593 1990 quidquid
1633 1947 1695 1980 sub
1738 1954 1878 1993 aspectu
1911 1948 2091 1984 oculorum
2118 1950 2225 1994 cadit,
2246 1953 2480 1992 considerabit

1425 1178 1524 1214 Patri
1543 1189 1608 1224 pro
1638 1178 1742 1214 nobis
1761 1206 1770 1222 ‚
1793 1189 1865 1214 non
1890 1180 2086 1225 incongrue
2111 1191 2177 1225 per
2196 1181 2480 1218 immolationem

1426 1238 1614 1280 columbae,
1639 1238 1714 1274 sive
1740 1238 1907 1282 turturis,
1940 1245 2059 1284 potest
2086 1239 2286 1286 figuraliter
2307 1243 2477 1287 exprimi.

1427 1297 1497 1332 Sed
1515 1301 1550 1332 et
1569 1297 1687 1333 omnis
1705 1297 1742 1333 in
1757 1297 1828 1333 fine
1843 1298 1965 1333 mundi
1985 1299 2144 1335 Ecclesia
2162 1300 2278 1345 primo
2299 1303 2480 1339 communi
2520 1318 2522 1322 ⁷

1427 1356 1694 1392 resurrectione
1718 1362 1885 1392 cunctam
1921 1362 2076 1394 terrena}
2110 1359 2227 1395 lahem
2248 1361 2481 1398 mortalitatis

1426 1419 1461 1450 et
1484 1415 1724 1460 corruptionis
1754 1422 1876 1459 exuet,
1898 1426 1939 1453 ac
1958 1417 2125 1463 deinceps
2154 1418 2190 1453 in
2224 1429 2373 1465 regnum
2407 1429 2482 1455 coe-

1426 1473 1528 1510 lestis
1549 1474 1774 1511 Hierusalem
1797 1476 1973 1512 bonorum
1990 1477 2145 1514 victimis
2159 1488 2308 1525 operum
2327 1478 2479 1516 Domino
2534 1517 2540 1525 ,

1429 1537 1678 1573 commendata
1696 1538 1926 1574 transfertur.

1429 2014 1505 2038 eum
1522 2005 1682 2040 sacerdos
1697 2012 1727 2041 et
1744 2007 1851 2042 teneri
1869 2007 1964 2053 lepra
1982 2009 2395 2056 ntundissimajudicabit
2411 2041 2421 2057 ‚
2438 2025 2478 2049 eo

1429 2062 1521 2107 quod
1547 2064 1657 2098 omnis
1684 2065 1719 2099 in
1745 2066 1931 2101 candorem
1954 2079 2051 2102 versa
2071 2069 2130 2112 sit,
2160 2075 2191 2104 et
2222 2070 2350 2106 idcirco
2375 2073 2478 2108 bomo

1431 2122 1581 2157 mundus
1603 2125 1681 2158 erit.
1719 2124 1867 2167 Quando
1894 2139 1970 2163 vero
2003 2139 2083 2164 caro
2114 2130 2226 2165 vivens
2253 2131 2287 2165 in
2311 2142 2349 2166 eo
2373 2143 2480 2179 appa·
2519 2148 2522 2150 ’

1431 2182 1553 2224 ruerit,
1573 2188 1652 2216 tunc
1673 2184 1862 2220 sacerdotis
1875 2186 2010 2230 judicio
2030 2188 2204 2233 polluetur
2221 2216 2230 2232 ,
2258 2197 2289 2225 et
2309 2191 2399 2227 inter
2414 2193 2480 2228 int-

1431 2242 1578 2277 mundos
1596 2245 1831 2289 reputabitur;
1852 2258 1933 2282 caro
1953 2249 2043 2283 enim
2068 2250 2141 2285 viva
2159 2251 2189 2285 si
2206 2250 2302 2297 lepra
2317 2264 2480 2300 asperqu-

1431 2306 1499 2341 tur,
1520 2301 1700 2336 immunda
1733 2310 1795 2338 est.
1834 2304 1934 2346 Quod
1972 2307 2001 2341 si
2042 2319 2179 2343 rursum
2206 2321 2302 2344 versa
2320 2310 2424 2355 suerit
2442 2311 2479 2346 in

1431 2360 1594 2403 alborem,
1617 2368 1648 2396 et
1683 2369 1792 2398 lotum
1823 2365 1995 2401 hominem
2026 2370 2212 2412 operuerit,
2247 2370 2480 2405 considerabit—

1431 2430 1507 2454 eum
1528 2421 1703 2463 sacerdos,
1737 2429 1766 2457 et
1789 2424 2006 2458 irmnundum
2027 2436 2098 2460 esse
2118 2426 2289 2462 decernet.
2311 2428 2382 2474 (Ex
2403 2429 2480 2464 He·-

1430 2481 1580 2526 syclu'o.)
1601 2480 1764 2516 Ostendit
1785 2492 1904 2518 sermo
1922 2493 1966 2518 ex
1987 2489 2089 2528 parte
2109 2485 2251 2529 quidem
2281 2486 2476 2532 leprosum,

1430 2540 1589 2576 Judaeum
1608 2542 1793 2587 populum,
1815 2549 1855 2578 ut
1877 2549 1961 2589 pote
1989 2545 2025 2579 in
2054 2551 2156 2590 parte
2177 2551 2477 2593 transgressorem

1430 2601 1533 2646 legis,
1568 2607 1715 2647 propter
1738 2604 1834 2648 quod
1872 2614 1954 2639 eum
1993 2606 2165 2641 sacerdos
2188 2612 2228 2642 ut
2254 2607 2513 2650 immundum,

1430 2660 1593 2705 expellit;
1618 2666 1693 2697 toto
1711 2667 1830 2698 autem
1864 2673 2015 2709 corpore
2047 2665 2226 2701 lenrosum
2247 2693 2256 2709 ‚
2279 2668 2446 2713 gentilem
2463 2693 2477 2711 ,

1431 2719 1490 2765 qui
1529 2725 1638 2756 totam
1662 2722 1923 2769 transgreditur
1954 2723 2089 2770 legem,
2110 2730 2355 2762 verumtamen
2373 2736 2498 2760 mun--

1431 2779 1514 2814 dum
1534 2789 1616 2814 eum
1641 2781 1809 2816 sacerdos
1828 2780 1995 2825 judicat,
2028 2788 2068 2818 ut
2098 2783 2158 2828 qui
2193 2783 2356 2820 videlicet
2387 2783 2498 2830 legis

1433 2895 1613 2938 arbitror,
1634 2896 1735 2940 prius
1754 2897 1883 2933 litterae
1912 2899 2103 2938 decurrere
2126 2901 2400 2947 expositionem,
2421 2902 2451 2938 si

1432 2952 1526 2988 enim
1550 2954 1743 2999 spiritalem
1764 2956 1982 2994 intellectum
2009 2960 2106 2996 ultro
2125 2961 2357 3007 semetipsum
2378 2961 2451 3008 ing
2480 2981 2483 2985 ·

1432 3016 1571 3047 rentem
1592 3013 1825 3059 reperiemus,
1846 3015 2034 3053 deficiente
2053 3019 2150 3055 circa
2163 3029 2292 3055 causas
2308 3024 2345 3055 et
2361 3029 2467 3067 usqu

1433 3070 1478 3105 ad
1500 3068 1607 3106 linem
1627 3082 1769 3108 sensum
1788 3083 1891 3110 suum
1909 3085 2056 3112 exerere
2080 3088 2151 3113 non
2167 3078 2310 3114 valente
2324 3078 2445 3114 littera
2470 3070 2476 3077 ’

1432 3129 1525 3165 sicut
1547 3130 1583 3165 in
1614 3132 1782 3176 praesenti
1818 3135 2080 3178 cognoscimus.
2117 3136 2188 3173 Sed
2212 3137 2368 3183 primum
2393 3137 2468 3185 qui

1431 3188 1565 3233 estqui
1584 3188 1699 3234 legem
1717 3189 1833 3234 serat,
1860 3193 1962 3228 etad
1992 3203 2099 3238 quem
2125 3195 2285 3241 proferat
2313 3197 2460 3238 attendat

1431 3254 1541 3281 mus:
1572 3245 1724 3283 Locutus
1754 3253 1804 3282 est
1834 3248 2006 3285 Dominus
2034 3252 2080 3286 ad
2109 3253 2254 3299 Moysen
2281 3261 2313 3290 et
2339 3247 2462 3297 Aaron,

1432 3302 1580 3347 Quando
1604 3305 1762 3350 loquitur
1787 3307 1905 3351 Deus,
1926 3309 2057 3354 duplex
2084 3317 2141 3347 est
2171 3313 2288 3351 fidelis
2300 3315 2448 3358 auditus

1431 3362 1525 3400 sicut
1542 3363 1655 3401 David
1677 3365 1850 3411 propheta
1883 3367 1964 3403 ait:
1985 3367 2101 3405 Semel
2127 3370 2262 3408 locutus
2294 3379 2345 3409 est
2363 3373 2417 3410 De
2446 3367 2450 3370 ⁴

1431 3422 1500 3458 duo
1519 3423 1593 3460 hoec
1618 3424 1736 3461 audivi
1763 3425 1877 3472 (Psal.
1908 3426 1982 3475 mu)
1999 3454 2010 3471 ‚
2046 3428 2204 3467 litteram
2239 3431 2406 3479 videlieet

1431 3481 1608 3528 spiritum.
1628 3483 1722 3531 Ergo
1741 3484 1903 3532 spiritus,
1933 3487 1973 3524 ut'
2005 3489 2217 3534 sublimiori,
2245 3490 2384 3540 Moysi·
2372 3518 2384 3536 ,
2417 3501 2435 3535 ,ζ

1430 3549 1510 3580 tera
1525 3548 1660 3590 autem,
1680 3550 1721 3583 ut
1736 3545 1910 3595 subjecto,
1929 3546 2049 3586 Aaron
2070 3549 2256 3597 loquitur-z
2275 3552 2375 3601 quia
2391 3560 2394 3561 ’

1430 3604 1594 3644 sublimis
1622 3610 1702 3643 erat
1719 3605 1860 3654 Moyses
1869 3634 1888 3663 ⁹.
1906 3614 1943 3646 et
1969 3617 2160 3658 propterea
2176 3612 2309 3660 dignus
2325 3612 2380 3661 sni
2433 3611 2437 3616 '

1430 3665 1594 3704 subditus
1610 3670 1728 3710 autem
1739 3666 1859 3706 Aaron
1875 3674 1913 3709 et
1930 3676 2035 3719 aptus
2051 3673 2187 3712 auditui
2196 3673 2327 3724 populi
2342 3698 2355 3704 ⁷
