2540 4016
1349 0 1390 27 U
1620 15 1626 19 -
1909 0 1953 22 ur,-

1363 33 1422 82 ἀ

1267 103 1299 130 ss

536 175 552 191 0
1043 165 1061 182 2

330 259 400 296 545
747 247 788 282 B·
815 243 985 280 RABANI
1011 242 1160 280 MAURI
1184 240 1397 279 ARCIIIEP.
1422 239 1629 279 MOGUNT.
1657 241 1847 280 OPERUM
1871 240 1992 278 PARS
2015 240 2045 277 1.
2328 251 2332 256 ’
2416 242 2486 280 544

328 328 546 376 imperfectis
567 331 603 362 et
621 324 736 361 minus
758 315 867 355 tantae
893 316 1206 363 contemplationis
1223 314 1368 361 capaci-
1387 316 1423 355 A
1438 326 1485 352 ne
1507 326 1640 362 corpus
1661 317 1920 363 prophetarum
1939 314 2114 351 creditur.
2135 314 2340 361 prophetia!
2355 315 2488 363 quippe

327 393 394 428 bus
432 398 596 436 parcens.
632 382 845 420 Sacerdotes
880 386 1002 415 autem
1042 378 1371 424 appropinquantes
1441 385 1523 426 eum
1540 375 1773 412 manifestum
1795 375 1947 417 faciunt,
1967 378 2076 419 atque
2107 373 2371 419 quodammodo
2390 376 2490 423 igno-

327 449 545 489 sanctificari
559 447 671 492 jubet,
697 447 736 477 ut
754 441 851 487 digni
871 441 916 475 ad
939 439 1133 475 videndum
1153 445 1190 475 et
1207 444 1370 475 contem·
1441 436 1604 472 rantibus
1620 436 1779 482 pariunt,
1811 434 1925 469 frater
1955 438 2075 468 autem
2103 443 2295 480 germanus
2319 440 2356 472 et
2377 441 2419 471 ut
2437 436 2486 473 ita

325 511 494 559 plandum
520 508 646 543 fierent
663 501 882 547 Deum,quia
905 509 1028 535 veram
1047 500 1237 536 scientiam
1257 510 1277 534 a
1294 499 1370 534 Deo
1440 496 1594 531 dicatur.
1629 495 1741 541 Igitur
1757 492 1967 540 prophetiae,
1998 493 2233 540 Evangelium
2260 499 2328 530 est.
2360 494 2489 532 Omnia

328 581 431 608 nemo
448 573 563 614 potest
580 566 656 601 sine
673 562 957 599 sanctificatione
971 561 1199 617 conquirere.
1217 560 1371 604 Propter
1439 555 1536 589 enim
1557 564 1637 599 quae
1654 555 1691 589 in
1712 552 1915 599 Evangeliis
1944 557 2024 588 acta
2043 557 2139 596 sunt,
2159 563 2181 588 a
2197 554 2382 600 prophetis
2396 564 2490 599 prae·

326 630 418 675 quod
436 626 565 662 Paulus
586 636 594 658 ;
618 623 760 663 Pacem,
785 622 916 667 inquit,
945 621 1130 668 sequimini
1157 632 1237 656 cum
1253 620 1370 655 omni·
1440 614 1533 648 dicta
1552 619 1647 648 sunl..
1680 613 1763 648 Filii
1777 612 1901 648 fratris
1926 612 2041 658 patris
2062 615 2184 649 Aaron
2213 614 2306 650 bene
2325 619 2361 650 et
2380 615 2488 652 nimis

326 690 386 724 bus
395 694 426 723 et
437 684 713 722 sanctimoniam,
725 683 799 717 sine
807 693 875 729 qua
891 693 990 717 nemo
1002 681 1126 716 videbit
1137 681 1261 715 Deum.
1278 679 1370 714 Con·
1439 680 1521 718 apte
1541 674 1577 709 hi
1605 675 1667 719 qui
1690 674 1937 720 evangelicam
1957 674 2272 711 conversationem
2286 675 2489 712 didicerunt

326 753 487 794 spectum
512 745 602 790 ejus,
634 743 820 779 scientiam
854 741 931 786 ejus
957 742 1095 784 dicens,
1128 741 1164 776 id
1187 746 1254 782 cst,
1291 739 1368 783 eJus
1440 734 1621 777 dicuntur,
1642 739 1679 768 ct
1699 733 1765 769 hos
1785 733 1847 779 qui
1867 733 1938 768 alia
1958 734 2087 770 docent
2102 743 2254 780 arguere
2283 739 2320 771 et
2339 735 2472 780 repelle

326 806 678 852 contemplationem;
698 803 793 838 unde
816 803 1023 837 sacerdotes
1043 799 1259 836 sanctificari
1279 807 1369 843 prae·
1439 803 1478 829 re
1495 799 1534 828 ut
1554 801 1635 839 pote
1650 793 1848 839 perfectam
1861 793 2036 830 habentes
2056 794 2258 837 scientiam,
2278 794 2486 831 necessario

331 870 479 915 cipiens‚
500 867 579 903 vide
599 865 775 910 quomodo
799 863 959 898 minatur
977 862 1013 896 in
1039 858 1366 904 subsequentibus:
1440 861 1522 892 sunt
1557 855 1733 901 dispositi.
1754 855 1806 892 De
1823 866 1894 901 qua
1913 854 2071 892 Joannes
2090 855 2232 906 dicebat
2257 868 2264 890 :
2287 855 2410 891 Omnis
2428 856 2488 901 qui

328 929 382 965 Ne
398 929 483 974 forte
511 926 645 962 recedat
671 925 712 960 ab
741 925 789 959 eis
814 923 998 964 Dominus,
1028 921 1061 956 id
1080 925 1149 962 est,
1176 930 1221 955 ne
1255 918 1369 968 fugiat
1439 915 1603 960 proecedit
1621 921 1652 950 et
1673 926 1743 950 non
1757 920 1873 950 manet
1890 916 1927 950 in
1945 915 2105 950 doctrina
2133 913 2277 958 Christi,
2294 914 2404 950 Deum
2419 926 2489 950 non

326 990 371 1024 ab
389 990 440 1025 cis
466 999 506 1024 ea
527 998 604 1033 quae
628 987 691 1021 Dei
727 990 781 1020 est
814 984 977 1019 scientia.
1003 981 1165 1016 Perditio
1198 980 1293 1015 enim
1316 979 1368 1014 cis
1439 975 1562 1018 habet;
1578 976 1636 1021 qui
1656 981 1771 1011 manet
1787 975 1823 1010 in
1837 975 2011 1019 doctrina,
2028 975 2083 1010 hic
2101 981 2134 1010 et
2148 973 2281 1010 Filium
2296 980 2328 1009 et
2347 974 2490 1010 Patrem

326 1050 482 1087 scientiae
509 1047 678 1083 discessiO
710 1046 762 1081 fit.
797 1044 866 1080 Sed
899 1054 993 1079 nune
1026 1053 1067 1078 ea
1105 1052 1183 1087 quac
1215 1041 1306 1076 sicut
1327 1050 1371 1074 ex
1439 1035 1537 1070 habet
1554 1044 1564 1068 :
1582 1034 1620 1070 Si
1660 1035 1737 1081 quis
1769 1035 1857 1070 venit
1878 1034 1923 1069 ad
1944 1046 2002 1070 vos
2035 1041 2066 1069 et
2093 1035 2183 1070 hanc
2201 1034 2398 1070 doctrinam
2421 1045 2489 1070 non

325 1120 477 1154 persona
497 1108 558 1142 Dei
579 1118 643 1152 per
662 1106 806 1151 Moysen
828 1105 923 1139 dieta
945 1108 1027 1139 sunt
1053 1103 1158 1138 verba
1185 1101 1369 1148 aggredia-
1440 1096 1556 1141 affert,
1587 1095 1692 1131 notice
1729 1096 1878 1141 recipere
1899 1106 1978 1130 eum
2005 1095 2042 1130 in
2070 1095 2225 1136 donnum,
2251 1087 2312 1129 nec
2329 1095 2360 1130 ei
2389 1094 2489 1129 dixe-

330 1181 428 1204 mur:
450 1169 491 1202 Et
514 1166 872 1210 sanctificabor-initis
889 1166 945 1210 qni
967 1165 1243 1210 appropinquant
1262 1163 1360 1197 milti.
1441 1156 1517 1191 Yt'lt's
1549 1156 1618 1191 Ave
1662 1155 1719 1203 (ῙῙ
1752 1155 1860 1190 Joan-
1892 1155 1943 1201 V).
1976 1155 2070 1201 Ergo
2107 1155 2292 1200 proprium
2334 1160 2390 1190 est
2428 1164 2491 1190 co-

330 1227 659 1264 Sanctilicationcm
686 1236 787 1261 suam
812 1231 931 1266 vocat,
956 1224 1186 1269 profanorum
1207 1223 1281 1258 sive
1296 1233 1371 1257 ma-
1390 1206 1420 1244 Β
1440 1227 1521 1252 rum
1553 1217 1614 1261 qui
1645 1216 1763 1252 edocti
1798 1220 1882 1251 sunt
1906 1215 2152 1261 evangelicam
2187 1215 2390 1251 doctrinam
2428 1225 2492 1251 eos

330 1288 442 1324 lorum
476 1286 761 1322 cinundationem
796 1295 874 1330 quae
893 1295 1021 1328 corpus
1056 1289 1216 1318 nostrum
1244 1283 1368 1317 habet.
1441 1278 1501 1322 qui
1535 1277 1737 1312 adulterina
1773 1282 1809 1312 et
1843 1276 1960 1311 aliena
1995 1276 2206 1320 praedicant,
2234 1286 2255 1311 a
2293 1275 2383 1311 facie
2413 1286 2494 1312 san-

329 1346 496 1391 Corporis
517 1351 631 1379 autem
666 1344 885 1385 emundatio,
919 1343 1077 1378 sordium
1111 1341 1263 1385 abjectio
1295 1347 1363 1376 est.
1440 1342 1580 1372 etorum
1601 1342 1637 1373 et
1657 1336 1878 1372 tabernaculi
1905 1336 2083 1382 expellere
2105 1341 2211 1381 atque
2234 1336 2421 1382 projicere.
2503 1344 2505 1346 ·

330 1406 404 1441 Hoc
424 1416 506 1451 ergo
536 1410 574 1439 ut
592 1405 704 1439 bonus
720 1410 756 1438 et
776 1404 855 1449 pius
878 1404 911 1437 in
946 1403 1001 1438 his
1028 1402 1090 1447 qui
1118 1402 1370 1447 approximant
1840 1411 1990 1447 CAPUT
2015 1410 2093 1446 xv,

329 1467 374 1507 ei,
412 1459 603 1501 secundum
624 1464 885 1499 multitudinem
916 1463 1080 1498 videlicet
1101 1462 1272 1505 scientiae,
1314 1462 1372 1498 vel
1440 1470 1577 1517 Moyses
1597 1472 1751 1518 prohibet
1767 1471 1886 1506 Aaron
1903 1477 1933 1506 et
1952 1470 2043 1515 filios
2062 1471 2176 1517 capita
2189 1471 2322 1506 nudare
2341 1477 2372 1506 et
2389 1477 2496 1507 vestes

327 1525 519 1560 secundum
544 1525 684 1569 aliquod
720 1524 877 1559 divinum
914 1523 1152 1558 ministerium
1182 1528 1367 1568 operatur,
1627 1518 1782 1553 scindere
1804 1518 1844 1553 ob
1869 1525 2014 1552 mortem
2031 1518 2290 1563 interfectorum

326 1591 365 1633 ut
383 1596 446 1631 per
473 1586 566 1630 ipsos
590 1591 736 1627 terreat,
770 1590 805 1619 et
834 1585 869 1619 in
903 1589 1098 1628 conspectu
1120 1583 1229 1619 totius
1247 1583 1368 1629 populi
1489 1578 1608 1625 (Imp.)
1624 1578 1776 1613 Locutus
1791 1583 1842 1613 est
1859 1577 1997 1623 Moyses
2015 1578 2060 1612 ad
2079 1578 2213 1620 Aaron,
2229 1583 2262 1612 et
2282 1577 2326 1612 ad
2342 1576 2498 1612 Eleazar

327 1646 557 1692 glorificetur,
575 1645 862 1686 itlest,laudetur
879 1650 914 1679 et
932 1643 1191 1679 manifestetur.
1224 1643 1372 1679 Utrum·
1442 1648 1542 1687 atque
1560 1641 1603 1675 acl
1622 1640 1783 1675 Ithamar
1799 1639 1892 1685 filios
1910 1639 1985 1684 ejus
2002 1650 2012 1674 :
2032 1637 2156 1685 Capita
2174 1644 2288 1674 vestra
2308 1638 2412 1674 nolite
2430 1649 2453 1673 n
2496 1661 2498 1665 v

329 1717 398 1752 que
422 1707 517 1741 enim
538 1706 804 1751 glorificationis
822 1706 971 1741 verbum
991 1704 1210 1747 manifestat,
1233 1710 1269 1740 et
1288 1715 1368 1750 quae
1442 1701 1537 1743 dare,
1558 1707 1588 1735 et
1603 1701 1803 1736 vestimenta
1814 1699 1918 1734 nolite
1933 1698 2155 1742 scindere‚ne
2173 1699 2262 1744 forte
2279 1698 2492 1741 moriamini,

327 1776 373 1803 ex
401 1768 468 1803 hoc
499 1767 575 1802 laus
609 1767 669 1802 Dei
695 1771 730 1801 et
759 1765 1001 1801 manifestatio
1023 1766 1082 1807 sit,
1115 1765 1227 1800 David
1258 1765 1369 1801 dicit:
1441 1767 1471 1796 et
1493 1772 1597 1806 super
1623 1771 1759 1796 omnent
1791 1769 1915 1795 coetum
1946 1760 2082 1795 oriatur
2119 1758 2333 1805 indiqrzatioe
2365 1758 2494 1803 fratre

330 1827 421 1870 Quia
439 1828 554 1872 justus
587 1827 772 1868 Dominus,
801 1826 979 1871 justitiam
1002 1825 1139 1868 ditexit,
1174 1826 1370 1871 aequitatem
1441 1823 1542 1859 vestri
1561 1830 1591 1858 et
1611 1823 1722 1858 omnis
1741 1822 1863 1858 domus
1878 1821 2033 1867 filiorum
2052 1821 2166 1857 Israel
2195 1822 2362 1867 plangant
2379 1821 2479 1856 incen

328 1888 410 1921 vidit
446 1886 558 1921 vultus
587 1887 661 1931 ejus
693 1885 843 1932 (Psalm.
864 1886 916 1932 x).
948 1885 993 1921 In
1012 1886 1065 1921 his
1098 1886 1205 1921 tacuit
1224 1887 1369 1928 Aaron,·
1441 1877 1537 1920 dium
1556 1885 1646 1931 quod
1666 1885 1839 1920 Dominus
1872 1884 2064 1919 suscitavit.
2089 1882 2158 1918 Vos
2182 1889 2296 1918 autem
2314 1893 2383 1918 non
2400 1892 2471 1928 ear

327 1948 402 1982 sive
421 1953 458 1982 ut
482 1946 727 1992 Septuaginta,
741 1952 962 1991 compunctus
977 1952 1027 1981 est
1047 1946 1165 1981 Aaron
1181 1957 1193 1981 .·
1210 1946 1372 1981 Ecclesia
1441 1944 1565 1979 dimini
1597 1944 1688 1989 [ores
1722 1943 1962 1987 tabernaculi,
1994 1943 2148 1990 alioquin
2182 1942 2335 1989 peribitis
2352 1950 2364 1975 .·
2380 1940 2458 1976 oleu
2480 1964 2481 1967 =

326 2004 504 2045 videficet,
532 2003 615 2048 quia
646 2013 776 2048 corpus
798 2003 1031 2049 intelligibilis
1050 2002 1184 2045 Aaron,
1207 2003 1370 2038 Ecclesia
1440 2005 1563 2050 quippe
1582 2011 1713 2040 sanctoe
1743 2005 1915 2040 unctionis
1934 2010 1983 2040 est
2013 2015 2117 2050 super
2143 2014 2213 2039 vos.
2239 2002 2307 2045 Qui
2339 2002 2478 2047 fecerun

329 2069 402 2106 cst;
424 2064 517 2100 unde
539 2064 614 2109 ipse
645 2063 747 2105 dixit,
773 2062 893 2106 Saule,
917 2063 1037 2106 Saule,
1066 2063 1148 2109 quid
1177 2074 1230 2098 me
1255 2075 1370 2109 perse·
1442 2065 1557 2100 omnia
1575 2065 1681 2110 juxta
1698 2071 1906 2111 praeceptum
1925 2063 2053 2110 Moysi.
2077 2063 2149 2111 (Ex
2162 2061 2386 2108 Auqustino.)
2401 2060 2483 2105 Qui

329 2125 441 2171 queris
460 2125 474 2159 ?
493 2123 584 2171 (Act.
604 2124 670 2168 ix.)
692 2124 779 2160 Item
810 2123 993 2169 discipulis
1018 2126 1061 2160 de
1092 2124 1372 2170 suscipientibus
1391 2103 1419 2143 C
1441 2125 1605 2170 estquod
1624 2125 1746 2161 Aaron
1778 2131 1814 2161 et
1830 2125 1989 2170 reliquos
2007 2123 2100 2160 filios
2119 2122 2195 2168 eius
2219 2128 2372 2158 mortem
2406 2121 2469 2156 du·

327 2196 400 2229 eos,
430 2186 547 2221 dixit:
571 2185 638 2228 Qui
667 2197 723 2220 vos
767 2185 923 2230 suscipit,
950 2196 1003 2220 me
1036 2187 1194 2231 suscipit.
1228 2185 1370 2221 Vocavit
1439 2196 1520 2221 rum
1538 2185 1679 2220 illorum
1699 2185 1820 2231 lugere
1837 2185 2031 2231 prohibens
2061 2184 2174 2220 dicit:
2197 2182 2310 2228 Caput
2341 2186 2456 2216 vestru
2478 2205 2479 2208 η

328 2253 440 2282 autem
468 2246 605 2292 Moyses
629 2245 754 2281 Misael
774 2252 805 2280 et
833 2245 1011 2291 Elsapltan
1031 2245 1122 2290 filios
1142 2245 1239 2281 Oziel
1253 2247 1371 2291 patrui
1440 2245 1570 2290 cydara
1601 2254 1669 2278 non
1686 2244 1920 2279 denudabitis.
1954 2241 2023 2280 Ubi
2044 2247 2142 2279 certe
2171 2241 2327 2279 ostendit
2342 2240 2472 2287 cydara

326 2306 456 2349 Aaron,
488 2312 519 2341 et
539 2307 588 2341 ait
621 2306 666 2341 ad
698 2305 871 2348 eosdm,
889 2305 996 2340 tollite
1024 2305 1150 2350 fratres
1183 2313 1310 2342 vestros
1330 2307 1372 2342 de
1440 2304 1598 2350 tegmina
1627 2302 1783 2349 capitum
1813 2302 1938 2346 fuisse,
1959 2304 2030 2339 nisi
2055 2303 2149 2350 quod
2190 2301 2278 2338 illud
2312 2300 2477 2336 facieban

328 2373 509 2412 conspectu
539 2367 745 2408 sanctuarii,
766 2373 798 2402 et
813 2372 986 2412 asportate
1016 2372 1114 2401 extra
1139 2373 1255 2402 castra
1269 2378 1282 2410 ,·
1300 2373 1372 2402 sta·
1438 2363 1612 2410 lugentes,
1628 2374 1707 2409 quae
1723 2364 1974 2400 consuetudini
1989 2369 2138 2400 ornatus
2157 2368 2279 2399 essent
2293 2360 2476 2398 contraria

330 2427 455 2472 timque
477 2433 663 2473 perqentes,
684 2426 838 2462 tulerunt
861 2438 918 2462 eos
933 2427 1021 2462 sicut
1047 2427 1211 2472 jacebant
1231 2428 1367 2464 vestitos
1440 2422 1541 2457 Sicut
1559 2422 1654 2458 enim
1678 2422 1714 2457 in
1730 2428 1855 2458 ssOSU'a
1873 2422 2144 2459 COHSlletUdisse·
2166 2431 2238 2465 (11¹³
2260 2425 2368 2466 ⁰29¹st
2381 2429 2470 2466 ape*

331 2484 429 2521 lineis
452 2487 589 2530 tunicis,
613 2493 644 2522 et
680 2487 852 2532 ejecerunt
874 2486 983 2532 sorus,
1001 2493 1037 2521 ut
1069 2487 1134 2522 sibi
1166 2487 1280 2533 suerat
1307 2488 1374 2523 im·
1438 2487 1514 2517 mm
1533 2481 1648 2527 magis
1670 2482 1845 2525 habetur,
1879 2481 2040 2527 Opefitffl’
2055 2482 2094 2518 5¹¹
2122 2481 2242 2523 luctu,
2271 2480 2323 2515 Sic
2337 2480 2420 2525 qnia
2439 2479 2466 2515 il

329 2551 496 2590 peratum.
520 2545 573 2582 Ab
597 2547 652 2582 his
667 2547 727 2592 qui
754 2557 815 2582 eos
840 2545 1036 2591 ejecerunt,
1057 2557 1119 2582 eos
1135 2546 1204 2593 'qui
1236 2548 1371 2583 sublati
1438 2541 1661 2587 operimento
1680 2542 1808 2587 capitis
1834 2541 2076 2585 ornabantur,
2111 2541 2320 2576 nudandum
2342 2544 2421 2576 erat
2437 2539 2474 2576 lu

331 2606 406 2642 sive
427 2605 530 2650 ejecti
551 2612 632 2641 sunt
650 2606 821 2652 intellige.
843 2605 910 2649 Qui
924 2613 1043 2642 autem
1061 2606 1208 2643 suerunt
1223 2608 1283 2653 qui
1294 2618 1371 2643 sus-
1438 2601 1617 2648 gentihus.
1636 2601 1738 2645 Quod
1757 2602 1838 2638 ideo
1851 2602 2019 2648 prohibet
2036 2612 2082 2638 ne
2097 2602 2262 2648 lugerent
2276 2612 2338 2638 eos
2352 2601 2387 2637 in
2406 2611 2468 2648 qu·

333 2664 513 2700 tulerunt?
544 2664 665 2698 Misael
693 2670 729 2699 et
751 2665 944 2710 Elsaphan‚
978 2666 1051 2701 sive
1070 2666 1256 2709 Misaddai,
1275 2666 1372 2702 Heli·
1437 2672 1519 2698 rum
1541 2671 1649 2708 poena
1672 2662 1916 2698 sanctificatus
1934 2668 1989 2698 est
2018 2662 2208 2706 Dominus,
2237 2663 2272 2699 id
2303 2668 2372 2706 est,
2392 2671 2475 2699 cour

334 2724 487 2767 saphan,
505 2733 655 2766 quorum
674 2735 765 2759 unus
783 2727 986 2761 attrectatio
1001 2726 1079 2769 Dei,
1101 2727 1137 2762 id
1155 2733 1222 2769 est,
1237 2728 1371 2764 misad-
1438 2713 1625 2760 mentiatus
1642 2728 1697 2760 est
1715 2724 1820 2759 timor
1840 2723 1931 2769 ejus.
1953 2723 2025 2760 Nec
2045 2723 2126 2760 ideo
2145 2723 2230 2769 quia
2249 2722 2395 2770 lugendi
2417 2731 2465 2758 ¹1⁰

334 2782 407 2824 dai,
432 2781 641 2826 helisaphan
661 2787 779 2817 autem
807 2784 871 2818 Dei
888 2785 957 2819 mei
981 2786 1124 2830 specula
1149 2787 1368 2833 interpreta-
1438 2789 1553 2827 erant,
1573 2795 1657 2819 nam
1677 2785 1854 2830 permittit
1883 2784 1973 2820 alios
1999 2784 2121 2830 lugere
2141 2783 2233 2827 illos,
2250 2783 2313 2820 sed
2333 2782 2417 2829 quia
2433 2781 2472 2818 ill

331 2846 401 2876 tur.
430 2841 739 2887 Quicunqueergo
761 2843 828 2877 seit
847 2849 1040 2879 attrectare
1055 2846 1183 2889 Deum,
1222 2848 1369 2894 insuper
1439 2845 1562 2890 lugere
1579 2849 1665 2880 tunc
1693 2855 1764 2880 ¹¹0n
1780 2844 1969 2888 debebant,
1984 2855 2067 2881 cum
2097 2844 2175 2881 dies
2193 2842 2469 2880 sanctification·

333 2906 451 2936 autem
470 2906 505 2937 et
525 2901 715 2946 speculari,
750 2907 785 2936 et
803 2901 934 2937 Christi
955 2905 1097 2948 quidem
1115 2915 1260 2942 earnem
1284 2918 1372 2943 con·
1438 2914 1563 2939 eorum
1580 2909 1782 2948 agerentur.
1798 2903 1962 2939 Nondum
1977 2892 2166 2950 completis
2195 2908 2333 2949 septem
2358 2901 2444 2948 quib
2466 2921 2469 2927 ‹

333 2962 493 3003 uectari,
513 2962 689 3006 speculari
703 2967 822 2997 autem
839 2973 903 3008 per
917 2964 1038 2999 oculos
1056 2966 1188 3001 mentis
1205 2967 1372 3003 divinita-
1440 2973 1502 2998 005
1517 2964 1699 3008 praec‘epit}
1715 2965 1758 2999 de
1786 2964 2018 3000 tabernaculo
2032 2974 2105 3000 non
2125 2963 2316 3000 abscedere
2331 2989 2340 3006 2
2375 2972 2434 3008 (1¹¹
2462 2999 2464 3002 .

332 3025 418 3063 tem,
438 3021 528 3056 sicut
543 3021 697 3056 Thomas
713 3032 819 3057 manu
832 3028 1058 3059 contrectans
1073 3034 1232 3067 carnem.
1251 3030 1286 3060 et
1301 3026 1371 3062 fide
1387 2997 1424 3035 D
1441 3032 1547 3066 quam
1563 3022 1676 3067 possit
1694 3023 1820 3066 videri,
1841 3023 1925 3068 quia
1943 3023 2003 3059 illo
2018 3023 2097 3060 oleo
2110 3023 2252 3060 fucrant
2269 3021 2454 3059 sanctifica

330 3081 520 3127 speculans
551 3078 785 3125 divinitatem,
821 3082 962 3128 dicebat
979 3082 1174 3118 :Dominus
1204 3095 1315 3128 meus,
1340 3091 1372 3120 et
1439 3082 1508 3117 hoc
1528 3082 1661 3118 dictum
1686 3088 1762 3126 est,
1795 3084 1889 3129 quod
1918 3094 2103 3129 nunquam
2129 3093 2344 3130 quemquam
2364 3082 2463 3129 lug·

331 3140 427 3176 Deus
457 3152 553 3177 meus
571 3141 691 3188 (Joau.
721 3141 804 3187 xx),
835 3141 895 3178 hic
913 3143 1030 3188 ignem
1054 3143 1179 3180 alienae
1197 3144 1370 3182 doctrinae
1439 3143 1619 3179 deberent.
1639 3143 1692 3179 Ita
1714 3144 1809 3179 enim
1832 3144 1919 3179 dicit
1935 3156 1945 3180 ε
1964 3143 2110 3181 Fratres
2129 3151 2244 3180 autem
2259 3142 2362 3180 uestri
2374 3153 2431 3179 om

331 3199 474 3235 auferre
495 3205 532 3236 et
559 3201 690 3247 ejicere
714 3201 814 3236 illum
831 3211 913 3237 cum
931 3201 1062 3238 tunicis
1081 3212 1102 3237 a
1119 3201 1210 3239 facie
1227 3210 1371 3241 sancto-
1437 3203 1560 3238 domus
1579 3201 1599 3237 l
1602 3203 1692 3239 srael
1719 3202 1904 3249 plorabunt
1933 3204 2133 3240 incendium
2161 3215 2229 3252 quo
2253 3203 2420 3240 incensis

329 3270 409 3294 rum
426 3265 558 3306 potest.
595 3260 685 3304 Quia
698 3270 860 3307 personae
883 3266 1089 3298 sanctorum
1107 3268 1190 3298 sunt
1205 3264 1370 3300 sacerdo-
1437 3261 1635 3304 aDomino,
1654 3266 1686 3296 et
1707 3261 1750 3296 ab
1777 3262 1863 3296 ostio
1894 3261 2109 3298 tabernaculi
2125 3263 2309 3299 testimonii
2334 3273 2404 3299 non
2433 3263 2461 3290 :ss

331 3325 398 3356 tes.
419 3319 566 3357 Tunicae
596 3327 714 3357 autem
733 3322 958 3358 sacerdotum
975 3323 1200 3359 conversatio
1218 3329 1256 3360 et
1281 3323 1368 3368 vita,
1436 3318 1543 3361 ibitis,
1561 3329 1602 3353 ἰθ
1630 3319 1832 3353 ἠθῒὶαηῑῖηὶ
1847 3330 1860 3354 -·
1881 3318 1994 3354 deum
2011 3321 2103 3356 enim
2119 3311 2293 3358 unctionis
2323 3321 2416 3370 quod
2443 3344 2451 3348 „

330 3390 409 3425 quae
423 3380 461 3416 in
479 3380 669 3416 sacerdotii
685 3381 880 3417 induuntur
893 3381 1038 3426 habitu;
1059 3391 1144 3428 crgo
1157 3392 1238 3418 cum
1251 3393 1371 3418 sacer-
1437 3387 1459 3411 a
1476 3375 1626 3412 Dvmfftw
1645 3387 1748 3422 8141)οΥ
1763 3387 1821 3412 ²²⁰³
1838 3382 1902 3412 8³1·
1923 3377 1994 3424 (ΕΦ
2013 3377 2218 3428 Hesychia.)
2231 3381 2312 3422 Non
2340 3382 2417 3428 ign·

331 3440 430 3475 detio
447 3441 543 3485 quod
560 3441 594 3477 ei
607 3446 704 3478 sorte
721 3441 882 3484 obvenit,
918 3452 939 3478 a
956 3442 1120 3488 portione
1151 3442 1369 3480 sacerdotali
1437 3447 1517 3474 mus
1546 3437 1634 3484 (1¹11ss
1663 3437 1797 3484 ssl’dffi'a
1832 3437 2036 3484 significent
2067 3441 2322 3486 sacerdotium,
2343 3441 2436 3486 scil}

331 3499 568 3545 expelluntur,
583 3511 656 3538 non
671 3501 788 3539 solum
805 3505 927 3539 autem
950 3511 971 3538 a
987 3501 1225 3543 sacerdotum,
1249 3502 1313 3539 sed
1330 3507 1368 3538 et
1436 3497 1519 3544 quia
1537 3496 1655 3534 omnis
1684 3496 1751 3532 viri
1771 3503 1878 3543 caput
1907 3488 2072 3536 Christus
2104 3500 2219 3545 Deus,
2239 3505 2348 3553 caput
2360 3510 2406 3545 au
2423 3487 2444 3540 1⁸

306 3558 464 3606 ,popum
483 3560 577 3600 undc
599 3561 744 3605 addidit,
775 3567 875 3598 extra
889 3561 1165 3598 tabernaculum.
1185 3562 1367 3600 Taberna·
1437 3555 1574 3594 Christi
1587 3556 1696 3602 Deus»
1703 3557 1907 3603 necessarie
1921 3558 2064 3605 cydaris
2076 3561 2294 3608 significatio
2308 3571 2380 3610 ΨΒ)
2390 3576 2402 3604 ¹.
2416 3564 2442 3606 ’ζ’

328 3618 447 3657 culum
471 3619 566 3657 enim
586 3619 649 3656 Dei
672 3621 843 3659 Ecclesiae
857 3621 1011 3668 populus
1034 3626 1115 3666 cst;
1154 3621 1226 3659 lilii'
1244 3627 1365 3666 autem
1436 3618 1543 3654 modo
1560 3621 1619 3656 est
1634 3615 1931 3666 simulqunigeniti
1950 3618 2186 3667 humanitatis
2200 3626 2252 3669 9².
2289 3620 2300 3631 ”

326 3680 444 3725 patrui
461 3679 582 3717 Aaron
609 3681 684 3718 sive
703 3681 829 3722 fratris
845 3671 981 3726 Aaron,
994 3683 1041 3726 ‚hi
1061 3683 1124 3729 qui
1149 3684 1228 3720 haec
1244 3683 1365 3739 facem
1421 3672 1634 3731 &Hoc-‘enim
1665 3678 1702 3726 et
1718 3676 1955 3726 per-cydaris
1982 3679 2280 3740 CQmessiiioffl
2294 3696 2380 3733 42:¹3.
2398 3689 2401 3694 ·
2420 3672 2422 3674 ’

328 3745 477 3783 possunt
511 3740 777 3787 ratiouahjiiter¹
795 3743 1041 3787 nominantur.
1068 3741 1108 3782 Si
1137 3743 1235 3790 enim
1258 3749 1364 3791 patet·
1423 3735 1777 3793 ‚flemfflPS‘l'ssViQ'lffi
1795 3735 1900 3787 'Ergo
1929 3747 2010 3784 quae
2025 3736 2194 3790 operm

329 3794 560 3844 mwmssibffie
574 3793 697 3856 Aaron
711 3798 827 3866 David
844 3807 914 3849 est,
940 3806 977 3840 et
991 3811 1058 3852 per
1076 3803 1272 3844 cumidem
1285 3806 1362 3844 oin-
1431 3798 1598 3862 ffefflffls
1614 3800 1652 3838 θῑ
1676 3792 1843 3837 000201'0'3
1874 3804 2058 3849 praeoepsss
2072 3795 2114 3843 vid
2129 3790 2200 3860 est,
2232 3809 2243 3832 .·
2324 3817 2325 3826 ¹

586 3897 634 3913 2-2’
