2540 4016
41 167 133 230 ππ

533 165 891 206 ENARRATIONES
916 167 963 205 IN
986 165 1164 206 LIBRUM
1186 166 1497 206 Numitorium.
1522 185 1571 196 —
1593 168 1680 208 ΠΒ.
1703 171 1764 208 lv.

2162 184 2234 223 'm

39 221 115 287 {iiio
129 244 278 294 intelligi
296 244 407 282 voluit
426 249 512 282 tunc
537 249 636 281 ratas
670 254 751 281 esse
776 253 861 282 eum
880 243 1113 280 rationabiles
1131 244 1167 284 A
1183 253 1292 290 gnum
1307 247 1363 278 est
1385 254 1394 277 ε
1413 252 1485 288 quo
1502 241 1581 278 haec
1595 249 1637 279 ut
1652 245 1771 287 decet,
1790 244 1836 280 de
1849 245 1915 283 Dei
1931 252 2050 290 verbis
2068 255 2235 304 intelligi-

40 303 211 350 tfucrint3
233 306 303 342 hoc
333 310 390 342 est
408 314 490 342 cum
518 313 580 342 eas
603 304 857 352 approbaverit
880 303 973 339 ratio
989 330 1000 347 ,
1036 313 1116 349 quae

45 366 99 404 aad
126 367 243 403 vicem
262 365 331 403 viri
348 366 454 403 debet
470 375 596 414 regere
614 374 759 402 omnem
774 363 968 400 animalem
984 363 1114 399 motio-

44 439 136 466 mem
151 438 231 474 quae
251 427 292 464 fit
308 437 380 464 non
399 432 538 463 tantum
555 426 591 463 in
611 426 826 473 appetendo,
851 435 979 461 verum
1002 424 1114 460 etiam

44 488 88 524 'cin
108 488 335 525 abstinendo.
346 487 394 525 Ut
409 488 440 525 si
457 493 575 524 mente
593 492 629 524 et
642 488 781 523 ratione
799 486 1018 530 decernitur,
1029 491 1115 522 tunc

42 549 134 594 tfiat3
165 550 194 587 si
216 554 336 586 autem
351 549 576 595 improbatur
596 549 745 586 consilio
764 548 928 593 rationis,
945 558 1018 584 non
1036 547 1111 584 fiat.

41 609 154 654 ¹Quod
166 611 196 646 si
210 611 302 646 ratio
316 610 412 655 quod
426 610 526 655 prius
542 616 639 647 reete
652 610 854 646 faciendum
866 619 945 646 esse
956 609 1115 645 decrevit

42 678 134 718 'post
142 671 322 717 improbet
332 683 341 714 ;
360 672 390 707 si
399 678 602 717 peccatum,
614 673 754 709 consilii
767 683 776 707 :
788 672 841 707 sic
850 678 970 708 tamen
980 676 1019 707 ut
1028 680 1114 707 non-

42 733 123 770 anisi
142 733 275 768 rationi
293 733 405 770 motio
426 733 485 769 illa
504 735 720 770 consentiat.
743 734 950 770 Secundum
983 734 1111 780 mysti-

39 806 132 834 «cum
151 800 272 832 autem
305 806 452 832 sensum
476 803 558 833 vota
592 808 699 833 nemo
716 802 836 843 potest
869 795 1018 837 offerre,
1041 795 1110 831 nisi

38 856 110 903 oqui
128 855 237 892 habet
258 856 393 902 aliquid
413 857 449 892 in
476 857 671 902 semetipso
692 862 728 893 et
751 857 788 891 in
816 853 1017 891 substantia
1045 863 1110 889 sua

38 919 146 965 oquod
162 919 290 956 offerat
315 919 402 956 Deo.
426 919 503 956 Non
539 920 670 956 sufficit
705 920 775 955 iste
809 917 969 954 exterior
1002 917 1110 952 homo

38 980 165 1028 llegem
185 981 248 1017 Dei
268 982 463 1027 suscipere,
503 991 570 1016 nec
603 985 685 1015 vota
719 979 818 1015 solus
853 976 997 1013 offerre.
1031 976 1109 1012 Non

38 1041 145 1077 renim
160 1045 280 1086 potest
297 1039 434 1084 aliquid
452 1039 600 1083 dignum
626 1038 700 1074 Deo
718 1038 866 1072 habere.
885 1035 956 1072 Sed
975 1036 1033 1072 ille
1054 1037 1109 1072 in-

39 1100 160 1136 «terior
183 1103 239 1134 est
267 1099 390 1141 homo,
413 1098 473 1142 qui
494 1098 607 1143 magis
645 1096 755 1132 habet
786 1097 822 1131 in
849 1107 887 1132 sc
921 1097 1016 1142 quod
1053 1095 1107 1131 oi-

37 1161 138 1198 lferat
153 1160 237 1195 Deo.
249 1159 286 1194 ln
306 1159 367 1194 illo
385 1168 540 1203 namque
559 1163 614 1194 est
643 1156 889 1193 habitaculum
907 1157 1103 1199 virtutium

34 1222 81 1258 oin
108 1221 167 1256 illo
190 1220 306 1257 omnis
338 1219 540 1255 intellectus
576 1219 757 1262 scientiae3
795 1219 831 1254 in
852 1218 913 1254 illo
938 1224 992 1254 est
1012 1219 1105 1253 ima-

35 1283 139 1330 ‘ginis
175 1282 360 1318 innovatio
384 1294 391 1316 z
421 1281 482 1327 qui
511 1291 593 1316 cum
626 1281 782 1326 speciem
822 1291 938 1323 suam,
966 1291 1044 1327 quae
1062 1291 1104 1316 ex

35 1343 147 1379 ninitio
166 1353 186 1378 a
206 1343 280 1379 Deo
295 1342 389 1378 sacta
409 1347 479 1385 est,
498 1342 740 1388 recupaverit,
774 1347 810 1377 et
828 1342 1005 1377 virtutum
1028 1343 1107 1388 pul-

34 1403 288 1439 ‹chritudinem
316 1403 448 1448 prioris
469 1402 594 1438 fornice
613 1402 813 1448 repererit,
846 1407 932 1437 tunc
953 1401 1028 1446 jam
1048 1412 1109 1447 po-

35 1468 114 1500 ‹test
133 1470 216 1500 vota
239 1464 371 1499 offerre
389 1464 484 1506 Deo3
505 1468 541 1498 et
564 1462 734 1506 tuncjam
756 1473 828 1498 non
849 1463 965 1498 solum
984 1463 1104 1507 homo,

39 1524 107 1559 sed
121 1524 228 1559 homo
247 1524 399 1558 dicetur.
421 1522 511 1558 Nam
528 1523 588 1568 qui
606 1523 818 1558 interiorem
835 1523 1017 1559 hominem
1035 1533 1107 1559 non

33 1583 194 1625 excolit,
217 1583 277 1628 qui
299 1582 394 1618 illius
414 1592 541 1617 curam
573 1593 644 1618 non
677 1583 781 1628 gerit,
815 1583 875 1628 qui
911 1582 1106 1618 virtutibus

33 1654 125 1680 ·euni
152 1654 223 1679 non
244 1644 406 1686 instruit,
429 1644 590 1680 moribus
620 1654 691 1680 non
707 1651 828 1687 ornat,
851 1644 982 1679 divinis
1003 1644 1107 1679 insti-

34 1706 243 1742 ‹tutionibus
259 1717 330 1742 non
354 1711 516 1749 exercet,
537 1706 752 1751 sapientiam
783 1706 846 1741 Dei
868 1716 939 1741 non
961 1705 1103 1750 quaerit,

34 1766 204 1803 ¹scientiae
218 1765 490 1811 Scripturarum
506 1776 653 1811 operam
672 1777 741 1802 non
761 1765 946 1811 impendit,
960 1765 1019 1800 hic
1034 1771 1105 1800 non

33 1832 163 1873 1potest
183 1827 290 1862 homo
324 1827 433 1862 homo
466 1826 538 1862 dici
552 1853 561 1870 ,
585 1827 647 1862 sed
677 1827 784 1862 homo
824 1831 961 1868 tamen,
998 1826 1105 1860 homo

34 1887 226 1923 zanimalis.
254 1886 338 1923 Scio
365 1887 507 1923 diversa
536 1893 619 1923 vota
650 1888 687 1923 in
724 1886 921 1932 Scripturis
941 1885 1102 1921 referri:

34 1950 145 1986 Anna
164 1949 303 1996 quidem
322 1950 409 1984 vovit
428 1949 501 1984 Deo
537 1949 691 1994 fructum
719 1949 847 1984 ventris
876 1949 951 1991 sui,
987 1954 1018 1982 et
1039 1947 1105 1982 Sa-

33 2010 189 2046 ·muelem
204 2011 417 2046 consecravit
437 2010 474 2044 in
494 2008 620 2055 templo
639 2008 674 2055 (Ι
696 2008 781 2055 Req.
805 2007 968 2055 1).'Alius
987 2009 1102 2054 quod—

32 2079 182 2115 ‹cunque
197 2069 264 2105 sibi
287 2074 369 2114 post
383 2068 573 2105 victoriam
601 2068 766 2104 redeunti
786 2068 1019 2111 occurrisset,
1042 2078 1103 2104 vo-

32 2131 94 2167 ·vit
112 2131 186 2167 Deo
208 2143 215 2166 ε
241 2136 277 2169 et
294 2135 508 2167 occurrente
529 2130 622 2173 filia,
644 2135 727 2166 vota
749 2126 983 2176 lacrymanda
1011 2140 1096 2176 per-

31 2190 152 2229 isolvit
167 2191 300 2238 (Judic.
320 2191 376 2238 n).
393 2191 462 2226 Alii
476 2192 608 2228 vitulos
625 2196 687 2227 aut
707 2192 851 2234 arietes,
873 2197 935 2227 aut
955 2192 1096 2235 domos,

32 2256 107 2287 ⁴aut
126 2252 197 2287 alia
232 2251 436 2297 hujusmodi
468 2253 606 2288 ratione
633 2253 794 2288 carentia
821 2258 905 2288 vota
943 2253 1100 2289 offerunt

35 2313 132 2350 tneo.
153 2313 220 2349 Ille
240 2325 317 2349 vero
332 2314 392 2360 qui
413 2314 608 2360 appellatur
641 2313 852 2356 Nazaraeus,
873 2315 1096 2360 semetipsum

31 2373 175 2410 fdevovit
202 2374 275 2409 Deo
311 2374 436 2421 (Num.
460 2374 525 2422 vl).
546 2374 621 2410 Hoc
659 2380 714 2410 est
743 2375 838 2410 enim
874 2380 998 2410 votum
1034 2374 1101 2409 Na·

32 2435 162 2478 waraei,
181 2434 277 2480 quod
288 2440 343 2471 est
356 2445 465 2480 super
484 2445 591 2471 omne
606 2441 742 2471 votum.
760 2434 852 2471 Nam
873 2436 902 2471 si
921 2435 1034 2470 filium
1050 2435 1103 2470 os-

31 2492 136 2532 tferat
155 2495 211 2531 vel
234 2495 359 2538 filiam,
381 2501 444 2532 aut
472 2507 583 2542 pecus
604 2502 666 2532 aut
693 2497 880 2542 praedium,
900 2498 968 2532 hoc
988 2502 1102 2532 totum

30 2562 147 2594 iextra
178 2567 244 2592 nos
274 2563 341 2593 est.
385 2557 626 2603 Semetipsum
662 2557 793 2593 offerre
829 2557 902 2592 Deo
916 2583 925 2599 ‚
957 2562 993 2592 et
1029 2567 1101 2591 non

33 2616 162 2652 alieno
177 2616 388 2658 labore,sed
410 2618 556 2662 proprio
579 2617 737 2661 placere,
754 2618 823 2652 hoc
836 2623 891 2652 est
907 2616 1103 2661 perfectius

31 2683 79 2715 «et
94 2678 312 2714 eminentius
341 2678 506 2713 omnibus
522 2678 631 2714 votis.
653 2677 755 2721 Quod
773 2678 834 2723 qui
855 2677 960 2721 facit,
982 2678 1102 2713 imita·

32 2742 100 2774 :tor
116 2743 172 2774 est
186 2737 334 2774 Christi.
351 2738 413 2773 Ille
437 2738 534 2774 enim
563 2738 660 2774 dedit
676 2738 814 2774 homini
832 2743 979 2781 terram,
1002 2747 1102 2774 mare

30 2803 80 2836 tet
95 2799 216 2835 omnia
236 2799 372 2845 quaein
410 2799 462 2835 eis
496 2799 642 2847 suntad
672 2799 907 2845 obsequium;
940 2799 1039 2835 dedit
1065 2805 1102 2835 et

30 2859 193 2903 uooelum;
215 2859 327 2896 solem
343 2869 484 2905 qnoque
508 2865 544 2896 et
563 2859 685 2895 lunam
705 2865 740 2896 et
758 2860 881 2896 stellas
912 2860 1101 2896 hominum

1184 306 1365 352 possimus
1379 304 1581 341 advertere.
1602 303 1736 340 Omnes
1751 306 1814 350 qui
1827 307 1892 342 sub
1908 307 1985 354 lege
2004 310 2070 349 Dei
2081 317 2234 356 vivimus

1184 369 1220 401 et
1242 365 1281 401 in
1299 365 1462 402 Ecclesia
1494 364 1572 410 ejus
1604 364 1805 407 habemus,
1840 365 1950 411 aliqui
1970 370 2035 404 sub
2059 377 2235 423 patribus,

1183 425 1295 471 aliqui
1313 426 1380 461 sub
1395 425 1485 461 viris
1504 424 1660 471 agimur.
1672 423 1717 459 Et
1734 423 1912 469 siquidem
1929 428 2077 471 parvulo
2094 435 2150 466 est
2158 434 2238 470 ani-

1182 495 1243 523 ma
1256 512 1267 530 ‚
1287 490 1323 521 et
1340 485 1444 521 initia
1462 485 1571 521 habet
1590 485 1626 520 in
1642 484 1904 521 eruditionibus
1923 486 2066 531 divinis,
2081 488 2158 525 haee
2176 493 2241 529 sub

1182 555 1286 595 patre
1307 558 1415 596 agere
1430 548 1611 584 credenda
1630 551 1699 583 est.
1720 546 1759 583 Si
1779 556 1866 582 vero
1878 545 1954 592 jam
1972 547 2127 584 adultior
2145 548 2242 587 facta

1183 615 1240 647 est
1260 615 1301 647 ut
1318 610 1410 654 viri,
1442 610 1493 646 ita
1510 615 1640 656 potens
1671 609 1718 645 sit.
1743 610 1788 644 ad
1820 609 2094 655 concipiendum
2121 620 2244 649 semen

1182 674 1283 710 verbi
1298 673 1379 716 Dei,
1395 678 1433 709 et
1452 672 1626 718 spiritalis
1647 671 1820 708 doctrinae
1837 681 1967 717 capere
1995 675 2148 714 secreta,
2167 672 2245 709 haec

1182 735 1249 771 sub
1266 734 1345 770 viro
1366 733 1483 779 posita
1501 733 1644 769 dicitur.
1657 730 1718 767 Sic
1727 732 1825 767 enim
1841 736 1877 767 et
1894 731 2037 768 dicebat
2052 730 2187 767 Paulus
2197 731 2242 769 de

1181 794 1377 831 Corinthiis
1394 807 1401 829 τ
1427 793 1514 829 Volo
1536 799 1652 828 autem
1669 804 1726 828 vos
1747 793 1809 827 uni
1829 793 1903 828 viro
1920 792 2090 839 virqinem
2110 798 2243 828 castam

1179 856 1338 892 exhibere
1363 855 1499 891 Christo
1533 854 1580 902 (I
1608 854 1690 890 Gor.
1710 854 1766 901 ιι).
1795 853 1864 898 Qui
1887 864 1973 890 vero
2006 853 2244 900 perfectiores

1179 924 1264 954 sunt
1282 923 1318 954 et
1333 918 1604 960 eminentiores,
1626 919 1696 954 boc
1717 918 1760 954 de
1781 917 1851 953 illis
1882 927 1953 953 non
1974 917 2121 960 dicitur,
2141 916 2240 963 quod

1178 979 1244 1013 sub
1264 978 1343 1014 viro
1373 979 1458 1014 sint.
1481 977 1551 1014 Sed
1572 978 1655 1013 audi
1674 978 1854 1023 quomodo
1873 977 1919 1014 de
1939 977 2134 1023 semetipso
2169 977 2244 1013 sui-

1177 1046 1246 1081 que
1277 1038 1455 1073 similibus
1472 1038 1683 1082 pronuntiet
1702 1043 1737 1074 et
1753 1038 1886 1074 Paulus
1904 1050 1912 1073 :
1932 1039 2050 1074 Donec
2079 1049 2244 1074 occurra-

1176 1108 1252 1132 mus
1269 1124 1278 1140 ,
1296 1097 1411 1143 iuquit
1429 1125 1438 1141 ,
1461 1109 1578 1133 omnes
1606 1099 1644 1133 in
1663 1099 1775 1133 virum
1792 1099 1984 1145 perfectum
1998 1126 2007 1143 ‚
2036 1100 2074 1135 in
2103 1110 2244 1135 mensu-

1176 1168 1252 1192 ram
1286 1159 1400 1193 [etatis
1432 1157 1659 1204 plenitudinis
1695 1157 1824 1194 Christi
1860 1158 2010 1206 (Ephes.
2040 1158 2113 1205 iv).
2153 1158 2245 1196 Huic

1175 1229 1260 1265 ergo
1299 1219 1450 1262 aniniae,
1483 1230 1562 1264 (με
1600 1220 1636 1254 in
1673 1219 1791 1254 virum
1825 1218 2024 1265 perfectum
2056 1220 2243 1264 occurrit,

1174 1290 1280 1315 nemo
1323 1280 1531 1315 dominatur
1568 1280 1603 1314 in
1641 1280 1757 1322 votis,
1792 1280 1853 1315 sed
1889 1280 1998 1316 habet
2024 1284 2241 1325 potestatem

1175 1349 1323 1375 suorum
1365 1339 1644 1384 libertatemque
1683 1344 1863 1374 votorum.
1903 1338 1941 1374 Si
1975 1345 2094 1374 autem
2120 1340 2240 1376 adhuc

1177 1398 1319 1434 feminei
1342 1399 1483 1445 generis
1504 1398 1614 1434 suerit
1642 1400 1783 1442 anima,
1803 1400 1860 1434 cui
1884 1399 1941 1434 vel
1960 1400 2036 1442 vir,
2060 1400 2117 1436 vel
2140 1405 2244 1445 pater

1175 1459 1379 1495 dominetur
1400 1460 1435 1494 in
1459 1460 1567 1502 votis,
1595 1470 1667 1495 non
1685 1469 1828 1506 semper
1849 1460 1884 1495 in
1918 1461 1994 1505 ipsa
2031 1466 2086 1496 cst
2116 1460 2240 1507 culpa,

1175 1522 1237 1558 sed
1259 1521 1441 1557 interdum
1462 1522 1556 1557 redit
1582 1523 1627 1558 ad
1647 1522 1745 1558 viros
1770 1522 1826 1558 vel
1847 1523 1891 1559 ad
1914 1529 2097 1569 parentes.

1585 1581 1738 1619 CAPUT
1765 1582 1825 1618 IV.

1222 1644 1274 1680 De
1301 1643 1454 1680 vindicta
1484 1644 1522 1679 in
1553 1643 1772 1679 Madianitas
1790 1649 1822 1679 et
1845 1643 1996 1680 Balaam
2023 1645 2190 1681 ariolum.

1223 1705 1332 1752 (Car.
1352 1704 1470 1751 xxxi.)
1488 1705 1641 1740 Locutus
1658 1711 1708 1740 est
1739 1704 1911 1741 Dominus
1933 1706 1978 1754 qd
2000 1706 2166 1752 Moysen,
2184 1706 2241 1742 di-

1174 1778 1252 1802 cens
1268 1778 1279 1802 .·
1293 1765 1466 1802 Ulciscere
1483 1767 1581 1812 prius
1597 1766 1690 1811 filios
1707 1765 1823 1802 Israel
1841 1767 1883 1802 de
1905 1766 2128 1810 Madianitis,
2141 1773 2172 1803 et
2189 1767 2241 1803 sic

1174 1828 1348 1875 colliqeris
1380 1829 1426 1864 ad
1454 1828 1621 1874 populum
1657 1834 1770 1863 tuum.
1811 1827 1924 1874 Igitur
1957 1828 2127 1864 scandala
2158 1837 2238 1874 quae

1174 1889 1382 1926 acciderant
1412 1888 1608 1930 Israelitis,
1637 1889 1807 1934 quoniam
1838 1888 2139 1935 tergiversatione
2163 1887 2238 1924 Ma-

1175 1952 1394 1987 dianitarum
1413 1951 1619 1986 acciderant
1638 1950 1721 1997 (ipsi
1737 1950 1835 1987 enim
1853 1951 2142 1986 subornaverant
2156 1960 2236 1986 mu-

1174 2011 1295 2054 lieres,
1327 2021 1408 2056 quae
1423 2021 1485 2047 eos
1515 2011 1733 2056 deceperant
1752 2016 1792 2046 ut
1812 2016 2006 2057 peccarent
2027 2021 2148 2047 coram
2169 2011 2241 2047 Do-

1173 2073 1313 2119 mino),
1335 2073 1386 2108 illi
1404 2072 1548 2118 quidem
1566 2082 1632 2117 pro
1657 2078 1807 2117 peceato
1827 2081 1894 2107 suo
1916 2072 2143 2117 pertulerunt
2159 2072 2235 2107 vin-

1173 2133 1323 2176 dictam,
1352 2133 1573 2169 mediocrius
1598 2137 1720 2167 tamen
1741 2137 1778 2168 et
1795 2131 1962 2178 parcius;
1997 2132 2035 2166 hi
2065 2140 2152 2167 vero
2176 2130 2239 2177 qui

1173 2197 1227 2232 eis
1263 2196 1408 2232 fuerant
1444 2206 1554 2232 eausa
1588 2195 1765 2242 peccandi
1783 2223 1793 2239 ‚
1828 2195 1942 2232 multo
1976 2194 2239 2232 vehementiori

1173 2257 1359 2303 subjacent
1375 2257 1515 2293 ultioni.
1534 2256 1637 2293 Unde
1660 2256 1965 2302 edocemur‚quia
1984 2256 2088 2300 longe
2101 2255 2239 2302 sitgra-

1171 2318 1250 2352 vius
1278 2327 1424 2352 causam
1452 2317 1615 2361 praehere
1640 2317 1796 2361 peccati,
1830 2326 1937 2361 quam
1960 2316 2076 2361 ipsum
2104 2324 2238 2351 unum·

1172 2386 1351 2422 quemque
1372 2385 1533 2420 peccare.
1567 2375 1629 2411 Sic
1650 2381 1686 2411 et
1705 2376 1879 2410 Dominus
1905 2374 2071 2419 designat
2084 2383 2166 2409 cum
2185 2373 2236 2410 di-

1171 2439 1235 2480 cit,
1260 2437 1343 2483 quia
1376 2436 1500 2471 melius
1520 2436 1637 2481 suerat
1657 2436 1831 2471 hominem
1854 2446 1923 2470 non
1950 2435 2060 2477 nasci,
2080 2440 2141 2469 aut
2160 2444 2236 2469 mo-

1171 2498 1241 2533 lam
1256 2497 1450 2531 asinariam
1476 2496 1580 2541 liqari
1600 2495 1694 2530 circa
1711 2494 1839 2530 collum
1858 2495 1948 2540 ejus,
1970 2500 2002 2528 et
2018 2493 2232 2539 proecipitart'

1170 2560 1206 2593 in
1225 2556 1440 2603 profundum
1468 2556 1594 2598 maris,
1618 2566 1723 2600 quam
1743 2561 1781 2589 ut
1803 2553 2020 2589 scandalizet
2051 2564 2160 2588 unum
2189 2553 2232 2588 de

1169 2617 1306 2665 pusillis
1326 2617 1399 2652 istis
1433 2616 1578 2663 (Mattlt.
1601 2615 1720 2660 xvui).
1754 2614 1869 2651 Simul
1899 2614 2157 2650 advertendum
2177 2618 2233 2650 est

1170 2679 1342 2725 quoniam
1362 2678 1505 2723 quidem
1524 2687 1655 2713 nomen
1677 2676 1838 2712 scandali
1857 2686 1877 2711 a
1892 2675 2076 2712 nonnullis
2093 2676 2231 2711 incom-

1168 2745 1333 2786 petenter
1363 2739 1619 2784 praesumitur;
1659 2737 1744 2773 illud
1790 2736 2000 2773 scandalum
2033 2736 2132 2779 dico,
2169 2735 2231 2772 ubi

1170 2806 1268 2836 recto
1286 2800 1415 2838 itinere
1444 2797 1652 2834 amlnilandi
1670 2797 1834 2842 deceptio
1866 2796 1985 2842 aliqua
2014 2795 2166 2832 struitur
2183 2794 2230 2832 ad

1168 2865 1378 2907 peccatum,
1408 2864 1443 2894 et
1465 2859 1656 2904 subjicitur
1682 2868 1790 2894 causa
1819 2857 1994 2902 peccandi
2028 2866 2038 2891 :
2062 2856 2156 2892 sicut
2193 2859 2231 2892 et

31 2921 243 2957 tministerio
266 2922 463 2964 concessit;
484 2921 639 2967 pluvias,
663 2926 789 2957 ventos
818 2926 854 2957 et
875 2931 982 2958 omne
1001 2922 1099 2967 quod
1115 2929 1151 2968 1)
1170 2919 1372 2955 Madianitae
1392 2918 1660 2954 ambulantibus
1691 2918 1728 2953 in
1759 2917 1838 2960 lege
1863 2916 2011 2952 Domini
2042 2915 2228 2958 Israelitis,

31 2980 82 3017 iin
98 2981 232 3017 mundo
245 2987 301 3018 est
314 3009 323 3024 ,
342 2981 550 3017 hominibus
565 2981 714 3028 largitus
738 2987 804 3017 est.
828 2981 899 3017 Sed
924 2987 1004 3027 post
1023 2983 1100 3019 haee

29 3041 162 3077 comnia
178 3041 411 3086 semetipsum
425 3041 534 3076 dedit.
559 3040 617 3076 Sic
637 3042 729 3076 enim
748 3041 869 3077 dilexit
886 3041 980 3077 Deus
998 3053 1099 3078 mun-

29 3100 140 3145 sdum,
151 3108 188 3136 ut
201 3101 334 3136 Filium
355 3112 457 3136 suum
476 3101 691 3147 uniqenitum
705 3101 804 3137 daret
815 3113 877 3148 pro
892 3102 1014 3137 mundi
1030 3103 1098 3138 lm-

30 3159 100 3206 n'us
119 3161 188 3196 vita
213 3160 334 3207 (Joan.
356 3160 427 3207 ιιι).
447 3161 540 3205 Quid
566 3171 651 3207 ergo
682 3171 851 3207 magnum
873 3161 960 3198 facit
991 3163 1099 3199 homo

30 3223 278 3268 »semetipsum
298 3222 456 3259 offerens
474 3222 560 3266 Deo,
581 3233 663 3258 cum
692 3223 770 3269 ipse
788 3233 827 3259 se
847 3223 947 3269 prior
966 3224 1100 3260 obtulit

30 3281 165 3319 lBeus?
185 3281 224 3318 Si
243 3292 328 3329 ergo
346 3281 453 3317 tollas
481 3292 618 3317 crucem
636 3287 734 3317 tuam
761 3287 793 3317 et
810 3283 967 3329 sequaris
997 3281 1099 3318 Chri-

30 3346 134 3378 ·ntum
165 3341 309 3391 (Matth.
329 3341 426 3390 xvi),
447 3342 478 3379 si
496 3342 596 3379 dicas
616 3354 624 3377 :
655 3341 738 3378 Vivo
771 3348 886 3379 autem
914 3342 993 3388 jam
1030 3354 1099 3378 non

30 3411 120 3448 «eqo,
138 3403 218 3439 vivit
233 3414 315 3439 vero
337 3403 496 3439 Christus
522 3405 560 3439 in
590 3415 644 3440 me
662 3402 758 3451 (Gal.
781 3403 846 3451 ιι),
870 3404 901 3440 si
919 3404 1100 3440 desideret

30 3464 83 3496 ·et
108 3460 206 3498 sitiat
223 3463 344 3500 antima
363 3470 487 3500 nostra
506 3463 626 3500 redire
652 3469 689 3499 et
722 3473 803 3500 esse
825 3474 906 3499 eum
937 3463 1096 3505 Christo,

29 3519 142 3558 micui
158 3526 195 3558 et
212 3522 406 3570 Apostolus
425 3524 582 3567 dicebat,
605 3530 641 3562 et
663 3525 853 3573 praesentis
872 3524 994 3560 saeeuli
1023 3534 1096 3560 non

31 3598 34 3610 ι
48 3574 242 3631 delectetur
258 3583 450 3627 illecebris,
477 3590 514 3620 et
532 3585 562 3620 si
576 3594 720 3621 omnem
744 3585 872 3630 legem,
889 3594 969 3630 quae
982 3583 1096 3619 Naza-

31 3650 35 3663 ’-
48 3638 132 3676 raeis
147 3638 314 3692 αἰωρεῖ,
333 3643 544 3689 spiritaliter
562 3644 724 3690 impleat,
742 3649 829 3680 tune
847 3643 1094 3689 semetipsum,

31 3698 89 3738 tid
105 3705 174 3742 est,
191 3701 346 3754 animam
366 3713 467 3739 suam
491 3703 621 3754 obtulit
651 3704 739 3740 Deo.
762 3704 833 3741 Sed
858 3705 1017 3740 orandus
1033 3713 1098 3739 no-

31 3754 109 3800 }bis
131 3763 188 3796 est
202 3751 319 3817 Βορέῃ
329 3765 371 3821 ut
401 3762 624 3813 intelleetum
656 3763 744 3805 dare
761 3764 950 3813 dignetur,
974 3764 1006 3802 si
1038 3763 1095 3804 di-

1170 2988 1206 3016 et
1224 2979 1509 3018 custodientibus
1530 2978 1733 3014 castitatem
1751 3005 1760 3022 ,
1790 2979 2080 3014 subornaverunt
2104 2976 2231 3013 mulie-

1169 3051 1228 3077 res
1245 3050 1324 3086 quae
1339 3049 1401 3075 eos
1418 3038 1627 3084 deciperent
1642 3038 1686 3074 ad
1701 3037 1942 3083 peccandum.
1963 3036 2116 3073 Causam
2141 3045 2227 3082 ergo

1168 3100 1332 3148 praebere
1357 3099 1496 3146 peccati
1515 3125 1524 3141 ‚
1558 3098 1628 3134 hoc
1657 3102 1714 3134 est
1746 3097 2007 3134 scandalizare.
2039 3096 2226 3131 Verumta-

1170 3171 1252 3197 men
1276 3161 1383 3197 datur
1401 3159 1576 3203 vindicta,
1608 3158 1673 3194 sed
1703 3157 1815 3192 multo
1848 3156 1992 3201 gravior
2022 3155 2057 3189 in
2081 3162 2143 3188 eos
2161 3151 2223 3196 qui

1170 3223 1524 3264 scandalizaverunt,
1551 3220 1613 3266 qui
1634 3227 1780 3255 causam
1807 3215 1948 3261 peccati
1973 3214 2221 3259 praebuerunt,

1170 3294 1278 3330 quam
1299 3283 1335 3319 in
1355 3293 1418 3318 eos
1436 3282 1497 3327 qui
1516 3282 1768 3326 peecaverunt.
1788 3269 1902 3310 Sit'nul
1915 3278 1951 3308 et
1964 3272 2051 3308 illud
2069 3271 2220 3307 observa

1169 3345 1266 3392 quod
1287 3343 1452 3389 subjecit.
1470 3340 1666 3376 Novissime
1681 3341 1811 3376 autem,
1827 3333 1958 3378 inquit,
1972 3337 2004 3367 et
2017 3337 2055 3366 lu
2069 3341 2221 3378 appone-

1169 3405 1217 3439 ris
1233 3404 1278 3439 ad
1297 3402 1462 3449 poputum
1479 3406 1592 3434 tuam.
1616 3396 1654 3432 Si
1667 3394 1809 3440 quando
1829 3391 2017 3428 Samaritis
2031 3389 2218 3427 nobiscum

1168 3471 1289 3499 sermo
1325 3466 1394 3502 est,
1416 3460 1586 3504 quoniam
1616 3454 1760 3500 quidem
1795 3451 2096 3488 resurrectionem
2122 3459 2219 3487 mor-

1166 3525 1310 3556 tuorum
1340 3523 1485 3564 negant,
1517 3526 1584 3552 nee
1603 3513 1782 3559 recipiunt
1812 3510 1923 3546 futuri
1942 3510 2064 3548 saeeuli
2093 3509 2218 3552 fidem,

1164 3578 1381 3625 perfigamus
1397 3587 1461 3613 eos
1479 3586 1526 3612 ex
1548 3575 1605 3610 his
1621 3573 1762 3615 verbis,
1779 3570 1911 3617 quibus
1939 3570 2112 3606 Dominus
2128 3567 2219 3605 dicit

1166 3639 1211 3674 ad
1229 3637 1374 3684 Moysen
1391 3636 1476 3682 quia
1490 3639 1692 3682 apponatur
1708 3633 1752 3668 ad
1768 3630 1938 3678 populum
1948 3629 2076 3666 suum?
2099 3627 2214 3665 Nemo

1166 3698 1262 3736 enim
1282 3698 1427 3744 ponitur
1445 3696 1490 3732 ad
1502 3705 1564 3732 eos
1580 3695 1727 3741 quinon
1744 3698 1841 3729 sunt.
1859 3691 1961 3728 Unde
1978 3694 2119 3727 constat
2134 3697 2217 3726 esso

1165 3759 1319 3807 aliquem
1331 3757 1515 3806 populum,
1535 3756 1594 3795 cui
1608 3754 1746 3803 Moyses
1762 3758 1842 3802 post
1856 3752 1940 3790 vitae
1953 3749 2060 3798 bidus
2075 3749 2215 3793 exitum

2403 136 2457 201 ᾧ
