2540 4016
346 270 417 310 499

766 263 805 297 Β.
833 261 1001 299 RABANI
1025 258 1170 300 naum
1193 258 1405 319 ARCHIEP.
1432 254 1637 300 MOGUNT.
1665 261 1854 303 OPERUM
1879 265 1998 303 PARS
2023 267 2050 303 1.

1692 310 1722 345 ὁ
2427 260 2498 310 soo

344 349 398 383 est
418 344 572 385 erimus,
595 348 708 385 neque
724 337 819 373 enim
838 337 896 372 his
917 337 1140 373 naturalibus
1159 337 1382 373 necessitati·
1401 338 1438 379 A
1452 348 1513 385 eqo
1530 338 1714 377 Dominus.
1740 339 1796 377 Ne
1814 341 1980 388 polluatis
1996 352 2118 377 nomen
2139 347 2298 378 sanctum
2313 354 2440 390 meum,
2462 354 2525 383 uti

341 404 408 442 bns
426 402 717 450 s‘ubJacebimus:
747 396 878 431 Octava
896 401 1012 431 autem
1028 395 1084 431 die
1100 396 1221 441 offerri
1242 396 1380 443 poterit.

341 463 443 508 Quod
462 459 688 507 Septuaginta
707 455 759 491 sic
775 454 914 490 edunt:
942 454 1045 490 Dona
1069 461 1184 491 autem
1203 461 1235 492 et
1251 457 1383 493 hostias

340 523 499 563 Domino,
517 521 550 555 id
569 522 634 561 est,
649 515 808 562 perfecta
825 519 861 550 et
876 513 1014 561 integra
1031 515 1068 550 hi
1088 514 1154 560 qui
1169 515 1206 552 in
1223 507 1292 552 hac
1309 516 1383 552 vita

338 582 625 629 praeparaverunt
644 576 859 612 oblationem
885 584 999 610 suam.
1030 567 1224 612 sciendum
1243 582 1299 613 est
1319 586 1383 612 au-
1392 589 1399 593 ⁸

338 646 423 682 tem,
442 638 535 684 quod
553 636 721 682 quoniam
740 634 924 670 mutabilis
943 639 997 670 est
1014 640 1139 671 nostra
1157 635 1244 679 vita,
1265 642 1383 671 muta-

335 700 520 745 tionesque
551 697 682 732 multas
703 701 739 731 et
765 695 965 732 voluntates
984 696 1147 742 suscipit,
1180 701 1308 732 octava
1324 687 1382 732 die

335 760 466 796 oblatio
485 763 630 803 accepta
652 756 687 791 in
706 755 836 791 saeculo
856 755 994 791 scilieet
1012 755 1132 791 futuro
1156 756 1210 799 fit,
1234 761 1382 803 propter

337 820 431 866 quod
451 819 539 855 dixit
558 817 722 853 Salomon
744 829 751 850 ε
772 815 860 851 Ante
887 823 1031 852 mortem
1058 828 1099 852 ne
1118 816 1239 853 laudes
1259 828 1380 864 quem-

335 890 437 935 qggam
465 878 633 913 hominem
660 875 784 923 (Ecca.
807 875 871 923 xl).
894 875 983 911 Cum
1006 882 1126 912 autem
1152 877 1230 912 haec
1263 877 1314 912 ita
1342 887 1381 913 se

335 940 663 982 habeannmatrem
679 946 803 972 rursus
818 935 1015 972 Ecclesiam
1030 942 1066 972 et
1080 937 1232 983 gratiam
1250 937 1382 982 quaein

331 1007 372 1033 ea
389 1003 442 1034 est
469 997 720 1044 intelligamus.
750 997 799 1033 De
830 1008 900 1043 qua
921 997 1091 1033 Salomon
1115 998 1152 1033 in
1175 999 1381 1034 Proverbiis

331 1058 439 1094 dicit:
459 1057 564 1100 Audi,
586 1057 652 1102 fili,
675 1057 896 1104 disciplinam
915 1059 1024 1104 patris
1046 1059 1110 1101 tui,
1134 1065 1164 1094 et
1185 1071 1225 1094 ne
1241 1060 1381 1095 dimise-

331 1117 377 1152 ris
406 1116 510 1162 leqem
534 1117 655 1152 mamis
688 1123 770 1152 tuoe.
804 1117 953 1161 Quando
984 1128 1070 1163 ergo
1103 1119 1233 1164 aliquis
1263 1119 1380 1164 gratia

331 1177 509 1222 Evangelii
534 1182 726 1222 generatus
745 1176 867 1221 fuerit,
890 1178 1087 1214 secundum
1107 1179 1202 1224 quod
1220 1179 1271 1215 ait
1288 1179 1380 1215 Pau-

1450 400 1648 445 sanctificer
1670 401 1707 436 in
1728 400 1841 437 medio
1863 401 2018 446 liliorum
2057 401 2204 437 Israel:
2226 414 2287 450 eqo
2311 403 2499 452 Dominus,
2536 405 2540 415 “

1449 459 1508 504 qui
1521 459 1698 504 sanctifico
1715 471 1788 504 vos,
1803 466 1836 495 et
1854 460 1960 496 eduxi
1982 462 2025 497 de
2047 467 2140 498 terra
2160 461 2321 509 AEqypti‚
2339 471 2376 500 ut
2390 477 2501 503 essem
2520 476 2540 521 j

1448 518 1543 553 vobis
1570 517 1607 553 in
1625 517 1766 554 Deum:
1792 530 1853 580 eqo
1871 517 2058 557 Dominus.
2077 521 2148 567 (Ex
2168 521 2356 570 Hesychia.
2360 524 2374 572 )
2399 515 2502 564 Sicut

1449 575 1731 612 satisfactionem
1763 576 1836 613 non
1862 577 1986 621 habet,
2008 579 2039 615 si
2068 580 2149 626 quis
2181 581 2374 621 inchoante
2399 585 2501 623 Nom

1449 629 1679 672 Testamento
1692 637 1874 673 veteribus
1889 638 2036 682 serviat,
2047 644 2084 675 ει
2101 642 2306 688 evangeliea
2323 646 2500 690 praedica-

1449 694 1547 732 tione
1560 701 1741 739 currente,
1763 692 1960 735 secundum
1986 698 2141 738 litteram
2160 703 2270 748 vivat,
2296 705 2427 752 injuria
2445 713 2502 744 est

1448 756 1544 792 enim
1561 756 1653 803 ejus,
1675 758 1736 804 qui
1756 765 1909 806 utraque
1930 761 2063 812 sanxit,
2083 763 2200 800 sinon
2214 767 2436 812 temporibus
2455 769 2500 804 ab

1448 823 1492 853 eo
1511 817 1690 855 distinctis
1709 820 1917 856 obediamus
1938 831 1947 856 :
1973 821 2025 858 sic
2047 823 2125 859 sine
2143 824 2216 860 ulla
2241 827 2344 863 venia
2361 835 2416 864 est
2435 839 2502 874 pu-

1449 883 1526 915 tare
1545 880 1747 926 quempiam
1767 881 1824 916 vel
1841 882 1988 918 omnino
2015 883 2193 929 cogitare,
2221 886 2304 930 quia
2323 887 2362 921 in
2380 887 2500 923 futuro

1449 945 1608 986 tempore
1625 943 1844 987 operandum
1867 943 2001 989 aliquid
2032 954 2158 980 eorum
2179 956 2258 991 quae
2280 957 2375 983 nunc
2395 949 2500 984 nobis

1448 1000 1494 1036 ad
1521 1001 1742 1045 operandum
1760 1007 1939 1047 praecepta
1962 1007 2064 1046 sunt,
2087 1010 2322 1041 conservatur
2341 1019 2349 1041 :
2373 1005 2414 1042 Si
2436 1007 2502 1042 im-

1448 1059 1675 1104 molaveritis,
1703 1061 1840 1107 inquit,
1872 1062 2022 1097 hostiam
2052 1074 2114 1109 pro
2145 1064 2339 1109 qratiarum
2367 1066 2501 1102 actione

1448 1121 1599 1158 Domino
1618 1150 1627 1165 ,
1646 1123 1890 1170 evangelicam
1909 1124 1941 1160 ei
1957 1125 2270 1161 conversationem
2290 1128 2502 1172 promitten-

1449 1186 1517 1218 tes.
1539 1182 1623 1218 Haec
1635 1188 1691 1218 est
1707 1183 1803 1219 enim
1823 1184 2020 1230 gratiarum
2038 1185 2190 1220 actionis
2203 1185 2318 1221 hostia
2335 1175 2515 1230 Domino,v

328 1236 384 1272 lus
406 1248 413 1270 :
432 1236 476 1270 In
496 1235 633 1271 Christo
656 1237 747 1271 enim
776 1237 861 1271 Jesu
894 1248 954 1282 per
987 1237 1218 1283 Evanqelz'um
1241 1250 1301 1284 esso
1322 1250 1379 1273 vos
1400 1235 1430 1274 B
1450 1243 1532 1289 quia
1554 1253 1775 1289 quaecunque
1804 1244 1849 1278 ad
1881 1243 2023 1278 laudem
2046 1242 2122 1287 ejus
2143 1248 2179 1279 et
2208 1244 2358 1288 gloriam
2387 1245 2502 1289 perti-

330 1297 431 1343 yenui
459 1297 504 1343 (Ι
539 1295 619 1332 Gor.
655 1297 712 1345 v),
741 1298 808 1334 sub
835 1298 1047 1344 intelligibili
1076 1304 1190 1334 matre
1217 1299 1377 1334 Ecclesia

327 1358 385 1394 vel
408 1359 521 1405 gratia
546 1366 682 1404 septem
707 1359 797 1402 dies,
831 1364 942 1394 totam
962 1360 1127 1395 videlicet
1163 1365 1378 1404 praesentem

329 1418 452 1461 vitam,
474 1429 551 1464 quae
575 1419 612 1454 in
634 1423 769 1464 septem
797 1419 922 1455 diebus
941 1420 1096 1454 volvitur
1114 1447 1122 1462 ‚
1150 1420 1219 1455 erit
1239 1419 1378 1465 legibus

328 1479 404 1524 eius
425 1486 460 1516 et
480 1481 724 1517 sanctionibus
740 1482 924 1524 obediens,
943 1482 995 1517 sic
1015 1482 1110 1516 enim
1124 1486 1250 1517 octava
1271 1482 1328 1516 die
1342 1481 1378 1516 in

327 1546 486 1587 tempore
519 1543 818 1586 resurrectionis,
855 1543 987 1578 donum
1017 1543 1085 1577 erit
1110 1548 1145 1577 et
1169 1541 1289 1578 hostia
1310 1541 1379 1577 Do-

329 1603 440 1645 mino,
464 1602 545 1647 quia
563 1602 766 1647 hujusmodi
786 1614 856 1638 non
873 1602 987 1638 solum
1004 1602 1156 1645 animas,
1174 1602 1235 1638 sed
1250 1607 1286 1637 et
1299 1612 1380 1637 cor-

329 1672 418 1708 pora
437 1663 650 1698 sacrificium
678 1669 840 1698 sanctum
860 1664 1102 1709 placitumque
1134 1663 1298 1708 suscipit.
1326 1662 1379 1697 Tu

330 1727 462 1765 autem,
481 1730 626 1768 propter
642 1723 718 1759 haec
737 1728 772 1759 et
794 1724 887 1769 quod
907 1725 1066 1770 sequitur
1085 1724 1196 1760 disce.
1224 1723 1302 1760 Sive
1320 1722 1380 1758 ille

332 1784 411 1827 hos,
431 1784 500 1819 sive
525 1784 586 1820 illa
609 1785 699 1828 ovis,
731 1796 798 1820 non
822 1785 1095 1821 immolabuntur
1120 1796 1191 1820 una
1219 1785 1274 1819 clic
1301 1794 1378 1818 cum

332 1846 468 1891 foetibus
491 1847 574 1881 suis.
596 1846 661 1883 Hic
678 1848 880 1884 nominibus
899 1849 985 1894 ipsis
1002 1849 1097 1884 aliud
1120 1858 1245 1884 rursus
1261 1852 1380 1883 osten-

331 1907 394 1942 dit.
423 1907 500 1944 Non
517 1914 658 1954 oportet
677 1910 771 1944 enim
792 1919 873 1952 eos,
894 1910 955 1954 qui
976 1909 1115 1944 Pascha
1134 1908 1379 1954 evangelicum

334 1967 529 2011 celebrant,
541 1968 635 2014 quod
655 1970 757 2005 nobis
774 1969 933 2004 Ecclesia
950 1969 1107 2010 tradidit,
1118 1968 1230 2014 legale
1241 1967 1381 2003 Pascha

331 2037 516 2073 peragere.
533 2027 634 2070 Quod
646 2028 773 2063 bovem
788 2033 823 2063 et
832 2038 934 2063 ovem
945 2027 1128 2073 legislator
1143 2028 1265 2063 dicens
1276 2027 1382 2073 signi-

333 2085 454 2120 sseavit
474 2097 482 2119 :
508 2086 591 2130 quia
614 2085 689 2121 haec
709 2086 878 2131 praecepit
903 2085 1039 2132 Moyses
1060 2087 1096 2121 in
1122 2087 1178 2122 die
1204 2086 1377 2133 paschali,

332 2144 427 2189 quod
440 2144 607 2179 traditum
623 2150 677 2180 est
694 2143 824 2180 ludaeis
839 2145 1036 2188 immolare,
1049 2147 1099 2182 ait
1116 2147 1231 2183 enim:
1252 2146 1297 2182 Et
1314 2148 1379 2182 im-

331 2201 478 2238 molabis
499 2201 636 2238 Pascha
651 2202 799 2239 Domino
817 2203 889 2239 Deo
905 2210 963 2238 tuo
980 2231 989 2247 ,
1006 2216 1082 2240 oves
1101 2212 1130 2240 et
1150 2205 1246 2241 boves
1259 2233 1267 2248 ,
1287 2206 1379 2242 sicut

333 2261 601 2298 Deuteronomii
610 2262 701 2299 liber
715 2264 903 2299 ostendere
909 2269 1038 2310 potest.
1049 2264 1173 2300 Foetus
1183 2271 1302 2301 autem
1313 2265 1379 2301 ho-

332 2330 424 2363 rum,
436 2321 512 2357 sive
524 2322 701 2367 paschalis
716 2322 835 2367 hujus,
855 2324 928 2360 sive
944 2324 1080 2360 Veteris
1094 2324 1325 2366 Testamenti,
1345 2329 1380 2361 ει

330 2379 407 2425 ejus
423 2390 504 2426 quae
518 2381 554 2416 in
570 2381 694 2427 figuris
709 2387 764 2418 est
779 2384 996 2427 traditionis,
1018 2383 1212 2419 Dominicae
1233 2383 1379 2420 Paschae

327 2448 393 2485 per
411 2439 564 2487 figuram
577 2440 875 2486 significationem
891 2443 1016 2486 habet;
1035 2444 1190 2479 sedillud
1201 2444 1379 2488 praecede-

327 2498 390 2535 bat
399 2498 435 2534 in
454 2504 548 2546 typo,
559 2499 655 2536 istud
663 2502 880 2546 sequebatur
889 2502 926 2537 in
935 2503 1087 2538 veritate
1100 2515 1107 2537 ε
1122 2509 1268 2549 propter
1283 2502 1379 2549 quod

328 2564 365 2596 et
378 2559 542 2596 Christus
549 2560 704 2606 primum
721 2562 915 2598 celebravit
928 2562 1119 2610 figuratum
1135 2563 1285 2608 Pascha,
1297 2570 1379 2611 post

329 2631 467 2657 coenam
483 2626 603 2658 autem
621 2622 842 2669 intelligibile
869 2624 992 2668 tradit,
1013 2631 1050 2661 et
1064 2630 1276 2670 angustante
1298 2636 1378 2661 eam

330 2686 508 2726 tempore,
520 2691 586 2727 pro
601 2681 658 2718 die
675 2683 803 2718 horam
821 2683 1038 2728 immutavit,
1058 2684 1115 2720 vel
1136 2685 1250 2732 magis
1269 2686 1377 2722 etiam

331 2741 439 2777 diem.
469 2742 508 2778 Si
530 2743 625 2778 enim
656 2743 702 2778 ad
730 2754 917 2790 vesperam
947 2751 1084 2791 quartae
1110 2746 1258 2783 decimae
1290 2747 1376 2790 diei,

331 2808 432 2836 eoena
452 2799 599 2837 Judaice
629 2802 807 2847 paschalis
834 2802 1037 2840 festivitatis
1056 2805 1269 2841 celebratur.
1291 2805 1379 2842 Post

333 2863 403 2900 hoe
418 2869 537 2899 autem
556 2863 720 2901 Christus
737 2865 927 2910 propriam·
946 2866 1093 2902 tradidit
1112 2877 1266 2903 coenam.
1290 2867 1378 2903 Post

298 2950 303 2971 Ξ
332 2930 520 2969 vesperam
539 2933 625 2970 ergo
643 2928 779 2969 quartae
804 2924 951 2961 decimae
974 2926 1044 2962 diei
1079 2926 1239 2963 tradidit.
1275 2927 1379 2972 Quod

331 2986 451 3017 autem
480 2985 561 3027 post
577 2990 766 3027 vesperum
781 2986 836 3018 est
863 2985 1004 3028 tempus
1020 3010 1030 3026 ,
1051 2984 1198 3020 alterius
1219 2985 1290 3022 diei
1309 2986 1377 3021 ini-

331 3042 420 3078 tium
451 3041 656 3078 omnimodo
676 3047 744 3078 est.
781 3042 974 3088 Oportebat
998 3045 1094 3081 enim
1121 3046 1190 3082 hoc
1221 3046 1301 3083 fieri
1332 3048 1378 3084 ad

331 3102 572 3138 ostensionem
589 3102 772 3149 temporis,
788 3104 871 3148 quia
884 3101 1028 3151 quando
1042 3110 1145 3142 vetus
1160 3105 1267 3143 finem
1281 3118 1378 3144 sum-

329 3162 416 3208 psit,
448 3166 533 3199 tame
553 3171 686 3198 novum
704 3162 849 3209 incepit.
877 3162 950 3200 Aut
975 3163 1069 3202 forte
1095 3172 1197 3203 vetus
1221 3167 1301 3204 illos
1318 3168 1377 3204 lex

330 3223 527 3270 siguificat,
553 3225 597 3261 de
615 3225 746 3271 quibus
765 3230 801 3262 et
821 3224 933 3262 Isaias
960 3226 1103 3263 dicebat
1127 3239 1135 3262 ε
1158 3227 1256 3263 Puer
1275 3235 1378 3264 natus

330 3290 380 3322 est
394 3285 504 3330 nobis,
520 3285 637 3322 Filius
651 3286 756 3323 datus
777 3291 829 3324 est
847 3287 945 3324 nobis
965 3286 1055 3335 (Isa.
1076 3287 1128 3335 ix)
1147 3301 1156 3323 :
1178 3289 1215 3324 in
1233 3288 1377 3325 Christo

329 3345 427 3382 enim
442 3347 535 3391 haee,
561 3351 599 3383 et
622 3356 702 3392 quae
721 3352 931 3394 sequuntur,
952 3347 1048 3385 dicta
1072 3353 1168 3384 sunt.
1198 3347 1264 3383 Hic
1291 3358 1376 3394 ergo

331 3406 433 3451 [mma
450 3406 526 3444 sive
553 3406 751 3443 secundum
780 3406 1012 3455 Septuaginta
1039 3407 1136 3454 filiis,
1160 3417 1234 3444 non
1250 3408 1377 3445 eadem

333 3466 405 3511 die,
432 3467 471 3503 in
485 3472 555 3514 qua
572 3468 707 3506 vitulus
731 3474 767 3506 et
787 3469 865 3506 ovis
883 3469 1041 3508 ludaicae
1057 3469 1264 3508 festivitatis
1286 3472 1379 3508 occi-

332 3526 496 3564 debatur.
528 3528 803 3573 Quartadecima
825 3531 923 3568 enim
947 3531 1006 3570 die
1032 3531 1173 3569 Pascha
1191 3533 1378 3569 celebran-

333 3590 401 3631 ιω,-
423 3586 465 3623 ἰιι·
480 3589 677 3626 erastinum
694 3588 818 3627 lesum
835 3591 1107 3629 crucifixerunt.
1127 3590 1299 3640 Sequitur
1320 3606 1328 3630 :

379 3645 421 3683 Si
431 3647 690 3686 {inmotam-itis
701 3650 849 3688 hostiam
862 3663 925 3700 pro
943 3654 1138 3700 qratiarum
1157 3654 1290 3690 actione
1305 3652 1377 3690 1³0-

332 3706 441 3751 mo,
469 3710 511 3744 itt
529 3709 636 3755 possit
655 3719 728 3747 esse
743 3711 941 3758 placabilis,
966 3713 1085 3750 eodem
1108 3715 1165 3751 die
1191 3713 1376 3751 comedetis

334 3768 424 3808 cuns,
440 3777 509 3803 mm
526 3769 714 3807 remanebit
731 3772 919 3819 quidquam
936 3774 974 3810 in
990 3782 1091 3811 mane
1114 3775 1258 3813 alterius
1270 3775 1350 3813 'diei
1362 3785 1375 3810 :

336 3826 404 3869 eqo·
417 3823 597 3864 Domus.
629 3827 806 3869 Concdite
825 3833 991 3871 mandata
1011 3844 1109 3881 mea,
1125 3843 1158 3872 et
1180 3837 1285 3884 facite
1302 3849 1342 3874 ea
1361 3845 1373 3872 .·

1447 1312 1533 1342 nent
1551 1333 1560 1349 ,
1579 1306 1730 1352 peragit.
1754 1306 1857 1350 Quod
1874 1307 2095 1342 demonstrat
2117 1307 2290 1342 Dominus
2315 1307 2499 1351 apostoliS,

1447 1367 1570 1404 dicens
1593 1380 1600 1402 ε
1636 1367 1764 1402 Luceat
1784 1366 1844 1403 lua:
1862 1373 1975 1403 vestra
2002 1379 2118 1402 coram
2143 1368 2338 1403 hominibus
2354 1395 2362 1410 ,
2382 1374 2421 1402 ut
2446 1368 2499 1403 vi-

1447 1426 1550 1461 deant
1577 1425 1664 1461 bona
1696 1432 1808 1461 vestra
1828 1437 1956 1471 opera,
1987 1432 2018 1461 el
2045 1425 2241 1472 qlorificent
2272 1425 2416 1461 Patrem
2443 1437 2501 1461 ve-

1447 1491 1571 1527 strum,
1590 1486 1648 1531 qui
1662 1486 1697 1520 in
1710 1485 1802 1520 coelis
1819 1492 1868 1520 est
1885 1485 2028 1530 (Matth.
2040 1485 2091 1531 v).
2110 1486 2318 1522 Immolatur
2332 1487 2500 1531 Domino,

1446 1550 1486 1581 ut
1517 1546 1631 1591 possit
1651 1555 1730 1581 esse
1754 1545 1962 1590 placabilis;
1998 1545 2094 1591 quod
2115 1546 2348 1592 Septuaginta
2377 1548 2500 1584 edide-

1448 1610 1553 1647 runt,
1576 1611 1752 1651 acceptum
1773 1604 1866 1640 vobis
1887 1603 2109 1640 immolabitis
2125 1632 2133 1646 ,
2167 1605 2203 1641 id
2236 1611 2311 1649 est,
2348 1606 2393 1642 ad
2421 1617 2502 1643 sus-

1448 1666 1651 1711 cipiendum
1691 1666 1796 1712 digne
1832 1666 2041 1711 praedIctam
2074 1667 2383 1703 conversationem
2418 1677 2503 1715 aga-

1448 1737 1550 1770 mus,
1586 1726 1814 1772 perlicientes
1842 1735 1921 1762 eam
1949 1731 1985 1762 et
2017 1737 2087 1763 non
2126 1727 2353 1763 imminutam
2391 1727 2501 1763 relin-

1448 1791 1613 1833 quentes,
1632 1791 1779 1833 propter
1797 1786 1892 1833 quod
1909 1792 1945 1822 et
1964 1786 2121 1822 subdidit
2143 1799 2151 1822 z
2172 1786 2304 1822 Eodem
2319 1786 2375 1822 die
2394 1797 2503 1821 come>

1449 1847 1536 1882 detis
1567 1858 1621 1889 ca,
1654 1857 1723 1881 non
1751 1846 1939 1882 remanebit
1960 1845 2150 1892 quidquam
2176 1846 2213 1880 in
2233 1857 2334 1881 mane
2357 1844 2501 1880 alterius

1448 1907 1529 1943 diei.
1549 1907 1587 1942 ln
1605 1912 1764 1953 tempore
1782 1907 1878 1943 enim
1897 1907 1979 1950 hoc,
2000 1906 2035 1941 in
2054 1916 2124 1952 quo
2138 1906 2206 1941 hoc
2221 1906 2430 1951 praedictum
2446 1910 2502 1941 εει

1449 1970 1676 2012 sacrificium,
1694 1970 1939 2016 permittimur
1952 1969 2142 2006 comedere
2159 1969 2261 2012 illud,
2282 1969 2317 2004 id
2331 1973 2400 2012 est,
2417 1977 2501 2013 ope-

1448 2031 1522 2066 rari
1556 2035 1592 2067 ει
1620 2031 1800 2076 complere
1832 2029 2014 2066 debemus.
2047 2029 2142 2065 Nihil
2174 2033 2292 2064 autem
2321 2028 2365 2064 de
2392 2027 2502 2063 eisin

1449 2100 1554 2126 mane
1587 2090 1811 2137 relinquere,
1845 2095 1886 2126 ut
1910 2089 2044 2135 aliquid
2066 2094 2248 2126 remaneat
2267 2089 2502 2133 reliquiarum

1448 2154 1580 2184 nostrae
1614 2149 1898 2186 conversationis
1938 2149 2181 2185 incorrectum
2218 2157 2335 2192 neque
2372 2147 2500 2183 incon-

1447 2215 1629 2255 sumptum
1657 2211 1793 2257 aliquid
1812 2211 1856 2247 de
1874 2210 2071 2247 virtutibus
2088 2214 2124 2245 et
2141 2209 2367 2255 inoperatum
2385 2207 2420 2242 in
2447 2206 2501 2242 l'u-

1447 2275 1529 2306 turo
1556 2271 1686 2308 saeculo
1714 2273 1973 2316 custodiamus,
1996 2270 2138 2318 quando
2156 2269 2233 2315 jam
2252 2278 2324 2303 non
2342 2270 2397 2303 est
2414 2265 2501 2312 ⁴lici-

1447 2336 1524 2368 tum
1547 2332 1701 2378 operari.
1735 2332 1803 2376 Qui
1837 2338 1933 2369 recte
1953 2343 2055 2367 mane
2084 2330 2227 2371 dicitur,
2261 2328 2296 2364 id
2321 2332 2387 2371 est,
2417 2326 2501 2372 quia

1446 2402 1518 2428 nox
1540 2402 1697 2437 praesens
1720 2393 1805 2436 vita,
1827 2398 2018 2438 propterea
2039 2402 2118 2437 quae
2138 2392 2174 2426 in
2197 2399 2239 2425 ea
2257 2399 2353 2425 nunc
2370 2392 2426 2424 est
2442 2397 2503 2423 ne-

1445 2452 1529 2488 bula
1557 2452 1775 2487 nominatur.
1807 2451 1882 2497 qu
1909 2450 2080 2486 Dominus
2101 2459 2114 2484 .·
2140 2448 2308 2484 custodite
2333 2446 2502 2482 mandata

1445 2523 1543 2556 mea,
1575 2518 1607 2547 et
1629 2511 1732 2556 facile
1765 2522 1819 2546 ea.
1851 2509 1926 2556 qu
1958 2509 2152 2552 Dominus,
2179 2507 2239 2553 qui
2270 2506 2329 2541 hic
2357 2504 2503 2551 quidem

1445 2569 1561 2616 legem
1577 2570 1772 2612 constituo,
1796 2569 1845 2605 ibi
1876 2573 1996 2604 autem
2011 2567 2134 2614 judico
2155 2578 2163 2600 :
2187 2565 2249 2610 qui
2265 2563 2501 2610 intelligibilia

1446 2629 1581 2665 talenta
1613 2629 1703 2665 meis
1737 2628 1851 2664 servis
1871 2628 1908 2663 in
1932 2626 2102 2673 praesenti
2121 2625 2252 2662 sacculo
2277 2625 2323 2660 ad
2348 2634 2501 2671 operan-

1446 2692 1530 2729 dum
1551 2691 1644 2734 dedi,
1676 2691 1715 2726 in
1732 2689 1892 2725 futurum
1919 2694 2037 2725 autem
2057 2687 2216 2724 rationes
2235 2697 2316 2723 cum
2335 2686 2388 2722 eis
2405 2695 2500 2732 pono

1445 2757 1482 2790 et
1499 2752 1716 2788 talentorum
1733 2750 1978 2797 operationem
1993 2749 2111 2796 exigo.
2136 2746 2212 2794 qu
2230 2746 2402 2782 Dominus
2419 2755 2432 2779 .·
2457 2755 2500 2780 ne

1444 2811 1610 2859 polluatis
1636 2821 1762 2846 nomen
1790 2821 1907 2845 meum
1936 2814 2110 2845 sanctum.
2137 2806 2291 2843 Pollutio
2321 2804 2418 2842 enim
2444 2809 2500 2840 est

1445 2870 1621 2907 creatoris
1639 2874 1676 2905 et
1691 2869 1927 2915 blasphemia,
1952 2869 1983 2905 si
2003 2869 2039 2904 in
2059 2867 2185 2904 eodem
2201 2876 2268 2903 nos
2292 2864 2418 2901 ordine
2442 2863 2499 2900 vel

1447 2935 1543 2974 actu,
1576 2940 1645 2976 quo
1665 2941 1761 2966 nunc
1784 2940 1908 2967 sumus
1933 2929 2138 2966 resuscitet.
2165 2927 2259 2972 Quid
2280 2926 2378 2963 enim
2397 2935 2498 2961 com-

1445 2993 1562 3025 mutat
1588 2990 1760 3025 mundum
1780 2989 1875 3026 hunc
1889 3016 1898 3033 ‚
1918 2991 1948 3026 si
1969 2990 2006 3025 in
2026 2988 2161 3031 eisdem
2180 2986 2362 3025 doloribus
2381 2989 2419 3020 et
2442 2981 2498 3020 la-

1445 3049 1592 3086 boribus
1628 3050 1788 3087 erimus?
1827 3049 1871 3086 Ut
1902 3049 2102 3096 sanctificer
2136 3050 2174 3085 in
2204 3047 2316 3084 medio
2343 3045 2498 3092 filiorum

1445 3109 1571 3146 Israel.
1594 3110 1673 3147 Non
1701 3111 1791 3148 dixit
1811 3111 2030 3155 sanctificor,
2053 3109 2117 3147 sed
2141 3107 2339 3154 sanctificer
2364 3115 2376 3140 .·
2402 3105 2509 3154 futu-y

1445 3180 1525 3206 rum
1545 3171 1739 3207 ostendens
1762 3176 1917 3218 tempus,
1951 3171 1988 3206 in
2022 3180 2093 3216 quo
2126 3169 2164 3206 in
2191 3167 2312 3205 medio
2327 3175 2508 3203 verorum.
2537 3208 2540 3211 ,

1444 3231 1600 3267 liliorum
1630 3228 1738 3267 lsrael
1769 3230 2036 3274 sanctificatum
2069 3227 2216 3277 AEgypti
2239 3228 2337 3266 enim
2360 3226 2500 3263 exitum
2535 3277 2540 3282 ι

1445 3300 1518 3326 non
1534 3289 1670 3325 frustra
1694 3294 1915 3326 memoratus
1934 3294 2004 3333 est,
2023 3289 2112 3326 illud
2131 3289 2395 3339 demonstrans,
2415 3284 2540 3344 quiavf·

1448 3346 1762 3394 quemadmodum,
1774 3348 1836 3393 qui
1854 3348 1991 3393 egressi
2006 3352 2090 3384 sunt
2104 3346 2149 3383 de
2161 3344 2328 3393 AEgypto,
2339 3356 2409 3382 non
2421 3344 2499 3393 iam

1447 3415 1488 3444 ea
1510 3417 1589 3454 quae
1620 3406 1767 3454 AEgypti
1789 3409 1873 3443 sunt
1899 3402 2077 3454 agebant3
2111 3399 2163 3443 sic
2191 3409 2229 3442 et
2261 3405 2402 3453 quando
2432 3415 2499 3442 nos

1448 3466 1543 3504 Deus
1561 3467 1685 3504 eduxit
1708 3467 1752 3503 de
1769 3467 1938 3513 praesenti
1957 3468 2046 3511 vita,
2061 3468 2134 3503 non
2149 3466 2224 3514 iam
2241 3476 2368 3514 agere
2361 3475 2404 3502 ea
2417 3469 2526 3512 quse-¹

1447 3529 1484 3566 in
1498 3539 1540 3566 ea
1555 3532 1639 3566 sunt
1653 3535 1868 3574 possumus:
1884 3532 1940 3564 est
1953 3527 2049 3564 enim
2062 3525 2238 3575 AEgyptus
2251 3517 2496 3574 intelligibilis,

1445 3602 1604 3640 praesens
1617 3590 1784 3634 mundus,
1798 3589 1883 3637 quia
1896 3577 2074 3637 AEgyptus
2096 3588 2368 3626 contenebratio
2381 3587 2496 3625 inter-

1443 3659 1618 3707 pretatur.
1638 3651 1811 3688 Tenebris
1826 3651 1923 3688 enim
1947 3655 1984 3687 et
2005 3648 2202 3688 secundum
2220 3650 2318 3698 quod
2339 3645 2476 3688 diximu
2498 3647 2499 3650 ’

1443 3714 1586 3758 nebula,
1602 3713 1678 3750 sive
1685 3711 1838 3759 ealigine
1849 3711 2039 3759 praesentia
2053 3716 2136 3748 sunt
2147 3709 2316 3758 repletas
2305 3719 2343 3746 m
2346 3702 2494 3756 tant‘um

1442 3778 1484 3811 ut
1495 3772 1650 3810 loannes
1668 3772 1714 3810 de
1729 3771 1881 3809 nomino
1899 3772 2058 3809 diceret.
2078 3770 2184 3808 Lux
2170 3769 2370 3808 intenebris
2380 3761 2480 3833 luce}

1443 3836 1477 3873 et
1495 3835 1643 3873 tenebrae
1658 3845 1736 3872 eam
1750 3836 1820 3871 non
1833 3833 2165 3883 comprehenderunt
2180 3830 2301 3882 (Jodn.
2315 3821 2363 3882 i5.
2374 3817 2452 3872 1516
