2540 4016
321 222 393 260 24⁷
745 216 785 253 Β.
811 211 978 251 RABANl
1002 210 1152 248 MAUflt
1176 208 1394 247 ARcmEP.

1424 208 1634 248 MOGUNT.
1662 211 1856 249 OPERUM
1882 210 2004 248 PARS
2030 212 2059 248 1.
2415 215 2487 255 248

317 299 438 337 statim
456 296 638 347 respondi,
673 294 798 332 mirari
817 302 887 335 me,
903 300 1013 336 quare
1025 289 1075 333 ad
1103 288 1175 324 tale
1201 287 1360 324 studium
1378 288 1415 329 A
1429 288 1580 324 verbum
1587 289 1842 335 Deiprot'ertur
1855 289 1903 325 ad
1918 289 2096 332 homines,
2108 299 2180 325 non
2198 288 2333 335 absque
2347 299 2491 340 compe-

315 359 421 396 vilem
444 363 480 394 et
516 358 666 393 inertem
703 351 954 391 homunculum
980 349 1147 395 eligeres,
1176 347 1358 394 praecipue

312 418 450 456 cumin
482 417 632 454 desertis
661 415 748 451 locis
778 420 994 449 conversans
1015 409 1173 444 maxima
1203 419 1359 455 occupa-

314 483 410 518 tione
433 481 608 521 detinear,
638 486 707 523 qua
729 474 862 511 servire
882 482 922 507 ac
943 471 1148 507 necessaria
1168 469 1359 516 providere

311 541 454 578 famulis
478 538 609 575 Christi
626 536 690 572 sub
709 533 843 579 Regula
861 531 975 568 sancti
994 531 1178 567 Benedicti
1195 530 1358 577 degenti-

309 601 376 637 bus
405 599 561 646 quotidie
581 595 793 641 compellor;
810 604 876 629 nec
904 594 1018 629 otium
1038 592 1191 629 habeam
1207 598 1269 628 aut
1290 591 1358 627 Pa-

308 667 402 697 trum
431 661 524 696 dicta
550 657 703 704 pleniter
721 655 958 703 perscrutari,
988 659 1050 691 aut
1083 655 1356 691 excusationem

306 722 465 766 recipere
488 718 649 761 nolebas,
682 717 785 763 parui
812 722 992 762 praecepto
1022 726 1068 752 ne
1101 715 1356 751 inobedientia}

304 791 472 828 arguerer
495 780 602 821 fastu,
631 784 666 815 et
684 778 865 815 Geneseos
891 778 1024 813 librum
1056 783 1164 823 atque
1191 776 1354 812 Exodum

303 843 499 878 secundnm
533 851 675 877 sensum
709 839 885 885 majorum
912 838 1060 884 exposui
1080 865 1090 881 ,
1126 838 1272 873 tandem
1311 837 1357 873 ad

302 901 498 938 Leviticum
516 901 740 947 perveniens,
758 900 876 946 reperi
893 888 1018 935 hunca
1035 897 1232 934 venerabili
1254 907 1358 942 pres·

304 963 430 1010 bytero
456 963 784 1009 Hierosolymorum
806 961 985 1007 Hesycliio
1007 961 1094 996 satis
1122 960 1227 1006 plene
1247 969 1355 1004 expo·

300 1023 420 1066 situm,
443 1024 536 1059 unde
555 1023 709 1069 cogitavi
725 1023 769 1058 ab
780 1023 886 1068 hujus
905 1022 987 1057 libri
998 1022 1121 1056 labore
1139 1030 1197 1056 me
1213 1020 1354 1066 penitus

301 1084 484 1120 abstinere
504 1094 544 1119 ac
562 1084 627 1119 tibi
652 1093 843 1130 suggerere
861 1087 1037 1128 quatenus
1070 1082 1260 1117 memorati
1289 1092 1354 1116 au-

302 1145 413 1179 ctoris
435 1144 589 1180 lectione
619 1145 682 1180 tibi
714 1144 953 1180 satisfaceres.
973 1143 1043 1179 Sed
1073 1148 1134 1178 tua
1154 1143 1352 1189 diligentia,

300 1205 369 1240 hoc
387 1215 557 1251 responso
586 1215 655 1240 non
675 1210 856 1246 contenta,
877 1204 1108 1250 praecipiebat
1137 1209 1175 1239 ut
1199 1215 1241 1240 ex
1261 1214 1351 1248 prze-
1371 1194 1403 1232 Β

299 1264 363 1301 sati
381 1267 448 1301 viri
465 1277 582 1312 opere,
605 1277 742 1302 necnon
761 1272 854 1302 etex
875 1266 1023 1301 aliorum
1045 1266 1191 1300 Patrum
1212 1265 1352 1311 scriptis

299 1326 359 1370 qui
376 1327 411 1361 in
427 1327 590 1362 eumdem
607 1327 738 1362 librum
760 1338 830 1362 non
849 1338 914 1372 per
933 1327 1110 1369 ordinem,
1135 1326 1196 1362 sed
1219 1327 1352 1361 viritim

298 1386 471 1430 quasdam
484 1387 681 1423 sententias
693 1393 951 1433 exposuerunt,
963 1389 998 1423 in
1009 1398 1117 1423 unum
1128 1388 1348 1434 colligerem,

297 1451 336 1479 nt
371 1446 405 1480 in
434 1453 599 1492 promptu
636 1448 787 1483 haberes
826 1449 911 1493 quid
939 1448 1188 1493 unusquisque
1225 1458 1350 1482 eorum

300 1505 381 1539 inde
412 1506 575 1547 senserit.
597 1506 680 1542 Feci
713 1508 806 1543 sicut
826 1507 1033 1551 mandasti,
1061 1514 1096 1543 et
1126 1518 1170 1542 ex
1200 1507 1351 1542 confuso

297 1565 555 1601 sententiarum
579 1567 718 1610 ordine,
740 1568 932 1612 quemdam
952 1568 1117 1603 ordinem
1137 1567 1350 1613 digestionis

297 1625 477 1660 variorum
494 1627 680 1662 doctorum
698 1629 894 1664 sententias
906 1629 1116 1664 alternando
1130 1634 1238 1673 atque
1252 1640 1351 1665 eom-

300 1684 483 1720 miscendo
506 1688 703 1732 composui.
723 1687 761 1723 Si
778 1688 863 1733 quid
884 1695 1005 1724 autem
1025 1689 1073 1725 ibi
1090 1694 1124 1725 te
1142 1688 1349 1732 offenderit,

298 1744 363 1779 tibi
383 1745 530 1791 deputes
547 1757 616 1782 non
639 1748 737 1790 mihi,
755 1748 816 1793 qui
835 1749 902 1785 hoc
924 1749 1045 1785 facere
1068 1760 1125 1786 me
1151 1750 1345 1795 compelle-

298 1805 373 1840 bas.
398 1806 471 1853 Ego
487 1814 606 1844 antem
626 1809 662 1843 in
682 1809 749 1845 hoc
771 1820 840 1846 non
870 1812 1079 1847 necessitati
1099 1811 1250 1856 alicujus
1265 1822 1352 1847 con-

297 1866 389 1901 sului
411 1894 419 1910 ,
456 1869 517 1903 sed
543 1874 681 1905 tantum
716 1876 786 1906 tuae
820 1871 963 1907 obedivi
990 1872 1180 1907 voluntati.
1217 1872 1351 1916 Accipe

297 1938 386 1973 opus
413 1930 507 1975 quod
536 1932 746 1976 postulasti,
771 1938 806 1967 et
837 1928 1002 1967 Levitici'
1026 1932 1107 1966 libri
1139 1932 1351 1977 multiplicia

297 1990 467 2035 mysteria
484 1991 519 2025 in
540 2002 582 2027 eo
607 1992 755 2038 legendo
779 1992 934 2035 revolve,
953 1990 1054 2036 cujus
1076 1991 1159 2027 libri
1181 1997 1278 2026 tanta
1297 1992 1352 2027 vis

298 2056 367 2093 est,
383 2056 423 2085 nt
439 2051 565 2087 beatus
594 2053 832 2099 llieronymus
858 2054 894 2088 in
915 2053 991 2098 ejus
1022 2052 1126 2088 laude
1144 2052 1228 2087 alibi
1249 2053 1350 2087 dixe-

298 2113 346 2147 rit
360 2113 453 2157 quod
474 2113 612 2159 singula
633 2114 821 2156 sacrificia,
839 2115 911 2150 imo
928 2114 1076 2160 singnlae
1096 2123 1187 2160 pene
1207 2113 1350 2159 syllabae

302 2177 339 2208 et
357 2178 476 2208 vestes
511 2172 632 2210 Aaron
663 2180 699 2210 et
725 2180 821 2212 totus
845 2176 933 2212 ordo
971 2175 1152 2212 Leviticus
1191 2175 1352 2211 coelestia

297 2231 517 2278 inspirarent
535 2241 774 2279 sacramenta,
799 2236 880 2282 qnia
898 2263 907 2278 ‚
935 2242 975 2273 ut
1006 2237 1098 2272 alius
1132 2237 1257 2272 doctor
1271 2237 1320 2272 ait
1341 2248 1349 2271 τ

300 2290 403 2327 Sicut
426 2293 462 2328 in
482 2295 687 2332 novissimis
707 2297 832 2333 diebus
850 2296 1009 2333 Verbum
1027 2297 1144 2333 Deiex
1158 2297 1269 2332 Maria
1283 2298 1353 2332 vir-

297 2350 380 2396 gine
395 2362 505 2388 carne
531 2355 700 2390 vestitum
728 2357 903 2402 processit
932 2357 968 2392 in
996 2357 1092 2393 hune
1110 2357 1295 2398 mundum,
1317 2362 1352 2392 et

298 2409 394 2446 aliud
413 2411 558 2457 quidem
574 2420 652 2450 erat
669 2416 765 2460 quod
778 2416 980 2460 videbatur,
1002 2417 1038 2452 in
1062 2427 1119 2460 eo,
1137 2417 1234 2452 aliud
1256 2417 1351 2462 quod

296 2473 493 2518 tegebatur,
505 2476 624 2512 carnis
634 2487 788 2523 namque
806 2483 973 2524 aspectus
992 2479 1027 2514 in
1047 2488 1089 2514 eo
1106 2479 1255 2524 parebat
1276 2488 1352 2513 om-

294 2532 412 2577 nihus,
432 2535 555 2580 paucis
572 2547 658 2572 vero
675 2543 712 2574 et
727 2538 853 2574 electis
869 2539 1020 2574 dabatur
1031 2538 1234 2574 divinitatis
1248 2538 1351 2584 agni-

295 2594 374 2639 tio;
405 2595 456 2633 ita
478 2603 515 2634 et
530 2608 612 2636 cum
628 2609 692 2646 per
709 2600 906 2647 prophetas
933 2600 990 2637 vel
1008 2611 1074 2647 per
1105 2600 1351 2648 legislatorem

1370 2092 1399 2133 C

1247 2779 1518 2820 INCIPIUNT

661 2881 1345 2961 EXPOSlTIONES
1402 2886 1500 2961 IN
1559 2881 2118 2962 LEVITIGUM.

1127 3089 1328 3144 LIBER
1363 3090 1642 3144 PRIMUS.

642 3269 793 3307 CAPUT
816 3267 1013 3306 PRIMUM.

623 3329 675 3365 De
700 3329 822 3366 hostiis
840 3329 1025 3377 pecudum.

319 3412 326 3415 x
351 3393 450 3441 (Car.
470 3392 514 3440 ι.)
536 3391 678 3428 Vocavit
701 3397 818 3427 autem
854 3389 1000 3438 Moysen
1022 3394 1055 3426 et
1087 3388 1223 3425 locutus
1241 3394 1291 3424 est
1313 3388 1348 3424 ei

303 3454 471 3491 Dominus
490 3453 532 3488 tle
559 3450 784 3488 tabernaculo
814 3451 1001 3488 testinnonii
1026 3450 1170 3486 dicens:
1198 3450 1354 3498 Loquere

304 3514 388 3562 filiis
416 3510 529 3548 lsrael
549 3517 581 3547 et
604 3512 696 3548 dices
727 3512 772 3549 ad
794 3521 879 3549 eos:
898 3510 1013 3548 Homo
1038 3511 1098 3559 qui
1128 3510 1290 3547 obtulerit
1310 3521 1355 3547 ex

306 3575 403 3612 vobis
416 3573 566 3610 hostiam
580 3572 730 3610 Domino
743 3573 786 3610 de
806 3574 1003 3621 pecoribus,
1021 3574 1059 3610 id
1082 3581 1146 3618 est,
1166 3573 1210 3610 de
1247 3573 1354 3610 bobus

307 3639 341 3670 et
359 3634 493 3676 ovibus,
514 3633 634 3680 offeret
650 3635 818 3671 victimas.
837 3634 909 3682 (Ex
923 3634 1129 3684 Hesychia.)
1149 3634 1252 3680 Quod
1282 3645 1354 3672 non

307 3689 434 3744 diligat
450 3692 546 3730 neus
566 3693 745 3731 sacrificia
776 3703 820 3731 ea
841 3705 922 3741 quae
945 3695 988 3732 de
1005 3694 1195 3733 sacrificiis
1221 3694 1357 3733 Judaeis

308 3748 523 3799 pmeeperit
539 3752 762 3795 demonstrat
777 3753 892 3791 isaias
903 3753 1048 3792 dicens:
1073 3755 1152 3799 Quo
1165 3755 1253 3792 milti
1266 3750 1358 3792 mul-

311 3809 486 3850 studium
499 3811 718 3850 victimarum
737 3818 931 3852 vestrarum
951 3815 1038 3854 dicit
1056 3814 1230 3855 omna·
1246 3825 1259 3853 .·
1275 3813 1352 3854 vle-

1363 3269 1401 3310 D
1418 3279 1483 3304 nus
1511 3279 1587 3304 sum
1598 3294 1607 3311 ‚
1639 3266 1844 3304 holocausta
1858 3270 2007 3307 arietum
2038 3277 2072 3308 et
2089 3273 2227 3319 adipem
2244 3271 2426 3320 pinquium
2442 3277 2477 3309 et

1429 349 1587 385 tentibus
1606 349 1789 396 profertur
1809 350 2041 386 indumentis.
2065 349 2156 386 Nam
2173 349 2267 386 sicut
2286 349 2336 386 ibi
2355 353 2509 398 carnis,.

1427 408 1478 445 ita
1496 410 1555 447 hic
1587 410 1718 447 litterae
1736 406 1916 447 velamine
1942 411 2101 458 tegitur,
2122 416 2164 447 ut
2197 410 2318 447 littera
2343 413 2489 458 quidem

1427 471 1626 517 aspiciatur
1663 477 1835 518 tanquam
1871 482 1957 508 caro
1988 472 2104 508 latens
2141 481 2227 508 vero
2271 472 2492 511 intrinsecus

1427 532 1600 578 spiritalis
1633 543 1760 569 sensus
1792 539 1967 579 tanquam
1993 533 2163 570 divinitas
2201 533 2391 569 sentiatur.
2437 534 2489 571 Te

1426 598 1548 629 tamen
1570 592 1764 629 difficultas
1781 594 1853 629 ulla
1884 594 2052 631 lectionis
2083 605 2155 631 non
2187 595 2395 638 deterreat,
2428 596 2490 632 sed

1426 653 1543 699 magis
1566 653 1696 690 divinae
1721 655 1865 700 pietatis
1880 655 1924 690 ad
1946 655 2105 690 studium
2124 660 2299 700 provocet
2320 656 2492 692 recorda-

1425 714 1476 749 tio
1495 741 1504 757 ,
1534 724 1614 759 quae
1644 724 1709 760 per
1734 715 1926 759 quemdam
1954 714 2156 760 sapientem
2186 714 2301 749 voluit
2334 715 2487 751 dicere:

1425 773 1501 820 qu
1516 774 1698 820 diliyentes
1727 786 1782 809 me
1802 773 1959 820 diliqam,
1983 779 2015 808 et
2042 775 2102 820 qui
2130 785 2232 809 mane
2260 765 2482 819 viyilatierint

1425 836 1471 871 ad
1504 846 1569 878 me,
1599 836 1771 870 invenient
1797 846 1851 870 me
1883 833 2006 881 (Prov.
2043 833 2138 882 vm).
2166 834 2328 870 Transire
2361 835 2407 869 ad
2434 845 2490 870 me

1425 908 1542 932 omnes
1558 897 1617 944 qui
1639 896 1881 943 concupiscitis
1903 907 1957 930 me
1977 923 1985 938 ,
2002 901 2033 930 et
2065 907 2085 930 a
2102 896 2382 941 qenerationibus
2403 896 2488 930 meis

1424 958 1613 1005 implemini
1629 958 1755 1006 (Eccli.
1776 957 1890 1004 xxw).
1911 958 1955 993 Et
1969 958 2004 993 in
2031 957 2227 1003 Evangelio
2248 957 2325 1002 ipsa
2347 957 2488 992 Veritas

1424 1018 1666 1054 humilitatem
1678 1023 1839 1054 nostram
1855 1018 1899 1053 ad
1917 1017 2191 1053 meditationem
2208 1016 2396 1062 sapientiae
2410 1025 2484 1051 suae

1423 1079 1708 1116 misericorditer
1724 1079 1955 1125 provocando
1989 1078 2064 1113 ait:
2090 1077 2159 1120 Qui
2194 1078 2267 1112 sitit
2298 1077 2410 1113 veniat
2442 1076 2487 1111 ad

1423 1152 1477 1176 me
1496 1147 1527 1176 et
1549 1141 1654 1184 bibat,
1671 1147 1702 1176 et
1718 1141 1760 1176 de
1779 1146 1895 1175 ventre
1915 1140 1990 1186 ejus
2006 1141 2116 1184 fluent
2136 1150 2237 1185 aqaoe
2259 1139 2343 1174 vivoe
2360 1138 2482 1184 (Joan.

1422 1203 1501 1250 vn).
1527 1202 1650 1238 Venite
1664 1201 1710 1236 ad
1727 1212 1780 1236 me
1797 1200 1985 1245 omnesqui
2002 1199 2172 1234 laboratis
2188 1205 2220 1234 et
2237 1199 2372 1234 onerati
2387 1197 2484 1240 estis,

1420 1270 1451 1299 et
1468 1274 1529 1309 eqo
1556 1262 1712 1307 reficiam
1737 1272 1810 1296 vos.
1839 1259 1964 1295 Tollite
1995 1260 2125 1305 juqum
2145 1269 2260 1294 meum
2288 1268 2393 1304 super
2410 1268 2484 1300 vos,

1420 1330 1452 1359 et
1469 1324 1593 1358 discite
1612 1334 1633 1357 a
1656 1333 1709 1357 me
1736 1322 1820 1367 quia
1846 1321 1940 1356 mitis
1960 1331 2038 1355 sum
2072 1325 2104 1355 et
2134 1318 2275 1353 humilis
2309 1317 2432 1359 corde,
2453 1321 2485 1351 et

1419 1387 1600 1423 invenietis
1615 1386 1768 1433 requiem
1783 1384 1967 1420 animabus
1979 1383 2102 1418 vestris
2114 1382 2259 1427 ,·ju9um
2267 1381 2359 1416 enim
2369 1390 2484 1414 meum

1419 1461 1523 1485 stcave
1554 1455 1618 1491 est,
1644 1453 1675 1483 et
1697 1458 1783 1482 onus
1812 1456 1926 1480 meum
1944 1444 2014 1480 leve
2037 1449 2087 1479 est
2109 1442 2253 1489 (Mattlz.
2276 1442 2342 1487 xl).
2369 1439 2479 1486 Cujus

1418 1513 1590 1558 pictatem
1611 1516 1684 1545 tam
1703 1510 1738 1544 in
1758 1507 1926 1554 praesenti
1956 1506 2090 1542 sentire
2108 1514 2218 1552 quam
2237 1503 2345 1539 etiam
2363 1502 2399 1537 in
2418 1501 2476 1536 su-

1419 1580 1501 1609 turo
1515 1573 1668 1619 pleniter
1679 1570 1872 1616 ,percipere
1886 1569 1963 1613 ipse
1972 1566 2158 1608 concedat,
2171 1564 2232 1610 qui
2248 1574 2315 1599 nos
2326 1562 2369 1598 ad
2379 1571 2482 1598 suam

1421 1635 1575 1681 gratiam
1604 1636 1868 1669 convocaverat
1887 1629 1992 1665 Jesus
2016 1627 2183 1664 Christus
2217 1625 2392 1661 Dominus
2416 1634 2482 1660 no-

1420 1702 1507 1730 ster.
1531 1695 1579 1730 De
1595 1699 1880 1739 caeteroqnoque
1901 1690 2113 1725 charitatem
2133 1693 2246 1730 tuam,
2269 1690 2392 1722 sancte
2410 1685 2483 1720 sra-

1420 1761 1488 1798 ter,
1511 1755 1722 1800 suppliciter
1736 1752 1880 1798 postulo
1898 1756 1937 1786 ut
1953 1760 2018 1796 pro
2038 1759 2146 1795 opere
2163 1748 2305 1784 tibimet
2322 1754 2481 1793 expenso

1422 1815 1537 1851 sacris
1557 1813 1782 1850 orationibus
1802 1821 1860 1846 me
1878 1818 2102 1850 remuneres,
2124 1814 2161 1844 et
2175 1807 2343 1843 omnibus
2359 1812 2481 1841 tecum

1421 1875 1718 1912 conversantibus
1750 1877 1858 1917 atque
1886 1871 2042 1907 lectione
2069 1874 2193 1904 nostra
2226 1867 2412 1903 utentibus
2444 1866 2481 1901 id

1420 1939 1537 1983 ipsum
1555 1936 1675 1972 facere
1702 1932 1921 1980 persuadeas
1939 1959 1948 1975 ,
1967 1935 2146 1977 quatenus
2165 1929 2285 1964 divina
2312 1928 2428 1973 gratia
2443 1927 2481 1962 in

1419 1999 1475 2035 via
1498 1997 1663 2033 veritatis
1698 2005 1756 2030 me
1776 1995 1907 2029 ducere
1927 2020 1936 2034 ,
1973 1998 2008 2027 et
2035 1999 2151 2036 usque
2182 1989 2227 2024 ad
2249 1988 2358 2023 finem
2378 1987 2414 2022 in
2438 1996 2481 2022 ea

1421 2068 1636 2095 conservare
1647 2057 1828 2102 dignetur.
1847 2055 2027 2100 Dicasque
2042 2051 2202 2098 quotidie
2216 2060 2283 2097 pro
2301 2059 2359 2085 me
2376 2058 2481 2084 oran-

1422 2122 1467 2156 do
1495 2120 1581 2155 illud
1600 2117 1828 2154 Psalmistae:
1853 2115 2006 2161 Spiritus
2043 2119 2123 2148 tuus
2156 2112 2281 2154 bouus,
2314 2109 2477 2152 Domine,

1423 2181 1572 2216 deducat
1590 2177 1762 2224 famulum
1791 2182 1888 2211 tuum
1912 2175 1950 2210 in
1975 2174 2066 2210 viam
2090 2178 2236 2215 rectam,
2258 2170 2479 2215 vivificesque

1423 2251 1501 2276 eum
1518 2240 1554 2274 in
1573 2239 1734 2285 aequitate
1750 2243 1826 2280 tua,
1843 2243 1873 2271 et
1887 2235 2009 2271 educes
2025 2235 2067 2269 de
2082 2232 2307 2269 tribulatione
2323 2230 2478 2265 animam

1420 2301 1516 2337 illius
1532 2327 1540 2342 ‚
1561 2306 1591 2335 et
1608 2299 1645 2334 in
1658 2296 1899 2333 misericordia
1925 2303 1985 2331 tua
2000 2294 2178 2341 disperdes
2193 2292 2355 2328 inimicos
2375 2289 2476 2335 ejus:

1422 2369 1453 2398 el
1475 2361 1596 2408 perdes
1608 2371 1724 2395 omnes
1741 2358 1800 2405 qui
1816 2356 1983 2392 tribulant
1998 2356 2154 2391 animam
2169 2353 2291 2400 ipsius,
2310 2349 2477 2397 quonium
2536 2381 2540 2385 ,

1422 2434 1539 2459 servus
1554 2428 1633 2457 tuus
1651 2422 1723 2466 ipse
1738 2425 1789 2454 est
1816 2417 1930 2465 (Psal.
1949 2415 2075 2461 extu).
2095 2415 2193 2450 Bene
2213 2419 2250 2449 te
2280 2411 2401 2447 valere
2415 2419 2478 2445 cu-

1422 2485 1555 2530 pimus,
1574 2482 1662 2518 etin
1682 2480 1817 2517 Christi
1842 2478 1990 2515 servitio
2006 2476 2170 2524 quotidie
2185 2473 2376 2522 proficere,
2395 2481 2477 2507 san—

2527 2431 2540 2497 Ξ

1422 2551 1479 2583 cte
1493 2546 1613 2588 Pater,
1634 2552 1831 2580 memorem
1851 2540 1979 2577 nostri.
2525 2506 2540 2602 Ξ

1420 3327 1627 3374 sanquinem
1644 3327 1832 3363 vitulorum
1852 3335 1884 3364 et
1900 3341 2073 3376 aquarum
2092 3337 2125 3367 et
2139 3332 2319 3371 hircorum
2345 3332 2444 3369 nolui
2460 3360 2473 3376 ,

1422 3397 1501 3422 cum
1527 3387 1689 3422 veniretis
1718 3392 1799 3423 ante
1816 3395 2037 3437 conspectum
2066 3402 2198 3435 meum,
2227 3392 2305 3439 quis
2321 3392 2465 3439 quoesivi

1422 3570 1471 3606 lia
1490 3574 1526 3607 et
1543 3570 1654 3608 Amos
1670 3570 1782 3608 dicit:
1802 3570 1973 3620 Nunquid
1995 3574 2154 3611 victimas
2171 3579 2204 3611 et
2220 3563 2441 3621 sacrififia'a

1425 3630 1554 3668 tulistis
1586 3631 1674 3668 mihi
1709 3631 1747 3668 in
1779 3631 1914 3668 deserto
1946 3635 2182 3683 quadraqima
2214 3635 2337 3680 annis,
2354 3631 2382 3671 d
2439 3624 2445 3626 ‚

1425 3691 1542 3731 Israel
1570 3691 1705 3742 (Amos.
1724 3691 1776 3742 v).
1810 3692 1890 3731 Non
1913 3695 1999 3743 quia
2017 3694 2227 3744 frequenter
2254 3685 2398 3735 bbffilff
2428 3683 2447 3738 v·

1425 3753 1490 3792 sed
1506 3753 1554 3791 ob
1566 3753 1636 3790 hoc
1651 3753 1748 3800 quod
1770 3754 1880 3791 nimis
1899 3755 1934 3792 ei
1959 3756 2210 3804 displicebant,
2229 3766 2274 3796 ea
2289 3744 2405 3804 ω

1423 3815 1547 3854 oblata
1563 3814 1766 3860 reputabat.
1787 3815 1925 3854 Eadem
1943 3820 1981 3854 et
2008 3815 2187 3858 «ieremias
2202 3818 2398 3864 propheta:
2420 3856 2422 3858 .
