2540 4016
817 93 842 114 ,
859 98 862 99 ⁷

40 163 124 212 stt

631 129 975 221 ‘axaosmouss
995 159 1043 206 01
1067 159 1335 207 tenuem
1352 181 1410 220 *2—
1432 161 1522 207 tm.
1545 163 1622 213 vu,

2170 170 2263 226 w

57 250 103 289 εἰς
127 248 223 288 aare,
246 247 350 287 Unde
363 251 402 287 et
419 244 603 294 Simonem
637 252 761 288 emere
777 241 958 285 volentem
977 240 1111 282 donum
1129 237 1168 280 A
1181 237 1276 277 sicut
1291 247 1401 286 supra
1417 237 1652 286 exposuimus
1669 236 1793 288 lapsus
1811 240 2000 293 acciderit,
2021 254 2165 297 semper
2182 257 2240 297 est

57 311 229 364 Spiritus,
241 309 319 361 ejus
338 309 505 359 portione
521 307 598 346 sive
614 310 715 354 sorte
733 303 903 355 privavit.
925 301 998 350 (Ex
1013 302 1113 341 Ada-

56 374 186 423 mant.)
212 371 418 421 Secundum
451 369 688 416 tropologiam
718 377 830 411 vero,
862 366 942 411 baeo
975 362 1114 405 resera-

55 445 138 473 mus
160 435 206 471 ad
223 444 301 476 uos,
336 431 467 483 quibus
502 431 560 473 lex
589 428 724 467 Christi
756 427 888 464 sicam
916 433 1113 475 sequamur

55 506 123 533 nee
140 495 390 544 possessiones
427 493 465 538 iu
495 496 606 534 terra,
631 501 700 527 nec
733 489 770 527 in
796 486 950 526 urbibus
984 485 1114 525 domus

57 557 195 593 habere
210 556 402 604 permittit,
437 554 577 601 etquid
612 553 692 591 dico
721 549 874 589 domus?
906 558 972 585 nec
992 548 1115 596 plures

56 614 216 659 tunicas,
238 626 306 652 nec
334 616 485 657 multam
507 615 672 653 concedit
691 613 877 661 possidere
895 612 1085 659 pecuniam
1103 622 1113 648 ε

55 676 235 712 Habentes
256 677 362 720 enim,
395 677 525 722 inquit,
547 678 672 714 victum
688 682 720 715 et
760 676 935 719 vestitum,
959 675 1013 710 his
1035 684 1117 710 con-

56 736 141 772 tenti
175 747 297 773 sumus
333 735 368 783 (I
391 735 480 774 Tim.
499 737 564 784 v1).
594 737 781 782 Quomodo
813 746 900 782 ergo
917 745 982 773 nos
1011 735 1117 771 datas

57 796 100 832 de
121 797 287 834 domibus
320 797 396 835 sive
431 798 525 835 intra
549 800 732 839 civitatem
762 802 942 844 muratam
970 796 1114 843 positis,

57 859 132 896 sive
154 860 191 896 10
213 860 302 896 vicis
323 860 453 906 quibus
487 861 581 898 muri
612 872 683 898 non
720 865 804 896 sunt
838 858 1115 896 observabimus

56 920 185 966 leges?
219 920 430 961 Invenimus
465 922 500 957 in
537 922 616 959 aliis
658 920 853 966 Scriptura}
878 918 979 961 loeis,
1019 919 1116 963 quod

57 993 177 1019 sermo
215 983 358 1019 divinus
391 982 528 1027 maiore
559 981 715 1026 quodam
742 983 972 1018 sacramento
999 979 1116 1015 nomi-

56 1049 118 1078 nat
147 1044 307 1085 domum,
341 1046 380 1077 ut
415 1051 498 1081 cum
532 1041 619 1076 dicit
644 1041 687 1076 de
713 1039 839 1083 Jacob,
861 1046 897 1076 et
917 1041 1020 1085 quasi
1048 1042 1116 1087 pro'

56 1103 163 1138 laude
195 1100 273 1147 ejus
305 1102 406 1148 pouit
426 1113 434 1140 :
454 1101 544 1140 Erat
576 1102 683 1145 enim,
719 1100 846 1147 inquit,
885 1101 995 1136 Jacob
1013 1101 1116 1137 homo

1185 298 1425 346 recuperandi
1437 298 1603 338 facultas.
1626 298 1676 340 Ut
1693 299 1796 338 verbi
1810 300 1930 350 gratia
1948 303 2066 347 dicam
2087 321 2096 344 ι
2119 310 2159 354 si
2172 324 2240 358 uos

1186 361 1306 412 aliqua
1329 362 1435 409 culpa
1457 361 1607 402 moralis
1633 361 1812 404 invenerit
1835 373 1917 416 quae
1938 374 2012 407 nou
2034 365 2072 409 iu
2094 370 2243 415 cumina

1184 425 1344 469 mortali,
1369 435 1442 463 non
1461 425 1499 463 in
1516 424 1743 473 blasphemia
1766 424 1872 469 fidei.
1894 435 1975 473 (1¹1ae
1998 437 2104 471 muto
2127 433 2244 473 eccle..

1186 488 1323 531 siastici
1340 492 1378 525 et
1398 487 1587 534 apostolici
1607 487 1788 537 dogmatis
1807 487 1926 528 cineta
1946 493 2023 536 est,
2044 490 2108 532 sed
2130 492 2189 533 vel
2206 493 2244 532 in

1187 553 1364 596 sermonis
1383 553 1440 588 vel
1461 553 1496 591 in
1517 563 1659 593 morum
1677 553 1767 592 vitio
1785 554 1976 598 consistat,
1997 555 2068 594 hoc
2087 561 2248 595 0511011-

1188 616 1320 658 didisse
1338 616 1483 653 domum
1505 627 1585 663 quas
1606 617 1642 655 in
1665 627 1754 663 agro
1769 622 1839 661 est,
1856 617 1913 654 vel
1933 618 1968 659 in
1991 617 2072 658 vieo
2092 619 2150 658 cui
2170 630 2250 657 mu-

1187 688 1251 717 rus
1264 688 1337 720 ,non
1352 683 1429 722 est;
1452 679 1530 718 haec
1549 689 1635 725 ergo
1656 679 1830 722 venditio,
1852 683 1888 717 et
1905 679 2110 725 hujusmodi
2129 680 2247 726 culpa,

1189 749 1331 785 semper
1359 741 1520 786 reparari
1547 746 1682 786 potest,
1709 750 1777 779 nee
1795 740 1988 786 aliquando
2013 740 2077 777 tibi
2101 741 2251 779 interdi-

1189 802 1283 841 citur
1304 804 1347 839 de
1366 804 1570 841 commissis
1588 803 1794 850 hujusmodi
1819 803 2083 849 poenitudinem
2109 813 2248 850 gerere,

1189 863 1223 900 in
1249 864 1478 910 gravioribus
1504 864 1601 900 enim
1625 863 1852 905 criminibus,
1875 864 1944 901 1100
1963 865 2032 907 est,
2063 863 2100 900 in
2126 863 2253 900 inlide-

1189 923 1289 961 litate
1303 934 1552 970 perseverare,
1565 925 1673 962 corde
1690 925 1931 970 impoenitenti
1949 935 2064 971 usque
2082 925 2126 960 ad
2143 924 2251 960 110001

1188 984 1271 1021 vitae
1289 985 1325 1021 10
1344 986 1532 1031 iniquitate
1548 985 1746 1033 perdurare
1763 1013 1772 1029 ,
1789 992 1826 1023 et
1848 987 1890 1022 de
1909 987 2158 1025 misericordia
2175 997 2253 1022 om-

1189 1045 1367 1091 nipotenti
1388 1047 1451 1081 Dei
1468 1046 1677 1091 desperare,
1694 1047 1790 1092 quod
1803 1051 1859 1082 051
1879 1047 2102 1092 blasphemia
2117 1048 2152 1083 in
2171 1047 2252 1093 Spi-

1190 1104 1299 1143 ritum
1331 1110 1509 1146 sanctum,
1538 1106 1627 1151 quid
1653 1106 1696 1141 de
1715 1106 1784 1142 hoc
1803 1107 2033 1142 sentiendum
2051 1107 2120 1149 sit,
2140 1106 2253 1151 ipsius

55 1161 204 1208 simplex
223 1162 387 1200 habitans
410 1161 552 1201 domum
579 1161 681 1206 (Gen,
707 1161 808 1208 xxv).
834 1160 878 1199 Et
900 1161 1033 1200 iteruin
1059 1161 1116 1197 in-
1136 1158 1169 1199 B
1186 1165 1354 1205 veritatis
1388 1166 1568 1203 sententia
1603 1168 1640 1204 in
1656 1167 1853 1214 Evangelio
1887 1168 1992 1205 nobis
2026 1168 2250 1205 manifestat.

54 1224 161 1260 venio
189 1224 234 1260 de
268 1222 526 1260 obstetricibus
562 1223 799 1260 Hebraeorum
832 1223 1040 1268 scriptum:
1068 1222 1116 1258 Et

55 1287 152 1334 quia,
176 1287 308 1332 inquit,
330 1286 497 1322 timebant
516 1286 628 1322 Deum
653 1286 854 1323 obstetrices
875 1285 1030 1331 fecerunt
1050 1285 1117 1322 sibi

58 1348 178 1384 domos
202 1345 303 1395 (Gen.
334 1347 375 1394 1).
398 1347 568 1384 Videmus
611 1358 696 1394 ergo
730 1348 826 1393 quod
860 1347 1119 1384 obstetricibus

57 1411 200 1457 quidem
229 1410 477 1447 faciendorum
502 1410 693 1447 domorum
731 1420 840 1446 causa
862 1409 972 1446 fuerit
1005 1410 1116 1445 timor

59 1472 152 1508 Dei:
176 1471 287 1508 Jacob
318 1482 403 1508 vero
430 1472 641 1517 simplicitas
660 1476 698 1507 et
730 1471 940 1507 innocentia
970 1481 1119 1507 eausam

61 1533 217 1575 dederit,
241 1538 280 1567 ut
298 1532 480 1567 habitaret
517 1532 690 1574 domum;
712 1532 867 1577 denique
900 1531 1010 1574 Esau,
1033 1532 1119 1578 quia

59 1594 176 1630 malus
196 1594 276 1636 suit,
299 1604 371 1630 non
405 1599 461 1630 est
484 1594 660 1639 scriptum
687 1593 731 1629 de
758 1603 801 1629 eo
826 1593 910 1638 quia
930 1594 1118 1630 habitave-

59 1657 108 1692 rit
128 1657 287 1699 domum,
317 1666 382 1692 nec
415 1656 459 1691 de
483 1655 553 1690 alio
583 1655 705 1701 aliquo
737 1655 998 1700 scriptumest,
1035 1655 1120 1701 quia

60 1717 295 1753 :edificaverit
315 1716 381 1752 sibi
403 1716 563 1758 domum,
589 1715 650 1760 qui
673 1725 744 1751 non
765 1715 933 1751 habuerit
950 1716 1120 1752 timorem

60 1778 124 1814 Dei
144 1790 152 1821 ;
171 1788 251 1824 quae
268 1783 323 1813 est
340 1787 427 1823 ergo
447 1777 516 1812 ista
546 1776 702 1812 domus?
721 1780 758 1811 ct
788 1775 893 1820 quale
927 1775 1120 1812 :edificium

60 1840 146 1875 est?
166 1838 298 1874 Paulus
318 1837 503 1883 apostolus
523 1837 674 1882 exponit
704 1837 865 1882 apertius
901 1847 984 1873 eum
1006 1838 1118 1874 dicit:

65 1899 216 1936 Domum
232 1899 398 1934 habemus
431 1910 498 1934 non
518 1898 759 1943 manufactam
780 1903 948 1934 oeternam
969 1900 1007 1933 in
1027 1899 1120 1935 coelis

60 1960 117 2007 (11
130 1959 210 1996 Cor.
224 1960 273 2006 v).
298 1960 383 1996 Haec
395 1965 453 1997 est
465 1970 551 2006 ergo
563 1960 691 1996 domus
700 1970 810 2006 quam
825 1959 1005 1996 aedifieare
1015 1970 1121 1997 nemo

58 2026 190 2068 potest,
210 2021 277 2057 nisi
293 2021 418 2057 timeat
435 2021 570 2064 Deum3
597 2022 673 2057 haec
690 2026 747 2056 est
762 2021 890 2057 domus
918 2031 1028 2067 quam
1051 2032 1117 2057 ex-

60 2088 201 2120 struere
216 2110 226 2126 ,
245 2083 301 2118 vel
315 2083 480 2119 habitare
488 2093 593 2119 nemo
603 2088 735 2128 potest,
748 2082 816 2118 nisi
841 2082 876 2118 10
892 2083 1122 2129 simplicitate

61 2145 192 2180 mentis
201 2150 236 2181 et
246 2145 403 2191 puritate
413 2144 546 2180 cordis.
568 2143 638 2179 Sed
650 2143 830 2189 quomodo
840 2144 1005 2180 accidere
1015 2144 1121 2188 solet,

61 2207 222 2244 utetiam
239 2207 300 2252 qui
315 2207 407 2242 bene
434 2205 680 2249 oedisicaverit,
699 2212 735 2242 et
757 2206 901 2242 domum
921 2206 992 2242 cibi
1011 2207 1123 2243 ccele-

61 2270 254 2307 stembene
268 2269 419 2316 agendo,
431 2274 465 2304 et
481 2268 573 2304 bene
587 2269 742 2304 vivendo
763 2279 805 2305 ac
820 2275 919 2306 recte
942 2270 1124 2306 eredendo

64 2330 323 2372 construxerit,
335 2329 498 2372 incurrat
508 2328 658 2373 aiicujus
666 2330 805 2374 peccati
816 2329 974 2366 debitum
983 2335 1020 2365 et
1028 2330 1124 2365 hanc

63 2402 85 2430 a
103 2392 352 2429 crudelissimo
369 2391 565 2430 feneratori
575 2392 774 2427 venundari
786 2398 950 2438 cogatur,
971 2392 1126 2428 0010110-

61 2463 122 2490 res
145 2463 230 2489 suos
250 2452 505 2489 transfundere
526 2454 560 2489 in
583 2453 711 2495 alium,
734 2453 852 2499 pietas
873 2458 909 2489 et
933 2453 1124 2489 clementia

60 2515 278 2561 legislatoris
296 2516 470 2557 occurrit,
492 2520 533 2551 ut
556 2515 652 2551 intra
673 2522 814 2552 certum
831 2521 974 2561 tempus
994 2515 1124 2551 redimi

60 2575 258 2623 possitzsi
293 2581 408 2611 tamen
444 2576 627 2618 invenerit,
654 2576 786 2621 inquit,
805 2587 931 2611 manus
964 2581 1023 2611 tua
1043 2587 1124 2622 pre-

62 2640 149 2675 tium
190 2638 284 2684 quod
315 2638 499 2682 restituas.
540 2637 652 2681 Quale
687 2638 867 2683 pretium?
897 2638 1124 2674 Poenitentize

62 2700 141 2736 sine
164 2699 272 2735 dubio
298 2699 470 2746 lacrymis
497 2704 778 2745 congregatum,
813 2704 850 2735 et
873 2699 1060 2742 manibus,
1088 2699 1124 2735 id

61 2765 132 2805 est,
162 2761 285 2797 labore
301 2760 386 2796 honi
407 2761 526 2806 operis
550 2760 750 2797 inventum.
769 2760 894 2797 Annus
915 2768 1036 2798 autem
1052 2762 1122 2798 iste

62 2822 214 2870 intelligi
233 2827 366 2870 potest,
387 2832 494 2868 quem
513 2823 613 2859 venit
630 2833 760 2859 vocare
786 2823 961 2859 Dominus
987 2834 1123 2860 annum

65 2891 266 2933 acceptum,
285 2896 355 2932 quo
371 2885 530 2921 dimittat
556 2883 761 2921 confractos
787 2895 823 2921 10
852 2885 1120 2929 remissionem,

1186 1227 1256 1265 Ista
1295 1238 1381 1264 vero
1415 1229 1622 1265 eommunia
1656 1239 1736 1275 quae
1772 1229 1984 1276 frequenter
2016 1230 2253 1274 incurrimus,

1187 1301 1329 1337 semper
1346 1291 1599 1337 poenitentiam
1619 1292 1812 1338 recipiunt,
1832 1296 1868 1328 et
1885 1292 1962 1328 sine
1984 1292 2253 1329 intermissione

1187 1351 1428 1387 redimuntur.
1470 1351 1572 1394 Quod
1592 1353 1622 1387 si
1640 1351 1871 1388 sacerdotalis
1892 1352 2015 1398 suerit,
2032 1353 2164 1399 inquit,
2184 1353 2253 1389 isla

1188 1412 1312 1449 domus
1340 1412 1391 1449 vel
1415 1413 1553 1449 levitica
1581 1413 1777 1460 ubicunque
1802 1413 1922 1459 suerit,
1948 1414 2017 1449 sive
2042 1415 2078 1450 in
2118 1414 2255 1450 civitate

1188 1474 1259 1510 sive
1278 1475 1313 1509 in
1337 1485 1420 1520 aqro
1440 1485 1574 1520 semper
1597 1474 1698 1510 habet
1728 1474 1993 1521 redemptorem.
2022 1474 2059 1511 111
2080 1475 2150 1511 1100
2175 1475 2255 1512 1000

1190 1535 1452 1572 sacerdotalem
1492 1545 1639 1571 sensum
1683 1539 1720 1570 et
1755 1534 1938 1571 leviticam
1979 1534 2251 1582 intelligentiam

1189 1606 1334 1643 quaero3
1357 1608 1430 1634 000
1449 1597 1546 1633 enim
1564 1596 1717 1632 inferior
1734 1606 1814 1632 esse
1832 1597 1940 1633 debet
1963 1597 2107 1634 auditor
2123 1597 2253 1632 horum

1190 1659 1219 1695 si
1244 1659 1322 1696 11011
1350 1663 1489 1705 potest,
1518 1658 1579 1694 illo
1607 1658 1686 1704 ipso
1704 1657 1764 1703 qui
1791 1657 1869 1693 haec
1892 1657 2039 1703 scripsit
2058 1662 2094 1693 et
2120 1657 2253 1692 sanxit.

1190 1720 1282 1764 Quid
1309 1725 1364 1756 est
1387 1730 1474 1766 ergo
1499 1719 1595 1765 quod
1619 1718 1788 1754 sacerdos
1813 1723 1849 1754 et
1873 1717 1996 1761 levita,
2022 1712 2150 1754 domus
2181 1726 2254 1753 suae

1190 1792 1333 1826 semper
1358 1782 1494 1817 habent
1522 1780 1831 1826 redemptionem?
1861 1785 1896 1816 et
1915 1780 2122 1826 ubicunque
2147 1779 2256 1815 fuerit

1190 1844 1298 1879 habet
1319 1843 1620 1889 redemptionem,
1647 1842 1848 1888 spiritalem
1875 1842 2164 1888 intelligentiam.
2188 1841 2256 1877 Sa-

1191 1905 1320 1941 cerdos
1338 1914 1443 1940 mens
1473 1904 1547 1940 Deo
1575 1908 1789 1940 consecrata
1814 1903 1966 1946 dieitur;
1996 1907 2033 1939 et
2057 1902 2163 1938 levita
2193 1912 2258 1948 ap-

1189 1966 1345 2013 pellatur
1369 1965 1399 2001 is
1422 1965 1482 2010 qui
1515 1964 1760 2000 indesinenter
1789 1964 1928 2000 assistit
1952 1963 2046 2006 Deo,
2072 1968 2109 1999 et
2135 1962 2258 1998 voiun-

1191 2028 1258 2064 tati
1293 2026 1371 2072 ejus
1394 2026 1589 2063 ministrat.
1620 2024 1801 2061 Pet-sectio
1821 2034 1907 2071 ergo
1929 2024 1965 2059 111
1987 2024 2171 2059 1010110010
2186 2050 2195 2066 ,
2222 2028 2259 2059 01

1193 2100 1301 2138 opere
1323 2090 1358 2125 in
1383 2089 1454 2125 fide
1471 2094 1508 2124 01
1527 2088 1667 2124 actibus
1683 2087 1852 2123 sacerdos
1866 2091 1902 2120 et
1915 2085 2060 2121 Levites
2082 2084 2259 2130 accipien-

1192 2151 1258 2187 dus
1277 2155 1345 2193 051,
1366 2150 1452 2185 11010
1473 2149 1596 2195 itaque
1614 2147 1786 2195 perfectae
1812 2147 1925 2183 menti
1949 2147 1979 2183 si
2004 2146 2178 2183 acciderit
2195 2146 2260 2182 ali-

1191 2212 1335 2259 quando
1359 2212 1506 2248 domum
1526 2221 1636 2257 quam
1656 2211 1765 2246 babet
1784 2220 1856 2245 non
1880 2208 2127 2245 manufactam
2151 2214 2258 2244 :cter-

1191 2284 1276 2309 nam
1313 2273 1349 2308 in
1388 2272 1490 2308 coeiis
1527 2271 1708 2314 vendere,
1743 2277 1779 2306 et
1809 2280 1939 2306 manus
1977 2269 2126 2305 011011115
2156 2269 2258 2311 11010,

1193 2335 1288 2371 sicut
1319 2334 1470 2379 contigit
1501 2333 1695 2378 aliquando
1734 2342 1866 2377 magno
1899 2330 2115 2376 patriar-chre
2147 2328 2259 2364 David

1193 2405 1274 2431 011111
1314 2394 1358 2430 de
1398 2398 1495 2428 tecto
1539 2403 1605 2428 suo
1646 2392 1743 2429 Uriae
1782 2391 1887 2427 Ethei
1919 2390 2060 2436 aspexit
2093 2399 2257 2432 uxorem,

1194 2455 1314 2491 statim
1350 2464 1430 2489 eam
1468 2453 1615 2488 redimit
1637 2480 1646 2496 ,
1697 2452 1818 2488 statim
1858 2457 2051 2496 reparatur
2077 2477 2087 2492 ,
2134 2449 2258 2487 statim

1193 2515 1289 2551 eniin
1311 2514 1397 2550 dicit
1416 2524 1425 2549 ε
1450 2512 1597 2548 Peccavi
1609 2524 1621 2556 ;
1644 2513 1716 2550 imo
1737 2522 1825 2548 vero
1847 2512 1982 2557 aliquid
2002 2511 2119 2547 adhuc
2147 2511 2259 2549 subii-

1192 2577 1287 2612 mius
1318 2576 1352 2610 in
1387 2575 1457 2610 hoc
1493 2583 1602 2609 50050
1642 2573 1814 2608 debemus
1845 2573 2036 2618 inspicere.
2071 2571 2258 2616 Quomodo

1198 2639 1325 2674 domus
1355 2635 1582 2672 sacerdotum
1611 2639 1646 2670 et
1672 2634 1876 2676 levitarum,
1911 2634 1946 2668 id
1975 2638 2043 2676 est,
2078 2632 2258 2678 perfecta-

1192 2709 1272 2736 rum
1286 2700 1460 2735 mentium
1477 2708 1620 2744 semper
1634 2697 1764 2733 delicta
1784 2697 2023 2739 redimantur,
2042 2705 2255 2741 semperque

1191 2767 1402 2809 purgentur,
1433 2761 1462 2796 si
1494 2759 1638 2806 quando
1671 2758 1882 2804 Scripturas
1915 2757 2056 2793 divinas
2087 2757 2256 2804 legimus,

1192 2827 1228 2858 et
1248 2827 1455 2858 sanctorum
1468 2820 1616 2856 Patrum
1646 2819 1683 2855 in
1706 2819 1763 2854 his
1789 2818 1917 2855 delicta
1945 2818 2063 2864 aliquo
2087 2827 2254 2857 recense-

1192 2897 1287 2930 mus,
1302 2885 1331 2922 si
1348 2883 1547 2921 secundum
1565 2882 1719 2930 apostoli
1732 2881 1835 2918 Pauli
1850 2881 2067 2918 sententiam
2084 2879 2252 2923 dicimus,

65 2952 102 2984 et
123 2947 275 2984 salutem
308 2945 436 2983 delicta
475 2956 539 2982 sua
558 2945 812 2982 confitentibus
846 2946 1007 2991 praebeat
1030 2944 1119 2992 (lsa.
1139 2970 1175 3011 D
1195 2947 1286 2991 Quin
1304 2946 1378 2982 hoec
1401 2945 1519 2981 omnia
1546 2944 1584 2980 in
1612 2943 1729 2990 fiqura
1749 2942 1992 2988 continqebant
2014 2940 2100 2983 illis,
2127 2941 2256 2986 scripta

65 3009 155 3057 m).
178 3009 280 3054 Quod
302 3013 425 3044 autem
441 3007 528 3044 dicit
543 3008 688 3044 domum
703 3007 740 3043 in
761 3007 907 3044 civitate
925 3012 1120 3052 muratam,

64 3077 166 3108 reete
183 3076 224 3106 ut
245 3080 313 3117 ego
331 3069 503 3112 arbitror,
532 3069 660 3105 domus
687 3079 766 3116 quae
785 3069 822 3105 in
841 3068 943 3105 coeiis
961 3074 1017 3105 est
1035 3069 1124 3105 dici-

63 3136 140 3175 tur,
170 3131 206 3166 in
227 3130 373 3166 civitate
393 3134 537 3165 murata
555 3129 788 3177 intelligitur,
812 3140 938 3166 murus
955 3134 1010 3166 est
1026 3130 1123 3166 enim

65 3192 315 3240 hujuscemodi
348 3192 529 3236 domibus,
563 3181 680 3245 ipsum
714 3192 795 3229 coeii
832 3192 1121 3237 firmamentum;

66 3255 131 3292 sed
159 3255 268 3292 talem
289 3254 435 3292 domum
455 3255 529 3296 rari
558 3255 692 3308 quique
719 3255 854 3291 habere
876 3261 1042 3303 possunt,
1070 3255 1123 3292 iiii

67 3314 231 3354 fortassis
248 3315 310 3364 qui
330 3326 438 3365 super
453 3321 587 3355 terram
607 3317 851 3362 ambulantes,
875 3316 1123 3354 conversatio-

68 3387 151 3426 nem
169 3378 306 3417 habent
325 3377 361 3418 in
383 3377 509 3423 coeiis;
533 3383 571 3414 et
589 3378 633 3414 de
653 3378 784 3426 quibus
804 3378 892 3415 dicit
914 3376 1122 3425 Apostolus,

70 3434 135 3483 Dei
148 3437 334 3488 &distentio
351 3438 433 3474 estis
450 3437 482 3486 (1
501 3436 584 3479 Cor.
607 3436 678 3487 ιιι).
697 3437 830 3474 Coeteri
845 3442 965 3474 autem
981 3437 1017 3473 in
1033 3437 1123 3473 vicis

71 3495 204 3545 babent
221 3498 360 3547 domos,
382 3499 514 3554 quibus
529 3509 602 3539 nou
615 3488 672 3536 est
685 3509 811 3542 murus
829 3510 838 3534 ι
856 3503 912 3534 051
931 3502 1052 3534 tamen
1070 3497 1124 3535 eis

73 3555 240 3602 adiacens
255 3570 340 3607 ager
358 3560 532 3598 fecundus
544 3587 553 3604 ,
574 3559 647 3597 illis
665 3560 831 3596 fortassis
851 3560 912 3606 qui
934 3559 1002 3596 sibi
1021 3559 1125 3595 habi-

75 3618 231 3664 taculnm
254 3627 458 3669 praeparant
490 3622 529 3660 in
561 3627 659 3659 terra
684 3622 899 3666 viventium,
933 3626 969 3658 et
997 3621 1034 3657 in
1064 3620 1124 3657 illa

77 3672 316 3726 terri‘quiilio
339 3683 538 3722 mansuetis
564 3682 739 3731 Dominus
766 3683 947 3730 promittit
971 3682 1094 3718 dicens
1114 3693 1123 3718 ε

73 3736 175 3783 Bss‘ili
202 3738 302 3790 mm!
316 3765 338 3800 g
352 3743 522 3800 312⁰an
546 3742 612 3797 ipsi
637 3743 876 3796 hffredt‘wtem
900 3742 1125 3798 possidebunt

76 3804 208 3843 terram
221 3794 368 3855 (ltattt.
381 3800 436 3854 v).
451 3800 546 3843 Istas
560 3796 651 3859 ergo
664 3805 807 3857 domos,
825 3804 859 3845 si
875 3803 972 3845 forte
990 3803 1125 3856 aliquis

1194 3014 1275 3044 sunt
1289 3013 1404 3043 nutem
1415 3011 1555 3053 propter
1565 3004 1870 3041 commonitionem
1883 3009 2039 3038 nostram
2054 3001 2090 3050 (I
2106 3001 2187 3037 Cor.
2203 3000 2254 3048 x).

1194 3069 1270 3105 Hoc
1303 3068 1409 3104 010110
1439 3075 1583 3113 semper
1615 3066 1744 3101 domus
1773 3074 1899 3100 eorum
1930 3062 2135 3104 redimitur,
2171 3061 2255 3106 quia

1172 3121 1338 3177 'semper
1369 3140 1435 3176 pro
1465 3129 1580 3175 cuipis
1604 3137 1731 3164 eorum
1758 3126 1926 3173 purgatio
1955 3130 1991 3161 01
2018 3123 2213 3160 satisfactio
2233 3132 2252 3157 a

1195 3192 1403 3229 doctoribus
1429 3190 1621 3227 adhibetur
1643 3186 1916 3225 ostendentibus
1933 3195 1979 3220 ex
2001 3183 2129 3220 divinis
2156 3181 2254 3217 Seri-

1194 3253 1323 3302 pturis,
1355 3252 1491 3289 formas
1511 3250 1622 3286 fuisse
1650 3249 1727 3284 haee
1754 3251 1791 3282 et
1819 3245 1994 3291 imagines
2012 3253 2134 3278 rerum
2154 3242 2251 3278 futu-

1193 3325 1338 3359 rarum;
1359 3324 1431 3350 non
1453 3312 1583 3359 quibus
1609 3312 1851 3355 arguerentur
1867 3305 1997 3341 delicta
2025 3309 2249 3348 sanctorum,

1193 3376 1255 3412 sed
1271 3374 1402 3422 quibus
1419 3372 1672 3410 ostenderetur
1686 3372 1896 3414 peccatores
1909 3365 2041 3412 impios
2058 3365 2093 3400 in
2112 3370 2251 3412 partem

1192 3443 1415 3478 sanctorum,
1443 3434 1725 3476 societatemque
1742 3428 1933 3465 conscisci.
1954 3427 2146 3476 Nunquam
2164 3438 2251 3476 ergo

1193 3495 1430 3533 sacerdotalis
1459 3491 1642 3540 possessio
1665 3499 1686 3525 a
1710 3489 1897 3526 sacerdote
1920 3495 2123 3536 separatur,
2143 3489 2251 3525 etiam

1194 3561 1224 3597 si
1242 3559 1287 3595 ad
1303 3563 1444 3605 tempus
1460 3551 1703 3599 fueritffliata
1717 3579 1727 3596 ‚
1747 3552 1856 3589 etiam
1876 3552 1906 3589 si
1927 3552 2036 3589 suerit
2053 3553 2250 3598 distractu

1195 3628 1336 3664 semper
1362 3612 1570 3657 redimitur,
1594 3622 1738 3659 semper
1760 3617 1972 3659 reparatum
1997 3612 2094 3648 velut
2107 3613 2138 3648 si
2154 3612 2253 3650 dice-

1196 3686 1250 3716 ret
1267 3689 1277 3715 :
1294 3678 1460 3723 Charitas
1475 3686 1554 3727 quae
1570 3674 1731 3722 perfecta
1749 3678 1806 3710 est
1823 3674 1941 3711 omnia
1964 3675 2111 3722 patitur,
2133 3674 2250 3712 omnia

1195 3745 1331 3789 sperat,
1365 3737 1483 3774 omnia
1512 3734 1637 3774 tolerat
1666 3742 1678 3770 .·
1715 3734 1869 3772 charitas
1908 3745 2087 3783 nunquam
2120 3733 2250 3772 aetat

1195 3801 1212 3855 (
1227 3800 1248 3838 1
1262 3799 1332 3839 Cor
1345 3798 1521 3851 xum-Sic
1533 3806 1622 3848 ergo
1634 3801 1672 3836 et
1687 3795 1873 3849 possessio
1883 3805 1927 3835 ae
1947 3794 2078 3836 (lomus
2092 3798 2248 3838 moto·-
