2540 4016
393 159 409 173 Ο

1613 120 1634 133 ‹›
1663 115 1714 135 -Α,
1733 114 1824 133 'ww-³:
1861 108 1867 129 Ξ

295 193 376 252 ω
713 178 767 226 e.
794 183 964 230 ninam
987 181 1136 229 mum
1159 177 1372 229 Assume
1397 175 1604 230 ‚mosum-
1631 179 1827 234 OPERUM
1850 180 1973 242 ms
1995 173 2026 223 12
2238 168 2255 184 ”
2400 183 2477 224 ⁵⁴⁰

303 283 361 326 (get
375 271 545 326 praesenti
563 276 735 322 tempore,
756 267 827 307 hoe
844 265 944 302 enim
965 265 1166 316 appellatur
1187 275 1254 317 per
1271 265 1351 314 eJus
1369 258 1407 301 A
1422 242 1565 305 (ΜᾶιιΙι.
1587 257 1654 308 rx).
1674 259 1814 298 Horum
1836 271 1924 310 ergo
1939 261 2036 300 oedes
2053 269 2134 309 quae
2151 259 2192 299 in
2205 261 2356 310 urbibus
2373 268 2475 310 sunt,

300 343 464 389 posteros
485 335 543 372 vel
558 331 819 382 generationes,
855 328 952 375 quod
972 328 1209 376 Septuaginta
1226 327 1352 374 edunt,

300 400 383 451 quia
418 384 606 445 praesentis
637 389 809 436 temporis
839 394 1056 439 potestatem
1093 388 1204 430 habet
1223 394 1353 436 contra

299 471 362 503 205
379 459 440 509 qui
456 455 719 505 conjunguntur
737 450 784 495 ei,
805 456 838 486 et
853 450 978 494 redimi
1011 462 1081 494 non
1106 451 1232 498 poterit
1247 452 1353 492 eliam

297 520 335 557 5„
347 518 504 567 jubilum,
524 514 598 559 sive
632 516 670 547 ut
692 510 944 558 Septuaginta,
977 511 1013 554 in
1034 511 1250 555 remissione.
1273 511 1351 559 Qua

294 577 507 621 remissione
523 573 538 607 ?
555 572 624 608 nisi
643 571 768 618 utique
787 571 848 606 illa
867 582 974 625 quam
1003 572 1056 615 eis
1076 572 1251 618 Dominus
1270 583 1351 615 cru-

294 638 419 674 cifixus
437 634 527 676 dixit
544 646 551 668 :
573 633 693 674 Pater,
714 633 850 669 dimitte
869 632 953 676 illis,
988 635 1071 681 quia
1091 636 1249 672 nesciunt
1265 635 1350 683 quid

293 696 438 743 sariunt.
476 693 549 735 Sed
579 699 770 745 peccatum
808 701 1075 733 renovaverunt
1117 702 1200 744 post
1226 697 1349 733 datam

292 755 539 792 remissionem
564 754 733 797 malitiosi
770 753 903 798 effecti,
925 761 961 790 et
979 757 1165 802 praeterito
1183 767 1254 798 non
1276 755 1349 792 suf-

290 817 432 854 ficiente
476 822 635 863 peccato,
684 815 900 858 addiderunt
940 817 1011 853 alia
1042 819 1224 857 deteriora
1269 830 1349 867 quae

289 879 385 916 circa
416 877 635 925 sepulcrum,
672 882 813 924 etpost
845 879 1167 922 resurrectionem,
1197 883 1233 914 et
1267 884 1350 924 post

288 938 325 974 in
345 938 453 975 coelos
473 938 736 981 ascensionem,
775 943 901 975 contra
939 939 1058 985 ipsum
1094 939 1294 983 Christum,
1314 944 1350 978 et

287 1006 411 1035 contra
431 1001 582 1037 chorum
606 1000 853 1046 apostolorum
875 1007 1200 1048 presumpserunt.

334 1060 537 1101 sinautem
557 1060 692 1098 invilla
727 1061 833 1106 suerit
867 1061 991 1100 donzus
1017 1074 1095 1108 quw
1130 1074 1251 1100 muros
1278 1075 1348 1099 uon

288 1121 403 1164 habet,
431 1133 596 1168 aprorum
618 1121 700 1169 jure
731 1122 911 1166 vendetur,
929 1123 959 1158 si
979 1129 1060 1159 aute
1080 1124 1257 1173 redempta
1277 1136 1346 1160 nou

1422 320 1499 358 sive
1511 324 1708 359 secundum
1725 322 1962 372 Septuaginta
1982 324 2112 362 domus
2145 323 2334 362 civitatum
2349 327 2476 364 'norma

1419 383 1667 429 possessiones
1684 389 1861 431 quotquot
1894 395 1957 422 eos
1975 391 2100 423 secuta
2122 390 2220 429 sunt,
2238 385 2310 423 ilde
2326 390 2364 423 et
2393 391 2478 424 cott-
2533 423 2540 435 ,

1419 432 1637 488 'vex-satione,
1672 443 1823 481 Judaica
1870 446 2022 494 collegia
2068 452 2171 484 recte
2213 446 2475 494 intelliguntur,
2535 450 2540 459 ¹

1420 505 1502 552 quia
1528 505 1630 552 prius
1650 513 1800 553 propter
1833 516 1896 544 eos
1916 509 1971 544 ire
1990 513 2031 544 ut
2048 510 2094 555 ad
2125 520 2211 547 oves
2233 520 2313 557 quae
2331 510 2476 547 merant
2528 507 2540 531 Ἦ

1418 566 1568 612 perditae
1585 567 1714 602 domus
1733 566 1842 603 lsrael
1859 578 1879 603 a
1908 567 2055 606 Christo
2077 570 2170 616 jussi
2189 577 2284 607 sunt.
2307 570 2403 621 Ergo
2432 572 2478 608 ad
2533 577 2540 583 ‘

1422 633 1558 664 sortem
1580 639 1705 664 eorum
1723 629 1957 674 pertinebant
1977 630 2028 666 lili
2049 636 2158 678 atque
2194 633 2476 679 possessionem,

1418 700 1634 736 semperque
1647 696 1816 737 poterant
1833 693 1959 729 redimi
1979 705 1988 737 ;
2015 699 2051 730 et
2071 695 2140 735 hoc.
2153 684 2304 732 historia
2321 696 2478 734 Aetuum

1419 752 1664 799 apostolorum
1696 754 1974 798 demonstravit,
2010 757 2121 799 multa
2155 758 2251 794 enim
2271 758 2478 796 Judaeorum

1418 823 1484 860 per
1501 815 1683 859 apostolos
1712 815 1757 851 ab
1775 825 1900 852 errore
1922 817 2012 852 dixit
2041 817 2193 855 liberata
2215 819 2377 866 collegia.
2399 821 2478 856 Non

1419 874 1504 910 solis
1522 880 1643 909 autem
1668 875 1768 910 licuit
1806 875 1980 920 apostolis
1998 877 2092 914 hanc
2131 889 2306 926 peragere
2338 880 2478 916 redem-

1416 937 1591 982 ptionem,
1613 938 1675 974 sed
1703 944 1738 974 et
1765 939 1950 985 discipulis
1971 951 2124 977 corum:
2147 943 2209 979 sed
2246 948 2366 980 tamen
2385 945 2478 981 hanc

1417 999 1615 1037 secundum
1648 1000 1793 1035 illorum
1832 1003 2024 1048 oportebat
2065 1003 2157 1039 ellici
2202 1004 2417 1050 doctrinam,
2440 1011 2480 1042 ut

1417 1060 1488 1097 illis
1511 1061 1755 1107 imputaretur
1779 1062 1840 1107 qui
1875 1063 2066 1099 exordium
2102 1064 2198 1101 sacto
2229 1066 2476 1112 praebuerunt,

1417 1124 1477 1171 qui
1498 1130 1698 1170 posuerunt
1718 1125 1898 1171 dogmata.
1929 1125 1969 1161 Si
1990 1126 2257 1173 redemptionom
2274 1129 2419 1174 suerint,
2442 1130 2479 1164 in

290 1182 410 1229 suerit,
439 1183 476 1218 iu
498 1183 663 1229 'jubila’o
698 1190 890 1220 revertetur
919 1185 964 1220 ad
992 1186 1187 1222 domiuum.
1211 1186 1345 1222 Domus
1364 1185 1557 1234 Bjubilcro
1578 1191 1788 1220 revertentur
1806 1186 1851 1220 ad
1870 1186 2043 1228 dominos.
2063 1186 2182 1231 Quare
2197 1194 2320 1224 autem
2338 1190 2407 1225 hoc
2426 1189 2480 1225 di—

285 1254 371 1290 crgo
389 1255 468 1293 qua>
499 1244 534 1283 iu
555 1245 639 1280 villa
673 1250 771 1289 sunt,
795 1246 887 1291 quod
904 1246 1075 1287 Ecclesiae
1093 1247 1251 1293 gentium
1284 1248 1345 1282 de·

283 1305 393 1342 heaut
425 1305 587 1351 intelligi,
630 1306 741 1342 Isaias
772 1307 876 1344 nobis
912 1308 1084 1354 propheta
1118 1308 1345 1344 demonstrat

287 1366 409 1403 dicens
430 1378 438 1401 :
462 1366 601 1408 Lauda,
622 1366 750 1402 sterilis
778 1378 855 1412 quce
877 1378 944 1403 uon
962 1368 1072 1413 paris,
1102 1367 1249 1403 decanta
1269 1369 1348 1404 lau-

288 1426 366 1462 dem
388 1432 419 1461 et
438 1425 575 1461 hinnire
593 1436 670 1471 qum
688 1437 756 1461 uon
775 1427 950 1473 pariebas,
972 1428 1139 1474 quoniam
1159 1427 1260 1463 irretiti
1279 1428 1347 1473 filii

287 1486 430 1522 ἄθεοι-1η)
451 1487 562 1535 ›itltgyis
577 1497 682 1532 quam
702 1486 778 1531 ejus
797 1497 875 1533 quw
894 1486 995 1522 habet
1016 1488 1143 1530 virum,
1163 1487 1247 1522 dicit
1268 1480 1354 1522 Do-'

284 1548 397 1582 minus
420 1547 524 1593 (lsai.
547 1547 635 1593 mv).
657 1547 752 1593 Ergo
774 1558 852 1593 quae
871 1548 907 1584 in
928 1547 1023 1592 villa,
1042 1548 1117 1584 sive
1139 1555 1177 1584 ut
1193 1548 1346 1595 Septua—

283 1609 381 1655 ginta
404 1609 440 1644 in
463 1609 554 1645 aulis
577 1614 660 1650 suut
684 1610 826 1653 domus,
856 1610 1018 1655 gentium
1040 1611 1213 1647 Ecclesiae
1237 1612 1344 1648 intel-

283 1668 457 1716 liguntur.
478 1669 578 1713 Quod
593 1670 712 1709 adbuc
743 1671 887 1716 planius
906 1672 945 1707 iu
963 1673 1227 1717 posterioribus
1249 1672 1346 1718 ojus-

285 1731 364 1767 dem
380 1731 576 1777 prophetiae
590 1732 793 1771 ostenditur
813 1745 821 1768 ε
842 1731 930 1779 Fiye
955 1745 1025 1770 uon
1038 1746 1179 1781 parcas,
1199 1734 1345 1771 extende

285 1790 387 1837 funes
409 1798 486 1827 tuos
503 1797 535 1827 et
551 1791 701 1838 pusillos
721 1799 798 1828 tuos
819 1794 993 1839 conforta,
1026 1795 1142 1830 adhuc
1164 1795 1209 1830 ad
1225 1795 1346 1837 dexte-

285 1862 361 1889 ram
385 1858 416 1887 et
437 1852 615 1893 sinistram
639 1854 797 1897 extende,
816 1860 847 1889 et
878 1866 993 1892 semen
1011 1861 1109 1892 tuum
1137 1861 1252 1902 qeutes
1271 1856 1344 1891 ltce-

287 1912 464 1956 restitutit,
484 1919 515 1950 et
547 1914 701 1953 civitates
735 1915 890 1954 desertas
910 1915 1134 1951 inhabitabit.
1162 1916 1255 1952 Ecce
1283 1917 1345 1955 de-

287 1979 404 2011 sertas
426 1974 591 2015 civitates
624 1976 702 2013 sine
736 1987 854 2019 muro,
883 1975 1051 2014 videlieet
1083 1987 1144 2012 cas
1163 1988 1243 2023 quae
1261 1983 1345 2017 sunt

287 2035 447 2080 gentium
491 2037 683 2082 appellavit
713 2050 719 2072 :
750 2048 868 2083 neque
903 2038 1001 2074 enim
1036 2039 1219 2075 habehant
1255 2040 1344 2086 legis

1415 1252 1511 1283 etum
1543 1246 1604 1288 sit,
1628 1246 1792 1292 sequitur
1810 1258 1817 1281 ;
1838 1245 1931 1289 Quia
1959 1247 2083 1282 domus
2115 1248 2254 1283 urbium
2291 1248 2476 1291 levitarum

1413 1317 1476 1353 pro
1510 1305 1784 1352 possessionibus
1825 1313 1904 1343 suut
1944 1307 2033 1342 iuter
2057 1307 2149 1353 filios
2188 1308 2316 1353 Israel,
2340 1309 2376 1346 id
2403 1315 2472 1357 est,

1414 1374 1562 1414 propter
1586 1367 1830 1414 apostolorum
1861 1369 2116 1415 cognationem
2147 1382 2154 1405 ε
2192 1370 2474 1419 intelligibilium

1414 1429 1511 1465 enim
1546 1428 1738 1467 levitarum
1777 1429 2024 1474 apostolorum
2057 1432 2239 1481 possessio
2279 1432 2315 1469 in
2352 1433 2472 1469 medio

1415 1487 1572 1522 filiorum
1592 1488 1703 1523 lsrael
1727 1493 1817 1531 erat,
1838 1489 1933 1524 sicut
1950 1491 2198 1536 cognovimus,
2231 1493 2318 1538 quia
2342 1493 2472 1534 Petrus

1414 1552 1451 1585 et
1475 1547 1633 1584 Joannes
1654 1553 1790 1584 sortem
1823 1549 2048 1595 apostolatus
2072 1551 2108 1586 in
2128 1552 2383 1598 praedicatione
2418 1564 2476 1591 eo-

1414 1620 1494 1645 rum
1516 1610 1577 1656 qui
1603 1620 1648 1645 ex
1674 1609 1950 1646 circumcisione
1985 1617 2089 1648 erant
2120 1620 2375 1662 perceperunt.
2403 1614 2475 1655 Sed

1414 1676 1450 1706 et
1470 1670 1539 1706 alio
1564 1670 1687 1714 modo,
1709 1670 1881 1717 apostolis
1914 1673 2096 1718 possessio
2119 1674 2156 1709 in
2182 1674 2301 1711 medio
2319 1674 2476 1712 filiorum

1413 1729 1522 1766 Israel
1544 1735 1635 1773 erat,
1663 1731 1978 1770 circumcisionem
2009 1734 2108 1774 euim
2130 1735 2316 1773 habebant
2334 1742 2370 1773 et
2389 1738 2473 1788 ipsi,

1414 1798 1452 1828 ct
1474 1793 1674 1830 secundum
1715 1792 1832 1839 legem
1862 1793 1972 1830 Israel
2007 1805 2150 1845 semper
2186 1797 2367 1842 vixerant,
2389 1809 2475 1846 pro-

1414 1858 1496 1900 pter
1527 1853 1623 1903 quod
1648 1858 1830 1889 eteorum
1854 1859 1957 1892 crant
1993 1854 2080 1900 ipsae
2113 1855 2241 1893 domus
2271 1856 2472 1904 civitatum,

1415 1915 1460 1949 ab
1480 1914 1568 1963 ipsis
1598 1915 1695 1950 enim
1720 1919 1824 1950 erant
1844 1914 2018 1958 liberatae,
2059 1921 2096 1952 et
2117 1916 2325 1971 quicunque
2344 1918 2474 1959 salvati

1416 1983 1517 2020 sunt,
1550 1986 1615 2024 per
1633 1987 1695 2014 cos
1720 1977 1850 2015 salvati
1880 1982 1975 2017 sunt.
2001 1978 2148 2019 Etcum
2179 1979 2316 2028 indigni
2337 1987 2473 2029 essent,

1415 2044 1562 2085 propter
1592 2039 1854 2085 blasphemiam
1892 2050 2002 2086 quam
2037 2041 2300 2081 commiserunt
2332 2043 2368 2083 in
2395 2054 2476 2086 cru-

288 2105 446 2137 murum,
478 2101 514 2132 et
542 2097 691 2133 desertae
709 2103 810 2133 erant
830 2108 954 2134 errore
981 2099 1171 2142 idolorum,
1191 2110 1345 2145 quorum
1365 2095 1393 2136 C
1417 2111 1510 2144 cem,
1529 2107 1564 2137 et
1583 2112 1692 2148 quam
1711 2113 1839 2139 rursus
1870 2109 1952 2150 post
1970 2104 2276 2142 resurrectionem
2299 2116 2475 2151 praesum-

288 2155 416 2193 domus
438 2156 472 2192 in
492 2156 599 2198 villis,
618 2167 709 2203 quas
734 2157 968 2204 Septuaginta
995 2160 1031 2195 in
1053 2161 1142 2197 aulis
1160 2161 1344 2205 dixerunt,

287 2225 378 2262 quas
410 2221 448 2253 et
484 2227 565 2254 esse
584 2218 765 2255 Ecclesias
786 2219 956 2262 diximus,
977 2232 1143 2266 aqi-orum
1159 2222 1244 2267 jure
1264 2233 1346 2258 ven-

289 2276 442 2321 demur;
461 2278 516 2314 vel
551 2280 746 2316 secundum
770 2279 1006 2326 Septuaginta
1029 2282 1075 2316 ad
1102 2293 1225 2327 aarum
1244 2288 1346 2319 lert-ce

291 2339 570 2380 aestimubmnur.
597 2341 705 2387 Cujus
739 2342 845 2387 agri?
865 2342 962 2382 Illius
994 2343 1120 2388 utique
1140 2354 1247 2389 quem
1277 2345 1347 2380 Do-

289 2399 409 2435 minus
436 2399 554 2436 dicit:
589 2400 709 2439 Simile
739 2409 788 2438 est
810 2414 952 2448 requam
989 2404 1153 2440 coelorum
1184 2405 1346 2441 thesauro

290 2459 492 2496 abscondito
511 2461 546 2497 in
563 2473 660 2508 (tyro,
682 2474 783 2509 quem
801 2465 860 2510 qui
878 2465 1005 2499 invenit
1030 2466 1132 2500 liomo
1152 2465 1344 2509 abscondit,

286 2527 317 2557 el
334 2534 406 2568 proe
426 2523 554 2568 qotidio
575 2523 670 2559 illius
692 2525 799 2567 vadit,
823 2531 854 2560 et
889 2525 1005 2560 vendit
1034 2527 1153 2561 omnia
1183 2538 1262 2573 qum
1283 2527 1347 2563 ha-

287 2582 373 2626 buit,
394 2589 426 2619 et
450 2584 530 2619 emit
562 2595 686 2630 aarum
705 2584 806 2620 illum
828 2583 973 2632 (Manli.
994 2586 1088 2634 xiii).
1114 2587 1206 2622 Dicit
1225 2592 1347 2624 autem

287 2653 412 2690 agrum
430 2645 670 2691 evangelium,
706 2646 742 2681 iu
764 2657 835 2692 quo
856 2647 1063 2691 thesaurus,
1099 2647 1265 2684 Christus
1292 2653 1348 2687 est

286 2706 514 2751 mysterium.
554 2706 667 2750 Hujus
699 2717 786 2753 ergo
828 2709 905 2754 agri
937 2709 1018 2754 jure
1052 2710 1267 2753 vendentur,
1290 2709 1346 2746 vel

289 2764 335 2798 ad
353 2765 448 2799 hunc
464 2774 590 2810 agi-um
610 2765 898 2809 oestimahuntur,
911 2768 995 2812 quia
1015 2768 1048 2802 ei
1066 2773 1150 2803 sunt
1168 2769 1343 2814 proxime.

287 2836 359 2861 non
397 2825 481 2872 legi,
507 2827 743 2873 quamobrem
779 2838 920 2874 semper
944 2831 1072 2865 redimi
1103 2836 1265 2875 possunt,
1287 2831 1345 2867 vel

288 2887 484 2922 secundum
506 2886 742 2933 Septuaginta
763 2888 925 2925 liberatae
940 2901 1006 2936 per
1023 2891 1142 2926 omnia
1153 2896 1271 2927 erunt.
1291 2892 1345 2928 Ex

288 2956 358 2992 quo
377 2948 473 2983 enim
491 2948 664 2984 Dominus
682 2949 795 2993 venit,
807 2960 920 2996 usque
938 2952 982 2986 ad
999 2952 1196 2987 secundum
1212 2953 1345 2988 adven-

1415 2168 1580 2206 pscrunt,
1621 2164 1759 2200 honore
1786 2170 1907 2202 tamen
1945 2165 2191 2212 apostolorum
2225 2167 2283 2215 qui
2325 2174 2362 2204 et
2393 2175 2477 2209 aute

1417 2231 1562 2257 crucem
1602 2225 1847 2268 crediderunt,
1871 2232 1906 2261 et
1941 2226 1976 2263 in
2004 2236 2125 2272 cruce,
2156 2226 2213 2266 vel
2250 2227 2359 2264 etiam
2395 2234 2478 2275 pust

1416 2292 1561 2317 crucem
1605 2292 1898 2329 permanserunt,
1943 2287 1978 2322 in
2014 2287 2083 2324 fide
2117 2289 2272 2336 suscepti
2312 2295 2408 2330 suut.
2432 2291 2477 2328 Et

1416 2343 1499 2390 quia
1542 2344 1609 2379 hoc
1629 2354 1754 2381 verum
1789 2352 1854 2387 est,
1898 2347 1995 2384 disce
2017 2349 2061 2384 ab
2081 2349 2173 2385 Isaia
2195 2350 2338 2392 dicente
2361 2363 2370 2391 ;
2394 2351 2476 2388 Nisi

1414 2404 1586 2442 Dominus
1619 2407 1833 2442 exercituum
1860 2408 2053 2456 reliquisset
2092 2412 2190 2446 uobis
2222 2422 2352 2455 semen,
2372 2412 2475 2461 quasi

1416 2462 1569 2505 Sodoma
1598 2465 1682 2510 sacti
1724 2478 1888 2510 essemus,
1907 2475 1936 2503 ec
1972 2471 2073 2516 quasi
2113 2468 2307 2510 Gomorrha
2343 2473 2475 2510 similes

1416 2525 1606 2571 fuissemus
1629 2527 1731 2572 (lsai.
1754 2528 1794 2575 1).
1816 2529 1852 2565 Si
1874 2531 1969 2567 enim
1993 2543 2062 2568 non
2079 2533 2245 2573 relictum
2265 2540 2362 2570 esset
2391 2545 2478 2588 apo-

1416 2588 1589 2624 stolorum
1627 2600 1763 2637 semen,
1787 2591 1878 2628 nibil
1913 2595 2121 2639 prohiberet
2157 2596 2192 2630 in
2225 2596 2372 2634 modum
2401 2597 2474 2638 Go-

1414 2649 1568 2685 morrhae
1586 2654 1622 2685 et
1642 2649 1808 2687 Sodomae
1823 2662 1966 2689 omnem
1986 2655 2125 2700 plebem
2139 2655 2326 2697 „Iudaicam
2341 2658 2475 2706 perire,

1414 2712 1476 2748 sed
1497 2712 1742 2758 apostolorum
1775 2724 1883 2751 causa
1908 2726 1980 2752 non
2009 2727 2135 2755 omnes
2158 2720 2358 2765 perierunt,
2382 2730 2473 2765 quo-

1414 2782 1494 2808 rum
1511 2772 1662 2809 virtutes
1682 2778 1718 2808 et
1733 2776 1985 2819 possessiones
2000 2778 2125 2824 quales
2151 2785 2268 2823 erant,
2290 2779 2326 2815 in
2343 2780 2469 2825 paucis

1413 2832 1470 2868 his
1485 2833 1676 2872 considera
1706 2836 1827 2872 verbis
1848 2849 1855 2872 :
1880 2837 2092 2876 suburbana
2126 2846 2242 2882 autem
2265 2852 2384 2877 eorum
2403 2853 2473 2881 non

1412 2899 1572 2937 veneunt,
1583 2895 1666 2940 quia
1680 2897 1851 2940 possessio
1862 2899 2070 2946 sempiterna
2085 2907 2150 2942 est,
2169 2900 2328 2946 Quorum
2345 2902 2360 2941 2
2378 2901 2474 2949 Apo-

1413 2953 1587 2992 stolorum
1606 2955 1772 2996 videlicet
1789 2970 1798 2998 ;
1820 2959 1858 2999 lii
1875 2961 1971 2997 enim
1991 2971 2072 3002 esse
2091 2962 2226 3002 Levitae
2245 2963 2334 3007 dieti
2357 2970 2442 3005 sunt
2460 2976 2470 3008 ;

288 3014 364 3045 tum
382 3009 471 3056 ejus,
483 3021 548 3056 per
562 3016 684 3056 partes
702 3018 825 3057 gentes
840 3013 1080 3056 redimuntur,
1091 3019 1126 3049 et
1137 3025 1203 3059 per
1218 3015 1343 3050 remis÷
1360 3001 1396 3040 D
1415 3013 1545 3051 horum
1565 3015 1772 3054 suburbana
1802 3019 1877 3055 sive
1896 3021 1974 3067 agri
2009 3033 2082 3064 non
2102 3023 2319 3069 venduntur,
2344 3024 2380 3064 id
2398 3030 2469 3068 est,

288 3070 426 3107 sionem
444 3071 613 3115 evadunt,
630 3082 739 3118 quam
754 3072 831 3118 ipse
848 3074 946 3109 omni
962 3074 1085 3118 generi
1105 3075 1263 3110 humano
1279 3085 1344 3121 per

289 3141 431 3167 crucem
448 3133 671 3178 procuravit,
691 3143 781 3169 crux
804 3134 901 3170 enim
922 3139 978 3170 est
994 3145 1080 3170 vera
1101 3135 1281 3172 remissio.

334 3192 446 3229 AEdes
464 3193 647 3231 levitarum
675 3207 753 3242 quoe
767 3197 804 3232 in
818 3197 963 3233 urbibus
980 3203 1073 3241 sum,
1110 3209 1245 3244 semper
1266 3209 1344 3245 pos-

288 3258 367 3288 sunt
389 3253 526 3297 redimi,
558 3255 588 3290 si
607 3255 794 3302 redempcoe
811 3266 881 3292 non
908 3257 1052 3303 fuerint,
1072 3258 1109 3292 in
1126 3257 1272 3303 jubiloeo
1291 3269 1346 3293 re·-

288 3319 461 3349 vertemur
479 3314 524 3350 ad
547 3314 720 3358 dominos,
741 3317 824 3363 quia
846 3315 971 3352 domus
990 3317 1130 3353 urbium
1160 3316 1344 3354 levitarum

290 3387 350 3421 pro
366 3377 637 3422 possessionibus
673 3384 753 3414 sum
773 3379 864 3416 inter
881 3379 975 3426 filios
1011 3379 1138 3416 Israel.
1159 3380 1237 3417 Non
1269 3379 1344 3415 sru-

291 3441 365 3471 stra
385 3437 526 3475 Levitas
547 3439 725 3486 quispiam
745 3440 840 3476 dicat
864 3441 1036 3487 appellari
1058 3440 1258 3487 apostolos,
1276 3439 1342 3476 sed

291 3494 374 3541 quia
395 3496 438 3532 de
474 3496 609 3536 Levitis
635 3501 770 3537 dietum
808 3508 864 3538 est
885 3513 894 3538 ε
916 3501 962 3541 In
996 3507 1091 3538 terra
1113 3513 1234 3538 eorum
1253 3501 1341 3537 nibil

290 3555 495 3603 possidebis,
511 3569 572 3594 nec
603 3561 743 3597 habebis
777 3567 918 3608 partem,
1010 3574 1028 3598 r
1044 3573 1117 3607 eos,
1131 3573 1195 3610 eqo
1214 3573 1296 3610 pars
1309 3567 1343 3599 et

293 3615 479 3654 hoereduas
498 3625 558 3655 tua
585 3621 622 3656 in
638 3622 751 3658 medio
771 3623 930 3668 filiorum
950 3620 1078 3668 “srael,
1111 3624 1182 3661 hoe
1218 3629 1342 3668 aulam

294 3675 331 3711 in
365 3679 534 3724 apostolis
574 3683 720 3729 proprie
755 3684 944 3730 impletum
985 3690 1053 3729 est,
1080 3686 1142 3732 qui
1175 3685 1343 3730 dicebant

296 3738 513 3782 cotitidenter
535 3742 579 3778 ad
599 3743 817 3782 Dominume
837 3745 928 3782 Ecce
952 3757 1016 3783 nos
1037 3747 1242 3796 reliquimur·
1269 3757 1343 3784 oum

297 3793 371 3845 Ma,
405 3803 438 3837 et
469 3802 579 3850 κοπιᾷ
613 3814 735 3843 sumus
775 3810 837 3852 teg
870 3806 955 3863 quid
995 3813 1102 3862 putas
1124 3809 1195 3852 evit
1213 3808 1345 3853 m?

1415 3075 1711 3112 conversationes
1744 3083 1780 3113 et
1812 3079 1965 3119 virtutes
1982 3086 2019 3118 et
2051 3082 2241 3128 doetrinae,
2279 3084 2355 3126 haec
2374 3085 2470 3125 euim

1414 3142 1584 3177 agrorum
1600 3135 1678 3171 viee
1693 3137 1873 3183 colebant,
1896 3140 1945 3177 ita
1964 3146 2004 3179 ut
2019 3141 2151 3184 Paulus
2167 3144 2213 3180 de
2230 3144 2283 3181 eis
2308 3144 2470 3186 diceret:

1416 3192 1502 3235 Quis
1521 3196 1691 3241 plautavit
1709 3198 1859 3243 vineam,
1894 3206 1926 3235 et
1958 3202 2000 3242 de
2032 3203 2152 3248 [ructu
2181 3205 2258 3251 ejus
2274 3216 2344 3247 non
2358 3206 2435 3248 edet
2455 3207 2473 3243 ?

1412 3255 1449 3302 (I
1467 3256 1549 3293 Cor.
1571 3260 1639 3305 ιι.)
1673 3260 1717 3298 Et
1738 3271 1890 3298 rursus:
1911 3262 2047 3309 Dignus
2071 3271 2123 3303 est
2156 3269 2339 3313 operarius
2373 3279 2465 3311 mar-
2535 3298 2537 3303 .

1413 3317 1494 3354 cede
1509 3330 1573 3354 sua
1592 3318 1628 3365 (I
1648 3318 1676 3354 Τ
1677 3320 1737 3358 im,
1764 3320 1816 3367 v).
1838 3321 1883 3356 Et
1911 3332 2057 3361 rursum
2075 3334 2086 3361 z
2107 3325 2279 3372 Nunquid
2302 3329 2345 3367 de
2363 3328 2471 3370 bolam

1415 3389 1502 3414 cura
1533 3384 1583 3414 est
1604 3378 1678 3417 Deo
1694 3379 1711 3414 7
1729 3379 1784 3415 An
1803 3380 1845 3415 de
1876 3381 1974 3417 nobis
2005 3383 2123 3430 utique
2149 3384 2248 3429 dicit,
2269 3386 2354 3433 quia
2366 3387 2469 3427 debet

1411 3440 1450 3476 in
1479 3451 1538 3487 spe
1563 3440 1623 3487 qui
1641 3445 1721 3480 arcu
1739 3452 1855 3485 arare,
1875 3447 1907 3479 et
1938 3443 1999 3489 qui
2017 3444 2165 3485 seminat
2183 3445 2220 3485 in
2252 3457 2312 3494 spe
2331 3446 2469 3495 fructus

1411 3502 1624 3549 percipiendi
1645 3501 1681 3550 (I
1696 3502 1778 3545 Gor,
1795 3502 1872 3550 ix){.²
1890 3504 1936 3546 Et
1953 3515 2080 3543 rursus
2097 3518 2106 3542 :
2127 3505 2168 3543 Si
2197 3518 2260 3544 nos
2287 3510 2382 3546 vobis
2395 3510 2470 3559 spi«

1412 3560 1532 3602 ritaiia
1551 3562 1812 3608 seminavimus,
1833 3574 1998 3611 maquum
2012 3571 2078 3611 est,
2100 3567 2132 3604 si
2164 3574 2277 3613 vestra
2298 3569 2462 3614 carnalia

1411 3627 1580 3662 metamus
1599 3623 1618 3665 3
1654 3621 1835 3671 (Ibidem.)
1868 3623 1932 3667 Hm
1967 3635 2053 3673 ergo
2085 3627 2259 3673 doetrinae
2290 3634 2468 3677 separatas

1410 3687 1516 3726 erant·
1533 3682 1740 3728 civitatibus
1754 3693 1894 3730 eorum,
1915 3695 1996 3732 quae
2019 3691 2056 3730 et
2080 3698 2146 3734 per
2169 3688 2268 3736 ipsos
2282 3689 2464 3735 contine*

1412 3745 1514 3790 hunt.
1532 3749 1572 3785 et
1588 3754 1654 3792 per
1669 3744 1767 3792 ipsos
1796 3745 2042 3795 salvabantur,
2062 3754 2101 3791 et
2121 3750 2227 3794 vendi
2254 3759 2332 3797 m
2360 3755 2466 3800 mte-

1411 3810 1511 3854 ηις.
1521 3807 1671 3864 quiana
1686 3807 1788 3868 ipsos
1806 3808 2019 3856 dicebatur:
2037 3808 2159 3856 eram
2170 3811 2369 3871 acontias&
2381 3821 2467 3872 βο
2487 3822 2490 3823 ’
