2540 4016
281 162 353 198 095

703 164 744 200 B.
771 165 942 205 RABANI
966 168 1115 208 mum
1138 169 1354 211 ARGfflEP.
1381 173 1586 215 MOGUNT.
1615 177 1806 235 Quum
1830 184 1950 223 PARS
1974 187 2002 223 1.

2378 195 2452 232 696

279 238 411 276 Paulus
429 242 506 274 ait:
533 234 710 287 scriptam
728 254 798 279 non
815 250 1023 291 atramento,
1046 249 1106 284 sed
1126 249 1252 296 spiritu
1269 249 1335 286 Dei
1351 252 1390 293 A
1404 263 1508 301 super
1523 267 1650 294 aurum
1673 266 1704 296 et
1726 261 1878 308 lapidem
1897 262 2087 309 pretiosum
2110 267 2213 302 nimis
2237 273 2271 303 et
2295 269 2456 309 dulciora

277 299 353 341 vivi,
373 308 442 333 non
459 298 497 333 in
515 299 643 336 tatutis
659 301 821 349 lapideis,
842 306 903 341 sed
921 307 959 342 in
978 308 1107 344 tabulis
1125 310 1240 346 cordis
1258 322 1336 347 car-

275 358 415 394 nalibus
431 357 490 406 (II
509 357 591 395 Gor.
612 361 683 408 111).
720 363 798 402 Hoc
816 371 874 402 est
892 369 990 404 enim
1009 371 1168 416 quodde
1186 371 1335 418 quibus-

276 420 360 455 dam
380 419 523 463 dicitur,
552 421 614 466 qui
641 426 837 462 ostendunt
862 437 952 474 opus
977 429 1065 477 legis
1096 432 1270 479 scriptum
1295 435 1333 471 in

274 479 445 516 cordibus
464 480 551 516 suis.
583 481 671 526 Quis
695 489 816 522 autem
841 488 987 535 scripsit
1014 491 1051 527 in
1079 493 1247 531 cordibus
1272 505 1332 532 eo-

274 550 368 583 rum,
389 541 459 576 nisi
477 541 572 578 Deus
591 543 702 590 digito
723 546 816 582 suo?
839 550 973 596 Legem
991 552 1115 598 utique
1130 556 1331 591 naturalem

272 612 381 647 quam
403 602 498 638 Deus
519 604 678 641 humano
699 609 839 653 generi,
857 615 894 646 et
912 611 949 647 in
969 619 1182 651 cunctorum
1202 618 1331 653 menti-

269 665 337 701 bus
359 667 517 713 scripsit.
543 668 582 704 Si
601 672 678 716 quis
702 678 878 718 eaternus,
901 674 1031 722 inquit,
1054 681 1250 723 accesserit,
1274 691 1331 715 oc-

270 728 419 763 cidetur.
438 728 643 766 Secundum
657 732 860 778 historiam,
878 741 1047 774 externos
1062 739 1218 784 quidem,
1237 740 1326 783 sive,

268 793 309 823 ut
336 791 502 834 superius
526 793 601 835 ait,
636 792 858 840 alienigenas
884 807 946 833 eos
970 799 1142 845 appellat,
1173 801 1233 846 qui
1256 812 1327 837 non

268 854 351 884 sunt
371 850 415 885 de
434 851 527 887 tribu
549 853 646 895 Levi,
667 859 703 890 et
722 857 852 901 quibus
872 868 944 893 non
964 864 1019 894 est
1038 863 1326 897 commendatum

269 910 458 946 servitium
475 911 537 948 Dei
552 913 591 948 in
607 914 841 952 tabernaculo
857 928 976 964 agere.
991 918 1070 955 Non
1086 921 1182 956 enim
1198 921 1329 957 licebat

268 971 465 1015 quemlibet
484 973 528 1009 de
548 973 617 1009 alia
638 975 734 1012 tribu
760 984 894 1022 praesto
920 989 1001 1015 esse
1024 980 1150 1023 altari,
1186 982 1261 1017 sive
1291 983 1326 1016 in

269 1031 472 1069 ministerio
486 1035 642 1080 operari.
665 1035 766 1072 Unde
781 1036 887 1074 Ozias
904 1050 982 1080 rex,
997 1041 1059 1085 qui
1076 1047 1155 1076 erat
1170 1042 1214 1076 de
1230 1042 1325 1077 tribu

267 1089 359 1125 Juda
378 1092 471 1126 sicut
495 1093 531 1127 in
550 1094 643 1130 libro
661 1094 963 1142 Paralipomenon
983 1098 1125 1145 legitur,
1148 1111 1225 1134 cum
1248 1106 1324 1135 ten-

1401 325 1506 362 super
1517 318 1583 353 mel
1599 325 1632 355 et
1646 311 1767 366 [auum
1785 320 1900 369 (Psal.
1917 323 2058 377 cxviii).
2084 324 2128 362 Ni
2145 335 2232 374 ergo
2247 334 2456 370 essentsin-
2513 370 2516 376 ,

1401 375 1482 422 gula
1502 377 1571 413 ista
1591 389 1611 414 a
1633 381 1826 427 semetipsa
1844 382 1998 428 diversa,
2022 395 2209 433 nunquam
2226 390 2352 437 utique
2371 402 2456 439 pro-
2500 411 2503 413 ·
2519 400 2521 402 ’

1399 437 1497 482 prias
1526 441 1722 487 unicuique
1753 441 1940 488 Scriptura
1967 446 2089 482 divina
2116 448 2336 488 differentias
2362 454 2456 491 indi·
2519 438 2521 466 ἶ

1400 499 1530 543 disset,
1566 507 1606 537 ut
1639 503 1735 538 aliud
1765 504 1809 539 de
1838 504 1917 549 lege
1935 506 2078 543 Domini
2097 509 2253 555 diceret,
2286 513 2383 550 aliud
2411 518 2455 552 de

1398 562 1580 605 mandato,
1598 563 1695 598 aliud
1713 564 1755 599 de
1770 564 2104 612 justificationibus,
2121 569 2219 606 aliud
2235 572 2280 608 de
2293 573 2452 619 judiciis.

1397 617 1462 653 Est
1482 629 1568 667 ergo
1588 627 1628 657 ut
1647 623 1684 657 in
1703 623 1759 659 his
1777 626 2016 670 ostendimus,
2038 628 2135 665 aliud
2155 629 2227 674 lex,
2247 632 2344 669 aliud
2362 644 2455 680 prae-

1397 684 1559 724 ceptum,
1586 681 1681 717 aliud
1702 684 1971 731 testimonium,
1995 688 2091 725 aliud
2105 689 2331 737 justificatio,
2355 694 2454 731 aliud

1393 738 1582 783 judicium.
1621 741 1691 779 Sed
1721 749 1756 779 et
1787 745 1824 780 in
1856 746 1933 792 ipsa
1966 748 2066 795 lege,
2099 751 2300 788 evidentior
2321 755 2452 791 horum

1395 798 1597 838 differentia
1625 803 1835 851 designatur
1860 808 1921 843 ubi
1947 809 2103 846 dicitur:
2126 811 2213 847 Haec
2239 820 2289 848 est
2316 814 2391 858 lex,
2420 823 2452 852 et

1395 862 1575 905 mandata,
1593 869 1624 898 et
1634 865 1921 911 justificationes,
1937 876 1968 904 et
1984 878 2173 917 proecepta,
2190 879 2222 907 et
2238 874 2451 919 testimonia,

1395 927 1427 955 et
1442 922 1593 967 judicia,
1619 936 1696 970 quse
1719 929 1881 974 proecepit
1902 926 2075 966 Do'n'tinus
2094 930 2221 977 Moysi.
2256 932 2345 968 Cum
2367 945 2453 980 ergo

1395 983 1471 1018 haec
1492 983 1541 1019 ita
1562 995 1599 1020 se
1623 986 1776 1030 habere,
1806 989 1862 1024 his
1883 999 1902 1024 a
1924 999 1962 1025 se
1983 990 2137 1027 invicem
2158 992 2302 1029 differre
2322 994 2452 1030 distin-

1394 1043 1571 1080 ctionibus
1595 1045 1684 1091 legis
1709 1047 1821 1092 ipsius
1843 1050 2062 1086 testimoniis
2088 1054 2347 1098 approbentur,
2371 1054 2453 1090 dili-

1394 1105 1534 1148 gentius
1566 1106 1737 1142 debemus
1767 1107 1955 1145 intendere
1987 1111 2043 1146 his
2072 1121 2151 1156 quae
2181 1114 2381 1150 recitantur
2409 1126 2453 1150 ex

265 1158 355 1187 taret
373 1164 477 1199 super
494 1154 608 1190 attare
626 1156 863 1202 thymiamatis
882 1158 1021 1195 adolere
1036 1161 1214 1196 incensum
1231 1173 1325 1197 more
1344 1162 1376 1201 B
1395 1163 1485 1209 lege.
1500 1164 1589 1207 Quia
1602 1166 1714 1202 sicubi
1731 1169 2024 1212 scribitur,verbi
2041 1173 2155 1217 gratia
2174 1173 2244 1209 hoc
2257 1184 2336 1210 esse
2350 1186 2453 1210 man-

268 1214 503 1258 sacerdotum,
522 1216 677 1261 filiorum
697 1218 853 1254 videlicet
872 1221 1004 1264 Aaron,
1027 1221 1120 1267 lepra
1140 1234 1160 1257 a
1177 1222 1326 1258 Domino

262 1274 300 1308 in
317 1274 431 1320 fronte
448 1287 633 1321 percussus
650 1284 713 1320 est,
732 1285 835 1324 atque
851 1291 911 1325 per
926 1281 1122 1316 sacerdotes
1141 1282 1182 1316 de
1200 1282 1325 1327 templo

263 1336 413 1381 turpiter
436 1336 614 1381 expulsus,
637 1338 805 1374 habitavit
829 1340 866 1374 in
889 1339 992 1374 domo
1017 1348 1191 1386 separata,
1218 1354 1326 1388 usque

263 1395 309 1430 ad
329 1396 421 1431 diem
441 1398 564 1432 mortis
583 1408 655 1433 suae
675 1397 733 1445 (II
752 1399 876 1435 Paral.
895 1400 985 1447 xvi).

647 1473 797 1511 CAPUT
826 1475 935 1511 XXII.

264 1531 329 1567 Ubi
348 1543 465 1569 omnes
487 1533 679 1570 oblationes
699 1535 854 1580 filiorum
876 1537 990 1572 lsrael
1020 1543 1122 1584 atque
1150 1539 1324 1585 primitias

443 1581 682 1616 sacerdotibus
704 1588 806 1629 atque
824 1583 950 1620 Levitis
971 1586 1140 1621 concedit.

309 1639 429 1686 (Iam.)
451 1640 604 1676 Locutus
621 1648 670 1676 est
687 1642 858 1679 Dominus
877 1645 921 1679 ad
937 1646 1056 1681 Aaron
1070 1646 1188 1682 dicens
1204 1656 1215 1680 .·
1235 1647 1324 1683 Ecce

260 1700 340 1735 dedi
360 1700 421 1734 tibi
442 1701 638 1736 custodiam
654 1704 891 1748 primitiarum
908 1717 1079 1741 mearum.
1104 1706 1231 1742 Omnia
1247 1719 1323 1754 quoe

262 1762 532 1807 sanctificantur
552 1775 572 1798 a
590 1763 675 1809 filiis
696 1764 821 1807 Israel,
846 1765 906 1801 tibi
929 1767 1059 1802 tradidi
1081 1773 1112 1802 et
1130 1767 1214 1812 filiis
1238 1769 1322 1812 tuis,

259 1831 322 1865 pro
340 1821 450 1867 officio
467 1822 692 1866 sacerdotali,
716 1823 870 1870 leyitima
891 1828 1118 1872 sempiterna,
1139 1832 1209 1863 etc.
1249 1828 1324 1864 Pri—

259 1882 381 1917 niitias
399 1883 563 1918 omnium
581 1883 739 1931 frugum,
760 1887 995 1934 omniumque
1013 1898 1183 1935 pecorum
1204 1900 1322 1926 sacer-

260 1942 402 1978 dotibus
420 1943 478 1979 lex
496 1945 644 1981 mandat
663 1945 800 1990 offerri,
822 1948 871 1983 ita
890 1954 930 1983 ut
948 1950 1065 1984 omnis
1084 1950 1145 1995 qui
1163 1951 1322 1996 possidet

260 2013 399 2049 agrum,
422 2004 480 2039 vel
500 2005 656 2049 vineam,
674 2007 730 2042 vel
749 2007 934 2051 olivetum,
953 2009 1010 2044 vel
1030 2010 1174 2046 hortum
1195 2012 1318 2056 etiam,

260 2068 296 2098 et
311 2065 340 2098 si
358 2064 444 2109 quid
461 2070 517 2100 est
531 2067 626 2111 quod
642 2073 832 2103 exercetur
851 2069 886 2104 in
903 2070 1010 2105 terris
1025 2097 1034 2114 ,
1059 2072 1121 2107 sed
1138 2078 1173 2106 et
1192 2072 1220 2107 si
1240 2072 1321 2118 quis
1340 2059 1370 2101 C

258 2124 401 2170 peculia
415 2124 662 2172 cujuscunque
677 2129 826 2171 nutriat,
842 2129 970 2166 offerat
984 2142 1028 2167 ex
1046 2133 1103 2168 his
1120 2133 1197 2169 Deo
1214 2144 1321 2170 omne

259 2186 355 2230 quod
384 2186 543 2231 primum
571 2194 652 2230 est,
686 2189 723 2225 id
746 2195 825 2233 est,
858 2191 902 2226 ad
933 2193 1140 2229 sacerdotes
1166 2194 1317 2230 deierat.

259 2245 332 2283 Deo
355 2246 452 2281 enirn
471 2247 594 2283 offerri
615 2248 715 2293 dicit,
741 2250 836 2295 quod
860 2251 1107 2288 sacerdotibus
1129 2254 1247 2290 datur.
1276 2254 1322 2290 Et

258 2306 327 2341 hoc
347 2311 402 2342 est
421 2308 516 2352 quod
534 2308 707 2345 doeemur
722 2319 767 2346 ex
785 2311 862 2358 lege
879 2324 887 2347 :
911 2312 995 2358 quia
1014 2323 1121 2349 nemo
1142 2313 1238 2350 licite
1255 2325 1322 2350 nec

257 2365 417 2412 legitime
441 2372 566 2403 utatur
584 2368 762 2407 fructibus
792 2382 882 2417 quos
911 2378 1007 2408 terra
1029 2375 1220 2419 producit,
1254 2385 1321 2412 nec

258 2428 504 2465 animantibus
524 2439 603 2475 quae
622 2432 802 2476 pecudum
822 2435 974 2480 protulit
991 2441 1117 2481 partus
1132 2463 1141 2478 ‚
1175 2436 1245 2473 nisi
1276 2448 1321 2473 ex

257 2489 408 2535 singulis
422 2490 626 2537 quibusque
641 2492 716 2529 Deo
730 2494 914 2539 primitiae,
931 2496 967 2532 id
982 2503 1052 2541 est,
1069 2498 1321 2536 sacerdotibus

257 2551 470 2588 offerantur.
493 2553 594 2589 Hanc
614 2563 701 2601 ergo
722 2555 837 2601 legem
857 2557 1044 2594 observari
1064 2559 1176 2595 etiam
1195 2569 1322 2596 secun-

256 2613 342 2648 dum
357 2614 527 2656 litteram,
545 2616 639 2652 sicut
656 2622 693 2652 et
708 2617 779 2652 alia
795 2619 983 2663 nonnulla,
999 2621 1204 2657 necessario
1218 2627 1318 2668 puto.

258 2672 351 2708 Sunt
371 2674 468 2708 enim
486 2675 670 2719 aliquanta
690 2677 778 2722 legis
801 2680 987 2723 mandata,
1008 2691 1089 2726 quae
1107 2683 1217 2718 etiam
1230 2682 1321 2718 Novi

257 2731 480 2768 Testamenti
498 2734 665 2779 discipuli
683 2739 890 2774 necessaria
919 2741 1174 2778 observatione
1200 2748 1321 2779 custo-

258 2793 373 2830 diunt.
405 2794 448 2828 Et
471 2795 501 2830 si
521 2795 680 2839 videtur,
701 2797 804 2841 prius
825 2798 868 2834 de
887 2799 944 2834 liis
964 2800 1065 2845 ipsis,
1088 2812 1168 2846 quae
1187 2803 1223 2838 in
1244 2803 1321 2849 lege

256 2854 403 2900 quidem
423 2855 558 2901 scripta
579 2884 588 2899 ,
622 2857 684 2892 sed
707 2862 878 2902 tanquam
904 2860 940 2894 in
971 2861 1172 2908 Evangeliis
1193 2864 1319 2900 obscr-

255 2917 373 2951 vanda
392 2917 479 2958 sint,
501 2927 620 2953 sermo
638 2923 840 2954 moveatur.
865 2920 909 2955 Et
926 2931 1010 2956 cum
1028 2922 1104 2958 haec
1120 2926 1316 2969 patuerint,

257 2984 344 3014 tunc
371 2979 446 3024 jam
473 2979 560 3023 quid
589 2979 626 3014 in
656 2979 714 3015 bis
741 2980 851 3015 etiam
881 2981 1101 3026 spiritaliter·
1112 2985 1238 3020 sentiri
1258 2987 1318 3022 de-

257 3039 354 3081 beat,
379 3039 617 3084 requiremus.
645 3037 736 3074 Sunt
753 3040 851 3074 enim
868 3041 930 3085 qui
950 3041 1000 3076 ita
1017 3041 1160 3086 dicant,
1184 3044 1269 3089 quia
1287 3046 1318 3082 si

258 3099 395 3144 aliquid
413 3099 561 3135 omnino
577 3100 839 3136 observandum
857 3106 913 3136 εει
929 3103 1127 3138 secundum
1143 3104 1315 3149 litteram,

259 3160 321 3195 sed
340 3159 553 3205 spiritaliter
570 3160 702 3196 debent
721 3160 890 3197 universa
909 3162 1080 3198 discerni.
1102 3163 1175 3200 Nos
1196 3171 1318 3203 autem

258 3220 446 3266 utriusque
460 3220 670 3256 assertionis
684 3221 914 3257 insolentiam
931 3227 1186 3267 temperantes,
1203 3225 1320 3270 qualis

258 3281 381 3327 regula
403 3280 441 3316 in
462 3280 711 3326 hujuscemodi
734 3281 824 3327 legis
845 3283 1072 3319 sermonibus
1092 3284 1319 3321 observanda

260 3343 322 3386 sit,
343 3352 389 3378 ex
408 3343 623 3379 auctoritate
641 3343 846 3380 divinarum
864 3343 1134 3390 Scripturarum
1155 3346 1318 3392 proferre

259 3403 493 3439 tentabimus.
530 3402 714 3449 Scriptum
745 3409 801 3440 εει
830 3405 926 3440 enim
959 3405 996 3441 in
1024 3410 1154 3442 octavo
1177 3406 1317 3443 decimo

259 3463 400 3510 psalmo
425 3475 434 3498 ι
470 3462 544 3499 Lex
571 3464 714 3500 Domini
744 3465 1058 3512 irreprehensibilis
1075 3492 1085 3510 ,
1118 3472 1317 3503 convertens

261 3524 400 3559 animas
415 3531 429 3557 .·
451 3524 686 3560 testimonium
703 3524 847 3562 Domini
864 3525 980 3572 fidele,
1003 3526 1212 3573 sapientiam
1228 3538 1320 3574 μνω-

261 3589 360 3619 stans
372 3583 542 3631 parvulis.
562 3584 779 3633 Proeceptum
787 3586 929 3622 Domini
944 3585 1100 3622 lucidum
1113 3585 1319 3623 illuminans

263 3643 396 3680 oculos.
416 3643 536 3680 Timor
554 3645 694 3682 Domini
713 3653 855 3684 sanctus
872 3658 1079 3694 permanens
1096 3648 1135 3684 in
1150 3646 1319 3684 saeculum

263 3703 384 3739 saeculi
403 3713 416 3739 :
445 3705 597 3752 justitia!
626 3706 770 3743 Domini
801 3713 904 3743 rectoe
936 3707 1156 3755 lectificantes
1186 3708 1320 3753 corda,

261 3764 400 3807 judicia
425 3775 507 3801 vera
529 3767 730 3813 Ῐαειὶβεαια
758 3769 798 3804 in
827 3769 1037 3816 semetipum·
1072 3769 1322 3808 desiderabilia

1397 1225 1534 1268 datum,
1554 1236 1624 1261 non
1644 1229 1815 1264 continuo
1834 1231 2057 1275 mandatum,
2078 1232 2135 1267 lcx
2155 1234 2363 1279 accipienda
2383 1242 2450 1271 εει.

1394 1284 1459 1322 Vel
1480 1288 1595 1323 sicubi
1619 1290 1791 1335 scriptum
1819 1298 1898 1327 cst:
1934 1293 2014 1329 Istae
2047 1301 2130 1330 sunt
2156 1295 2451 1341 justificationes,

1393 1352 1434 1381 ιιι
1450 1347 1508 1382 lex
1527 1355 1589 1383 aut
1607 1351 1813 1386 mandatum
1835 1354 2004 1396 putandae
2022 1361 2117 1390 sunt.
2141 1355 2315 1393 Similiter
2332 1363 2453 1393 autem

1393 1411 1429 1440 et
1446 1407 1560 1442 sicubi
1583 1409 1758 1453 scriptum
1778 1417 1856 1454 est,
1886 1413 2092 1450 testimonia
2115 1422 2176 1451 aut
2195 1418 2330 1462 judicia
2345 1446 2355 1462 ,
2381 1429 2452 1454 non

1393 1466 1543 1501 confusa
1562 1468 1597 1501 in
1617 1479 1729 1504 unum
1748 1481 1791 1505 ex
1812 1474 1954 1508 caeteris
1970 1500 1978 1515 ‚
2007 1476 2069 1511 sed
2087 1464 2270 1513 diversum
2290 1481 2335 1515 ab
2356 1479 2451 1523 aliis,

1393 1528 1675 1573 unumquodque
1706 1531 1932 1567 sentiendum
1964 1540 2032 1570 cst.
2082 1534 2120 1571 Si
2155 1547 2240 1584 ergo
2278 1539 2453 1584 scriptum

1393 1597 1473 1622 csse
1492 1588 1659 1633 legimus,
1684 1592 1768 1636 quia
1793 1591 1848 1627 lea:
1872 1595 2032 1630 umbram
2053 1596 2154 1633 habet
2173 1598 2373 1644 futurorum
2394 1604 2453 1637 bo-

1394 1658 1518 1682 noram
1544 1648 1668 1695 (chr.
1689 1651 1750 1697 x),
1787 1654 1959 1689 continuo
1993 1656 2103 1691 etiam
2136 1660 2366 1704 mandatum,
2396 1662 2453 1698 vel

1388 1707 1553 1753 justitiae,
1575 1711 1631 1746 vel
1647 1711 1794 1757 divitiae,
1811 1714 1854 1750 de
1871 1715 2002 1760 quibus
2018 1717 2088 1753 hoc
2102 1728 2174 1754 non
2191 1725 2248 1756 est
2262 1721 2448 1768 scriptum,

1391 1771 1519 1806 umbra
1555 1781 1636 1807 esse
1674 1774 1860 1810 credendae
1897 1781 1980 1811 sunt
2014 1777 2216 1814 futurorum
2249 1781 2442 1818 bonorum.

1392 1829 1553 1875 Denique
1572 1836 1611 1866 ιιι
1633 1834 1789 1880 exempli
1817 1836 1934 1881 gratia
1956 1847 2066 1873 unum
2084 1849 2260 1884 ponamus
2285 1851 2330 1877 ex
2357 1843 2450 1879 mul-

1391 1891 1450 1934 tis,
1475 1902 1546 1926 non
1567 1898 1622 1928 est
1642 1894 1831 1940 scriptum,
1867 1896 1943 1932 Hoc
1970 1903 2026 1934 est
2053 1900 2261 1936 mandatum
2280 1903 2424 1948 paschae
2438 1930 2448 1947 ,

1390 1950 1466 1993 sed,
1483 1951 1569 1987 Hoec
1587 1959 1636 1988 est
1654 1952 1709 1989 tex
1729 1955 1868 2000 paschae
1880 1956 2010 2004 (Exod.
2027 1959 2107 2006 xn).
2125 1960 2170 1996 Et
2188 1962 2273 2006 quia
2293 1963 2350 1999 lex
2371 1974 2449 1999 um-

1389 2009 1454 2046 bra
1477 2017 1532 2047 cst
1552 2012 1754 2050 futurorum
1781 2016 1980 2060 bonorum,
2007 2018 2064 2054 lex
2082 2021 2160 2056 sine
2180 2023 2287 2057 dubio
2305 2025 2449 2068 paschae

1391 2072 1518 2107 umbra
1538 2079 1593 2109 est
1612 2074 1816 2112 futurorum
1837 2077 2028 2115 bonorum.
2062 2080 2152 2116 Cum
2171 2092 2257 2129 ergo
2275 2085 2380 2120 venio
2403 2085 2448 2120 ad

1391 2130 1510 2167 locum
1531 2134 1652 2178 illuni,
1673 2137 1733 2182 qui
1755 2138 1910 2183 scriptus
1929 2138 1985 2176 εει
2002 2141 2046 2176 de
2064 2143 2197 2187 pascha
2213 2170 2222 2186 ‚
2243 2144 2282 2179 in
2301 2154 2367 2180 ove
2387 2145 2448 2181 illa

1391 2194 1527 2229 carnali
1547 2195 1659 2231 debeo
1676 2198 1878 2245 intelligere
1893 2201 2061 2237 umbram
2080 2201 2193 2239 futuri
2209 2204 2308 2249 honi,
2325 2210 2362 2241 et
2379 2206 2449 2243 hoc
2506 2207 2509 2212 “

1390 2256 1536 2298 sentire,
1554 2258 1649 2302 quod
1669 2261 1800 2304 pascha
1817 2267 1975 2297 nostrum
1990 2262 2191 2299 immolatus
2209 2271 2258 2300 est
2274 2265 2445 2302 Christus.

1392 2316 1509 2353 Simili
1527 2320 1634 2356 modo
1652 2321 1814 2358 invenies
1832 2324 1941 2359 etiam
1960 2325 2002 2360 de
2021 2326 2158 2372 azymis
2184 2333 2221 2363 et
2246 2328 2290 2364 de
2308 2329 2448 2364 caeteris

1390 2380 1565 2416 festorum
1585 2382 1725 2418 dierum
1750 2385 1992 2422 observantiis
2019 2388 2205 2434 scriptum.
2241 2388 2332 2432 Quia
2359 2399 2446 2436 ergo

1389 2440 1466 2476 haec
1484 2442 1606 2477 onmia
1626 2443 1692 2478 sub
1712 2443 1802 2489 legis
1822 2444 1925 2480 titulo
1944 2446 2152 2482 scribuntur
2169 2448 2206 2482 in
2225 2448 2303 2493 lege
2320 2459 2447 2485 neccs-
2479 2441 2483 2443 ’

1390 2500 1500 2543 sario,
1520 2501 1605 2546 quia
1622 2501 1680 2537 lex
1697 2513 1761 2548 per
1781 2509 1998 2548 praesentem
2023 2506 2187 2542 umbram
2207 2506 2329 2543 sutura
2353 2509 2447 2545 bona

1390 2563 1577 2608 designat,
1606 2564 1792 2609 requirere
1818 2566 1930 2602 debeo
1957 2577 2036 2612 quae
2057 2568 2130 2603 sint
2154 2578 2281 2615 azyma
2300 2570 2446 2606 futuro-

1389 2635 1470 2660 rum
1486 2626 1662 2661 bonorum
1681 2638 1689 2661 :
1709 2631 1744 2662 ct
1760 2627 1905 2664 invenio
1918 2628 2009 2664 mihi
2025 2628 2203 2665 dicentem
2219 2630 2445 2677 Apostolum,

1388 2690 1426 2718 ut
1447 2683 1536 2719 diem
1559 2684 1683 2730 festum
1701 2697 1860 2731 cyamus,
1882 2697 1952 2722 non
1969 2688 2006 2722 in
2023 2687 2190 2733 fermento
2214 2692 2320 2726 veteri
2338 2703 2446 2738 neque

1389 2744 1557 2789 fermento
1576 2745 1735 2788 malitioe,
1755 2745 1814 2780 sed
1832 2746 1870 2781 in
1889 2748 2021 2793 azymis
2042 2749 2249 2784 sinceritatis
2269 2756 2302 2784 et
2318 2751 2445 2786 verita-

1388 2803 1432 2838 tis
1448 2802 1482 2850 (I
1500 2802 1581 2839 Cor.
1598 2803 1649 2851 v).
1677 2804 1748 2840 Sed
1765 2811 1801 2841 et
1819 2805 1863 2841 de
1880 2806 2155 2843 circumcisione
2173 2809 2346 2854 scriptum
2363 2816 2439 2847 est:

1390 2863 1477 2898 Hoec
1508 2869 1558 2898 est
1588 2863 1644 2899 lex
1675 2865 1951 2902 circumcisionis
1977 2865 2077 2914 (Gen.
2097 2867 2200 2914 xvn).
2236 2867 2326 2912 Quia
2358 2880 2445 2916 ergo

1389 2923 1618 2960 circumcisio
1638 2924 1704 2960 sub
1722 2925 1810 2972 legis
1829 2927 1931 2963 titulo
1950 2933 2132 2970 censetur,
2150 2927 2209 2963 lex
2227 2933 2348 2963 autem
2365 2939 2445 2964 um-

1389 2985 1454 3020 bra
1472 2989 1541 3028 est,
1558 2994 1679 3030 quaero
1693 2987 1779 3031 quid
1794 2987 2082 3024 circumcisionis
2096 2989 2225 3024 umbra
2238 2989 2443 3026 futurorum

1390 3045 1573 3080 contineat
1601 3046 1776 3083 bonorum
1794 3076 1802 3091 ‚
1831 3059 1878 3085 ne
1897 3048 1991 3085 forte
2010 3049 2106 3086 dicat
2134 3049 2224 3085 mihi
2250 3050 2288 3085 in
2314 3052 2444 3087 umbra

1390 3105 1678 3142 circumcisionis
1693 3108 1810 3153 posito
1825 3108 1971 3153 Paulus,
1985 3109 2069 3155 quia
2082 3109 2118 3144 si
2129 3109 2443 3154 circumcidamini,

1389 3164 1549 3201 Christus
1566 3166 1661 3202 vobis
1678 3167 1766 3203 nihil
1784 3169 1960 3214 proderit,
1985 3169 2111 3204 etenim
2131 3180 2200 3204 non
2219 3180 2296 3216 quoe
2314 3170 2352 3206 in
2368 3181 2445 3206 ma-

1388 3227 1514 3272 nifesto
1533 3228 1569 3262 in
1590 3238 1695 3262 carne
1714 3234 1763 3262 est
1787 3229 2020 3271 circumcisio,
2046 3229 2109 3265 illa
2130 3230 2350 3266 circumcisio
2368 3237 2444 3275 εει,-

1388 3297 1496 3332 neque
1519 3287 1578 3332 qui
1602 3286 1639 3320 in
1662 3286 1845 3332 manifesto
1868 3288 1907 3322 in
1926 3298 2030 3323 carne
2049 3288 2197 3324 Judoeus
2215 3295 2278 3332 est,
2302 3290 2362 3325 sed
2384 3291 2445 3336 qui
2511 3331 2516 3333 λ

1388 3347 1423 3382 in
1441 3345 1575 3382 occulto
1589 3345 1613 3381 J
1616 3346 1737 3381 udoeus
1757 3351 1830 3388 est,
1848 3352 1880 3381 et
1898 3347 2116 3382 circumcisio
2135 3347 2251 3382 cordis
2267 3348 2304 3383 in
2317 3349 2442 3395 spiritu
2502 3349 2514 3395 -ζ

1389 3416 1460 3441 non
1478 3405 1617 3448 litteroe,
1636 3404 1738 3451 cujus
1756 3404 1834 3440 laus
1853 3416 1923 3440 non
1940 3405 1982 3440 ab
2000 3405 2212 3449 hominibus,
2233 3406 2294 3441 sed
2313 3418 2356 3442 ex
2370 3408 2444 3444 Deo
2502 3434 2508 3439 -

1389 3474 1440 3503 est
1460 3465 1554 3514 (Gal.
1575 3465 1626 3513 v).
1655 3465 1740 3503 Haec
1760 3476 1847 3512 ergo
1867 3466 2008 3513 singula
2032 3476 2112 3512 quae
2130 3476 2358 3514 nequaquam
2377 3479 2442 3515 pe-

1390 3528 1488 3564 nitus
1507 3528 1705 3565 secundum
1727 3526 1884 3563 litteram
1905 3527 2129 3563 observanda
2150 3527 2257 3572 dicit,
2280 3529 2444 3565 invenies

1391 3591 1511 3627 omnia
1529 3589 1605 3627 fere
1633 3589 1728 3636 apud
1757 3588 1904 3635 Moysen
1929 3589 1995 3625 sub
2013 3589 2103 3636 legis
2119 3588 2224 3626 titulo
2243 3589 2440 3636 designari.

1387 3651 1467 3687 Jam
1479 3659 1566 3687 vero
1580 3649 1617 3686 in
1632 3658 1676 3686 eo
1693 3648 1754 3686 ubi
1770 3647 1873 3693 dicit,
1889 3648 1972 3685 Non
1984 3649 2135 3691 occides,
2145 3659 2216 3686 non
2228 3647 2442 3686 adulterium

1389 3710 1512 3758 facies,
1532 3720 1604 3746 non
1619 3707 1810 3755 furaberis,
1837 3713 1873 3745 et
1894 3709 1962 3746 rel.
1981 3709 2112 3758 (Exod.
2130 3709 2209 3756 xx),
2235 3709 2441 3756 hujusmodi

1389 3779 1462 3809 non
1478 3769 1693 3815 invenimus,
1709 3769 1881 3817 quoniam
1895 3769 1988 3817 legis
2003 3770 2042 3808 in
2061 3769 2119 3807 bis
2135 3769 2280 3808 titulum
2298 3770 2443 3817 praemi-
