<?xml version="1.0" encoding="UTF-8"?>
<!DOCTYPE html PUBLIC "-//W3C//DTD XHTML 1.0 Transitional//EN"
    "http://www.w3.org/TR/xhtml1/DTD/xhtml1-transitional.dtd">
<html xmlns="http://www.w3.org/1999/xhtml" xml:lang="en" lang="en">
 <head>
  <title>
</title>
<meta http-equiv="Content-Type" content="text/html;charset=utf-8" />
  <meta name='ocr-system' content='tesseract 3.04.00' />
  <meta name='ocr-capabilities' content='ocr_page ocr_carea ocr_par ocr_line ocrx_word'/>
</head>
<body>
  <div class='ocr_page' id='page_1' title='image "./patrologiae00unknuoft_0250.png"; bbox 0 0 2540 4016; ppageno 0'>
   <div class='ocr_carea' id='block_1_1' title="bbox 282 219 351 258">
    <p class='ocr_par' dir='ltr' id='par_1_1' title="bbox 282 219 351 258">
     <span class='ocr_line' id='line_1_1' title="bbox 282 219 351 258; baseline -0.043 0"><span class='ocrx_word' id='word_1_1' title='bbox 282 219 351 258; x_wconf 70' lang='lat'><strong>487</strong></span> 
     </span>
    </p>
   </div>
   <div class='ocr_carea' id='block_1_2' title="bbox 708 194 2010 240">
    <p class='ocr_par' dir='ltr' id='par_1_2' title="bbox 708 194 2010 240">
     <span class='ocr_line' id='line_1_2' title="bbox 708 194 2010 240; baseline -0.006 0"><span class='ocrx_word' id='word_1_2' title='bbox 708 206 750 240; x_wconf 92' lang='grc' dir='ltr'><strong>Β.</strong></span> <span class='ocrx_word' id='word_1_3' title='bbox 775 199 948 240; x_wconf 84' lang='lat' dir='ltr'><strong>RABANI</strong></span> <span class='ocrx_word' id='word_1_4' title='bbox 972 196 1121 237; x_wconf 57' lang='lat' dir='ltr'><strong>Manat</strong></span> <span class='ocrx_word' id='word_1_5' title='bbox 1145 196 1361 236; x_wconf 83' lang='lat' dir='ltr'>ARCHIEP.</span> <span class='ocrx_word' id='word_1_6' title='bbox 1386 194 1595 234; x_wconf 81' lang='lat' dir='ltr'><strong>MOGUNT.</strong></span> <span class='ocrx_word' id='word_1_7' title='bbox 1622 196 1813 236; x_wconf 85' lang='lat' dir='ltr'>OPERUM</span> <span class='ocrx_word' id='word_1_8' title='bbox 1835 196 2010 235; x_wconf 72' lang='lat' dir='ltr'><strong>PARS-1.</strong></span> 
     </span>
    </p>
   </div>
   <div class='ocr_carea' id='block_1_3' title="bbox 1514 64 1944 84">
    <p class='ocr_par' dir='ltr' id='par_1_3' title="bbox 1514 64 1944 84">
     <span class='ocr_line' id='line_1_3' title="bbox 1514 64 1944 84; baseline 0 0"><span class='ocrx_word' id='word_1_9' title='bbox 1514 67 1531 84; x_wconf 68' lang='grc'>1</span> <span class='ocrx_word' id='word_1_10' title='bbox 1922 64 1944 84; x_wconf 66' lang='grc' dir='ltr'>Ο</span> 
     </span>
    </p>
   </div>
   <div class='ocr_carea' id='block_1_4' title="bbox 2371 197 2444 236">
    <p class='ocr_par' dir='ltr' id='par_1_4' title="bbox 2371 197 2444 236">
     <span class='ocr_line' id='line_1_4' title="bbox 2371 197 2444 236; baseline 0.041 -3"><span class='ocrx_word' id='word_1_11' title='bbox 2371 197 2444 236; x_wconf 73' lang='grc'><strong>488</strong></span> 
     </span>
    </p>
   </div>
   <div class='ocr_carea' id='block_1_5' title="bbox 279 267 2446 335">
    <p class='ocr_par' dir='ltr' id='par_1_5' title="bbox 279 267 2446 335">
     <span class='ocr_line' id='line_1_5' title="bbox 279 267 2446 335; baseline -0.01 -11"><span class='ocrx_word' id='word_1_12' title='bbox 279 284 510 335; x_wconf 78' lang='lat' dir='ltr'><strong><em>apprehendat</em></strong></span> <span class='ocrx_word' id='word_1_13' title='bbox 535 280 603 317; x_wconf 78' lang='lat' dir='ltr'><strong>nisi</strong></span> <span class='ocrx_word' id='word_1_14' title='bbox 627 280 781 314; x_wconf 83' lang='lat' dir='ltr'><strong>humana</strong></span> <span class='ocrx_word' id='word_1_15' title='bbox 809 273 852 319; x_wconf 92' lang='grc' dir='ltr'><strong>(Ι</strong></span> <span class='ocrx_word' id='word_1_16' title='bbox 870 272 952 308; x_wconf 88' lang='lat' dir='ltr'><strong>Cor.</strong></span> <span class='ocrx_word' id='word_1_17' title='bbox 979 272 1032 319; x_wconf 86' lang='lat' dir='ltr'><strong>x).</strong></span> <span class='ocrx_word' id='word_1_18' title='bbox 1063 271 1117 307; x_wconf 86' lang='lat' dir='ltr'><strong>Ac</strong></span> <span class='ocrx_word' id='word_1_19' title='bbox 1146 271 1177 307; x_wconf 88' lang='lat' dir='ltr'><strong>si</strong></span> <span class='ocrx_word' id='word_1_20' title='bbox 1204 273 1327 315; x_wconf 88' lang='lat' dir='ltr'><strong>aperte</strong></span> <span class='ocrx_word' id='word_1_21' title='bbox 1344 269 1380 318; x_wconf 72' lang='lat' dir='ltr'>A</span> <span class='ocrx_word' id='word_1_22' title='bbox 1396 267 1486 306; x_wconf 88' lang='lat' dir='ltr'><strong>libet</strong></span> <span class='ocrx_word' id='word_1_23' title='bbox 1535 271 1788 317; x_wconf 66' lang='lat' dir='ltr'><strong>praedictarum</strong></span> <span class='ocrx_word' id='word_1_24' title='bbox 1830 271 2056 308; x_wconf 87' lang='lat' dir='ltr'><strong>macularum</strong></span> <span class='ocrx_word' id='word_1_25' title='bbox 2093 269 2304 315; x_wconf 81' lang='lat' dir='ltr'><strong>habentem,</strong></span> <span class='ocrx_word' id='word_1_26' title='bbox 2347 271 2446 308; x_wconf 80' lang='lat' dir='ltr'><strong>intra</strong></span> 
     </span>
    </p>
   </div>
   <div class='ocr_carea' id='block_1_6' title="bbox 269 330 1324 1169">
    <p class='ocr_par' dir='ltr' id='par_1_6' title="bbox 275 330 1324 505">
     <span class='ocr_line' id='line_1_6' title="bbox 277 330 1324 389; baseline -0.02 -4"><span class='ocrx_word' id='word_1_27' title='bbox 277 350 412 386; x_wconf 89' lang='lat' dir='ltr'><strong>diceret</strong></span> <span class='ocrx_word' id='word_1_28' title='bbox 426 372 436 389; x_wconf 94' lang='lat'><strong>,</strong></span> <span class='ocrx_word' id='word_1_29' title='bbox 465 344 669 380; x_wconf 84' lang='lat' dir='ltr'><strong>Humanum</strong></span> <span class='ocrx_word' id='word_1_30' title='bbox 686 335 830 383; x_wconf 90' lang='lat' dir='ltr'><strong>quidem</strong></span> <span class='ocrx_word' id='word_1_31' title='bbox 848 338 904 370; x_wconf 89' lang='lat' dir='ltr'><strong>est</strong></span> <span class='ocrx_word' id='word_1_32' title='bbox 933 333 971 368; x_wconf 81' lang='lat' dir='ltr'><strong>in</strong></span> <span class='ocrx_word' id='word_1_33' title='bbox 991 333 1100 368; x_wconf 90' lang='lat' dir='ltr'><strong>corde</strong></span> <span class='ocrx_word' id='word_1_34' title='bbox 1118 330 1324 376; x_wconf 87' lang='lat' dir='ltr'><strong>temptatio-</strong></span> 
     </span>
     <span class='ocr_line' id='line_1_7' title="bbox 275 390 1323 450; baseline -0.018 -7"><span class='ocrx_word' id='word_1_35' title='bbox 275 417 357 443; x_wconf 89' lang='lat' dir='ltr'><strong>nem</strong></span> <span class='ocrx_word' id='word_1_36' title='bbox 373 402 525 450; x_wconf 78' lang='lat' dir='ltr'><strong>perpeti,</strong></span> <span class='ocrx_word' id='word_1_37' title='bbox 537 396 770 437; x_wconf 83' lang='lat' dir='ltr'><strong>daemonicum</strong></span> <span class='ocrx_word' id='word_1_38' title='bbox 786 403 874 428; x_wconf 88' lang='lat' dir='ltr'><strong>vero</strong></span> <span class='ocrx_word' id='word_1_39' title='bbox 887 397 943 428; x_wconf 90' lang='lat' dir='ltr'><strong>est</strong></span> <span class='ocrx_word' id='word_1_40' title='bbox 959 390 1158 427; x_wconf 79' lang='lat' dir='ltr'><strong>certamine</strong></span> <span class='ocrx_word' id='word_1_41' title='bbox 1172 394 1323 436; x_wconf 87' lang='lat' dir='ltr'><strong>tempta-</strong></span> 
     </span>
     <span class='ocr_line' id='line_1_8' title="bbox 275 451 898 505; baseline -0.026 -3"><span class='ocrx_word' id='word_1_42' title='bbox 275 465 383 501; x_wconf 87' lang='lat' dir='ltr'><strong>tionis</strong></span> <span class='ocrx_word' id='word_1_43' title='bbox 398 469 433 498; x_wconf 86' lang='lat' dir='ltr'><strong>et</strong></span> <span class='ocrx_word' id='word_1_44' title='bbox 450 464 485 498; x_wconf 90' lang='lat' dir='ltr'><strong>in</strong></span> <span class='ocrx_word' id='word_1_45' title='bbox 503 456 708 505; x_wconf 79' lang='lat' dir='ltr'><strong>operatione</strong></span> <span class='ocrx_word' id='word_1_46' title='bbox 724 451 898 499; x_wconf 86' lang='lat' dir='ltr'><strong>superari.</strong></span> 
     </span>
    </p>

    <p class='ocr_par' dir='ltr' id='par_1_7' title="bbox 269 510 1322 1169">
     <span class='ocr_line' id='line_1_9' title="bbox 322 510 1322 568; baseline -0.013 -9"><span class='ocrx_word' id='word_1_47' title='bbox 322 521 563 568; x_wconf 85' lang='lat' dir='ltr'><strong>Impetiginem</strong></span> <span class='ocrx_word' id='word_1_48' title='bbox 593 523 735 560; x_wconf 89' lang='lat' dir='ltr'><strong>quoque</strong></span> <span class='ocrx_word' id='word_1_49' title='bbox 770 513 880 548; x_wconf 87' lang='lat' dir='ltr'><strong>habet</strong></span> <span class='ocrx_word' id='word_1_50' title='bbox 905 511 943 546; x_wconf 92' lang='lat' dir='ltr'><strong>in</strong></span> <span class='ocrx_word' id='word_1_51' title='bbox 976 520 1127 557; x_wconf 88' lang='lat' dir='ltr'><strong>corpore</strong></span> <span class='ocrx_word' id='word_1_52' title='bbox 1157 510 1322 557; x_wconf 85' lang='lat' dir='ltr'><strong>quisquis</strong></span> 
     </span>
     <span class='ocr_line' id='line_1_10' title="bbox 275 571 1321 620; baseline -0.014 1"><span class='ocrx_word' id='word_1_53' title='bbox 275 583 425 620; x_wconf 85' lang='lat' dir='ltr'><strong>avaritia</strong></span> <span class='ocrx_word' id='word_1_54' title='bbox 444 582 604 614; x_wconf 86' lang='lat' dir='ltr'><strong>vastatur</strong></span> <span class='ocrx_word' id='word_1_55' title='bbox 635 575 672 610; x_wconf 92' lang='lat' dir='ltr'><strong>in</strong></span> <span class='ocrx_word' id='word_1_56' title='bbox 701 578 846 615; x_wconf 86' lang='lat' dir='ltr'><strong>mente;</strong></span> <span class='ocrx_word' id='word_1_57' title='bbox 881 581 962 618; x_wconf 80' lang='lat' dir='ltr'><strong>quae</strong></span> <span class='ocrx_word' id='word_1_58' title='bbox 981 571 1012 607; x_wconf 92' lang='lat' dir='ltr'><strong>si</strong></span> <span class='ocrx_word' id='word_1_59' title='bbox 1043 571 1081 606; x_wconf 89' lang='lat' dir='ltr'><strong>in</strong></span> <span class='ocrx_word' id='word_1_60' title='bbox 1103 572 1230 618; x_wconf 80' lang='lat' dir='ltr'><strong>,parvis</strong></span> <span class='ocrx_word' id='word_1_61' title='bbox 1248 582 1321 608; x_wconf 89' lang='lat' dir='ltr'><strong>non</strong></span> 
     </span>
     <span class='ocr_line' id='line_1_11' title="bbox 273 632 1320 686; baseline -0.011 -7"><span class='ocrx_word' id='word_1_62' title='bbox 273 639 522 686; x_wconf 73' lang='lat' dir='ltr'><strong>compescitur,</strong></span> <span class='ocrx_word' id='word_1_63' title='bbox 549 635 718 671; x_wconf 90' lang='lat' dir='ltr'><strong>nimirum</strong></span> <span class='ocrx_word' id='word_1_64' title='bbox 739 634 816 669; x_wconf 90' lang='lat' dir='ltr'><strong>sine</strong></span> <span class='ocrx_word' id='word_1_65' title='bbox 836 642 1006 668; x_wconf 88' lang='lat' dir='ltr'><strong>mensura</strong></span> <span class='ocrx_word' id='word_1_66' title='bbox 1032 632 1214 668; x_wconf 86' lang='lat' dir='ltr'><strong>dilatatur.</strong></span> <span class='ocrx_word' id='word_1_67' title='bbox 1249 632 1320 667; x_wconf 90' lang='lat' dir='ltr'><strong>lm-</strong></span> 
     </span>
     <span class='ocr_line' id='line_1_12' title="bbox 269 693 1321 749; baseline -0.01 -12"><span class='ocrx_word' id='word_1_68' title='bbox 269 702 389 749; x_wconf 75' lang='lat' dir='ltr'><strong>petigo</strong></span> <span class='ocrx_word' id='word_1_69' title='bbox 406 699 534 746; x_wconf 90' lang='lat' dir='ltr'><strong>quippe</strong></span> <span class='ocrx_word' id='word_1_70' title='bbox 552 697 628 733; x_wconf 90' lang='lat' dir='ltr'><strong>sine</strong></span> <span class='ocrx_word' id='word_1_71' title='bbox 647 694 768 731; x_wconf 89' lang='lat' dir='ltr'><strong>dolore</strong></span> <span class='ocrx_word' id='word_1_72' title='bbox 787 703 920 740; x_wconf 80' lang='lat' dir='ltr'><strong>corpus</strong></span> <span class='ocrx_word' id='word_1_73' title='bbox 934 693 1098 738; x_wconf 83' lang='lat' dir='ltr'><strong>occupat,</strong></span> <span class='ocrx_word' id='word_1_74' title='bbox 1130 698 1168 728; x_wconf 89' lang='lat' dir='ltr'><strong>et</strong></span> <span class='ocrx_word' id='word_1_75' title='bbox 1185 693 1321 738; x_wconf 82' lang='lat' dir='ltr'><strong>absque</strong></span> 
     </span>
     <span class='ocr_line' id='line_1_13' title="bbox 271 754 1322 810; baseline -0.012 -8"><span class='ocrx_word' id='word_1_76' title='bbox 271 764 432 810; x_wconf 88' lang='lat' dir='ltr'><strong>occupati</strong></span> <span class='ocrx_word' id='word_1_77' title='bbox 451 761 554 797; x_wconf 89' lang='lat' dir='ltr'><strong>taedio</strong></span> <span class='ocrx_word' id='word_1_78' title='bbox 570 766 792 800; x_wconf 84' lang='lat' dir='ltr'><strong>excrescens,</strong></span> <span class='ocrx_word' id='word_1_79' title='bbox 813 756 1057 791; x_wconf 89' lang='lat' dir='ltr'><strong>membrorum</strong></span> <span class='ocrx_word' id='word_1_80' title='bbox 1075 755 1242 791; x_wconf 83' lang='lat' dir='ltr'><strong>decorem</strong></span> <span class='ocrx_word' id='word_1_81' title='bbox 1257 754 1322 789; x_wconf 82' lang='lat' dir='ltr'><strong>see-</strong></span> 
     </span>
     <span class='ocr_line' id='line_1_14' title="bbox 273 816 1320 870; baseline -0.01 -10"><span class='ocrx_word' id='word_1_82' title='bbox 273 826 359 867; x_wconf 81' lang='lat' dir='ltr'><strong>dat3</strong></span> <span class='ocrx_word' id='word_1_83' title='bbox 382 823 464 870; x_wconf 88' lang='lat' dir='ltr'><strong>quia</strong></span> <span class='ocrx_word' id='word_1_84' title='bbox 481 827 516 856; x_wconf 89' lang='lat' dir='ltr'><strong>et</strong></span> <span class='ocrx_word' id='word_1_85' title='bbox 542 819 689 855; x_wconf 89' lang='lat' dir='ltr'><strong>avaritia</strong></span> <span class='ocrx_word' id='word_1_86' title='bbox 708 817 802 863; x_wconf 88' lang='lat' dir='ltr'><strong>capti</strong></span> <span class='ocrx_word' id='word_1_87' title='bbox 823 817 981 852; x_wconf 90' lang='lat' dir='ltr'><strong>animum</strong></span> <span class='ocrx_word' id='word_1_88' title='bbox 994 843 1004 860; x_wconf 95' lang='lat'><strong>,</strong></span> <span class='ocrx_word' id='word_1_89' title='bbox 1034 817 1118 852; x_wconf 90' lang='lat' dir='ltr'><strong>dum</strong></span> <span class='ocrx_word' id='word_1_90' title='bbox 1138 816 1240 861; x_wconf 89' lang='lat' dir='ltr'><strong>quasi</strong></span> <span class='ocrx_word' id='word_1_91' title='bbox 1257 816 1320 851; x_wconf 89' lang='lat' dir='ltr'><strong>de-</strong></span> 
     </span>
     <span class='ocr_line' id='line_1_15' title="bbox 271 876 1321 927; baseline -0.009 -7"><span class='ocrx_word' id='word_1_92' title='bbox 271 886 392 927; x_wconf 89' lang='lat' dir='ltr'><strong>lectat,</strong></span> <span class='ocrx_word' id='word_1_93' title='bbox 414 882 606 922; x_wconf 85' lang='lat' dir='ltr'><strong>exulcerat,</strong></span> <span class='ocrx_word' id='word_1_94' title='bbox 638 879 722 914; x_wconf 91' lang='lat' dir='ltr'><strong>dum</strong></span> <span class='ocrx_word' id='word_1_95' title='bbox 756 877 988 923; x_wconf 90' lang='lat' dir='ltr'><strong>adipiscenda</strong></span> <span class='ocrx_word' id='word_1_96' title='bbox 1008 887 1161 923; x_wconf 80' lang='lat' dir='ltr'><strong>quaeque</strong></span> <span class='ocrx_word' id='word_1_97' title='bbox 1186 876 1321 922; x_wconf 81' lang='lat' dir='ltr'><strong>eogita-</strong></span> 
     </span>
     <span class='ocr_line' id='line_1_16' title="bbox 275 936 1322 987; baseline -0.009 -6"><span class='ocrx_word' id='word_1_98' title='bbox 275 945 360 981; x_wconf 90' lang='lat' dir='ltr'><strong>tioni</strong></span> <span class='ocrx_word' id='word_1_99' title='bbox 377 942 508 987; x_wconf 87' lang='lat' dir='ltr'><strong>objicit,</strong></span> <span class='ocrx_word' id='word_1_100' title='bbox 529 940 572 975; x_wconf 88' lang='lat' dir='ltr'><strong>ad</strong></span> <span class='ocrx_word' id='word_1_101' title='bbox 593 938 802 974; x_wconf 87' lang='lat' dir='ltr'><strong>inimicitias</strong></span> <span class='ocrx_word' id='word_1_102' title='bbox 836 938 1017 980; x_wconf 85' lang='lat' dir='ltr'><strong>accendit,</strong></span> <span class='ocrx_word' id='word_1_103' title='bbox 1042 943 1079 973; x_wconf 90' lang='lat' dir='ltr'><strong>et</strong></span> <span class='ocrx_word' id='word_1_104' title='bbox 1102 937 1262 973; x_wconf 90' lang='lat' dir='ltr'><strong>dolorem</strong></span> <span class='ocrx_word' id='word_1_105' title='bbox 1284 936 1322 971; x_wconf 89' lang='lat' dir='ltr'><strong>in</strong></span> 
     </span>
     <span class='ocr_line' id='line_1_17' title="bbox 270 996 1321 1044; baseline -0.008 -5"><span class='ocrx_word' id='word_1_106' title='bbox 270 1005 418 1039; x_wconf 79' lang='lat' dir='ltr'><strong>vulnere</strong></span> <span class='ocrx_word' id='word_1_107' title='bbox 449 1011 519 1036; x_wconf 90' lang='lat' dir='ltr'><strong>non</strong></span> <span class='ocrx_word' id='word_1_108' title='bbox 557 998 658 1042; x_wconf 83' lang='lat' dir='ltr'><strong>facit,</strong></span> <span class='ocrx_word' id='word_1_109' title='bbox 681 999 765 1044; x_wconf 87' lang='lat' dir='ltr'><strong>quia</strong></span> <span class='ocrx_word' id='word_1_110' title='bbox 794 1000 962 1034; x_wconf 82' lang='lat' dir='ltr'><strong>aestuanti</strong></span> <span class='ocrx_word' id='word_1_111' title='bbox 993 997 1115 1033; x_wconf 87' lang='lat' dir='ltr'><strong>animo</strong></span> <span class='ocrx_word' id='word_1_112' title='bbox 1151 1007 1195 1032; x_wconf 80' lang='lat' dir='ltr'><strong>ex</strong></span> <span class='ocrx_word' id='word_1_113' title='bbox 1216 996 1321 1041; x_wconf 87' lang='lat' dir='ltr'><strong>culpa</strong></span> 
     </span>
     <span class='ocr_line' id='line_1_18' title="bbox 271 1057 1321 1105; baseline -0.008 -7"><span class='ocrx_word' id='word_1_114' title='bbox 271 1061 524 1099; x_wconf 82' lang='lat' dir='ltr'><strong>abundantiam</strong></span> <span class='ocrx_word' id='word_1_115' title='bbox 547 1058 741 1105; x_wconf 89' lang='lat' dir='ltr'><strong>promittit.</strong></span> <span class='ocrx_word' id='word_1_116' title='bbox 772 1057 844 1093; x_wconf 89' lang='lat' dir='ltr'><strong>Sed</strong></span> <span class='ocrx_word' id='word_1_117' title='bbox 867 1057 976 1092; x_wconf 86' lang='lat' dir='ltr'><strong>decor</strong></span> <span class='ocrx_word' id='word_1_118' title='bbox 993 1057 1240 1092; x_wconf 90' lang='lat' dir='ltr'><strong>membrorum</strong></span> <span class='ocrx_word' id='word_1_119' title='bbox 1255 1065 1321 1101; x_wconf 91' lang='lat' dir='ltr'><strong>per</strong></span> 
     </span>
     <span class='ocr_line' id='line_1_19' title="bbox 270 1117 1319 1169; baseline -0.008 -10"><span class='ocrx_word' id='word_1_120' title='bbox 270 1122 512 1169; x_wconf 84' lang='lat' dir='ltr'><strong>impetiginem</strong></span> <span class='ocrx_word' id='word_1_121' title='bbox 542 1120 721 1166; x_wconf 87' lang='lat' dir='ltr'><strong>perditur,</strong></span> <span class='ocrx_word' id='word_1_122' title='bbox 746 1119 831 1165; x_wconf 84' lang='lat' dir='ltr'><strong>quia</strong></span> <span class='ocrx_word' id='word_1_123' title='bbox 863 1118 1017 1154; x_wconf 90' lang='lat' dir='ltr'><strong>aliarum</strong></span> <span class='ocrx_word' id='word_1_124' title='bbox 1046 1126 1188 1169; x_wconf 85' lang='lat' dir='ltr'><strong>quoque</strong></span> <span class='ocrx_word' id='word_1_125' title='bbox 1207 1117 1319 1152; x_wconf 81' lang='lat' dir='ltr'><strong>virtu-</strong></span> 
     </span>
    </p>
   </div>
   <div class='ocr_carea' id='block_1_7' title="bbox 1388 329 2473 1164">
    <p class='ocr_par' dir='ltr' id='par_1_8' title="bbox 1388 329 2473 1095">
     <span class='ocr_line' id='line_1_20' title="bbox 1391 329 2444 378; baseline 0.005 -13"><span class='ocrx_word' id='word_1_126' title='bbox 1391 330 1512 366; x_wconf 82' lang='lat' dir='ltr'><strong>velum</strong></span> <span class='ocrx_word' id='word_1_127' title='bbox 1531 336 1654 368; x_wconf 87' lang='lat' dir='ltr'><strong>tamen</strong></span> <span class='ocrx_word' id='word_1_128' title='bbox 1677 338 1715 368; x_wconf 82' lang='lat' dir='ltr'><strong>et</strong></span> <span class='ocrx_word' id='word_1_129' title='bbox 1733 333 1780 368; x_wconf 87' lang='lat' dir='ltr'><strong>ad</strong></span> <span class='ocrx_word' id='word_1_130' title='bbox 1797 333 1926 377; x_wconf 87' lang='lat' dir='ltr'><strong>altare,</strong></span> <span class='ocrx_word' id='word_1_131' title='bbox 1957 342 2090 378; x_wconf 86' lang='lat' dir='ltr'><strong>corpus</strong></span> <span class='ocrx_word' id='word_1_132' title='bbox 2108 330 2278 367; x_wconf 87' lang='lat' dir='ltr'><strong>videlicet</strong></span> <span class='ocrx_word' id='word_1_133' title='bbox 2293 329 2444 378; x_wconf 68' lang='lat' dir='ltr'><strong>christi,</strong></span> 
     </span>
     <span class='ocr_line' id='line_1_21' title="bbox 1391 389 2446 435; baseline 0.007 -10"><span class='ocrx_word' id='word_1_134' title='bbox 1391 389 1428 426; x_wconf 91' lang='lat' dir='ltr'><strong>id</strong></span> <span class='ocrx_word' id='word_1_135' title='bbox 1445 395 1514 435; x_wconf 89' lang='lat' dir='ltr'><strong>est,</strong></span> <span class='ocrx_word' id='word_1_136' title='bbox 1547 392 1756 429; x_wconf 88' lang='lat' dir='ltr'><strong>ministrare</strong></span> <span class='ocrx_word' id='word_1_137' title='bbox 1791 393 1844 429; x_wconf 91' lang='lat' dir='ltr'><strong>sic</strong></span> <span class='ocrx_word' id='word_1_138' title='bbox 1874 399 1911 429; x_wconf 91' lang='lat' dir='ltr'><strong>et</strong></span> <span class='ocrx_word' id='word_1_139' title='bbox 1930 393 1998 429; x_wconf 90' lang='lat' dir='ltr'><strong>hoc</strong></span> <span class='ocrx_word' id='word_1_140' title='bbox 2029 393 2182 429; x_wconf 79' lang='lat' dir='ltr'><strong>forsitan</strong></span> <span class='ocrx_word' id='word_1_141' title='bbox 2205 393 2242 428; x_wconf 91' lang='lat' dir='ltr'><strong>in</strong></span> <span class='ocrx_word' id='word_1_142' title='bbox 2272 393 2446 432; x_wconf 80' lang='lat' dir='ltr'><strong>Ecclesiis</strong></span> 
     </span>
     <span class='ocr_line' id='line_1_22' title="bbox 1393 450 2447 499; baseline 0.006 -13"><span class='ocrx_word' id='word_1_143' title='bbox 1393 450 1558 488; x_wconf 85' lang='lat' dir='ltr'><strong>invenies</strong></span> <span class='ocrx_word' id='word_1_144' title='bbox 1573 453 1762 489; x_wconf 89' lang='lat' dir='ltr'><strong>custodiri.</strong></span> <span class='ocrx_word' id='word_1_145' title='bbox 1799 453 1838 488; x_wconf 94' lang='lat' dir='ltr'><strong>Si</strong></span> <span class='ocrx_word' id='word_1_146' title='bbox 1856 453 1939 499; x_wconf 89' lang='lat' dir='ltr'><strong>quis</strong></span> <span class='ocrx_word' id='word_1_147' title='bbox 1961 453 2060 489; x_wconf 88' lang='lat' dir='ltr'><strong>enim</strong></span> <span class='ocrx_word' id='word_1_148' title='bbox 2085 454 2305 499; x_wconf 88' lang='lat' dir='ltr'><strong>approbatus</strong></span> <span class='ocrx_word' id='word_1_149' title='bbox 2335 454 2447 492; x_wconf 81' lang='lat' dir='ltr'><strong>fuerit</strong></span> 
     </span>
     <span class='ocr_line' id='line_1_23' title="bbox 1391 513 2473 560; baseline 0.005 -13"><span class='ocrx_word' id='word_1_150' title='bbox 1391 513 1615 550; x_wconf 80' lang='lat' dir='ltr'><strong>sacerdotem</strong></span> <span class='ocrx_word' id='word_1_151' title='bbox 1632 513 1814 550; x_wconf 88' lang='lat' dir='ltr'><strong>maculam</strong></span> <span class='ocrx_word' id='word_1_152' title='bbox 1831 514 2002 550; x_wconf 87' lang='lat' dir='ltr'><strong>habuisse</strong></span> <span class='ocrx_word' id='word_1_153' title='bbox 2021 514 2214 560; x_wconf 88' lang='lat' dir='ltr'><strong>aliquando</strong></span> <span class='ocrx_word' id='word_1_154' title='bbox 2247 514 2390 559; x_wconf 82' lang='lat' dir='ltr'><strong>animae,</strong></span> <span class='ocrx_word' id='word_1_155' title='bbox 2409 519 2447 552; x_wconf 87' lang='lat' dir='ltr'><strong>et</strong></span> <span class='ocrx_word' id='word_1_156' title='bbox 2469 523 2473 526; x_wconf 86' lang='grc'><em>·</em></span> 
     </span>
     <span class='ocr_line' id='line_1_24' title="bbox 1389 573 2440 619; baseline 0.004 -11"><span class='ocrx_word' id='word_1_157' title='bbox 1389 573 1435 608; x_wconf 90' lang='lat' dir='ltr'><strong>ab</strong></span> <span class='ocrx_word' id='word_1_158' title='bbox 1449 583 1492 609; x_wconf 89' lang='lat' dir='ltr'><strong>ea</strong></span> <span class='ocrx_word' id='word_1_159' title='bbox 1514 574 1681 616; x_wconf 87' lang='lat' dir='ltr'><strong>cessavit,</strong></span> <span class='ocrx_word' id='word_1_160' title='bbox 1717 573 1854 609; x_wconf 89' lang='lat' dir='ltr'><strong>sanctis</strong></span> <span class='ocrx_word' id='word_1_161' title='bbox 1884 573 2028 619; x_wconf 87' lang='lat' dir='ltr'><strong>quidem</strong></span> <span class='ocrx_word' id='word_1_162' title='bbox 2058 575 2330 611; x_wconf 88' lang='lat' dir='ltr'><strong>communicare</strong></span> <span class='ocrx_word' id='word_1_163' title='bbox 2364 585 2440 612; x_wconf 88' lang='lat' dir='ltr'><strong>nou</strong></span> 
     </span>
     <span class='ocr_line' id='line_1_25' title="bbox 1389 631 2446 678; baseline 0.005 -11"><span class='ocrx_word' id='word_1_164' title='bbox 1389 631 1629 677; x_wconf 88' lang='lat' dir='ltr'><strong>prohibetur;</strong></span> <span class='ocrx_word' id='word_1_165' title='bbox 1668 632 1879 667; x_wconf 84' lang='lat' dir='ltr'><strong>ministrare</strong></span> <span class='ocrx_word' id='word_1_166' title='bbox 1908 637 2031 667; x_wconf 85' lang='lat' dir='ltr'><strong>autem</strong></span> <span class='ocrx_word' id='word_1_167' title='bbox 2063 632 2160 668; x_wconf 91' lang='lat' dir='ltr'><strong>hunc</strong></span> <span class='ocrx_word' id='word_1_168' title='bbox 2192 633 2254 678; x_wconf 92' lang='lat' dir='ltr'><strong>qui</strong></span> <span class='ocrx_word' id='word_1_169' title='bbox 2289 634 2371 671; x_wconf 85' lang='lat' dir='ltr'><strong>talis</strong></span> <span class='ocrx_word' id='word_1_170' title='bbox 2387 639 2446 672; x_wconf 83' lang='lat' dir='ltr'><strong>est</strong></span> 
     </span>
     <span class='ocr_line' id='line_1_26' title="bbox 1390 692 2445 739; baseline 0.003 -11"><span class='ocrx_word' id='word_1_171' title='bbox 1390 702 1463 728; x_wconf 88' lang='lat' dir='ltr'><strong>non</strong></span> <span class='ocrx_word' id='word_1_172' title='bbox 1496 692 1593 735; x_wconf 90' lang='lat' dir='ltr'><strong>lieet,</strong></span> <span class='ocrx_word' id='word_1_173' title='bbox 1614 702 1682 728; x_wconf 91' lang='lat' dir='ltr'><strong>nec</strong></span> <span class='ocrx_word' id='word_1_174' title='bbox 1698 693 1743 728; x_wconf 92' lang='lat' dir='ltr'><strong>ad</strong></span> <span class='ocrx_word' id='word_1_175' title='bbox 1770 693 1891 729; x_wconf 85' lang='lat' dir='ltr'><strong>velum</strong></span> <span class='ocrx_word' id='word_1_176' title='bbox 1911 692 2100 735; x_wconf 83' lang='lat' dir='ltr'><strong>accedere,</strong></span> <span class='ocrx_word' id='word_1_177' title='bbox 2121 698 2158 728; x_wconf 90' lang='lat' dir='ltr'><strong>et</strong></span> <span class='ocrx_word' id='word_1_178' title='bbox 2191 693 2237 729; x_wconf 89' lang='lat' dir='ltr'><strong>ad</strong></span> <span class='ocrx_word' id='word_1_179' title='bbox 2257 694 2388 739; x_wconf 86' lang='lat' dir='ltr'><strong>altare,</strong></span> <span class='ocrx_word' id='word_1_180' title='bbox 2409 695 2445 731; x_wconf 93' lang='lat' dir='ltr'><strong>id</strong></span> 
     </span>
     <span class='ocr_line' id='line_1_27' title="bbox 1390 754 2442 803; baseline 0.004 -14"><span class='ocrx_word' id='word_1_181' title='bbox 1390 759 1458 796; x_wconf 89' lang='lat' dir='ltr'><strong>est,</strong></span> <span class='ocrx_word' id='word_1_182' title='bbox 1476 754 1522 788; x_wconf 92' lang='lat' dir='ltr'><strong>ad</strong></span> <span class='ocrx_word' id='word_1_183' title='bbox 1537 764 1667 800; x_wconf 91' lang='lat' dir='ltr'><strong>corpus</strong></span> <span class='ocrx_word' id='word_1_184' title='bbox 1682 754 1825 790; x_wconf 86' lang='lat' dir='ltr'><strong>Domini</strong></span> <span class='ocrx_word' id='word_1_185' title='bbox 1842 759 1882 790; x_wconf 95' lang='lat' dir='ltr'><strong>ut</strong></span> <span class='ocrx_word' id='word_1_186' title='bbox 1899 754 1977 800; x_wconf 90' lang='lat' dir='ltr'><strong>ejus</strong></span> <span class='ocrx_word' id='word_1_187' title='bbox 2001 755 2244 792; x_wconf 87' lang='lat' dir='ltr'><strong>ministerium</strong></span> <span class='ocrx_word' id='word_1_188' title='bbox 2277 762 2442 803; x_wconf 87' lang='lat' dir='ltr'><strong>peragat.</strong></span> 
     </span>
     <span class='ocr_line' id='line_1_28' title="bbox 1391 814 2443 858; baseline 0.004 -8"><span class='ocrx_word' id='word_1_189' title='bbox 1391 814 1468 851; x_wconf 90' lang='lat' dir='ltr'><strong>Hoc</strong></span> <span class='ocrx_word' id='word_1_190' title='bbox 1483 814 1618 851; x_wconf 84' lang='lat' dir='ltr'><strong>etenim</strong></span> <span class='ocrx_word' id='word_1_191' title='bbox 1638 815 1757 850; x_wconf 88' lang='lat' dir='ltr'><strong>velum</strong></span> <span class='ocrx_word' id='word_1_192' title='bbox 1788 819 1826 850; x_wconf 92' lang='lat' dir='ltr'><strong>et</strong></span> <span class='ocrx_word' id='word_1_193' title='bbox 1844 815 1959 850; x_wconf 89' lang='lat' dir='ltr'><strong>altare</strong></span> <span class='ocrx_word' id='word_1_194' title='bbox 1991 815 2125 858; x_wconf 87' lang='lat' dir='ltr'><strong>Paulus</strong></span> <span class='ocrx_word' id='word_1_195' title='bbox 2149 816 2313 854; x_wconf 70' lang='lat' dir='ltr'><strong>Hebraeis</strong></span> <span class='ocrx_word' id='word_1_196' title='bbox 2349 818 2443 854; x_wconf 89' lang='lat' dir='ltr'><strong>scri-</strong></span> 
     </span>
     <span class='ocr_line' id='line_1_29' title="bbox 1388 874 2443 922; baseline 0.002 -11"><span class='ocrx_word' id='word_1_197' title='bbox 1388 875 1492 918; x_wconf 82' lang='lat' dir='ltr'><strong>bens,</strong></span> <span class='ocrx_word' id='word_1_198' title='bbox 1512 875 1634 911; x_wconf 87' lang='lat' dir='ltr'><strong>docuit</strong></span> <span class='ocrx_word' id='word_1_199' title='bbox 1655 887 1662 909; x_wconf 91' lang='lat'>:</span> <span class='ocrx_word' id='word_1_200' title='bbox 1684 874 1864 910; x_wconf 80' lang='lat' dir='ltr'><strong>Habemus</strong></span> <span class='ocrx_word' id='word_1_201' title='bbox 1882 875 2009 919; x_wconf 85' lang='lat' dir='ltr'><strong>altare,</strong></span> <span class='ocrx_word' id='word_1_202' title='bbox 2033 875 2076 911; x_wconf 91' lang='lat' dir='ltr'><strong>de</strong></span> <span class='ocrx_word' id='word_1_203' title='bbox 2092 887 2160 922; x_wconf 86' lang='lat' dir='ltr'><strong>quo</strong></span> <span class='ocrx_word' id='word_1_204' title='bbox 2179 877 2358 913; x_wconf 80' lang='lat' dir='ltr'><strong>comedere</strong></span> <span class='ocrx_word' id='word_1_205' title='bbox 2374 889 2443 913; x_wconf 87' lang='lat' dir='ltr'><strong>nan</strong></span> 
     </span>
     <span class='ocr_line' id='line_1_30' title="bbox 1389 932 2443 981; baseline 0.003 -12"><span class='ocrx_word' id='word_1_206' title='bbox 1389 935 1515 970; x_wconf 81' lang='lat' dir='ltr'><strong>babent</strong></span> <span class='ocrx_word' id='word_1_207' title='bbox 1533 940 1735 981; x_wconf 88' lang='lat' dir='ltr'><strong>potestatem</strong></span> <span class='ocrx_word' id='word_1_208' title='bbox 1752 935 1787 969; x_wconf 83' lang='lat' dir='ltr'><strong>hi</strong></span> <span class='ocrx_word' id='word_1_209' title='bbox 1806 936 1866 981; x_wconf 84' lang='lat' dir='ltr'><strong>qui</strong></span> <span class='ocrx_word' id='word_1_210' title='bbox 1882 934 2108 971; x_wconf 80' lang='lat' dir='ltr'><strong>tabernaculo</strong></span> <span class='ocrx_word' id='word_1_211' title='bbox 2130 936 2293 978; x_wconf 85' lang='lat' dir='ltr'><strong>serviunt,</strong></span> <span class='ocrx_word' id='word_1_212' title='bbox 2315 932 2443 972; x_wconf 84' lang='lat' dir='ltr'><strong>videli-</strong></span> 
     </span>
     <span class='ocr_line' id='line_1_31' title="bbox 1390 995 2445 1044; baseline 0.004 -14"><span class='ocrx_word' id='word_1_213' title='bbox 1390 999 1448 1031; x_wconf 92' lang='lat' dir='ltr'><strong>cet</strong></span> <span class='ocrx_word' id='word_1_214' title='bbox 1471 995 1653 1031; x_wconf 91' lang='lat' dir='ltr'><strong>Dominici</strong></span> <span class='ocrx_word' id='word_1_215' title='bbox 1685 996 1861 1041; x_wconf 92' lang='lat' dir='ltr'><strong>corporis.</strong></span> <span class='ocrx_word' id='word_1_216' title='bbox 1893 996 1969 1032; x_wconf 86' lang='lat' dir='ltr'><strong>Hoc</strong></span> <span class='ocrx_word' id='word_1_217' title='bbox 2002 997 2099 1032; x_wconf 89' lang='lat' dir='ltr'><strong>enim</strong></span> <span class='ocrx_word' id='word_1_218' title='bbox 2132 996 2276 1040; x_wconf 77' lang='lat' dir='ltr'><strong>ludaeis,</strong></span> <span class='ocrx_word' id='word_1_219' title='bbox 2296 1003 2445 1044; x_wconf 89' lang='lat' dir='ltr'><strong>propter</strong></span> 
     </span>
     <span class='ocr_line' id='line_1_32' title="bbox 1393 1056 2440 1095; baseline 0.002 -4"><span class='ocrx_word' id='word_1_220' title='bbox 1393 1056 1686 1092; x_wconf 87' lang='lat' dir='ltr'><strong>incredulitatem</strong></span> <span class='ocrx_word' id='word_1_221' title='bbox 1721 1062 1758 1093; x_wconf 92' lang='lat' dir='ltr'><strong>et</strong></span> <span class='ocrx_word' id='word_1_222' title='bbox 1782 1057 1994 1093; x_wconf 90' lang='lat' dir='ltr'><strong>servitutem</strong></span> <span class='ocrx_word' id='word_1_223' title='bbox 2014 1057 2144 1093; x_wconf 80' lang='lat' dir='ltr'><strong>litterae</strong></span> <span class='ocrx_word' id='word_1_224' title='bbox 2169 1059 2222 1094; x_wconf 89' lang='lat' dir='ltr'><strong>uti</strong></span> <span class='ocrx_word' id='word_1_225' title='bbox 2249 1070 2320 1095; x_wconf 93' lang='lat' dir='ltr'><strong>non</strong></span> <span class='ocrx_word' id='word_1_226' title='bbox 2345 1059 2440 1095; x_wconf 91' lang='lat' dir='ltr'><strong>licet.</strong></span> 
     </span>
    </p>

    <p class='ocr_par' dir='ltr' id='par_1_9' title="bbox 1435 1117 2439 1164">
     <span class='ocr_line' id='line_1_33' title="bbox 1435 1117 2439 1164; baseline 0.003 -12"><span class='ocrx_word' id='word_1_227' title='bbox 1435 1117 1512 1153; x_wconf 87' lang='lat' dir='ltr'><strong>Hoc</strong></span> <span class='ocrx_word' id='word_1_228' title='bbox 1529 1117 1647 1163; x_wconf 87' lang='lat' dir='ltr'><strong>ipsum</strong></span> <span class='ocrx_word' id='word_1_229' title='bbox 1675 1124 1807 1161; x_wconf 87' lang='lat' dir='ltr'><strong>autem,</strong></span> <span class='ocrx_word' id='word_1_230' title='bbox 1828 1123 1865 1154; x_wconf 90' lang='lat' dir='ltr'><strong>et</strong></span> <span class='ocrx_word' id='word_1_231' title='bbox 1894 1118 2014 1154; x_wconf 90' lang='lat' dir='ltr'><strong>velum</strong></span> <span class='ocrx_word' id='word_1_232' title='bbox 2031 1119 2100 1154; x_wconf 92' lang='lat' dir='ltr'><strong>dici</strong></span> <span class='ocrx_word' id='word_1_233' title='bbox 2133 1119 2178 1154; x_wconf 90' lang='lat' dir='ltr'><strong>ab</strong></span> <span class='ocrx_word' id='word_1_234' title='bbox 2203 1119 2280 1164; x_wconf 91' lang='lat' dir='ltr'><strong>ipso</strong></span> <span class='ocrx_word' id='word_1_235' title='bbox 2312 1120 2409 1155; x_wconf 88' lang='lat' dir='ltr'><strong>disce</strong></span> <span class='ocrx_word' id='word_1_236' title='bbox 2432 1133 2439 1154; x_wconf 79' lang='lat' dir='ltr'>z</span> 
     </span>
    </p>
   </div>
   <div class='ocr_carea' id='block_1_8' title="bbox 273 1166 2442 1229">
    <p class='ocr_par' dir='ltr' id='par_1_10' title="bbox 273 1166 2442 1229">
     <span class='ocr_line' id='line_1_34' title="bbox 273 1166 2442 1229; baseline -0.002 -10"><span class='ocrx_word' id='word_1_237' title='bbox 273 1190 344 1220; x_wconf 90' lang='lat' dir='ltr'><strong>tum</strong></span> <span class='ocrx_word' id='word_1_238' title='bbox 361 1182 586 1229; x_wconf 86' lang='lat' dir='ltr'><strong>pulchritudo</strong></span> <span class='ocrx_word' id='word_1_239' title='bbox 611 1191 677 1226; x_wconf 89' lang='lat' dir='ltr'><strong>per</strong></span> <span class='ocrx_word' id='word_1_240' title='bbox 714 1180 809 1216; x_wconf 89' lang='lat' dir='ltr'><strong>hanc</strong></span> <span class='ocrx_word' id='word_1_241' title='bbox 827 1180 1057 1226; x_wconf 83' lang='lat' dir='ltr'><strong>depravatur,</strong></span> <span class='ocrx_word' id='word_1_242' title='bbox 1079 1185 1114 1214; x_wconf 88' lang='lat' dir='ltr'><strong>et</strong></span> <span class='ocrx_word' id='word_1_243' title='bbox 1134 1178 1238 1225; x_wconf 87' lang='lat' dir='ltr'><strong>quasi</strong></span> <span class='ocrx_word' id='word_1_244' title='bbox 1259 1184 1314 1214; x_wconf 84' lang='lat' dir='ltr'><strong>to·</strong></span> <span class='ocrx_word' id='word_1_245' title='bbox 1335 1166 1367 1205; x_wconf 85' lang='grc' dir='ltr'><strong>Β</strong></span> <span class='ocrx_word' id='word_1_246' title='bbox 1390 1177 1567 1213; x_wconf 82' lang='lat' dir='ltr'><strong>Habentes</strong></span> <span class='ocrx_word' id='word_1_247' title='bbox 1588 1189 1668 1224; x_wconf 71' lang='lat' dir='ltr'><strong>erqo</strong></span> <span class='ocrx_word' id='word_1_248' title='bbox 1689 1179 1940 1224; x_wconf 82' lang='lat' dir='ltr'><strong>confidentiam</strong></span> <span class='ocrx_word' id='word_1_249' title='bbox 1960 1180 1997 1213; x_wconf 89' lang='lat' dir='ltr'><strong>in</strong></span> <span class='ocrx_word' id='word_1_250' title='bbox 2029 1179 2210 1213; x_wconf 85' lang='lat' dir='ltr'><strong>introitum</strong></span> <span class='ocrx_word' id='word_1_251' title='bbox 2241 1185 2442 1214; x_wconf 86' lang='lat' dir='ltr'><strong>sanctorum</strong></span> 
     </span>
    </p>
   </div>
   <div class='ocr_carea' id='block_1_9' title="bbox 269 1238 1320 3092">
    <p class='ocr_par' dir='ltr' id='par_1_11' title="bbox 269 1238 1320 3092">
     <span class='ocr_line' id='line_1_35' title="bbox 270 1238 1314 1290; baseline -0.007 -10"><span class='ocrx_word' id='word_1_252' title='bbox 270 1250 344 1280; x_wconf 86' lang='lat' dir='ltr'><strong>tum</strong></span> <span class='ocrx_word' id='word_1_253' title='bbox 361 1253 490 1290; x_wconf 87' lang='lat' dir='ltr'><strong>corpus</strong></span> <span class='ocrx_word' id='word_1_254' title='bbox 514 1247 716 1287; x_wconf 85' lang='lat' dir='ltr'><strong>exasperat,</strong></span> <span class='ocrx_word' id='word_1_255' title='bbox 742 1240 825 1286; x_wconf 91' lang='lat' dir='ltr'><strong>quia</strong></span> <span class='ocrx_word' id='word_1_256' title='bbox 845 1249 911 1286; x_wconf 89' lang='lat' dir='ltr'><strong>per</strong></span> <span class='ocrx_word' id='word_1_257' title='bbox 939 1240 1109 1275; x_wconf 86' lang='lat' dir='ltr'><strong>universa</strong></span> <span class='ocrx_word' id='word_1_258' title='bbox 1126 1239 1214 1274; x_wconf 78' lang='lat' dir='ltr'><strong>vitia</strong></span> <span class='ocrx_word' id='word_1_259' title='bbox 1236 1238 1314 1273; x_wconf 89' lang='lat' dir='ltr'><strong>ani-</strong></span> 
     </span>
     <span class='ocr_line' id='line_1_36' title="bbox 274 1301 1317 1351; baseline -0.006 -10"><span class='ocrx_word' id='word_1_260' title='bbox 274 1317 370 1342; x_wconf 90' lang='lat' dir='ltr'><strong>mum</strong></span> <span class='ocrx_word' id='word_1_261' title='bbox 390 1305 605 1351; x_wconf 87' lang='lat' dir='ltr'><strong>supplantat,</strong></span> <span class='ocrx_word' id='word_1_262' title='bbox 631 1303 743 1339; x_wconf 89' lang='lat' dir='ltr'><strong>Paulo</strong></span> <span class='ocrx_word' id='word_1_263' title='bbox 774 1308 982 1345; x_wconf 85' lang='lat' dir='ltr'><strong>attestante,</strong></span> <span class='ocrx_word' id='word_1_264' title='bbox 1007 1302 1067 1347; x_wconf 93' lang='lat' dir='ltr'><strong>qui</strong></span> <span class='ocrx_word' id='word_1_265' title='bbox 1097 1301 1174 1337; x_wconf 87' lang='lat' dir='ltr'><strong>ait:</strong></span> <span class='ocrx_word' id='word_1_266' title='bbox 1198 1301 1317 1336; x_wconf 77' lang='lat' dir='ltr'><strong>Radix</strong></span> 
     </span>
     <span class='ocr_line' id='line_1_37' title="bbox 270 1362 1317 1410; baseline -0.004 -9"><span class='ocrx_word' id='word_1_267' title='bbox 270 1367 422 1402; x_wconf 84' lang='lat' dir='ltr'><strong>omnium</strong></span> <span class='ocrx_word' id='word_1_268' title='bbox 447 1366 620 1400; x_wconf 83' lang='lat' dir='ltr'><strong>malorum</strong></span> <span class='ocrx_word' id='word_1_269' title='bbox 638 1372 686 1399; x_wconf 86' lang='lat' dir='ltr'><strong>est</strong></span> <span class='ocrx_word' id='word_1_270' title='bbox 711 1364 886 1409; x_wconf 81' lang='lat' dir='ltr'><strong>cupiditas</strong></span> <span class='ocrx_word' id='word_1_271' title='bbox 921 1363 955 1410; x_wconf 90' lang='lat' dir='ltr'><strong>(I</strong></span> <span class='ocrx_word' id='word_1_272' title='bbox 977 1363 1066 1397; x_wconf 87' lang='lat' dir='ltr'><strong>Tim.</strong></span> <span class='ocrx_word' id='word_1_273' title='bbox 1088 1362 1153 1410; x_wconf 76' lang='lat' dir='ltr'><strong>vl).</strong></span> <span class='ocrx_word' id='word_1_274' title='bbox 1179 1363 1317 1399; x_wconf 87' lang='lat' dir='ltr'><strong>Ponde-</strong></span> 
     </span>
     <span class='ocr_line' id='line_1_38' title="bbox 269 1423 1318 1470; baseline -0.006 -8"><span class='ocrx_word' id='word_1_275' title='bbox 269 1429 372 1462; x_wconf 67' lang='lat' dir='ltr'><strong>rosus</strong></span> <span class='ocrx_word' id='word_1_276' title='bbox 391 1436 475 1461; x_wconf 78' lang='lat' dir='ltr'><strong>vero</strong></span> <span class='ocrx_word' id='word_1_277' title='bbox 490 1431 545 1461; x_wconf 88' lang='lat' dir='ltr'><strong>est</strong></span> <span class='ocrx_word' id='word_1_278' title='bbox 563 1425 625 1470; x_wconf 91' lang='lat' dir='ltr'><strong>qui</strong></span> <span class='ocrx_word' id='word_1_279' title='bbox 645 1424 905 1470; x_wconf 86' lang='lat' dir='ltr'><strong>turpitudinem</strong></span> <span class='ocrx_word' id='word_1_280' title='bbox 925 1433 995 1458; x_wconf 87' lang='lat' dir='ltr'><strong>non</strong></span> <span class='ocrx_word' id='word_1_281' title='bbox 1015 1428 1161 1458; x_wconf 83' lang='lat' dir='ltr'><strong>exercet</strong></span> <span class='ocrx_word' id='word_1_282' title='bbox 1179 1423 1215 1457; x_wconf 93' lang='lat' dir='ltr'><strong>in</strong></span> <span class='ocrx_word' id='word_1_283' title='bbox 1232 1431 1318 1467; x_wconf 91' lang='lat' dir='ltr'><strong>ope-</strong></span> 
     </span>
     <span class='ocr_line' id='line_1_39' title="bbox 270 1482 1316 1530; baseline -0.006 -7"><span class='ocrx_word' id='word_1_284' title='bbox 270 1497 325 1530; x_wconf 89' lang='lat' dir='ltr'><strong>re,</strong></span> <span class='ocrx_word' id='word_1_285' title='bbox 352 1487 414 1523; x_wconf 90' lang='lat' dir='ltr'><strong>sed</strong></span> <span class='ocrx_word' id='word_1_286' title='bbox 452 1491 572 1522; x_wconf 88' lang='lat' dir='ltr'><strong>tamen</strong></span> <span class='ocrx_word' id='word_1_287' title='bbox 609 1486 653 1521; x_wconf 92' lang='lat' dir='ltr'><strong>ab</strong></span> <span class='ocrx_word' id='word_1_288' title='bbox 675 1486 743 1521; x_wconf 90' lang='lat' dir='ltr'><strong>hac</strong></span> <span class='ocrx_word' id='word_1_289' title='bbox 780 1484 1001 1530; x_wconf 84' lang='lat' dir='ltr'><strong>cogitatione</strong></span> <span class='ocrx_word' id='word_1_290' title='bbox 1039 1484 1210 1519; x_wconf 90' lang='lat' dir='ltr'><strong>continua</strong></span> <span class='ocrx_word' id='word_1_291' title='bbox 1238 1482 1316 1518; x_wconf 90' lang='lat' dir='ltr'><strong>sine</strong></span> 
     </span>
     <span class='ocr_line' id='line_1_40' title="bbox 271 1545 1317 1593; baseline -0.006 -9"><span class='ocrx_word' id='word_1_292' title='bbox 271 1548 514 1584; x_wconf 84' lang='lat' dir='ltr'><strong>moderamine</strong></span> <span class='ocrx_word' id='word_1_293' title='bbox 546 1551 715 1593; x_wconf 79' lang='lat' dir='ltr'><strong>gravatur</strong></span> <span class='ocrx_word' id='word_1_294' title='bbox 755 1546 791 1580; x_wconf 79' lang='lat' dir='ltr'><strong>i&#39;n</strong></span> <span class='ocrx_word' id='word_1_295' title='bbox 819 1550 953 1588; x_wconf 88' lang='lat' dir='ltr'><strong>mente,</strong></span> <span class='ocrx_word' id='word_1_296' title='bbox 993 1545 1053 1590; x_wconf 91' lang='lat' dir='ltr'><strong>qui</strong></span> <span class='ocrx_word' id='word_1_297' title='bbox 1088 1553 1317 1588; x_wconf 87' lang='lat' dir='ltr'><strong>nequaquam</strong></span> 
     </span>
     <span class='ocr_line' id='line_1_41' title="bbox 271 1603 1314 1653; baseline -0.002 -11"><span class='ocrx_word' id='word_1_298' title='bbox 271 1608 414 1653; x_wconf 88' lang='lat' dir='ltr'><strong>quidem</strong></span> <span class='ocrx_word' id='word_1_299' title='bbox 434 1618 548 1652; x_wconf 86' lang='lat' dir='ltr'><strong>usque</strong></span> <span class='ocrx_word' id='word_1_300' title='bbox 567 1609 612 1642; x_wconf 87' lang='lat' dir='ltr'><strong>ad</strong></span> <span class='ocrx_word' id='word_1_301' title='bbox 651 1617 740 1653; x_wconf 88' lang='lat' dir='ltr'><strong>opus</strong></span> <span class='ocrx_word' id='word_1_302' title='bbox 758 1606 939 1642; x_wconf 83' lang='lat' dir='ltr'><strong>nefarium</strong></span> <span class='ocrx_word' id='word_1_303' title='bbox 975 1606 1129 1651; x_wconf 84' lang='lat' dir='ltr'><strong>rapitur,</strong></span> <span class='ocrx_word' id='word_1_304' title='bbox 1152 1605 1214 1640; x_wconf 89' lang='lat' dir='ltr'><strong>scd</strong></span> <span class='ocrx_word' id='word_1_305' title='bbox 1237 1603 1314 1649; x_wconf 83' lang='lat' dir='ltr'><strong>ejus</strong></span> 
     </span>
     <span class='ocr_line' id='line_1_42' title="bbox 271 1665 1316 1711; baseline -0.001 -11"><span class='ocrx_word' id='word_1_306' title='bbox 271 1667 410 1702; x_wconf 89' lang='lat' dir='ltr'><strong>animus</strong></span> <span class='ocrx_word' id='word_1_307' title='bbox 442 1667 618 1711; x_wconf 83' lang='lat' dir='ltr'><strong>voluptati</strong></span> <span class='ocrx_word' id='word_1_308' title='bbox 653 1666 805 1700; x_wconf 76' lang='lat' dir='ltr'><strong>luxuriae</strong></span> <span class='ocrx_word' id='word_1_309' title='bbox 844 1666 919 1701; x_wconf 88' lang='lat' dir='ltr'><strong>sive</strong></span> <span class='ocrx_word' id='word_1_310' title='bbox 939 1666 1010 1701; x_wconf 91' lang='lat' dir='ltr'><strong>ullo</strong></span> <span class='ocrx_word' id='word_1_311' title='bbox 1044 1665 1316 1711; x_wconf 85' lang='lat' dir='ltr'><strong>repugnationis</strong></span> 
     </span>
     <span class='ocr_line' id='line_1_43' title="bbox 275 1726 1314 1773; baseline -0.002 -11"><span class='ocrx_word' id='word_1_312' title='bbox 275 1727 460 1762; x_wconf 90' lang='lat' dir='ltr'><strong>obstaculo</strong></span> <span class='ocrx_word' id='word_1_313' title='bbox 481 1727 692 1762; x_wconf 82' lang='lat' dir='ltr'><strong>delectatur.</strong></span> <span class='ocrx_word' id='word_1_314' title='bbox 719 1727 854 1762; x_wconf 79' lang='lat' dir='ltr'><strong>Vitium</strong></span> <span class='ocrx_word' id='word_1_315' title='bbox 892 1727 1021 1773; x_wconf 87' lang='lat' dir='ltr'><strong>quippe</strong></span> <span class='ocrx_word' id='word_1_316' title='bbox 1039 1733 1094 1762; x_wconf 86' lang='lat' dir='ltr'><strong>est</strong></span> <span class='ocrx_word' id='word_1_317' title='bbox 1131 1726 1314 1773; x_wconf 89' lang='lat' dir='ltr'><strong>ponderis,</strong></span> 
     </span>
     <span class='ocr_line' id='line_1_44' title="bbox 273 1786 1316 1832; baseline 0.002 -12"><span class='ocrx_word' id='word_1_318' title='bbox 273 1796 354 1821; x_wconf 93' lang='lat' dir='ltr'><strong>cum</strong></span> <span class='ocrx_word' id='word_1_319' title='bbox 390 1786 519 1821; x_wconf 89' lang='lat' dir='ltr'><strong>humor</strong></span> <span class='ocrx_word' id='word_1_320' title='bbox 549 1787 730 1822; x_wconf 84' lang='lat' dir='ltr'><strong>viscerum</strong></span> <span class='ocrx_word' id='word_1_321' title='bbox 751 1787 795 1821; x_wconf 90' lang='lat' dir='ltr'><strong>ad</strong></span> <span class='ocrx_word' id='word_1_322' title='bbox 816 1786 909 1822; x_wconf 91' lang='lat' dir='ltr'><strong>vires</strong></span> <span class='ocrx_word' id='word_1_323' title='bbox 931 1786 1076 1829; x_wconf 83' lang='lat' dir='ltr'><strong>labitur,</strong></span> <span class='ocrx_word' id='word_1_324' title='bbox 1101 1797 1179 1831; x_wconf 78' lang='lat' dir='ltr'><strong>quae</strong></span> <span class='ocrx_word' id='word_1_325' title='bbox 1198 1787 1316 1832; x_wconf 85' lang='lat' dir='ltr'><strong>prose-</strong></span> 
     </span>
     <span class='ocr_line' id='line_1_45' title="bbox 272 1846 1316 1882; baseline 0.002 -2"><span class='ocrx_word' id='word_1_326' title='bbox 272 1851 330 1881; x_wconf 86' lang='lat' dir='ltr'><strong>cto</strong></span> <span class='ocrx_word' id='word_1_327' title='bbox 354 1856 435 1881; x_wconf 91' lang='lat' dir='ltr'><strong>cum</strong></span> <span class='ocrx_word' id='word_1_328' title='bbox 469 1846 633 1881; x_wconf 87' lang='lat' dir='ltr'><strong>molestia</strong></span> <span class='ocrx_word' id='word_1_329' title='bbox 667 1846 851 1881; x_wconf 88' lang='lat' dir='ltr'><strong>dedecoris</strong></span> <span class='ocrx_word' id='word_1_330' title='bbox 885 1846 1143 1882; x_wconf 88' lang='lat' dir='ltr'><strong>intumescunt.</strong></span> <span class='ocrx_word' id='word_1_331' title='bbox 1177 1846 1316 1882; x_wconf 90' lang='lat' dir='ltr'><strong>Ponde-</strong></span> 
     </span>
     <span class='ocr_line' id='line_1_46' title="bbox 271 1906 1315 1952; baseline 0 -11"><span class='ocrx_word' id='word_1_332' title='bbox 271 1915 375 1941; x_wconf 90' lang='lat' dir='ltr'><strong>rosus</strong></span> <span class='ocrx_word' id='word_1_333' title='bbox 395 1916 479 1952; x_wconf 85' lang='lat' dir='ltr'><strong>ergo</strong></span> <span class='ocrx_word' id='word_1_334' title='bbox 499 1911 553 1942; x_wconf 89' lang='lat' dir='ltr'><strong>est</strong></span> <span class='ocrx_word' id='word_1_335' title='bbox 576 1906 636 1952; x_wconf 91' lang='lat' dir='ltr'><strong>qui</strong></span> <span class='ocrx_word' id='word_1_336' title='bbox 662 1907 745 1942; x_wconf 91' lang='lat' dir='ltr'><strong>totis</strong></span> <span class='ocrx_word' id='word_1_337' title='bbox 765 1907 1041 1952; x_wconf 78' lang='lat' dir='ltr'><strong>cogitationibus</strong></span> <span class='ocrx_word' id='word_1_338' title='bbox 1065 1906 1109 1941; x_wconf 90' lang='lat' dir='ltr'><strong>ad</strong></span> <span class='ocrx_word' id='word_1_339' title='bbox 1129 1907 1315 1942; x_wconf 81' lang='lat' dir='ltr'><strong>lasciviam</strong></span> 
     </span>
     <span class='ocr_line' id='line_1_47' title="bbox 271 1964 1316 2012; baseline 0.004 -14"><span class='ocrx_word' id='word_1_340' title='bbox 271 1964 441 2009; x_wconf 85' lang='lat' dir='ltr'><strong>defluens,</strong></span> <span class='ocrx_word' id='word_1_341' title='bbox 474 1967 611 2011; x_wconf 90' lang='lat' dir='ltr'><strong>pondus</strong></span> <span class='ocrx_word' id='word_1_342' title='bbox 635 1967 869 2012; x_wconf 88' lang='lat' dir='ltr'><strong>turpitudinis</strong></span> <span class='ocrx_word' id='word_1_343' title='bbox 895 1971 1014 2012; x_wconf 82' lang='lat' dir='ltr'><strong>gestat</strong></span> <span class='ocrx_word' id='word_1_344' title='bbox 1049 1967 1085 2001; x_wconf 91' lang='lat' dir='ltr'><strong>in</strong></span> <span class='ocrx_word' id='word_1_345' title='bbox 1124 1968 1246 2010; x_wconf 88' lang='lat' dir='ltr'><strong>corde,</strong></span> <span class='ocrx_word' id='word_1_346' title='bbox 1280 1973 1316 2002; x_wconf 89' lang='lat' dir='ltr'><strong>et</strong></span> 
     </span>
     <span class='ocr_line' id='line_1_48' title="bbox 271 2026 1314 2071; baseline 0.003 -11"><span class='ocrx_word' id='word_1_347' title='bbox 271 2026 433 2069; x_wconf 84' lang='lat' dir='ltr'><strong>quamvis</strong></span> <span class='ocrx_word' id='word_1_348' title='bbox 464 2036 577 2070; x_wconf 87' lang='lat' dir='ltr'><strong>prava</strong></span> <span class='ocrx_word' id='word_1_349' title='bbox 607 2036 679 2062; x_wconf 90' lang='lat' dir='ltr'><strong>non</strong></span> <span class='ocrx_word' id='word_1_350' title='bbox 702 2031 872 2062; x_wconf 89' lang='lat' dir='ltr'><strong>exerceat</strong></span> <span class='ocrx_word' id='word_1_351' title='bbox 891 2035 1013 2071; x_wconf 88' lang='lat' dir='ltr'><strong>opera,</strong></span> <span class='ocrx_word' id='word_1_352' title='bbox 1056 2027 1100 2061; x_wconf 90' lang='lat' dir='ltr'><strong>ab</strong></span> <span class='ocrx_word' id='word_1_353' title='bbox 1117 2026 1173 2061; x_wconf 89' lang='lat' dir='ltr'><strong>his</strong></span> <span class='ocrx_word' id='word_1_354' title='bbox 1194 2032 1314 2063; x_wconf 87' lang='lat' dir='ltr'><strong>tamen</strong></span> 
     </span>
     <span class='ocr_line' id='line_1_49' title="bbox 276 2084 1316 2127; baseline 0.003 -9"><span class='ocrx_word' id='word_1_355' title='bbox 276 2094 348 2118; x_wconf 90' lang='lat' dir='ltr'><strong>non</strong></span> <span class='ocrx_word' id='word_1_356' title='bbox 373 2084 536 2119; x_wconf 74' lang='lat' dir='ltr'><strong>evellitur</strong></span> <span class='ocrx_word' id='word_1_357' title='bbox 571 2085 702 2120; x_wconf 86' lang='lat' dir='ltr'><strong>mentis</strong></span> <span class='ocrx_word' id='word_1_358' title='bbox 738 2085 881 2127; x_wconf 88' lang='lat' dir='ltr'><strong>intuitu,</strong></span> <span class='ocrx_word' id='word_1_359' title='bbox 921 2094 986 2120; x_wconf 86' lang='lat' dir='ltr'><strong>nec</strong></span> <span class='ocrx_word' id='word_1_360' title='bbox 1021 2085 1066 2120; x_wconf 91' lang='lat' dir='ltr'><strong>ad</strong></span> <span class='ocrx_word' id='word_1_361' title='bbox 1090 2097 1197 2122; x_wconf 88' lang='lat' dir='ltr'><strong>usum</strong></span> <span class='ocrx_word' id='word_1_362' title='bbox 1232 2087 1316 2121; x_wconf 91' lang='lat' dir='ltr'><strong>boni</strong></span> 
     </span>
     <span class='ocr_line' id='line_1_50' title="bbox 273 2142 1318 2192; baseline 0.006 -15"><span class='ocrx_word' id='word_1_363' title='bbox 273 2142 394 2187; x_wconf 90' lang='lat' dir='ltr'><strong>operis</strong></span> <span class='ocrx_word' id='word_1_364' title='bbox 411 2143 448 2177; x_wconf 93' lang='lat' dir='ltr'><strong>in</strong></span> <span class='ocrx_word' id='word_1_365' title='bbox 477 2148 602 2188; x_wconf 89' lang='lat' dir='ltr'><strong>aperto</strong></span> <span class='ocrx_word' id='word_1_366' title='bbox 631 2144 726 2179; x_wconf 86' lang='lat' dir='ltr'><strong>valet</strong></span> <span class='ocrx_word' id='word_1_367' title='bbox 751 2154 956 2190; x_wconf 81' lang='lat' dir='ltr'><strong>assurgere,</strong></span> <span class='ocrx_word' id='word_1_368' title='bbox 976 2146 1058 2190; x_wconf 90' lang='lat' dir='ltr'><strong>quia</strong></span> <span class='ocrx_word' id='word_1_369' title='bbox 1077 2153 1202 2192; x_wconf 82' lang='lat' dir='ltr'><strong>gravat</strong></span> <span class='ocrx_word' id='word_1_370' title='bbox 1220 2148 1318 2183; x_wconf 90' lang='lat' dir='ltr'><strong>hunc</strong></span> 
     </span>
     <span class='ocr_line' id='line_1_51' title="bbox 275 2201 1318 2252; baseline 0.007 -16"><span class='ocrx_word' id='word_1_371' title='bbox 275 2201 312 2236; x_wconf 91' lang='lat' dir='ltr'><strong>in</strong></span> <span class='ocrx_word' id='word_1_372' title='bbox 334 2202 466 2237; x_wconf 88' lang='lat' dir='ltr'><strong>abditis</strong></span> <span class='ocrx_word' id='word_1_373' title='bbox 496 2203 636 2248; x_wconf 91' lang='lat' dir='ltr'><strong>pondus</strong></span> <span class='ocrx_word' id='word_1_374' title='bbox 669 2208 783 2249; x_wconf 85' lang='lat' dir='ltr'><strong>turpe.</strong></span> <span class='ocrx_word' id='word_1_375' title='bbox 809 2203 879 2250; x_wconf 73' lang='lat' dir='ltr'><strong>(Ex</strong></span> <span class='ocrx_word' id='word_1_376' title='bbox 914 2203 1116 2251; x_wconf 82' lang='lat' dir='ltr'><strong>Hesychia.)</strong></span> <span class='ocrx_word' id='word_1_377' title='bbox 1149 2206 1318 2252; x_wconf 85' lang='lat' dir='ltr'><strong>Quisquis</strong></span> 
     </span>
     <span class='ocr_line' id='line_1_52' title="bbox 274 2261 1318 2312; baseline 0.006 -15"><span class='ocrx_word' id='word_1_378' title='bbox 274 2272 361 2308; x_wconf 86' lang='lat' dir='ltr'><strong>ergo</strong></span> <span class='ocrx_word' id='word_1_379' title='bbox 381 2261 539 2307; x_wconf 88' lang='lat' dir='ltr'><strong>quolibet</strong></span> <span class='ocrx_word' id='word_1_380' title='bbox 554 2263 683 2298; x_wconf 86' lang='lat' dir='ltr'><strong>horum</strong></span> <span class='ocrx_word' id='word_1_381' title='bbox 708 2264 876 2299; x_wconf 86' lang='lat' dir='ltr'><strong>vitiorum</strong></span> <span class='ocrx_word' id='word_1_382' title='bbox 896 2264 1095 2308; x_wconf 87' lang='lat' dir='ltr'><strong>subjicitur,</strong></span> <span class='ocrx_word' id='word_1_383' title='bbox 1117 2277 1228 2312; x_wconf 90' lang='lat' dir='ltr'><strong>panes</strong></span> <span class='ocrx_word' id='word_1_384' title='bbox 1245 2268 1318 2303; x_wconf 91' lang='lat' dir='ltr'><strong>Do-</strong></span> 
     </span>
     <span class='ocr_line' id='line_1_53' title="bbox 276 2322 1317 2370; baseline 0.006 -13"><span class='ocrx_word' id='word_1_385' title='bbox 276 2322 374 2357; x_wconf 93' lang='lat' dir='ltr'><strong>mino</strong></span> <span class='ocrx_word' id='word_1_386' title='bbox 389 2322 519 2358; x_wconf 78' lang='lat' dir='ltr'><strong>offerre</strong></span> <span class='ocrx_word' id='word_1_387' title='bbox 536 2324 762 2368; x_wconf 86' lang='lat' dir='ltr'><strong>prohibetur,</strong></span> <span class='ocrx_word' id='word_1_388' title='bbox 783 2335 828 2360; x_wconf 89' lang='lat' dir='ltr'><strong>ne</strong></span> <span class='ocrx_word' id='word_1_389' title='bbox 846 2325 1010 2370; x_wconf 81' lang='lat' dir='ltr'><strong>profecto</strong></span> <span class='ocrx_word' id='word_1_390' title='bbox 1033 2326 1169 2362; x_wconf 89' lang='lat' dir='ltr'><strong>diluere</strong></span> <span class='ocrx_word' id='word_1_391' title='bbox 1200 2327 1317 2363; x_wconf 86' lang='lat' dir='ltr'><strong>aliena</strong></span> 
     </span>
     <span class='ocr_line' id='line_1_54' title="bbox 273 2381 1316 2433; baseline 0.008 -17"><span class='ocrx_word' id='word_1_392' title='bbox 273 2381 402 2417; x_wconf 90' lang='lat' dir='ltr'><strong>delicta</strong></span> <span class='ocrx_word' id='word_1_393' title='bbox 419 2392 491 2418; x_wconf 90' lang='lat' dir='ltr'><strong>non</strong></span> <span class='ocrx_word' id='word_1_394' title='bbox 503 2384 623 2419; x_wconf 87' lang='lat' dir='ltr'><strong>valeat</strong></span> <span class='ocrx_word' id='word_1_395' title='bbox 643 2384 673 2420; x_wconf 92' lang='lat' dir='ltr'><strong>is</strong></span> <span class='ocrx_word' id='word_1_396' title='bbox 690 2394 796 2429; x_wconf 87' lang='lat' dir='ltr'><strong>quem</strong></span> <span class='ocrx_word' id='word_1_397' title='bbox 818 2386 933 2421; x_wconf 90' lang='lat' dir='ltr'><strong>adhuc</strong></span> <span class='ocrx_word' id='word_1_398' title='bbox 951 2387 1098 2433; x_wconf 90' lang='lat' dir='ltr'><strong>propria</strong></span> <span class='ocrx_word' id='word_1_399' title='bbox 1114 2388 1316 2432; x_wconf 84' lang='lat' dir='ltr'><strong>devastant,</strong></span> 
     </span>
     <span class='ocr_line' id='line_1_55' title="bbox 272 2440 1318 2485; baseline 0.01 -11"><span class='ocrx_word' id='word_1_400' title='bbox 272 2440 356 2485; x_wconf 86' lang='lat' dir='ltr'><strong>quia</strong></span> <span class='ocrx_word' id='word_1_401' title='bbox 372 2441 642 2477; x_wconf 89' lang='lat' dir='ltr'><strong>immaculatum</strong></span> <span class='ocrx_word' id='word_1_402' title='bbox 673 2453 753 2479; x_wconf 71' lang='lat' dir='ltr'><strong>esse</strong></span> <span class='ocrx_word' id='word_1_403' title='bbox 772 2446 1047 2481; x_wconf 81' lang='lat' dir='ltr'><strong>conversatione</strong></span> <span class='ocrx_word' id='word_1_404' title='bbox 1064 2452 1100 2482; x_wconf 87' lang='lat' dir='ltr'><strong>et</strong></span> <span class='ocrx_word' id='word_1_405' title='bbox 1118 2448 1238 2483; x_wconf 88' lang='lat' dir='ltr'><strong>animo</strong></span> <span class='ocrx_word' id='word_1_406' title='bbox 1260 2459 1318 2484; x_wconf 89' lang='lat' dir='ltr'><strong>sa-</strong></span> 
     </span>
     <span class='ocr_line' id='line_1_56' title="bbox 272 2502 1319 2551; baseline 0.009 -16"><span class='ocrx_word' id='word_1_407' title='bbox 272 2502 453 2537; x_wconf 89' lang='lat' dir='ltr'><strong>cerdotem</strong></span> <span class='ocrx_word' id='word_1_408' title='bbox 476 2508 630 2548; x_wconf 90' lang='lat' dir='ltr'><strong>oportet,</strong></span> <span class='ocrx_word' id='word_1_409' title='bbox 652 2513 758 2548; x_wconf 91' lang='lat' dir='ltr'><strong>quem</strong></span> <span class='ocrx_word' id='word_1_410' title='bbox 777 2504 870 2540; x_wconf 87' lang='lat' dir='ltr'><strong>sicut</strong></span> <span class='ocrx_word' id='word_1_411' title='bbox 889 2505 1028 2551; x_wconf 87' lang='lat' dir='ltr'><strong>Moyses</strong></span> <span class='ocrx_word' id='word_1_412' title='bbox 1043 2507 1230 2543; x_wconf 88' lang='lat' dir='ltr'><strong>duodecim</strong></span> <span class='ocrx_word' id='word_1_413' title='bbox 1246 2519 1319 2544; x_wconf 90' lang='lat' dir='ltr'><strong>ma-</strong></span> 
     </span>
     <span class='ocr_line' id='line_1_57' title="bbox 273 2561 1319 2611; baseline 0.008 -15"><span class='ocrx_word' id='word_1_414' title='bbox 273 2561 363 2597; x_wconf 90' lang='lat' dir='ltr'><strong>culis</strong></span> <span class='ocrx_word' id='word_1_415' title='bbox 399 2563 568 2597; x_wconf 91' lang='lat' dir='ltr'><strong>mundum</strong></span> <span class='ocrx_word' id='word_1_416' title='bbox 593 2572 673 2598; x_wconf 91' lang='lat' dir='ltr'><strong>esse</strong></span> <span class='ocrx_word' id='word_1_417' title='bbox 709 2565 905 2611; x_wconf 85' lang='lat' dir='ltr'><strong>praecepit:</strong></span> <span class='ocrx_word' id='word_1_418' title='bbox 933 2571 985 2600; x_wconf 88' lang='lat' dir='ltr'><strong>tot</strong></span> <span class='ocrx_word' id='word_1_419' title='bbox 1009 2567 1106 2602; x_wconf 91' lang='lat' dir='ltr'><strong>enim</strong></span> <span class='ocrx_word' id='word_1_420' title='bbox 1139 2577 1200 2604; x_wconf 89' lang='lat' dir='ltr'><strong>eas</strong></span> <span class='ocrx_word' id='word_1_421' title='bbox 1220 2569 1319 2604; x_wconf 90' lang='lat' dir='ltr'><strong>inve-</strong></span> 
     </span>
     <span class='ocr_line' id='line_1_58' title="bbox 271 2618 1320 2669; baseline 0.008 -12"><span class='ocrx_word' id='word_1_422' title='bbox 271 2621 349 2657; x_wconf 87' lang='lat' dir='ltr'><strong>nies</strong></span> <span class='ocrx_word' id='word_1_423' title='bbox 370 2618 581 2658; x_wconf 84' lang='lat' dir='ltr'><strong>’secundum</strong></span> <span class='ocrx_word' id='word_1_424' title='bbox 621 2622 855 2669; x_wconf 85' lang='lat' dir='ltr'><strong>Septuaginta</strong></span> <span class='ocrx_word' id='word_1_425' title='bbox 891 2626 1150 2663; x_wconf 88' lang='lat' dir='ltr'><strong>dinumeratas.</strong></span> <span class='ocrx_word' id='word_1_426' title='bbox 1187 2627 1248 2665; x_wconf 91' lang='lat' dir='ltr'><strong>Sic</strong></span> <span class='ocrx_word' id='word_1_427' title='bbox 1284 2635 1320 2665; x_wconf 86' lang='lat' dir='ltr'><strong>et</strong></span> 
     </span>
     <span class='ocr_line' id='line_1_59' title="bbox 271 2680 1317 2734; baseline 0.007 -15"><span class='ocrx_word' id='word_1_428' title='bbox 271 2680 417 2726; x_wconf 89' lang='lat' dir='ltr'><strong>Paulus,</strong></span> <span class='ocrx_word' id='word_1_429' title='bbox 437 2683 623 2719; x_wconf 90' lang='lat' dir='ltr'><strong>duodecim</strong></span> <span class='ocrx_word' id='word_1_430' title='bbox 647 2694 864 2722; x_wconf 87' lang='lat' dir='ltr'><strong>conservare</strong></span> <span class='ocrx_word' id='word_1_431' title='bbox 879 2697 960 2723; x_wconf 90' lang='lat' dir='ltr'><strong>eum</strong></span> <span class='ocrx_word' id='word_1_432' title='bbox 996 2689 1057 2734; x_wconf 88' lang='lat' dir='ltr'><strong>qui</strong></span> <span class='ocrx_word' id='word_1_433' title='bbox 1078 2690 1317 2726; x_wconf 87' lang='lat' dir='ltr'><strong>sacerdotium</strong></span> 
     </span>
     <span class='ocr_line' id='line_1_60' title="bbox 274 2742 1318 2797; baseline 0.011 -22"><span class='ocrx_word' id='word_1_434' title='bbox 274 2742 469 2777; x_wconf 86' lang='lat' dir='ltr'><strong>sortiturus</strong></span> <span class='ocrx_word' id='word_1_435' title='bbox 483 2748 551 2785; x_wconf 90' lang='lat' dir='ltr'><strong>est,</strong></span> <span class='ocrx_word' id='word_1_436' title='bbox 574 2745 754 2789; x_wconf 81' lang='lat' dir='ltr'><strong>praecepit,</strong></span> <span class='ocrx_word' id='word_1_437' title='bbox 777 2745 900 2782; x_wconf 84' lang='lat' dir='ltr'><strong>dicens</strong></span> <span class='ocrx_word' id='word_1_438' title='bbox 921 2759 928 2782; x_wconf 90' lang='lat'>:</span> <span class='ocrx_word' id='word_1_439' title='bbox 953 2747 1095 2793; x_wconf 81' lang='lat' dir='ltr'><strong>Oportet</strong></span> <span class='ocrx_word' id='word_1_440' title='bbox 1121 2751 1318 2797; x_wconf 85' lang='lat' dir='ltr'><strong>episcopum</strong></span> 
     </span>
     <span class='ocr_line' id='line_1_61' title="bbox 271 2801 1318 2856; baseline 0.011 -22"><span class='ocrx_word' id='word_1_441' title='bbox 271 2801 604 2846; x_wconf 81' lang='lat' dir='ltr'><strong>irreprehensibilem</strong></span> <span class='ocrx_word' id='word_1_442' title='bbox 649 2813 735 2846; x_wconf 82' lang='lat' dir='ltr'><strong>esse,</strong></span> <span class='ocrx_word' id='word_1_443' title='bbox 775 2805 862 2839; x_wconf 82' lang='lat' dir='ltr'><strong>sicut</strong></span> <span class='ocrx_word' id='word_1_444' title='bbox 900 2806 965 2841; x_wconf 86' lang='lat' dir='ltr'><strong>Dei</strong></span> <span class='ocrx_word' id='word_1_445' title='bbox 991 2807 1264 2853; x_wconf 80' lang='lat' dir='ltr'><strong>dispensatorem</strong></span> <span class='ocrx_word' id='word_1_446' title='bbox 1283 2810 1318 2856; x_wconf 89' lang='lat' dir='ltr'><strong>(I</strong></span> 
     </span>
     <span class='ocr_line' id='line_1_62' title="bbox 275 2860 1320 2914; baseline 0.01 -19"><span class='ocrx_word' id='word_1_447' title='bbox 275 2860 364 2896; x_wconf 80' lang='lat' dir='ltr'><strong>Tim.</strong></span> <span class='ocrx_word' id='word_1_448' title='bbox 386 2861 449 2908; x_wconf 79' lang='lat' dir='ltr'><strong>vi).</strong></span> <span class='ocrx_word' id='word_1_449' title='bbox 477 2861 564 2906; x_wconf 84' lang='lat' dir='ltr'><strong>Quis</strong></span> <span class='ocrx_word' id='word_1_450' title='bbox 582 2868 702 2899; x_wconf 91' lang='lat' dir='ltr'><strong>autem</strong></span> <span class='ocrx_word' id='word_1_451' title='bbox 731 2863 1073 2909; x_wconf 87' lang='lat' dir='ltr'><strong>irreprehensibilis,</strong></span> <span class='ocrx_word' id='word_1_452' title='bbox 1102 2869 1172 2903; x_wconf 91' lang='lat' dir='ltr'><strong>nisi</strong></span> <span class='ocrx_word' id='word_1_453' title='bbox 1193 2870 1320 2914; x_wconf 88' lang='lat' dir='ltr'><strong>impol-</strong></span> 
     </span>
     <span class='ocr_line' id='line_1_63' title="bbox 271 2918 1317 2970; baseline 0.01 -17"><span class='ocrx_word' id='word_1_454' title='bbox 271 2918 379 2955; x_wconf 91' lang='lat' dir='ltr'><strong>lutus.</strong></span> <span class='ocrx_word' id='word_1_455' title='bbox 423 2921 556 2957; x_wconf 86' lang='lat' dir='ltr'><strong>Deinde</strong></span> <span class='ocrx_word' id='word_1_456' title='bbox 591 2922 685 2957; x_wconf 90' lang='lat' dir='ltr'><strong>unde</strong></span> <span class='ocrx_word' id='word_1_457' title='bbox 735 2923 923 2969; x_wconf 85' lang='lat' dir='ltr'><strong>colligatur</strong></span> <span class='ocrx_word' id='word_1_458' title='bbox 964 2925 1317 2970; x_wconf 85' lang='lat' dir='ltr'><strong>irreprehensibilem</strong></span> 
     </span>
     <span class='ocr_line' id='line_1_64' title="bbox 270 2980 1318 3029; baseline 0.01 -16"><span class='ocrx_word' id='word_1_459' title='bbox 270 2988 354 3014; x_wconf 89' lang='lat' dir='ltr'><strong>eum</strong></span> <span class='ocrx_word' id='word_1_460' title='bbox 391 2989 471 3014; x_wconf 87' lang='lat' dir='ltr'><strong>esse</strong></span> <span class='ocrx_word' id='word_1_461' title='bbox 490 2990 510 3015; x_wconf 86' lang='lat' dir='ltr'><strong>a</strong></span> <span class='ocrx_word' id='word_1_462' title='bbox 543 2980 709 3025; x_wconf 88' lang='lat' dir='ltr'><strong>qualibus</strong></span> <span class='ocrx_word' id='word_1_463' title='bbox 740 2983 891 3017; x_wconf 89' lang='lat' dir='ltr'><strong>maculis</strong></span> <span class='ocrx_word' id='word_1_464' title='bbox 927 2989 989 3018; x_wconf 89' lang='lat' dir='ltr'><strong>aut</strong></span> <span class='ocrx_word' id='word_1_465' title='bbox 1007 2985 1234 3029; x_wconf 84' lang='lat' dir='ltr'><strong>passionibus</strong></span> <span class='ocrx_word' id='word_1_466' title='bbox 1253 2998 1318 3023; x_wconf 90' lang='lat' dir='ltr'><strong>ea-</strong></span> 
     </span>
     <span class='ocr_line' id='line_1_65' title="bbox 273 3038 1316 3092; baseline 0.009 -19"><span class='ocrx_word' id='word_1_467' title='bbox 273 3038 402 3082; x_wconf 89' lang='lat' dir='ltr'><strong>rendo,</strong></span> <span class='ocrx_word' id='word_1_468' title='bbox 438 3039 473 3073; x_wconf 87' lang='lat' dir='ltr'><strong>in</strong></span> <span class='ocrx_word' id='word_1_469' title='bbox 506 3040 758 3085; x_wconf 86' lang='lat' dir='ltr'><strong>subsequendo</strong></span> <span class='ocrx_word' id='word_1_470' title='bbox 791 3043 974 3078; x_wconf 89' lang='lat' dir='ltr'><strong>ostendit:</strong></span> <span class='ocrx_word' id='word_1_471' title='bbox 995 3044 1082 3079; x_wconf 78' lang='lat' dir='ltr'><strong>&#39;Non</strong></span> <span class='ocrx_word' id='word_1_472' title='bbox 1116 3047 1316 3092; x_wconf 87' lang='lat' dir='ltr'><strong>superbum,</strong></span> 
     </span>
    </p>
   </div>
   <div class='ocr_carea' id='block_1_10' title="bbox 272 3097 1353 3152">
    <p class='ocr_par' dir='ltr' id='par_1_12' title="bbox 272 3097 1353 3152">
     <span class='ocr_line' id='line_1_66' title="bbox 272 3097 1353 3152; baseline 0.011 -21"><span class='ocrx_word' id='word_1_473' title='bbox 272 3107 343 3132; x_wconf 87' lang='lat' dir='ltr'><strong>non</strong></span> <span class='ocrx_word' id='word_1_474' title='bbox 359 3097 581 3142; x_wconf 85' lang='lat' dir='ltr'><strong>iracundum,</strong></span> <span class='ocrx_word' id='word_1_475' title='bbox 605 3110 674 3134; x_wconf 87' lang='lat' dir='ltr'><strong>non</strong></span> <span class='ocrx_word' id='word_1_476' title='bbox 708 3100 932 3146; x_wconf 78' lang='lat' dir='ltr'><strong>vinolentum,</strong></span> <span class='ocrx_word' id='word_1_477' title='bbox 966 3114 1034 3138; x_wconf 89' lang='lat' dir='ltr'><strong>non</strong></span> <span class='ocrx_word' id='word_1_478' title='bbox 1065 3116 1317 3152; x_wconf 82' lang='lat' dir='ltr'><strong>percussorem,</strong></span> <span class='ocrx_word' id='word_1_479' title='bbox 1349 3110 1353 3116; x_wconf 94' lang='lat'>&#39;</span> 
     </span>
    </p>
   </div>
   <div class='ocr_carea' id='block_1_11' title="bbox 270 3157 1323 3817">
    <p class='ocr_par' dir='ltr' id='par_1_13' title="bbox 270 3157 1323 3817">
     <span class='ocr_line' id='line_1_67' title="bbox 275 3157 1316 3212; baseline 0.012 -23"><span class='ocrx_word' id='word_1_480' title='bbox 275 3166 345 3190; x_wconf 86' lang='lat' dir='ltr'><strong>non</strong></span> <span class='ocrx_word' id='word_1_481' title='bbox 359 3157 469 3203; x_wconf 84' lang='lat' dir='ltr'><strong>turpis</strong></span> <span class='ocrx_word' id='word_1_482' title='bbox 489 3157 579 3192; x_wconf 83' lang='lat' dir='ltr'><strong>lucri</strong></span> <span class='ocrx_word' id='word_1_483' title='bbox 596 3159 759 3205; x_wconf 86' lang='lat' dir='ltr'><strong>cupidum</strong></span> <span class='ocrx_word' id='word_1_484' title='bbox 774 3169 786 3193; x_wconf 92' lang='grc'><strong>.·</strong></span> <span class='ocrx_word' id='word_1_485' title='bbox 807 3160 866 3195; x_wconf 90' lang='lat' dir='ltr'><strong>sed</strong></span> <span class='ocrx_word' id='word_1_486' title='bbox 882 3161 1099 3208; x_wconf 81' lang='lat' dir='ltr'><strong>hospitalem,</strong></span> <span class='ocrx_word' id='word_1_487' title='bbox 1118 3164 1316 3212; x_wconf 73' lang='lat' dir='ltr'><strong>beniynum,</strong></span> 
     </span>
     <span class='ocr_line' id='line_1_68' title="bbox 270 3217 1318 3269; baseline 0.01 -19"><span class='ocrx_word' id='word_1_488' title='bbox 270 3221 421 3259; x_wconf 82' lang='lat' dir='ltr'><strong>castum,</strong></span> <span class='ocrx_word' id='word_1_489' title='bbox 432 3217 591 3263; x_wconf 60' lang='lat' dir='ltr'><strong>justum:</strong></span> <span class='ocrx_word' id='word_1_490' title='bbox 606 3225 777 3262; x_wconf 86' lang='lat' dir='ltr'><strong>sanctum,</strong></span> <span class='ocrx_word' id='word_1_491' title='bbox 797 3220 1040 3264; x_wconf 83' lang='lat' dir='ltr'><strong>continentem,</strong></span> <span class='ocrx_word' id='word_1_492' title='bbox 1059 3223 1318 3269; x_wconf 81' lang='lat' dir='ltr'><strong>amplectentem</strong></span> 
     </span>
     <span class='ocr_line' id='line_1_69' title="bbox 271 3276 1316 3327; baseline 0.011 -18"><span class='ocrx_word' id='word_1_493' title='bbox 271 3285 350 3310; x_wconf 86' lang='lat' dir='ltr'><strong>eum</strong></span> <span class='ocrx_word' id='word_1_494' title='bbox 371 3276 430 3322; x_wconf 86' lang='lat' dir='ltr'><strong>qui</strong></span> <span class='ocrx_word' id='word_1_495' title='bbox 460 3277 650 3313; x_wconf 88' lang='lat' dir='ltr'><strong>secundum</strong></span> <span class='ocrx_word' id='word_1_496' title='bbox 671 3278 867 3315; x_wconf 85' lang='lat' dir='ltr'><strong>doctrinam</strong></span> <span class='ocrx_word' id='word_1_497' title='bbox 882 3288 931 3316; x_wconf 90' lang='lat' dir='ltr'><strong>est</strong></span> <span class='ocrx_word' id='word_1_498' title='bbox 948 3282 1087 3327; x_wconf 84' lang='lat' dir='ltr'><strong>fidelem</strong></span> <span class='ocrx_word' id='word_1_499' title='bbox 1109 3295 1316 3322; x_wconf 86' lang='lat' dir='ltr'><strong>sermonem.</strong></span> 
     </span>
     <span class='ocr_line' id='line_1_70' title="bbox 273 3335 1316 3384; baseline 0.012 -14"><span class='ocrx_word' id='word_1_500' title='bbox 273 3335 466 3372; x_wconf 80' lang='lat' dir='ltr'><strong>Duodecim</strong></span> <span class='ocrx_word' id='word_1_501' title='bbox 487 3347 573 3384; x_wconf 87' lang='lat' dir='ltr'><strong>ergo</strong></span> <span class='ocrx_word' id='word_1_502' title='bbox 604 3344 641 3374; x_wconf 87' lang='lat' dir='ltr'><strong>et</strong></span> <span class='ocrx_word' id='word_1_503' title='bbox 669 3339 746 3384; x_wconf 91' lang='lat' dir='ltr'><strong>ipse</strong></span> <span class='ocrx_word' id='word_1_504' title='bbox 768 3341 950 3377; x_wconf 88' lang='lat' dir='ltr'><strong>custodire</strong></span> <span class='ocrx_word' id='word_1_505' title='bbox 985 3345 1209 3380; x_wconf 90' lang='lat' dir='ltr'><strong>sacerdotem</strong></span> <span class='ocrx_word' id='word_1_506' title='bbox 1226 3346 1316 3383; x_wconf 90' lang='lat' dir='ltr'><strong>vult.</strong></span> 
     </span>
     <span class='ocr_line' id='line_1_71' title="bbox 274 3396 1319 3451; baseline 0.011 -20"><span class='ocrx_word' id='word_1_507' title='bbox 274 3396 320 3432; x_wconf 81' lang='lat' dir='ltr'><strong>Et</strong></span> <span class='ocrx_word' id='word_1_508' title='bbox 345 3398 579 3442; x_wconf 88' lang='lat' dir='ltr'><strong>quamobrem</strong></span> <span class='ocrx_word' id='word_1_509' title='bbox 596 3399 630 3435; x_wconf 91' lang='lat' dir='ltr'><strong>ei</strong></span> <span class='ocrx_word' id='word_1_510' title='bbox 651 3405 750 3435; x_wconf 85' lang='lat' dir='ltr'><strong>tanta</strong></span> <span class='ocrx_word' id='word_1_511' title='bbox 767 3401 1043 3448; x_wconf 85' lang='lat' dir='ltr'><strong>superimponit,</strong></span> <span class='ocrx_word' id='word_1_512' title='bbox 1059 3404 1095 3439; x_wconf 89' lang='lat' dir='ltr'><strong>in</strong></span> <span class='ocrx_word' id='word_1_513' title='bbox 1114 3406 1319 3451; x_wconf 82' lang='lat' dir='ltr'><strong>praeceden-</strong></span> 
     </span>
     <span class='ocr_line' id='line_1_72' title="bbox 274 3455 1319 3510; baseline 0.011 -20"><span class='ocrx_word' id='word_1_514' title='bbox 274 3455 372 3491; x_wconf 79' lang='lat' dir='ltr'><strong>tibus</strong></span> <span class='ocrx_word' id='word_1_515' title='bbox 386 3457 476 3492; x_wconf 84' lang='lat' dir='ltr'><strong>dixit</strong></span> <span class='ocrx_word' id='word_1_516' title='bbox 492 3470 503 3493; x_wconf 70' lang='grc' dir='ltr'><strong><em>ι</em></strong></span> <span class='ocrx_word' id='word_1_517' title='bbox 523 3457 670 3505; x_wconf 81' lang='lat' dir='ltr'><strong>Oportet</strong></span> <span class='ocrx_word' id='word_1_518' title='bbox 701 3461 794 3495; x_wconf 88' lang='lat' dir='ltr'><strong>enim</strong></span> <span class='ocrx_word' id='word_1_519' title='bbox 818 3461 1015 3508; x_wconf 84' lang='lat' dir='ltr'><strong>episcopum</strong></span> <span class='ocrx_word' id='word_1_520' title='bbox 1033 3464 1319 3510; x_wconf 78' lang='lat' dir='ltr'><strong>irreprehensibi-</strong></span> 
     </span>
     <span class='ocr_line' id='line_1_73' title="bbox 273 3513 1320 3572; baseline 0.013 -24"><span class='ocrx_word' id='word_1_521' title='bbox 273 3513 342 3549; x_wconf 81' lang='lat' dir='ltr'><strong>lem</strong></span> <span class='ocrx_word' id='word_1_522' title='bbox 357 3525 444 3559; x_wconf 83' lang='lat' dir='ltr'><strong>esse,</strong></span> <span class='ocrx_word' id='word_1_523' title='bbox 454 3516 543 3552; x_wconf 71' lang='lat' dir='ltr'><strong>siout</strong></span> <span class='ocrx_word' id='word_1_524' title='bbox 550 3517 617 3554; x_wconf 90' lang='lat' dir='ltr'><strong>Dei</strong></span> <span class='ocrx_word' id='word_1_525' title='bbox 635 3519 924 3567; x_wconf 77' lang='lat' dir='ltr'><strong>dispensatorem.</strong></span> <span class='ocrx_word' id='word_1_526' title='bbox 953 3522 1022 3567; x_wconf 85' lang='lat' dir='ltr'><strong>Qui</strong></span> <span class='ocrx_word' id='word_1_527' title='bbox 1041 3528 1160 3561; x_wconf 89' lang='lat' dir='ltr'><strong>autem</strong></span> <span class='ocrx_word' id='word_1_528' title='bbox 1176 3525 1320 3572; x_wconf 90' lang='lat' dir='ltr'><strong>dispen-</strong></span> 
     </span>
     <span class='ocr_line' id='line_1_74' title="bbox 273 3575 1322 3632; baseline 0.012 -23"><span class='ocrx_word' id='word_1_529' title='bbox 273 3579 331 3610; x_wconf 87' lang='lat' dir='ltr'><strong>sat</strong></span> <span class='ocrx_word' id='word_1_530' title='bbox 353 3585 433 3621; x_wconf 81' lang='lat' dir='ltr'><strong>quae</strong></span> <span class='ocrx_word' id='word_1_531' title='bbox 451 3575 516 3612; x_wconf 86' lang='lat' dir='ltr'><strong>Dei</strong></span> <span class='ocrx_word' id='word_1_532' title='bbox 533 3583 632 3621; x_wconf 88' lang='lat' dir='ltr'><strong>sunt,</strong></span> <span class='ocrx_word' id='word_1_533' title='bbox 652 3589 742 3626; x_wconf 91' lang='lat' dir='ltr'><strong>opus</strong></span> <span class='ocrx_word' id='word_1_534' title='bbox 757 3582 866 3618; x_wconf 88' lang='lat' dir='ltr'><strong>habet</strong></span> <span class='ocrx_word' id='word_1_535' title='bbox 882 3592 946 3618; x_wconf 93' lang='lat' dir='ltr'><strong>eos</strong></span> <span class='ocrx_word' id='word_1_536' title='bbox 963 3593 1118 3629; x_wconf 91' lang='lat' dir='ltr'><strong>quorum</strong></span> <span class='ocrx_word' id='word_1_537' title='bbox 1137 3585 1322 3632; x_wconf 89' lang='lat' dir='ltr'><strong>dispensa-</strong></span> 
     </span>
     <span class='ocr_line' id='line_1_75' title="bbox 272 3636 1323 3691; baseline 0.013 -21"><span class='ocrx_word' id='word_1_538' title='bbox 272 3640 332 3672; x_wconf 90' lang='lat' dir='ltr'><strong>tor</strong></span> <span class='ocrx_word' id='word_1_539' title='bbox 346 3642 402 3673; x_wconf 90' lang='lat' dir='ltr'><strong>est</strong></span> <span class='ocrx_word' id='word_1_540' title='bbox 415 3636 606 3675; x_wconf 83' lang='lat' dir='ltr'><strong>virtutibus</strong></span> <span class='ocrx_word' id='word_1_541' title='bbox 621 3643 835 3686; x_wconf 82' lang='lat' dir='ltr'><strong>praecedere.</strong></span> <span class='ocrx_word' id='word_1_542' title='bbox 863 3643 955 3680; x_wconf 89' lang='lat' dir='ltr'><strong>Nam</strong></span> <span class='ocrx_word' id='word_1_543' title='bbox 967 3646 1145 3691; x_wconf 89' lang='lat' dir='ltr'><strong>quomodo</strong></span> <span class='ocrx_word' id='word_1_544' title='bbox 1163 3646 1234 3683; x_wconf 90' lang='lat' dir='ltr'><strong>illis</strong></span> <span class='ocrx_word' id='word_1_545' title='bbox 1248 3647 1323 3684; x_wconf 85' lang='lat' dir='ltr'><strong>dis-</strong></span> 
     </span>
     <span class='ocr_line' id='line_1_76' title="bbox 273 3701 1321 3751; baseline 0.014 -20"><span class='ocrx_word' id='word_1_546' title='bbox 273 3705 442 3741; x_wconf 85' lang='lat' dir='ltr'><strong>pensare,</strong></span> <span class='ocrx_word' id='word_1_547' title='bbox 456 3701 636 3744; x_wconf 87' lang='lat' dir='ltr'><strong>quomodo</strong></span> <span class='ocrx_word' id='word_1_548' title='bbox 648 3702 838 3749; x_wconf 88' lang='lat' dir='ltr'><strong>disponere</strong></span> <span class='ocrx_word' id='word_1_549' title='bbox 854 3706 1011 3751; x_wconf 82' lang='lat' dir='ltr'><strong>poterit?</strong></span> <span class='ocrx_word' id='word_1_550' title='bbox 1030 3707 1121 3751; x_wconf 84' lang='lat' dir='ltr'><strong>Quia</strong></span> <span class='ocrx_word' id='word_1_551' title='bbox 1137 3713 1258 3746; x_wconf 88' lang='lat' dir='ltr'><strong>autem</strong></span> <span class='ocrx_word' id='word_1_552' title='bbox 1270 3709 1321 3746; x_wconf 89' lang='lat' dir='ltr'><strong>le-</strong></span> 
     </span>
     <span class='ocr_line' id='line_1_77' title="bbox 277 3754 1322 3817; baseline 0.016 -26"><span class='ocrx_word' id='word_1_553' title='bbox 277 3754 424 3800; x_wconf 72' lang='lat' dir='ltr'><strong>gislam</strong></span> <span class='ocrx_word' id='word_1_554' title='bbox 446 3760 639 3797; x_wconf 85' lang='lat' dir='ltr'><strong>comedere</strong></span> <span class='ocrx_word' id='word_1_555' title='bbox 657 3763 703 3800; x_wconf 88' lang='lat' dir='ltr'><strong>de</strong></span> <span class='ocrx_word' id='word_1_556' title='bbox 719 3765 856 3802; x_wconf 86' lang='lat' dir='ltr'><strong>sanctis</strong></span> <span class='ocrx_word' id='word_1_557' title='bbox 882 3767 1052 3814; x_wconf 71' lang='lat' dir='ltr'><strong>praecepit</strong></span> <span class='ocrx_word' id='word_1_558' title='bbox 1068 3779 1178 3806; x_wconf 88' lang='lat' dir='ltr'><strong>unam</strong></span> <span class='ocrx_word' id='word_1_559' title='bbox 1195 3780 1322 3817; x_wconf 85' lang='lat' dir='ltr'><strong>quam-</strong></span> 
     </span>
    </p>
   </div>
   <div class='ocr_carea' id='block_1_12' title="bbox 1310 3863 1355 3878">
    <p class='ocr_par' dir='ltr' id='par_1_14' title="bbox 1310 3863 1355 3878">
     <span class='ocr_line' id='line_1_78' title="bbox 1310 3863 1355 3878; baseline 0 -11"><span class='ocrx_word' id='word_1_560' title='bbox 1310 3863 1355 3878; x_wconf 43' lang='grc' dir='ltr'><strong>νῇ</strong></span> 
     </span>
    </p>
   </div>
   <div class='ocr_carea' id='block_1_13' title="bbox 1383 1237 2446 3821">
    <p class='ocr_par' dir='ltr' id='par_1_15' title="bbox 1383 1237 2446 2076">
     <span class='ocr_line' id='line_1_79' title="bbox 1385 1237 2440 1285; baseline 0.002 -12"><span class='ocrx_word' id='word_1_561' title='bbox 1385 1249 1447 1285; x_wconf 88' lang='lat' dir='ltr'><strong>per</strong></span> <span class='ocrx_word' id='word_1_562' title='bbox 1463 1237 1631 1281; x_wconf 85' lang='lat' dir='ltr'><strong>velamen,</strong></span> <span class='ocrx_word' id='word_1_563' title='bbox 1649 1239 1686 1273; x_wconf 87' lang='lat' dir='ltr'><strong>id</strong></span> <span class='ocrx_word' id='word_1_564' title='bbox 1705 1245 1770 1282; x_wconf 87' lang='lat' dir='ltr'><strong>est,</strong></span> <span class='ocrx_word' id='word_1_565' title='bbox 1795 1250 1934 1274; x_wconf 86' lang='lat' dir='ltr'><strong>carnem</strong></span> <span class='ocrx_word' id='word_1_566' title='bbox 1952 1239 2041 1285; x_wconf 89' lang='lat' dir='ltr'><strong>ejus.</strong></span> <span class='ocrx_word' id='word_1_567' title='bbox 2064 1237 2118 1274; x_wconf 88' lang='lat' dir='ltr'><strong>Ad</strong></span> <span class='ocrx_word' id='word_1_568' title='bbox 2136 1240 2204 1275; x_wconf 89' lang='lat' dir='ltr'><strong>hoc</strong></span> <span class='ocrx_word' id='word_1_569' title='bbox 2221 1239 2351 1282; x_wconf 91' lang='lat' dir='ltr'><strong>solum,</strong></span> <span class='ocrx_word' id='word_1_570' title='bbox 2377 1240 2440 1285; x_wconf 85' lang='lat' dir='ltr'><strong>qui</strong></span> 
     </span>
     <span class='ocr_line' id='line_1_80' title="bbox 1385 1299 2446 1346; baseline 0.002 -12"><span class='ocrx_word' id='word_1_571' title='bbox 1385 1299 1565 1335; x_wconf 88' lang='lat' dir='ltr'><strong>maculam</strong></span> <span class='ocrx_word' id='word_1_572' title='bbox 1587 1300 1695 1336; x_wconf 88' lang='lat' dir='ltr'><strong>habet</strong></span> <span class='ocrx_word' id='word_1_573' title='bbox 1715 1300 1843 1336; x_wconf 83' lang='lat' dir='ltr'><strong>animae</strong></span> <span class='ocrx_word' id='word_1_574' title='bbox 1861 1311 1933 1336; x_wconf 90' lang='lat' dir='ltr'><strong>non</strong></span> <span class='ocrx_word' id='word_1_575' title='bbox 1944 1300 2157 1346; x_wconf 82' lang='lat' dir='ltr'><strong>ingreditur.</strong></span> <span class='ocrx_word' id='word_1_576' title='bbox 2179 1300 2446 1344; x_wconf 87' lang='lat' dir='ltr'><strong>Quamobrem?</strong></span> 
     </span>
     <span class='ocr_line' id='line_1_81' title="bbox 1387 1359 2443 1403; baseline 0 -8"><span class='ocrx_word' id='word_1_577' title='bbox 1387 1360 1479 1403; x_wconf 85' lang='lat' dir='ltr'><strong>Quia</strong></span> <span class='ocrx_word' id='word_1_578' title='bbox 1495 1359 1668 1395; x_wconf 85' lang='lat' dir='ltr'><strong>maculam</strong></span> <span class='ocrx_word' id='word_1_579' title='bbox 1690 1360 1791 1395; x_wconf 85' lang='lat' dir='ltr'><strong>habet</strong></span> <span class='ocrx_word' id='word_1_580' title='bbox 1808 1388 1816 1403; x_wconf 97' lang='lat'><strong>,</strong></span> <span class='ocrx_word' id='word_1_581' title='bbox 1845 1366 1875 1396; x_wconf 88' lang='lat' dir='ltr'><strong>et</strong></span> <span class='ocrx_word' id='word_1_582' title='bbox 1896 1371 1964 1395; x_wconf 91' lang='lat' dir='ltr'><strong>non</strong></span> <span class='ocrx_word' id='word_1_583' title='bbox 1986 1360 2084 1395; x_wconf 88' lang='lat' dir='ltr'><strong>debet</strong></span> <span class='ocrx_word' id='word_1_584' title='bbox 2103 1362 2341 1396; x_wconf 87' lang='lat' dir='ltr'><strong>contaminare</strong></span> <span class='ocrx_word' id='word_1_585' title='bbox 2358 1372 2443 1396; x_wconf 88' lang='lat' dir='ltr'><strong>san-</strong></span> 
     </span>
     <span class='ocr_line' id='line_1_82' title="bbox 1386 1422 2444 1461; baseline 0.004 -4"><span class='ocrx_word' id='word_1_586' title='bbox 1386 1424 1561 1458; x_wconf 83' lang='lat' dir='ltr'><strong>ctuarium</strong></span> <span class='ocrx_word' id='word_1_587' title='bbox 1587 1434 1715 1458; x_wconf 90' lang='lat' dir='ltr'><strong>meum.</strong></span> <span class='ocrx_word' id='word_1_588' title='bbox 1755 1422 2021 1459; x_wconf 88' lang='lat' dir='ltr'><strong>Contaminatio</strong></span> <span class='ocrx_word' id='word_1_589' title='bbox 2040 1424 2136 1459; x_wconf 90' lang='lat' dir='ltr'><strong>enim</strong></span> <span class='ocrx_word' id='word_1_590' title='bbox 2160 1430 2366 1460; x_wconf 91' lang='lat' dir='ltr'><strong>sanctorum</strong></span> <span class='ocrx_word' id='word_1_591' title='bbox 2389 1430 2444 1461; x_wconf 85' lang='lat' dir='ltr'><strong>at·</strong></span> 
     </span>
     <span class='ocr_line' id='line_1_83' title="bbox 1385 1483 2444 1532; baseline 0.004 -15"><span class='ocrx_word' id='word_1_592' title='bbox 1385 1493 1454 1528; x_wconf 87' lang='lat' dir='ltr'><strong>que</strong></span> <span class='ocrx_word' id='word_1_593' title='bbox 1472 1483 1603 1528; x_wconf 90' lang='lat' dir='ltr'><strong>injuria</strong></span> <span class='ocrx_word' id='word_1_594' title='bbox 1618 1489 1687 1526; x_wconf 91' lang='lat' dir='ltr'><strong>est,</strong></span> <span class='ocrx_word' id='word_1_595' title='bbox 1707 1483 1798 1519; x_wconf 91' lang='lat' dir='ltr'><strong>tales</strong></span> <span class='ocrx_word' id='word_1_596' title='bbox 1823 1484 1868 1518; x_wconf 86' lang='lat' dir='ltr'><strong>ad</strong></span> <span class='ocrx_word' id='word_1_597' title='bbox 1888 1483 2130 1519; x_wconf 89' lang='lat' dir='ltr'><strong>ministerium</strong></span> <span class='ocrx_word' id='word_1_598' title='bbox 2150 1484 2284 1528; x_wconf 82' lang='lat' dir='ltr'><strong>offerri,</strong></span> <span class='ocrx_word' id='word_1_599' title='bbox 2313 1486 2348 1520; x_wconf 92' lang='lat' dir='ltr'><strong>in</strong></span> <span class='ocrx_word' id='word_1_600' title='bbox 2367 1486 2444 1532; x_wconf 90' lang='lat' dir='ltr'><strong>qui-</strong></span> 
     </span>
     <span class='ocr_line' id='line_1_84' title="bbox 1383 1542 2446 1589; baseline 0.001 -10"><span class='ocrx_word' id='word_1_601' title='bbox 1383 1544 1451 1579; x_wconf 91' lang='lat' dir='ltr'><strong>bus</strong></span> <span class='ocrx_word' id='word_1_602' title='bbox 1472 1542 1620 1578; x_wconf 82' lang='lat' dir='ltr'><strong>offendit</strong></span> <span class='ocrx_word' id='word_1_603' title='bbox 1636 1543 1803 1588; x_wconf 89' lang='lat' dir='ltr'><strong>populus,</strong></span> <span class='ocrx_word' id='word_1_604' title='bbox 1838 1549 1874 1578; x_wconf 89' lang='lat' dir='ltr'><strong>et</strong></span> <span class='ocrx_word' id='word_1_605' title='bbox 1903 1543 1963 1588; x_wconf 90' lang='lat' dir='ltr'><strong>qui</strong></span> <span class='ocrx_word' id='word_1_606' title='bbox 1982 1542 2203 1589; x_wconf 85' lang='lat' dir='ltr'><strong>cognoscunt</strong></span> <span class='ocrx_word' id='word_1_607' title='bbox 2223 1554 2348 1580; x_wconf 88' lang='lat' dir='ltr'><strong>eornm</strong></span> <span class='ocrx_word' id='word_1_608' title='bbox 2367 1556 2446 1580; x_wconf 92' lang='lat' dir='ltr'><strong>ma-</strong></span> 
     </span>
     <span class='ocr_line' id='line_1_85' title="bbox 1385 1603 2446 1649; baseline 0.002 -11"><span class='ocrx_word' id='word_1_609' title='bbox 1385 1604 1485 1639; x_wconf 89' lang='lat' dir='ltr'><strong>culas</strong></span> <span class='ocrx_word' id='word_1_610' title='bbox 1502 1603 1807 1639; x_wconf 84' lang='lat' dir='ltr'><strong>scandalizantur.</strong></span> <span class='ocrx_word' id='word_1_611' title='bbox 1838 1603 1991 1649; x_wconf 88' lang='lat' dir='ltr'><strong>Propter</strong></span> <span class='ocrx_word' id='word_1_612' title='bbox 2006 1604 2099 1648; x_wconf 87' lang='lat' dir='ltr'><strong>quod</strong></span> <span class='ocrx_word' id='word_1_613' title='bbox 2123 1608 2159 1638; x_wconf 88' lang='lat' dir='ltr'><strong>et</strong></span> <span class='ocrx_word' id='word_1_614' title='bbox 2184 1604 2330 1647; x_wconf 90' lang='lat' dir='ltr'><strong>Paulus,</strong></span> <span class='ocrx_word' id='word_1_615' title='bbox 2350 1606 2446 1640; x_wconf 79' lang='lat' dir='ltr'><strong>testi-</strong></span> 
     </span>
     <span class='ocr_line' id='line_1_86' title="bbox 1385 1663 2441 1711; baseline 0.002 -13"><span class='ocrx_word' id='word_1_616' title='bbox 1385 1664 1542 1699; x_wconf 74' lang='lat' dir='ltr'><strong>monium</strong></span> <span class='ocrx_word' id='word_1_617' title='bbox 1565 1663 1691 1698; x_wconf 87' lang='lat' dir='ltr'><strong>bonum</strong></span> <span class='ocrx_word' id='word_1_618' title='bbox 1708 1663 1835 1698; x_wconf 80' lang='lat' dir='ltr'><strong>habere</strong></span> <span class='ocrx_word' id='word_1_619' title='bbox 1860 1663 1903 1698; x_wconf 92' lang='lat' dir='ltr'><strong>ab</strong></span> <span class='ocrx_word' id='word_1_620' title='bbox 1925 1665 1974 1699; x_wconf 85' lang='lat' dir='ltr'><strong>eis</strong></span> <span class='ocrx_word' id='word_1_621' title='bbox 2006 1664 2064 1710; x_wconf 81' lang='lat' dir='ltr'><strong>qui</strong></span> <span class='ocrx_word' id='word_1_622' title='bbox 2089 1663 2174 1709; x_wconf 73' lang='lat' dir='ltr'><strong>soris</strong></span> <span class='ocrx_word' id='word_1_623' title='bbox 2195 1670 2274 1699; x_wconf 87' lang='lat' dir='ltr'><strong>sunt</strong></span> <span class='ocrx_word' id='word_1_624' title='bbox 2293 1663 2441 1711; x_wconf 84' lang='lat' dir='ltr'><strong>(Coloss.</strong></span> 
     </span>
     <span class='ocr_line' id='line_1_87' title="bbox 1384 1724 2443 1772; baseline 0.003 -13"><span class='ocrx_word' id='word_1_625' title='bbox 1384 1724 1450 1771; x_wconf 83' lang='lat' dir='ltr'><strong>lv),</strong></span> <span class='ocrx_word' id='word_1_626' title='bbox 1472 1726 1698 1761; x_wconf 82' lang='lat' dir='ltr'><strong>sacerdotem</strong></span> <span class='ocrx_word' id='word_1_627' title='bbox 1713 1725 1801 1760; x_wconf 88' lang='lat' dir='ltr'><strong>vult.</strong></span> <span class='ocrx_word' id='word_1_628' title='bbox 1830 1725 1904 1761; x_wconf 93' lang='lat' dir='ltr'><strong>Lex</strong></span> <span class='ocrx_word' id='word_1_629' title='bbox 1919 1730 2038 1761; x_wconf 76' lang='lat' dir='ltr'><strong>autem</strong></span> <span class='ocrx_word' id='word_1_630' title='bbox 2057 1726 2286 1762; x_wconf 82' lang='lat' dir='ltr'><strong>confirmavit</strong></span> <span class='ocrx_word' id='word_1_631' title='bbox 2304 1736 2347 1762; x_wconf 88' lang='lat' dir='ltr'><strong>ea</strong></span> <span class='ocrx_word' id='word_1_632' title='bbox 2364 1737 2443 1772; x_wconf 82' lang='lat' dir='ltr'><strong>quae</strong></span> 
     </span>
     <span class='ocr_line' id='line_1_88' title="bbox 1384 1786 2442 1835; baseline 0.002 -13"><span class='ocrx_word' id='word_1_633' title='bbox 1384 1786 1481 1822; x_wconf 88' lang='lat' dir='ltr'><strong>dicta</strong></span> <span class='ocrx_word' id='word_1_634' title='bbox 1500 1792 1583 1822; x_wconf 90' lang='lat' dir='ltr'><strong>sunt</strong></span> <span class='ocrx_word' id='word_1_635' title='bbox 1600 1798 1644 1822; x_wconf 85' lang='lat' dir='ltr'><strong>ex</strong></span> <span class='ocrx_word' id='word_1_636' title='bbox 1658 1797 1701 1822; x_wconf 92' lang='lat' dir='ltr'><strong>eo</strong></span> <span class='ocrx_word' id='word_1_637' title='bbox 1721 1788 1815 1832; x_wconf 86' lang='lat' dir='ltr'><strong>quod</strong></span> <span class='ocrx_word' id='word_1_638' title='bbox 1837 1787 1928 1822; x_wconf 88' lang='lat' dir='ltr'><strong>dixit</strong></span> <span class='ocrx_word' id='word_1_639' title='bbox 1945 1798 1953 1822; x_wconf 72' lang='grc' dir='ltr'><em>τ</em></span> <span class='ocrx_word' id='word_1_640' title='bbox 1980 1787 2055 1833; x_wconf 76' lang='lat' dir='ltr'><strong>Eyo</strong></span> <span class='ocrx_word' id='word_1_641' title='bbox 2074 1787 2259 1831; x_wconf 85' lang='lat' dir='ltr'><strong>Dominus,</strong></span> <span class='ocrx_word' id='word_1_642' title='bbox 2278 1787 2338 1835; x_wconf 86' lang='lat' dir='ltr'><strong>qui</strong></span> <span class='ocrx_word' id='word_1_643' title='bbox 2358 1786 2442 1824; x_wconf 84' lang='lat' dir='ltr'><strong>san-</strong></span> 
     </span>
     <span class='ocr_line' id='line_1_89' title="bbox 1385 1846 2445 1894; baseline 0.005 -14"><span class='ocrx_word' id='word_1_644' title='bbox 1385 1846 1498 1890; x_wconf 83' lang='lat' dir='ltr'><strong>ctifico</strong></span> <span class='ocrx_word' id='word_1_645' title='bbox 1516 1858 1587 1881; x_wconf 77' lang='lat' dir='ltr'><strong>ros.</strong></span> <span class='ocrx_word' id='word_1_646' title='bbox 1607 1847 1703 1893; x_wconf 84' lang='lat' dir='ltr'><strong>Ego,</strong></span> <span class='ocrx_word' id='word_1_647' title='bbox 1724 1847 1834 1892; x_wconf 83' lang='lat' dir='ltr'><strong>quis?</strong></span> <span class='ocrx_word' id='word_1_648' title='bbox 1864 1847 1924 1893; x_wconf 90' lang='lat' dir='ltr'><strong>qui</strong></span> <span class='ocrx_word' id='word_1_649' title='bbox 1947 1848 2117 1894; x_wconf 81' lang='lat' dir='ltr'><strong>praecipio</strong></span> <span class='ocrx_word' id='word_1_650' title='bbox 2137 1854 2172 1884; x_wconf 88' lang='lat' dir='ltr'><strong>et</strong></span> <span class='ocrx_word' id='word_1_651' title='bbox 2192 1850 2335 1884; x_wconf 84' lang='lat' dir='ltr'><strong>mando.</strong></span> <span class='ocrx_word' id='word_1_652' title='bbox 2361 1849 2445 1889; x_wconf 75' lang='lat' dir='ltr'><strong>Per:-</strong></span> 
     </span>
     <span class='ocr_line' id='line_1_90' title="bbox 1385 1907 2445 1956; baseline 0.004 -15"><span class='ocrx_word' id='word_1_653' title='bbox 1385 1907 1464 1952; x_wconf 77' lang='lat' dir='ltr'><strong>fecti</strong></span> <span class='ocrx_word' id='word_1_654' title='bbox 1482 1908 1903 1954; x_wconf 84' lang='lat' dir='ltr'><strong>estote,quemadmodum</strong></span> <span class='ocrx_word' id='word_1_655' title='bbox 1921 1915 1952 1944; x_wconf 92' lang='lat' dir='ltr'><strong>et</strong></span> <span class='ocrx_word' id='word_1_656' title='bbox 1967 1907 2076 1948; x_wconf 64' lang='lat' dir='ltr'><strong>Pater</strong></span> <span class='ocrx_word' id='word_1_657' title='bbox 2089 1916 2196 1945; x_wconf 84' lang='lat' dir='ltr'><strong>vester</strong></span> <span class='ocrx_word' id='word_1_658' title='bbox 2213 1910 2355 1946; x_wconf 71' lang='lat' dir='ltr'><strong>caelestis</strong></span> <span class='ocrx_word' id='word_1_659' title='bbox 2371 1922 2445 1956; x_wconf 87' lang='lat' dir='ltr'><strong>per-</strong></span> 
     </span>
     <span class='ocr_line' id='line_1_91' title="bbox 1385 1965 2442 2016; baseline 0.008 -17"><span class='ocrx_word' id='word_1_660' title='bbox 1385 1965 1493 2011; x_wconf 73' lang='lat' dir='ltr'><strong>fectus</strong></span> <span class='ocrx_word' id='word_1_661' title='bbox 1511 1973 1574 2002; x_wconf 81' lang='lat' dir='ltr'><strong>est.</strong></span> <span class='ocrx_word' id='word_1_662' title='bbox 1593 1967 1630 2003; x_wconf 91' lang='lat' dir='ltr'><strong>In</strong></span> <span class='ocrx_word' id='word_1_663' title='bbox 1649 1978 1720 2014; x_wconf 90' lang='lat' dir='ltr'><strong>quo</strong></span> <span class='ocrx_word' id='word_1_664' title='bbox 1737 1970 1834 2003; x_wconf 60' lang='lat' dir='ltr'><strong>enim</strong></span> <span class='ocrx_word' id='word_1_665' title='bbox 1848 1969 1987 2005; x_wconf 85' lang='lat' dir='ltr'><strong>macula</strong></span> <span class='ocrx_word' id='word_1_666' title='bbox 2007 1969 2090 2006; x_wconf 87' lang='lat' dir='ltr'><strong>licet</strong></span> <span class='ocrx_word' id='word_1_667' title='bbox 2104 1981 2173 2006; x_wconf 89' lang='lat' dir='ltr'><strong>una</strong></span> <span class='ocrx_word' id='word_1_668' title='bbox 2189 1972 2442 2016; x_wconf 79' lang='lat' dir='ltr'><strong>praedictarum</strong></span> 
     </span>
     <span class='ocr_line' id='line_1_92' title="bbox 1385 2030 1918 2076; baseline 0.004 -12"><span class='ocrx_word' id='word_1_669' title='bbox 1385 2033 1453 2072; x_wconf 86' lang='lat' dir='ltr'><strong>est,</strong></span> <span class='ocrx_word' id='word_1_670' title='bbox 1476 2030 1623 2066; x_wconf 80' lang='lat' dir='ltr'><strong>hicnon</strong></span> <span class='ocrx_word' id='word_1_671' title='bbox 1646 2037 1701 2066; x_wconf 91' lang='lat' dir='ltr'><strong>est</strong></span> <span class='ocrx_word' id='word_1_672' title='bbox 1720 2031 1918 2076; x_wconf 82' lang='lat' dir='ltr'><strong>perfectus.</strong></span> 
     </span>
    </p>

    <p class='ocr_par' dir='ltr' id='par_1_16' title="bbox 1385 2090 2445 2903">
     <span class='ocr_line' id='line_1_93' title="bbox 1434 2090 2441 2140; baseline 0.006 -16"><span class='ocrx_word' id='word_1_673' title='bbox 1434 2090 1586 2126; x_wconf 81' lang='lat' dir='ltr'><strong>Locutus</strong></span> <span class='ocrx_word' id='word_1_674' title='bbox 1602 2098 1652 2127; x_wconf 90' lang='lat' dir='ltr'><strong>est</strong></span> <span class='ocrx_word' id='word_1_675' title='bbox 1671 2103 1752 2138; x_wconf 77' lang='lat' dir='ltr'><strong>erqo</strong></span> <span class='ocrx_word' id='word_1_676' title='bbox 1776 2092 1912 2139; x_wconf 80' lang='lat' dir='ltr'><strong>Moyses</strong></span> <span class='ocrx_word' id='word_1_677' title='bbox 1939 2093 1985 2128; x_wconf 89' lang='lat' dir='ltr'><strong>ad</strong></span> <span class='ocrx_word' id='word_1_678' title='bbox 2000 2093 2120 2129; x_wconf 88' lang='lat' dir='ltr'><strong>Aaron</strong></span> <span class='ocrx_word' id='word_1_679' title='bbox 2134 2099 2166 2129; x_wconf 89' lang='lat' dir='ltr'><strong>et</strong></span> <span class='ocrx_word' id='word_1_680' title='bbox 2182 2095 2228 2130; x_wconf 90' lang='lat' dir='ltr'><strong>ad</strong></span> <span class='ocrx_word' id='word_1_681' title='bbox 2245 2095 2336 2139; x_wconf 83' lang='lat' dir='ltr'><strong>filios</strong></span> <span class='ocrx_word' id='word_1_682' title='bbox 2352 2096 2441 2140; x_wconf 83' lang='lat' dir='ltr'><strong>ejus,</strong></span> 
     </span>
     <span class='ocr_line' id='line_1_94' title="bbox 1386 2150 2445 2201; baseline 0.006 -17"><span class='ocrx_word' id='word_1_683' title='bbox 1386 2156 1417 2184; x_wconf 90' lang='lat' dir='ltr'><strong>et</strong></span> <span class='ocrx_word' id='word_1_684' title='bbox 1436 2150 1481 2185; x_wconf 90' lang='lat' dir='ltr'><strong>ad</strong></span> <span class='ocrx_word' id='word_1_685' title='bbox 1510 2162 1644 2186; x_wconf 83' lang='lat' dir='ltr'><strong>omnem</strong></span> <span class='ocrx_word' id='word_1_686' title='bbox 1673 2152 1799 2195; x_wconf 83' lang='lat' dir='ltr'><strong>Israel,</strong></span> <span class='ocrx_word' id='word_1_687' title='bbox 1835 2160 1959 2189; x_wconf 83' lang='lat' dir='ltr'><strong>cuncta</strong></span> <span class='ocrx_word' id='word_1_688' title='bbox 1979 2165 2056 2200; x_wconf 81' lang='lat' dir='ltr'><strong>quoe</strong></span> <span class='ocrx_word' id='word_1_689' title='bbox 2089 2154 2152 2189; x_wconf 86' lang='lat' dir='ltr'><strong>sibi</strong></span> <span class='ocrx_word' id='word_1_690' title='bbox 2181 2155 2320 2199; x_wconf 76' lang='lat' dir='ltr'><strong>fuerant</strong></span> <span class='ocrx_word' id='word_1_691' title='bbox 2338 2156 2445 2201; x_wconf 81' lang='lat' dir='ltr'><strong>impe-</strong></span> 
     </span>
     <span class='ocr_line' id='line_1_95' title="bbox 1387 2211 2445 2260; baseline 0.007 -16"><span class='ocrx_word' id='word_1_692' title='bbox 1387 2216 1464 2245; x_wconf 85' lang='lat' dir='ltr'><strong>rata</strong></span> <span class='ocrx_word' id='word_1_693' title='bbox 1484 2211 1584 2256; x_wconf 86' lang='lat' dir='ltr'><strong>(Cap.</strong></span> <span class='ocrx_word' id='word_1_694' title='bbox 1608 2213 1699 2259; x_wconf 81' lang='lat' dir='ltr'><strong>xx1).</strong></span> <span class='ocrx_word' id='word_1_695' title='bbox 1735 2213 1821 2257; x_wconf 80' lang='lat' dir='ltr'><strong>Quae</strong></span> <span class='ocrx_word' id='word_1_696' title='bbox 1838 2220 1920 2250; x_wconf 90' lang='lat' dir='ltr'><strong>suut</strong></span> <span class='ocrx_word' id='word_1_697' title='bbox 1940 2215 2016 2251; x_wconf 81' lang='lat' dir='ltr'><strong>haec</strong></span> <span class='ocrx_word' id='word_1_698' title='bbox 2031 2225 2110 2260; x_wconf 82' lang='lat' dir='ltr'><strong>quae</strong></span> <span class='ocrx_word' id='word_1_699' title='bbox 2130 2215 2269 2250; x_wconf 88' lang='lat' dir='ltr'><strong>locutus</strong></span> <span class='ocrx_word' id='word_1_700' title='bbox 2293 2216 2374 2251; x_wconf 87' lang='lat' dir='ltr'><strong>est?</strong></span> <span class='ocrx_word' id='word_1_701' title='bbox 2393 2216 2445 2251; x_wconf 87' lang='lat' dir='ltr'><strong>Ea</strong></span> 
     </span>
     <span class='ocr_line' id='line_1_96' title="bbox 1385 2268 2444 2320; baseline 0.008 -18"><span class='ocrx_word' id='word_1_702' title='bbox 1385 2268 1553 2304; x_wconf 76' lang='lat' dir='ltr'><strong>videlicet</strong></span> <span class='ocrx_word' id='word_1_703' title='bbox 1573 2281 1651 2315; x_wconf 86' lang='lat' dir='ltr'><strong>quae</strong></span> <span class='ocrx_word' id='word_1_704' title='bbox 1676 2273 1846 2317; x_wconf 79' lang='lat' dir='ltr'><strong>praedicta</strong></span> <span class='ocrx_word' id='word_1_705' title='bbox 1873 2279 1975 2317; x_wconf 89' lang='lat' dir='ltr'><strong>sunt,</strong></span> <span class='ocrx_word' id='word_1_706' title='bbox 2008 2285 2087 2320; x_wconf 81' lang='lat' dir='ltr'><strong>quae</strong></span> <span class='ocrx_word' id='word_1_707' title='bbox 2107 2274 2202 2310; x_wconf 92' lang='lat' dir='ltr'><strong>Deus</strong></span> <span class='ocrx_word' id='word_1_708' title='bbox 2224 2275 2367 2320; x_wconf 88' lang='lat' dir='ltr'><strong>quidem</strong></span> <span class='ocrx_word' id='word_1_709' title='bbox 2400 2276 2444 2311; x_wconf 89' lang='lat' dir='ltr'><strong>ad</strong></span> 
     </span>
     <span class='ocr_line' id='line_1_97' title="bbox 1386 2328 2445 2381; baseline 0.008 -18"><span class='ocrx_word' id='word_1_710' title='bbox 1386 2328 1532 2374; x_wconf 87' lang='lat' dir='ltr'><strong>Moysen</strong></span> <span class='ocrx_word' id='word_1_711' title='bbox 1553 2330 1694 2367; x_wconf 90' lang='lat' dir='ltr'><strong>locutus</strong></span> <span class='ocrx_word' id='word_1_712' title='bbox 1725 2339 1792 2369; x_wconf 89' lang='lat' dir='ltr'><strong>est.</strong></span> <span class='ocrx_word' id='word_1_713' title='bbox 1833 2335 1974 2381; x_wconf 87' lang='lat' dir='ltr'><strong>Moyses</strong></span> <span class='ocrx_word' id='word_1_714' title='bbox 2011 2342 2132 2372; x_wconf 87' lang='lat' dir='ltr'><strong>autem</strong></span> <span class='ocrx_word' id='word_1_715' title='bbox 2160 2335 2282 2372; x_wconf 88' lang='lat' dir='ltr'><strong>Aaron</strong></span> <span class='ocrx_word' id='word_1_716' title='bbox 2304 2342 2340 2372; x_wconf 90' lang='lat' dir='ltr'><strong>et</strong></span> <span class='ocrx_word' id='word_1_717' title='bbox 2361 2336 2445 2372; x_wconf 80' lang='lat' dir='ltr'><strong>filiis</strong></span> 
     </span>
     <span class='ocr_line' id='line_1_98' title="bbox 1386 2388 2443 2442; baseline 0.009 -20"><span class='ocrx_word' id='word_1_718' title='bbox 1386 2388 1464 2433; x_wconf 89' lang='lat' dir='ltr'><strong>ejus</strong></span> <span class='ocrx_word' id='word_1_719' title='bbox 1485 2395 1520 2424; x_wconf 91' lang='lat' dir='ltr'><strong>ct</strong></span> <span class='ocrx_word' id='word_1_720' title='bbox 1539 2392 1685 2436; x_wconf 86' lang='lat' dir='ltr'><strong>populo,</strong></span> <span class='ocrx_word' id='word_1_721' title='bbox 1718 2394 1811 2429; x_wconf 91' lang='lat' dir='ltr'><strong>sicut</strong></span> <span class='ocrx_word' id='word_1_722' title='bbox 1830 2397 2024 2430; x_wconf 90' lang='lat' dir='ltr'><strong>ostendunt</strong></span> <span class='ocrx_word' id='word_1_723' title='bbox 2044 2406 2086 2431; x_wconf 91' lang='lat' dir='ltr'><strong>ea</strong></span> <span class='ocrx_word' id='word_1_724' title='bbox 2115 2407 2195 2442; x_wconf 85' lang='lat' dir='ltr'><strong>quae</strong></span> <span class='ocrx_word' id='word_1_725' title='bbox 2223 2407 2320 2433; x_wconf 88' lang='lat' dir='ltr'><strong>nunc</strong></span> <span class='ocrx_word' id='word_1_726' title='bbox 2342 2396 2443 2432; x_wconf 76' lang='lat' dir='ltr'><strong>lecta</strong></span> 
     </span>
     <span class='ocr_line' id='line_1_99' title="bbox 1388 2451 2444 2502; baseline 0.007 -18"><span class='ocrx_word' id='word_1_727' title='bbox 1388 2455 1471 2484; x_wconf 91' lang='lat' dir='ltr'><strong>sunt</strong></span> <span class='ocrx_word' id='word_1_728' title='bbox 1492 2451 1652 2494; x_wconf 84' lang='lat' dir='ltr'><strong>tradidit,</strong></span> <span class='ocrx_word' id='word_1_729' title='bbox 1669 2462 1740 2487; x_wconf 91' lang='lat' dir='ltr'><strong>non</strong></span> <span class='ocrx_word' id='word_1_730' title='bbox 1759 2453 1895 2488; x_wconf 80' lang='lat' dir='ltr'><strong>frustra</strong></span> <span class='ocrx_word' id='word_1_731' title='bbox 1910 2455 1988 2489; x_wconf 85' lang='lat' dir='ltr'><strong>haec</strong></span> <span class='ocrx_word' id='word_1_732' title='bbox 2005 2455 2082 2500; x_wconf 87' lang='lat' dir='ltr'><strong>lege</strong></span> <span class='ocrx_word' id='word_1_733' title='bbox 2097 2455 2352 2502; x_wconf 86' lang='lat' dir='ltr'><strong>distinguente.</strong></span> <span class='ocrx_word' id='word_1_734' title='bbox 2372 2455 2444 2491; x_wconf 88' lang='lat' dir='ltr'><strong>Sed</strong></span> 
     </span>
     <span class='ocr_line' id='line_1_100' title="bbox 1386 2509 2445 2558; baseline 0.008 -15"><span class='ocrx_word' id='word_1_735' title='bbox 1386 2515 1426 2544; x_wconf 86' lang='lat' dir='ltr'><strong>ut</strong></span> <span class='ocrx_word' id='word_1_736' title='bbox 1456 2509 1595 2556; x_wconf 88' lang='lat' dir='ltr'><strong>Moyses</strong></span> <span class='ocrx_word' id='word_1_737' title='bbox 1626 2511 1835 2558; x_wconf 85' lang='lat' dir='ltr'><strong>dignitatem</strong></span> <span class='ocrx_word' id='word_1_738' title='bbox 1872 2515 2141 2551; x_wconf 88' lang='lat' dir='ltr'><strong>commendaret</strong></span> <span class='ocrx_word' id='word_1_739' title='bbox 2171 2522 2206 2551; x_wconf 86' lang='lat' dir='ltr'><strong>et</strong></span> <span class='ocrx_word' id='word_1_740' title='bbox 2240 2517 2445 2552; x_wconf 85' lang='lat' dir='ltr'><strong>ostenderet</strong></span> 
     </span>
     <span class='ocr_line' id='line_1_101' title="bbox 1387 2572 2443 2621; baseline 0.009 -18"><span class='ocrx_word' id='word_1_741' title='bbox 1387 2575 1525 2614; x_wconf 91' lang='lat' dir='ltr'><strong>aperte,</strong></span> <span class='ocrx_word' id='word_1_742' title='bbox 1563 2572 1647 2616; x_wconf 88' lang='lat' dir='ltr'><strong>quia</strong></span> <span class='ocrx_word' id='word_1_743' title='bbox 1676 2572 1756 2608; x_wconf 89' lang='lat' dir='ltr'><strong>aliis</strong></span> <span class='ocrx_word' id='word_1_744' title='bbox 1773 2574 1915 2618; x_wconf 87' lang='lat' dir='ltr'><strong>quidem</strong></span> <span class='ocrx_word' id='word_1_745' title='bbox 1948 2585 2082 2620; x_wconf 87' lang='lat' dir='ltr'><strong>pauca,</strong></span> <span class='ocrx_word' id='word_1_746' title='bbox 2111 2576 2180 2621; x_wconf 88' lang='lat' dir='ltr'><strong>ipsi</strong></span> <span class='ocrx_word' id='word_1_747' title='bbox 2206 2587 2292 2612; x_wconf 89' lang='lat' dir='ltr'><strong>vero</strong></span> <span class='ocrx_word' id='word_1_748' title='bbox 2324 2578 2443 2612; x_wconf 90' lang='lat' dir='ltr'><strong>omnia</strong></span> 
     </span>
     <span class='ocr_line' id='line_1_102' title="bbox 1387 2628 2444 2682; baseline 0.008 -19"><span class='ocrx_word' id='word_1_749' title='bbox 1387 2628 1482 2664; x_wconf 86' lang='lat' dir='ltr'><strong>Deus</strong></span> <span class='ocrx_word' id='word_1_750' title='bbox 1505 2629 1724 2675; x_wconf 83' lang='lat' dir='ltr'><strong>loqueretur,</strong></span> <span class='ocrx_word' id='word_1_751' title='bbox 1747 2638 1896 2677; x_wconf 90' lang='lat' dir='ltr'><strong>propter</strong></span> <span class='ocrx_word' id='word_1_752' title='bbox 1915 2632 1992 2677; x_wconf 82' lang='lat' dir='ltr'><strong>ejus</strong></span> <span class='ocrx_word' id='word_1_753' title='bbox 2006 2634 2185 2680; x_wconf 86' lang='lat' dir='ltr'><strong>justitiam</strong></span> <span class='ocrx_word' id='word_1_754' title='bbox 2202 2639 2238 2670; x_wconf 91' lang='lat' dir='ltr'><strong>et</strong></span> <span class='ocrx_word' id='word_1_755' title='bbox 2251 2635 2444 2682; x_wconf 81' lang='lat' dir='ltr'><strong>imaginem</strong></span> 
     </span>
     <span class='ocr_line' id='line_1_103' title="bbox 1387 2690 2443 2735; baseline 0.009 -12"><span class='ocrx_word' id='word_1_756' title='bbox 1387 2699 1494 2734; x_wconf 87' lang='lat' dir='ltr'><strong>quam</strong></span> <span class='ocrx_word' id='word_1_757' title='bbox 1522 2691 1670 2735; x_wconf 85' lang='lat' dir='ltr'><strong>gerebat</strong></span> <span class='ocrx_word' id='word_1_758' title='bbox 1690 2690 1853 2726; x_wconf 88' lang='lat' dir='ltr'><strong>Christi:</strong></span> <span class='ocrx_word' id='word_1_759' title='bbox 1887 2692 2054 2728; x_wconf 87' lang='lat' dir='ltr'><strong>similiter</strong></span> <span class='ocrx_word' id='word_1_760' title='bbox 2081 2699 2117 2729; x_wconf 93' lang='lat' dir='ltr'><strong>et</strong></span> <span class='ocrx_word' id='word_1_761' title='bbox 2135 2705 2202 2731; x_wconf 90' lang='lat' dir='ltr'><strong>nos</strong></span> <span class='ocrx_word' id='word_1_762' title='bbox 2228 2696 2361 2732; x_wconf 89' lang='lat' dir='ltr'><strong>docens</strong></span> <span class='ocrx_word' id='word_1_763' title='bbox 2379 2697 2443 2731; x_wconf 86' lang='lat' dir='ltr'><strong>ha-</strong></span> 
     </span>
     <span class='ocr_line' id='line_1_104' title="bbox 1386 2747 2441 2800; baseline 0.008 -18"><span class='ocrx_word' id='word_1_764' title='bbox 1386 2747 1473 2783; x_wconf 90' lang='lat' dir='ltr'><strong>bere</strong></span> <span class='ocrx_word' id='word_1_765' title='bbox 1493 2754 1649 2784; x_wconf 88' lang='lat' dir='ltr'><strong>mentem</strong></span> <span class='ocrx_word' id='word_1_766' title='bbox 1671 2749 1715 2785; x_wconf 91' lang='lat' dir='ltr'><strong>ad</strong></span> <span class='ocrx_word' id='word_1_767' title='bbox 1739 2760 1960 2796; x_wconf 80' lang='lat' dir='ltr'><strong>quaecunque</strong></span> <span class='ocrx_word' id='word_1_768' title='bbox 1981 2751 2137 2797; x_wconf 82' lang='lat' dir='ltr'><strong>majores</strong></span> <span class='ocrx_word' id='word_1_769' title='bbox 2160 2759 2195 2789; x_wconf 91' lang='lat' dir='ltr'><strong>et</strong></span> <span class='ocrx_word' id='word_1_770' title='bbox 2221 2754 2441 2800; x_wconf 81' lang='lat' dir='ltr'><strong>perfectione</strong></span> 
     </span>
     <span class='ocr_line' id='line_1_105' title="bbox 1388 2808 2443 2862; baseline 0.009 -20"><span class='ocrx_word' id='word_1_771' title='bbox 1388 2808 1569 2852; x_wconf 89' lang='lat' dir='ltr'><strong>dixerint,</strong></span> <span class='ocrx_word' id='word_1_772' title='bbox 1604 2810 1760 2846; x_wconf 88' lang='lat' dir='ltr'><strong>scientes</strong></span> <span class='ocrx_word' id='word_1_773' title='bbox 1783 2811 1866 2855; x_wconf 90' lang='lat' dir='ltr'><strong>quia</strong></span> <span class='ocrx_word' id='word_1_774' title='bbox 1888 2813 2056 2849; x_wconf 89' lang='lat' dir='ltr'><strong>continue</strong></span> <span class='ocrx_word' id='word_1_775' title='bbox 2075 2813 2145 2859; x_wconf 91' lang='lat' dir='ltr'><strong>ipsi</strong></span> <span class='ocrx_word' id='word_1_776' title='bbox 2175 2824 2329 2860; x_wconf 88' lang='lat' dir='ltr'><strong>superna</strong></span> <span class='ocrx_word' id='word_1_777' title='bbox 2358 2826 2443 2862; x_wconf 51' lang='lat' dir='ltr'><strong>ope*</strong></span> 
     </span>
     <span class='ocr_line' id='line_1_106' title="bbox 1387 2867 1733 2903; baseline 0.006 -2"><span class='ocrx_word' id='word_1_778' title='bbox 1387 2868 1528 2903; x_wconf 89' lang='lat' dir='ltr'><strong>ratione</strong></span> <span class='ocrx_word' id='word_1_779' title='bbox 1552 2867 1733 2903; x_wconf 84' lang='lat' dir='ltr'><strong>fruuntur.</strong></span> 
     </span>
    </p>

    <p class='ocr_par' dir='ltr' id='par_1_17' title="bbox 1385 2928 2441 3821">
     <span class='ocr_line' id='line_1_107' title="bbox 1436 2928 2440 2982; baseline 0.011 -21"><span class='ocrx_word' id='word_1_780' title='bbox 1436 2928 1587 2963; x_wconf 83' lang='lat' dir='ltr'><strong>Locutus</strong></span> <span class='ocrx_word' id='word_1_781' title='bbox 1607 2941 1742 2976; x_wconf 84' lang='lat' dir='ltr'><strong>quoque</strong></span> <span class='ocrx_word' id='word_1_782' title='bbox 1765 2937 1815 2967; x_wconf 82' lang='lat' dir='ltr'><strong>est</strong></span> <span class='ocrx_word' id='word_1_783' title='bbox 1841 2932 2014 2969; x_wconf 79' lang='lat' dir='ltr'><strong>Dominus</strong></span> <span class='ocrx_word' id='word_1_784' title='bbox 2041 2934 2087 2970; x_wconf 88' lang='lat' dir='ltr'><strong>ad</strong></span> <span class='ocrx_word' id='word_1_785' title='bbox 2115 2934 2272 2982; x_wconf 83' lang='lat' dir='ltr'><strong>Moysen,</strong></span> <span class='ocrx_word' id='word_1_786' title='bbox 2296 2936 2440 2973; x_wconf 85' lang='lat' dir='ltr'><strong>dicens:</strong></span> 
     </span>
     <span class='ocr_line' id='line_1_108' title="bbox 1389 2986 2441 3043; baseline 0.011 -23"><span class='ocrx_word' id='word_1_787' title='bbox 1389 2986 1544 3033; x_wconf 88' lang='lat' dir='ltr'><strong>Loquere</strong></span> <span class='ocrx_word' id='word_1_788' title='bbox 1559 2988 1604 3022; x_wconf 90' lang='lat' dir='ltr'><strong>ad</strong></span> <span class='ocrx_word' id='word_1_789' title='bbox 1622 2989 1741 3024; x_wconf 87' lang='lat' dir='ltr'><strong>Aaron</strong></span> <span class='ocrx_word' id='word_1_790' title='bbox 1758 2997 1789 3025; x_wconf 88' lang='lat' dir='ltr'><strong>et</strong></span> <span class='ocrx_word' id='word_1_791' title='bbox 1805 2991 1903 3036; x_wconf 76' lang='lat' dir='ltr'><strong>filios</strong></span> <span class='ocrx_word' id='word_1_792' title='bbox 1911 2994 2004 3038; x_wconf 86' lang='lat' dir='ltr'><strong>ejus,</strong></span> <span class='ocrx_word' id='word_1_793' title='bbox 2029 3000 2067 3028; x_wconf 88' lang='lat' dir='ltr'><strong>ut</strong></span> <span class='ocrx_word' id='word_1_794' title='bbox 2080 3001 2222 3030; x_wconf 82' lang='lat' dir='ltr'><strong>caveant</strong></span> <span class='ocrx_word' id='word_1_795' title='bbox 2238 2995 2280 3030; x_wconf 90' lang='lat' dir='ltr'><strong>ab</strong></span> <span class='ocrx_word' id='word_1_796' title='bbox 2294 2996 2349 3032; x_wconf 84' lang='lat' dir='ltr'><strong>his</strong></span> <span class='ocrx_word' id='word_1_797' title='bbox 2363 3007 2441 3043; x_wconf 71' lang='lat' dir='ltr'><strong>quae</strong></span> 
     </span>
     <span class='ocr_line' id='line_1_109' title="bbox 1388 3051 2440 3097; baseline 0.01 -16"><span class='ocrx_word' id='word_1_798' title='bbox 1388 3054 1589 3083; x_wconf 85' lang='lat' dir='ltr'><strong>consecrata</strong></span> <span class='ocrx_word' id='word_1_799' title='bbox 1615 3058 1694 3084; x_wconf 87' lang='lat' dir='ltr'><strong>sunt</strong></span> <span class='ocrx_word' id='word_1_800' title='bbox 1718 3051 1872 3095; x_wconf 82' lang='lat' dir='ltr'><strong>filiorum</strong></span> <span class='ocrx_word' id='word_1_801' title='bbox 1898 3053 2012 3089; x_wconf 86' lang='lat' dir='ltr'><strong>Israel</strong></span> <span class='ocrx_word' id='word_1_802' title='bbox 2029 3082 2038 3097; x_wconf 90' lang='lat'><strong>,</strong></span> <span class='ocrx_word' id='word_1_803' title='bbox 2061 3061 2092 3090; x_wconf 90' lang='lat' dir='ltr'><strong>et</strong></span> <span class='ocrx_word' id='word_1_804' title='bbox 2120 3066 2189 3091; x_wconf 90' lang='lat' dir='ltr'><strong>non</strong></span> <span class='ocrx_word' id='word_1_805' title='bbox 2207 3057 2440 3093; x_wconf 82' lang='lat' dir='ltr'><strong>contaminent</strong></span> 
     </span>
     <span class='ocr_line' id='line_1_110' title="bbox 1389 3110 2439 3162; baseline 0.01 -21"><span class='ocrx_word' id='word_1_806' title='bbox 1389 3117 1515 3142; x_wconf 85' lang='lat' dir='ltr'><strong>nomen</strong></span> <span class='ocrx_word' id='word_1_807' title='bbox 1541 3110 1838 3154; x_wconf 82' lang='lat' dir='ltr'><strong>sanctificatorum</strong></span> <span class='ocrx_word' id='word_1_808' title='bbox 1865 3113 1964 3156; x_wconf 78' lang='lat' dir='ltr'><strong>milti,</strong></span> <span class='ocrx_word' id='word_1_809' title='bbox 1990 3124 2068 3160; x_wconf 81' lang='lat' dir='ltr'><strong>quoe</strong></span> <span class='ocrx_word' id='word_1_810' title='bbox 2087 3114 2153 3160; x_wconf 84' lang='lat' dir='ltr'><strong>ipsi</strong></span> <span class='ocrx_word' id='word_1_811' title='bbox 2174 3115 2348 3159; x_wconf 79' lang='lat' dir='ltr'><strong>offerunt,·</strong></span> <span class='ocrx_word' id='word_1_812' title='bbox 2379 3127 2439 3162; x_wconf 74' lang='lat' dir='ltr'><strong>eqo</strong></span> 
     </span>
     <span class='ocr_line' id='line_1_111' title="bbox 1388 3167 2439 3218; baseline 0.008 -16"><span class='ocrx_word' id='word_1_813' title='bbox 1388 3167 1573 3204; x_wconf 82' lang='lat' dir='ltr'><strong>Dominus.</strong></span> <span class='ocrx_word' id='word_1_814' title='bbox 1607 3169 1672 3205; x_wconf 86' lang='lat' dir='ltr'><strong>Dic</strong></span> <span class='ocrx_word' id='word_1_815' title='bbox 1691 3170 1737 3206; x_wconf 85' lang='lat' dir='ltr'><strong>ad</strong></span> <span class='ocrx_word' id='word_1_816' title='bbox 1755 3182 1812 3206; x_wconf 93' lang='lat' dir='ltr'><strong>eos</strong></span> <span class='ocrx_word' id='word_1_817' title='bbox 1840 3177 1872 3206; x_wconf 86' lang='lat' dir='ltr'><strong>et</strong></span> <span class='ocrx_word' id='word_1_818' title='bbox 1894 3173 1940 3206; x_wconf 91' lang='lat' dir='ltr'><strong>ad</strong></span> <span class='ocrx_word' id='word_1_819' title='bbox 1970 3179 2123 3218; x_wconf 84' lang='lat' dir='ltr'><strong>posteros</strong></span> <span class='ocrx_word' id='word_1_820' title='bbox 2151 3185 2270 3209; x_wconf 89' lang='lat' dir='ltr'><strong>eorum</strong></span> <span class='ocrx_word' id='word_1_821' title='bbox 2286 3183 2299 3208; x_wconf 86' lang='grc'><strong>.·</strong></span> <span class='ocrx_word' id='word_1_822' title='bbox 2318 3173 2439 3210; x_wconf 85' lang='lat' dir='ltr'><strong>Omnis</strong></span> 
     </span>
     <span class='ocr_line' id='line_1_112' title="bbox 1389 3228 2440 3280; baseline 0.007 -17"><span class='ocrx_word' id='word_1_823' title='bbox 1389 3228 1492 3264; x_wconf 81' lang='lat' dir='ltr'><strong>homo</strong></span> <span class='ocrx_word' id='word_1_824' title='bbox 1509 3231 1568 3275; x_wconf 86' lang='lat' dir='ltr'><strong>qui</strong></span> <span class='ocrx_word' id='word_1_825' title='bbox 1592 3231 1772 3265; x_wconf 85' lang='lat' dir='ltr'><strong>accesserit</strong></span> <span class='ocrx_word' id='word_1_826' title='bbox 1801 3232 1844 3265; x_wconf 91' lang='lat' dir='ltr'><strong>de</strong></span> <span class='ocrx_word' id='word_1_827' title='bbox 1866 3232 1970 3277; x_wconf 82' lang='lat' dir='ltr'><strong>stirpe</strong></span> <span class='ocrx_word' id='word_1_828' title='bbox 1996 3239 2108 3267; x_wconf 87' lang='lat' dir='ltr'><strong>vestra</strong></span> <span class='ocrx_word' id='word_1_829' title='bbox 2128 3234 2174 3268; x_wconf 90' lang='lat' dir='ltr'><strong>ad</strong></span> <span class='ocrx_word' id='word_1_830' title='bbox 2202 3245 2243 3269; x_wconf 85' lang='lat' dir='ltr'><strong>ea</strong></span> <span class='ocrx_word' id='word_1_831' title='bbox 2259 3245 2336 3280; x_wconf 82' lang='lat' dir='ltr'><strong>quae</strong></span> <span class='ocrx_word' id='word_1_832' title='bbox 2357 3245 2440 3269; x_wconf 84' lang='lat' dir='ltr'><strong>con-</strong></span> 
     </span>
     <span class='ocr_line' id='line_1_113' title="bbox 1387 3290 2435 3338; baseline 0.008 -16"><span class='ocrx_word' id='word_1_833' title='bbox 1387 3295 1523 3323; x_wconf 88' lang='lat' dir='ltr'><strong>secrata</strong></span> <span class='ocrx_word' id='word_1_834' title='bbox 1539 3295 1632 3331; x_wconf 88' lang='lat' dir='ltr'><strong>sunt,</strong></span> <span class='ocrx_word' id='word_1_835' title='bbox 1665 3295 1697 3323; x_wconf 87' lang='lat' dir='ltr'><strong>et</strong></span> <span class='ocrx_word' id='word_1_836' title='bbox 1712 3301 1788 3335; x_wconf 82' lang='lat' dir='ltr'><strong>quoe</strong></span> <span class='ocrx_word' id='word_1_837' title='bbox 1808 3290 2003 3325; x_wconf 84' lang='lat' dir='ltr'><strong>obtulerunt</strong></span> <span class='ocrx_word' id='word_1_838' title='bbox 2030 3291 2097 3335; x_wconf 81' lang='lat' dir='ltr'><strong>filii</strong></span> <span class='ocrx_word' id='word_1_839' title='bbox 2123 3292 2238 3328; x_wconf 85' lang='lat' dir='ltr'><strong>Israel</strong></span> <span class='ocrx_word' id='word_1_840' title='bbox 2265 3294 2435 3338; x_wconf 86' lang='lat' dir='ltr'><strong>Domino,</strong></span> 
     </span>
     <span class='ocr_line' id='line_1_114' title="bbox 1386 3347 2437 3399; baseline 0.008 -18"><span class='ocrx_word' id='word_1_841' title='bbox 1386 3347 1424 3381; x_wconf 86' lang='lat' dir='ltr'><strong>in</strong></span> <span class='ocrx_word' id='word_1_842' title='bbox 1444 3358 1512 3393; x_wconf 89' lang='lat' dir='ltr'><strong>quo</strong></span> <span class='ocrx_word' id='word_1_843' title='bbox 1528 3353 1577 3382; x_wconf 88' lang='lat' dir='ltr'><strong>est</strong></span> <span class='ocrx_word' id='word_1_844' title='bbox 1603 3347 1840 3391; x_wconf 78' lang='lat' dir='ltr'><strong>immunditia,</strong></span> <span class='ocrx_word' id='word_1_845' title='bbox 1863 3349 1987 3394; x_wconf 87' lang='lat' dir='ltr'><strong>peribit</strong></span> <span class='ocrx_word' id='word_1_846' title='bbox 2004 3361 2122 3385; x_wconf 84' lang='lat' dir='ltr'><strong>coram</strong></span> <span class='ocrx_word' id='word_1_847' title='bbox 2149 3351 2299 3387; x_wconf 86' lang='lat' dir='ltr'><strong>Domino</strong></span> <span class='ocrx_word' id='word_1_848' title='bbox 2313 3364 2326 3388; x_wconf 91' lang='lat'><strong>.·</strong></span> <span class='ocrx_word' id='word_1_849' title='bbox 2361 3354 2437 3399; x_wconf 72' lang='lat' dir='ltr'><strong>qu</strong></span> 
     </span>
     <span class='ocr_line' id='line_1_115' title="bbox 1387 3405 2437 3458; baseline 0.008 -19"><span class='ocrx_word' id='word_1_850' title='bbox 1387 3416 1465 3441; x_wconf 89' lang='lat' dir='ltr'><strong>sum</strong></span> <span class='ocrx_word' id='word_1_851' title='bbox 1492 3405 1663 3441; x_wconf 86' lang='lat' dir='ltr'><strong>Dominus</strong></span> <span class='ocrx_word' id='word_1_852' title='bbox 1692 3406 1782 3452; x_wconf 84' lang='lat' dir='ltr'><strong>(cap.</strong></span> <span class='ocrx_word' id='word_1_853' title='bbox 1812 3405 1918 3454; x_wconf 85' lang='lat' dir='ltr'><strong>xxu).</strong></span> <span class='ocrx_word' id='word_1_854' title='bbox 1953 3407 2025 3455; x_wconf 74' lang='lat' dir='ltr'><strong>[Ex</strong></span> <span class='ocrx_word' id='word_1_855' title='bbox 2053 3408 2277 3458; x_wconf 63' lang='lat' dir='ltr'><strong>Auqustino]</strong></span> <span class='ocrx_word' id='word_1_856' title='bbox 2307 3411 2437 3448; x_wconf 85' lang='lat' dir='ltr'><strong>Ablata</strong></span> 
     </span>
     <span class='ocr_line' id='line_1_116' title="bbox 1387 3465 2438 3514; baseline 0.007 -13"><span class='ocrx_word' id='word_1_857' title='bbox 1387 3471 1444 3502; x_wconf 89' lang='lat' dir='ltr'><strong>est</strong></span> <span class='ocrx_word' id='word_1_858' title='bbox 1461 3466 1579 3503; x_wconf 89' lang='lat' dir='ltr'><strong>omnis</strong></span> <span class='ocrx_word' id='word_1_859' title='bbox 1597 3465 1772 3502; x_wconf 89' lang='lat' dir='ltr'><strong>dubitatio</strong></span> <span class='ocrx_word' id='word_1_860' title='bbox 1789 3467 1972 3503; x_wconf 89' lang='lat' dir='ltr'><strong>neminem</strong></span> <span class='ocrx_word' id='word_1_861' title='bbox 2003 3469 2228 3505; x_wconf 87' lang='lat' dir='ltr'><strong>sacerdotum</strong></span> <span class='ocrx_word' id='word_1_862' title='bbox 2239 3497 2249 3514; x_wconf 93' lang='lat'><strong>,</strong></span> <span class='ocrx_word' id='word_1_863' title='bbox 2267 3471 2324 3507; x_wconf 85' lang='lat' dir='ltr'><strong>vel</strong></span> <span class='ocrx_word' id='word_1_864' title='bbox 2339 3482 2438 3508; x_wconf 91' lang='lat' dir='ltr'><strong>sum-</strong></span> 
     </span>
     <span class='ocr_line' id='line_1_117' title="bbox 1387 3527 2436 3572; baseline 0.007 -9"><span class='ocrx_word' id='word_1_865' title='bbox 1387 3537 1543 3572; x_wconf 91' lang='lat' dir='ltr'><strong>morum,</strong></span> <span class='ocrx_word' id='word_1_866' title='bbox 1561 3527 1619 3564; x_wconf 81' lang='lat' dir='ltr'><strong>vel</strong></span> <span class='ocrx_word' id='word_1_867' title='bbox 1635 3527 1894 3572; x_wconf 88' lang='lat' dir='ltr'><strong>secundorum,</strong></span> <span class='ocrx_word' id='word_1_868' title='bbox 1915 3529 2081 3567; x_wconf 82' lang='lat' dir='ltr'><strong>debuisse</strong></span> <span class='ocrx_word' id='word_1_869' title='bbox 2099 3532 2271 3569; x_wconf 89' lang='lat' dir='ltr'><strong>accedere</strong></span> <span class='ocrx_word' id='word_1_870' title='bbox 2289 3527 2334 3569; x_wconf 87' lang='lat' dir='ltr'><strong>ad</strong></span> <span class='ocrx_word' id='word_1_871' title='bbox 2353 3544 2436 3570; x_wconf 86' lang='lat' dir='ltr'><strong>san-</strong></span> 
     </span>
     <span class='ocr_line' id='line_1_118' title="bbox 1387 3586 2436 3641; baseline 0.008 -18"><span class='ocrx_word' id='word_1_872' title='bbox 1387 3591 1457 3630; x_wconf 79' lang='lat' dir='ltr'><strong>cta,</strong></span> <span class='ocrx_word' id='word_1_873' title='bbox 1477 3587 1509 3623; x_wconf 92' lang='lat' dir='ltr'><strong>si</strong></span> <span class='ocrx_word' id='word_1_874' title='bbox 1527 3586 1754 3624; x_wconf 85' lang='lat' dir='ltr'><strong>immunditia</strong></span> <span class='ocrx_word' id='word_1_875' title='bbox 1771 3589 1849 3635; x_wconf 73' lang='lat' dir='ltr'><strong>eJus</strong></span> <span class='ocrx_word' id='word_1_876' title='bbox 1860 3589 1898 3625; x_wconf 92' lang='lat' dir='ltr'><strong>in</strong></span> <span class='ocrx_word' id='word_1_877' title='bbox 1918 3589 1995 3635; x_wconf 87' lang='lat' dir='ltr'><strong>ipso</strong></span> <span class='ocrx_word' id='word_1_878' title='bbox 2018 3596 2124 3627; x_wconf 90' lang='lat' dir='ltr'><strong>esset.</strong></span> <span class='ocrx_word' id='word_1_879' title='bbox 2145 3591 2232 3628; x_wconf 84' lang='lat' dir='ltr'><strong>Erat</strong></span> <span class='ocrx_word' id='word_1_880' title='bbox 2246 3603 2334 3641; x_wconf 77' lang='lat' dir='ltr'><strong>ergo</strong></span> <span class='ocrx_word' id='word_1_881' title='bbox 2352 3603 2436 3631; x_wconf 88' lang='lat' dir='ltr'><strong>con-</strong></span> 
     </span>
     <span class='ocr_line' id='line_1_119' title="bbox 1387 3648 2434 3699; baseline 0.009 -17"><span class='ocrx_word' id='word_1_882' title='bbox 1387 3655 1543 3692; x_wconf 86' lang='lat' dir='ltr'><strong>sequens</strong></span> <span class='ocrx_word' id='word_1_883' title='bbox 1561 3648 1782 3684; x_wconf 84' lang='lat' dir='ltr'><strong>continentia</strong></span> <span class='ocrx_word' id='word_1_884' title='bbox 1801 3649 2010 3693; x_wconf 88' lang='lat' dir='ltr'><strong>sacerdotis,</strong></span> <span class='ocrx_word' id='word_1_885' title='bbox 2042 3660 2088 3687; x_wconf 90' lang='lat' dir='ltr'><strong>ne</strong></span> <span class='ocrx_word' id='word_1_886' title='bbox 2116 3658 2264 3699; x_wconf 87' lang='lat' dir='ltr'><strong>propter</strong></span> <span class='ocrx_word' id='word_1_887' title='bbox 2277 3653 2434 3691; x_wconf 87' lang='lat' dir='ltr'><strong>filiorum</strong></span> 
     </span>
     <span class='ocr_line' id='line_1_120' title="bbox 1385 3707 2434 3760; baseline 0.009 -18"><span class='ocrx_word' id='word_1_888' title='bbox 1385 3707 1675 3755; x_wconf 84' lang='lat' dir='ltr'><strong>procreationem</strong></span> <span class='ocrx_word' id='word_1_889' title='bbox 1708 3708 1888 3755; x_wconf 80' lang='lat' dir='ltr'><strong>aliquibus</strong></span> <span class='ocrx_word' id='word_1_890' title='bbox 1927 3710 2052 3747; x_wconf 90' lang='lat' dir='ltr'><strong>diebus</strong></span> <span class='ocrx_word' id='word_1_891' title='bbox 2085 3722 2158 3748; x_wconf 91' lang='lat' dir='ltr'><strong>non</strong></span> <span class='ocrx_word' id='word_1_892' title='bbox 2192 3713 2434 3760; x_wconf 87' lang='lat' dir='ltr'><strong>imponeretur</strong></span> 
     </span>
     <span class='ocr_line' id='line_1_121' title="bbox 1385 3765 2435 3821; baseline 0.006 -16"><span class='ocrx_word' id='word_1_893' title='bbox 1385 3765 1667 3806; x_wconf 80' lang='lat' dir='ltr'><strong>continuationis</strong></span> <span class='ocrx_word' id='word_1_894' title='bbox 1680 3767 1883 3814; x_wconf 81' lang='lat' dir='ltr'><strong>incensum,</strong></span> <span class='ocrx_word' id='word_1_895' title='bbox 1900 3770 1996 3816; x_wconf 83' lang='lat' dir='ltr'><strong>quod</strong></span> <span class='ocrx_word' id='word_1_896' title='bbox 2009 3781 2031 3807; x_wconf 84' lang='lat' dir='ltr'><strong>a</strong></span> <span class='ocrx_word' id='word_1_897' title='bbox 2046 3771 2132 3808; x_wconf 88' lang='lat' dir='ltr'><strong>solis</strong></span> <span class='ocrx_word' id='word_1_898' title='bbox 2148 3773 2299 3810; x_wconf 79' lang='lat' dir='ltr'><strong>summis</strong></span> <span class='ocrx_word' id='word_1_899' title='bbox 2314 3781 2435 3821; x_wconf 61' lang='lat' dir='ltr'><strong>saept—</strong></span> 
     </span>
    </p>
   </div>
  </div>
 </body>
</html>
