2540 4016
677 121 1013 162 EXPOSITIONES
1037 121 1084 157 IN
1109 119 1376 159 LEVITICUM.
1403 141 1452 149 —
1476 123 1561 159 LIB.
1588 123 1620 160 1.

2144 130 2218 168 25⁴

0 174 120 244 hiere
150 205 372 247 nescierunt,
393 201 580 240 etidcirco
599 200 755 237 exclusae
786 203 907 236 sunta
927 197 1086 234 thalamo
1104 199 1332 242 Aquantum
1364 196 1411 232 ad
1441 198 1673 244 superficiem
1702 198 1834 236 litterae
1860 205 2030 242 eumdem
2048 205 2085 242 in
2109 206 2222 245 utris-

21 267 158 314 nspousi
179 265 324 314 (ΜαιιΙι.
344 267 445 312 xxv).
465 261 641 308 Quoniam
665 261 741 298 sola
757 260 880 298 carnis
901 260 1090 297 continen-

20 329 83 365 ttia
101 328 146 363 ad
164 328 278 363 altare
295 325 438 362 Domini
449 334 520 360 non
535 327 654 370 potest
667 323 872 369 pervenire,
889 322 919 358 si
938 321 1088 367 reliquis

22 389 228 424 *virtutibus
257 391 294 423 et
324 384 610 422 sacerdotalibus
642 383 854 419 ministeriis
870 383 1085 419 deseratur.

20 447 136 491 «Quod
153 449 184 483 si
201 448 245 482 de
265 444 444 493 pecoribus
462 444 591 480 oblatio
611 450 674 487 est,
693 444 736 479 de
754 443 872 479 ovibus
888 444 958 479 sive
975 444 1018 479 de
1029 455 1088 479 ca-

18 510 103 556 ,pris
123 509 380 550 holocaustum,
405 505 608 541 anniculum
633 510 667 541 et
690 505 819 552 absque
836 504 976 540 macula
1003 505 1088 551 offe-

21 576 95 611 ·rel‚
131 566 394 614 immolabitque
412 566 458 601 ad
490 565 584 601 latus
612 565 736 601 altaris
754 565 848 612 quod
871 565 1010 612 respicit
1041 565 1087 600 ad

18 630 226 675 ‚aquilonem
245 639 364 664 coram
387 627 546 670 Domino,
566 627 773 672 sanquinem
799 638 877 662 vero
892 626 987 661 illius
1004 627 1087 672 sun-

20 688 109 723 'dent
128 700 232 735 super
251 687 362 723 altare
385 686 450 732 filii
474 686 593 722 Aaron
620 698 682 733 per
699 687 897 727 circuitum,
916 686 1089 721 dit-idem-

20 759 95 795 -que
111 747 265 782 membra
288 754 321 783 et
345 753 450 794 caput
466 754 499 783 et
514 748 631 782 omnia
654 759 732 794 quoe
751 747 929 782 adlzaerent
956 747 1085 792 jecori,

20 815 61 845 -et
74 809 249 855 imponent
270 820 375 854 super
392 809 486 855 liqna
505 809 628 856 quibus
656 808 894 854 subjiciendus
911 813 960 842 est
980 807 1083 852 ionis.

20 870 201 906 'Intestina
222 881 300 906 vero
325 876 358 905 et
373 869 475 916 pedes
489 870 657 905 lavabunt
676 880 768 911 aqua
793 875 825 903 et
852 867 968 902 oblata
992 869 1086 902 omni

20 930 179 966 adolebit
196 931 360 966 sacerdos
389 941 493 976 super
510 930 623 964 aliare
636 929 672 964 in
692 928 937 963 holocaustum
955 934 986 962 et
1004 928 1087 962 odo-

32 1001 99 1025 rem
112 991 359 1025 suavissimum
378 989 543 1023 Domino.

71 1050 143 1095 (Ex
159 1049 364 1094 Hesychia.)
379 1048 513 1083 Eadem
534 1058 630 1083 nunc
651 1048 760 1083 etiam
779 1047 866 1083 dicit
883 1058 964 1094 quac
979 1059 1086 1095 supe-

33 1176 142 1205 tutem
172 1169 374 1213 intelligere
401 1174 543 1214 oportet
571 1179 653 1204 eum
677 1170 738 1214 qui
768 1170 951 1206 subtiliter
969 1172 1082 1206 verba

20 1247 23 1250 ·
43 1230 111 1277 gis
137 1230 341 1275 investigat,
362 1230 481 1275 quoad
510 1240 581 1265 non
603 1230 718 1266 solum
740 1231 783 1266 de
814 1232 940 1273 bobus,
963 1232 1026 1267 sed
1047 1238 1084 1268 et

46 1292 206 1328 eovibus
223 1292 396 1338 praecepit
413 1291 615 1327 israelitam
637 1293 847 1328 holocausta
875 1293 1020 1329 offerre.
1043 1293 1082 1329 ln

19 1376 22 1380 ,
52 1353 122 1388 :vis
139 1353 235 1388 enim
254 1353 398 1388 nomine
426 1359 595 1398 operator
612 1354 701 1400 legis
718 1355 909 1399 accipitur,
928 1355 1081 1400 simplex

21 1418 58 1449 ὶιιι
80 1414 158 1449 sine
188 1414 338 1454 malitia,
363 1415 421 1449 ovi
455 1420 700 1460 eomparatur,
730 1415 872 1451 (licente
892 1414 1047 1450 Jeremia
1071 1427 1078 1449 :

38 1472 97 1520 ¹290
118 1474 220 1520 quasi
240 1485 350 1519 αρηιιε
371 1481 571 1509 mansuetus
590 1475 649 1520 qui
664 1482 826 1519 portatur
841 1476 887 1508 ad
908 1475 1081 1508 victimam

30 1542 53 1569 ἰ
77 1546 146 1570 non
169 1537 311 1580 coquom·
331 1536 475 1581 (ἄεν-ειη.
495 1536 560 1582 xi).
584 1536 699 1581 Capra
716 1537 897 1580 significat
914 1542 1084 1581 peccato-

35 1604 111 1630 em.
133 1593 234 1638 Sicut
248 1605 334 1640 ergo
350 1595 434 1629 lieet
454 1605 526 1630 non
543 1595 659 1630 solum
681 1595 724 1630 de
744 1596 884 1636 ovibus,
908 1596 970 1630 scd
987 1601 1023 1631 et
1038 1596 1082 1631 de

35 1656 142 1701 zapris
165 1654 301 1698 offerri,
321 1662 357 1690 et
375 1655 509 1691 oblatio
525 1656 568 1691 de
586 1656 777 1700 pecoribus
801 1656 947 1697 dicitur,
980 1657 1032 1692 sic
1046 1662 1082 1692 et

30 1726 103 1752 ¹um
124 1717 184 1762 qm·
201 1726 243 1751 ex
258 1717 497 1763 peccatoribus
516 1723 581 1760 est,
598 1717 762 1762 possibile
789 1723 838 1752 est
863 1716 1082 1763 simplicitati

30 1789 164 1824 vperam
186 1777 286 1813 dare.

69 1836 234 1874 Secunda
270 1837 388 1873 hostia
423 1836 611 1873 deovibus
641 1847 756 1883 agnus
778 1837 936 1881 oblatus,
959 1838 994 1873 id
1025 1844 1082 1874 est

34 1899 184 1935 thristus
221 1904 369 1945 propter
409 1899 653 1935 innocentiam
691 1899 881 1945 liguratur.
926 1899 994 1934 Hic
1025 1903 1081 1935 est

30 1970 135 2007 gnus
151 1960 211 2005 qui
232 1960 327 2005 apud
340 1959 470 1996 isaiam
488 1961 523 1995 iu
544 1960 762 1996 sacrificium
785 1961 990 2004 adducitur,
1008 1967 1044 1997 et
1058 1972 1079 1997 a

38 2033 158 2059 oanne
178 2023 345 2058 omnibus
359 2023 628 2058 demonstratur
645 2034 652 2057 :
671 2022 762 2057 Ecce
777 2033 889 2068 aquus
907 2023 985 2066 Dei,
1001 2035 1078 2058 ecce

67 2084 79 2118 i
95 2083 185 2119 tollit
199 2090 341 2130 peccata
357 2083 491 2119 mundi.
509 2084 604 2119 Bene
620 2094 706 2130 ergo
719 2085 755 2119 in
771 2084 951 2120 sacrificio
964 2095 1078 2132 agnus

52 2149 182 2187 ertur,
217 2149 257 2179 ut
287 2144 503 2179 innocentiae
530 2149 567 2180 et
590 2145 770 2191 passionis
802 2145 938 2181 Christi
962 2146 1077 2193 ligura

33 2210 343 2241 nemonstraretur.
366 2205 462 2240 Bene
481 2210 517 2240 et
537 2206 675 2249 haedus,
695 2207 779 2252 quia
797 2217 861 2252 per
879 2207 957 2252 ejus
981 2218 1079 2244 mor-

44 2275 93 2300 em
111 2271 239 2300 auctor
259 2265 399 2310 peccati
417 2266 582 2302 diabolus
599 2268 809 2312 agnoscitur
823 2267 1027 2314 jugulatuS,
1042 2274 1078 2305 et

44 2330 124 2364 nasi
157 2338 260 2364 ovem
289 2327 437 2371 sactum,
458 2330 772 2365 conversationem
793 2340 894 2365 suam
914 2331 949 2366 in
976 2331 1078 2366 holo-

51 2395 186 2425 iustum
218 2387 350 2425 offerre
373 2389 456 2426 Deo.
475 2389 578 2433 Quod
603 2390 700 2424 enim
731 2390 822 2426 nihil
853 2390 1003 2435 impedit
1032 2391 1077 2426 ad

42 2451 288 2498 utpiscendam
305 2451 601 2496 justificationem
619 2457 848 2497 peccatorem
870 2454 1077 2499 quempiam

46 2511 334 2556 tisse‚·quamvis
357 2512 426 2548 hoc
443 2511 555 2548 Judaei
585 2523 655 2548 non
683 2518 866 2558 putarent,
889 2513 970 2548 audi
993 2524 1078 2559 qua-

35 2582 67 2606 n
98 2581 163 2616 per
189 2571 390 2607 Ezechielis
409 2573 635 2617 prophetiam
655 2574 768 2615 dixit;
800 2584 880 2608 cum
913 2574 1010 2608 enim
1039 2574 1077 2608 in

44 2631 145 2666 ·ultis
166 2632 332 2667 invectus
362 2632 490 2667 suisset
506 2638 631 2668 contra
651 2633 824 2677 iniustum
846 2639 881 2668 ct
900 2633 1075 2677 dixisset,

51 2699 131 2728 orte
149 2692 334 2735 moriatur,
369 2693 512 2738 sanquis
530 2693 607 2739 ejus
633 2704 738 2738 super
766 2693 880 2739 ipsum
900 2695 978 2736 erit,
1000 2694 1078 2729 hate

46 2754 129 2788 *iam
163 2752 320 2788 subdidit
353 2765 361 2787 :
389 2752 490 2795 Quod
508 2754 538 2788 εἰ
557 2755 714 2799 qenuerit
741 2753 855 2799 filium
877 2755 936 2801 qui
955 2755 1076 2791 videns

57 2828 59 2830 ·
80 2813 139 2848 m'a
156 2818 296 2859 peccata
316 2812 426 2859 patris
461 2823 539 2859 quse
576 2813 676 2859 facit,
712 2824 781 2849 non
803 2814 926 2859 fecerit
958 2815 1076 2850 simite

61 2899 85 2916 ,
102 2874 207 2919 super
226 2879 359 2908 montes
384 2885 454 2909 non
474 2874 674 2918 comederit,
706 2880 738 2910 et
755 2874 873 2909 ocutos
899 2885 980 2910 suos
1007 2886 1075 2910 nou

40 2951 42 2953 ·
82 2949 86 2961 ³
116 2933 181 2969 erit
209 2935 256 2970 ad
277 2934 374 2970 idola
388 2935 512 2970 domus
532 2934 660 2978 Israel,
687 2942 720 2970 et
749 2947 894 2971 uxorem
923 2936 1076 2982 proximi

46 2994 164 3032 imm
181 2996 373 3039 violaverit,
401 3002 437 3032 et
456 2997 526 3031 alia
556 2997 613 3032 his
640 2997 782 3038 similia,
815 2998 852 3033 in
883 2999 1014 3043 quibus
1038 2998 1077 3034 fi-

80 3068 96 3085 ··
121 3055 216 3090 hunc
232 3055 369 3091 addidit
386 3067 395 3090 ε
416 3055 471 3091 hic
492 3067 560 3091 non
578 3057 745 3091 morietur
760 3056 796 3091 in
810 3056 994 3103 iniquitate
1009 3069 1075 3102 pa-

42 3115 71 3161 Ῐ
102 3117 170 3158 oui,
200 3117 261 3152 sed
278 3118 348 3152 vita
375 3117 471 3158 vivet,
491 3123 523 3152 et
543 3117 678 3160 dicitis,
699 3128 807 3164 quare
832 3129 902 3153 non
925 3119 1076 3163 portavit

47 3172 119 3213 ius
131 3176 347 3224 iniquitatem
366 3177 478 3224 patris
493 3178 549 3212 sui
567 3177 712 3224 (Ezech.
732 3178 851 3225 xvnl).
871 3177 933 3213 Sic
961 3177 1075 3214 Judaei

72 3242 171 3275 usse
185 3248 266 3275 esse
285 3239 398 3274 filium
417 3239 521 3285 quasi
542 3239 772 3275 haereditario
795 3240 877 3286 jure
897 3240 933 3275 in
962 3239 1076 3286 patris

136 3305 174 3336 to
198 3300 394 3337 succedere
418 3300 702 3336 arbitrabantur.
737 3300 808 3337 Sed
842 3300 1076 3346 quamobrem

197 3370 326 3408 capras
357 3361 402 3396 ad
432 3360 527 3396 latus
559 3361 688 3398 altaris
721 3361 818 3408 quod
851 3362 1000 3408 respicit
1030 3362 1076 3398 ad

95 3413 160 3470 “Q
181 3435 218 3451 Δ«ιι
246 3431 369 3458 eoram
387 3421 540 3457 Domino
563 3422 730 3468 praecipit
747 3422 878 3464 occidi,
897 3432 980 3459 cum
1003 3433 1076 3459 non

102 3471 142 3523 ff<
172 3479 274 3517 obus
285 3482 531 3528 praecepisset,
547 3482 611 3518 sed
629 3491 753 3518 coram
769 3482 922 3518 Domino
937 3482 1077 3518 sanxis-

106 3572 113 3582 ,Α
196 3555 200 3568 ›
244 3541 296 3576 rii
311 3540 486 3577 Videntur
500 3541 597 3578 enim
610 3541 724 3578 verba
744 3542 821 3588 ipsa
837 3542 1076 3578 contrarieta-

92 3594 109 3627 s
134 3586 157 3614 ᾗ
188 3615 259 3640 ·,‹
272 3610 308 3636 m
323 3591 458 3638 habere
473 3606 583 3648 atque
600 3601 839 3640 differentiam
858 3613 867 3638 ε
889 3603 973 3648 quia
993 3612 1076 3638 cum

191 3650 202 3674 ⁷
239 3710 249 3718 „
269 3652 274 3661 ⁷
299 3660 662 3708 'immun
688 3670 844 3712 utraque
872 3663 1075 3701 differentia

279 3756 305 3764 .,
324 3743 352 3759 ’.ι
403 3723 407 3766 j
425 3737 458 3758 a
488 3725 549 3767 nst
584 3724 674 3779 qo
704 3722 946 3775 wiomadum
978 3723 1076 3771 quod

158 3786 165 3800 ν
190 3793 195 3803 ·
222 3775 227 3779 ·
335 3777 340 3789 ¹
368 3778 614 3836 „bbssnv-‘Jtssw'
636 3796 650 3814 ἰ

1158 266 1229 304 que
1275 258 1395 294 locum
1437 257 1625 304 legislator
1656 258 1895 305 significanda
1930 262 2224 306 holocaustoma-

1158 326 1236 355 tum
1266 319 1365 355 enim
1398 319 1515 355 altare
1561 323 1645 356 ante
1678 320 1955 356 tabernaculum
1987 326 2223 366 constitutum

1156 391 1202 418 ex
1220 380 1335 416 latere
1355 386 1436 417 erat
1451 379 1589 426 januae,
1610 385 1652 416 ut
1681 391 1752 416 non
1784 386 1995 417 sanctorum
2016 383 2224 422 ministran-

1156 430 1253 486 tibus
1273 439 1527 476 obstrueretur
1547 441 1730 481 introitus,
1754 442 1848 477 sicut
1868 442 1904 477 in
1928 441 2055 478 Exodo
2085 444 2129 480 de
2161 456 2223 482 eo-

1156 493 1238 535 dem
1258 501 1412 536 dicitur:
1431 501 1479 536 En
1492 501 1657 548 imposuit
1676 501 1790 537 velum
1801 503 1927 548 januae
1942 503 2161 539 tabernaculi
2175 512 2225 541 ιε-

1155 560 1325 603 stimonii,
1362 567 1396 596 et
1436 571 1538 597 aram
1575 558 1932 599 holocaustomatum
1969 565 2090 609 posuit
2126 565 2223 602 circa

1155 621 1288 657 ostium
1310 621 1533 657 tabernaculi
1556 623 1768 658 testimonii.
1798 627 2029 670 Quaecunque
2061 636 2148 672 ergo
2179 626 2224 662 ad

1157 683 1376 719 sacrificium
1396 683 1659 728 offerebantur,
1694 695 1739 721 ex
1767 685 1880 721 latere
1901 686 2029 722 altaris
2057 688 2102 723 ab
2123 690 2226 734 aqui-

1155 746 1238 781 lone
1258 746 1418 787 stabant,
1451 746 1560 782 etsie
1589 756 1711 782 coram
1740 746 1898 782 Domino
1926 748 2146 784 sacrificinm
2168 759 2226 785 ce-

1155 807 1377 849 lebrabatur,
1396 807 1431 842 id
1452 813 1520 850 est,
1554 808 1589 843 in
1614 813 1811 853 conspectu
1835 813 2069 848 sanctorum:
2093 808 2222 844 faciem

1155 868 1253 902 enim
1275 867 1415 902 Domini
1436 868 1592 913 appellat
1611 868 1743 903 Sancta
1767 874 1994 911 sanctornm,
2011 870 2095 914 quia
2117 870 2153 905 in
2173 870 2226 916 ip-

1154 928 1204 963 sis
1225 927 1288 963 Dei
1310 928 1449 963 habitat
1469 929 1597 973 gloria.
1623 929 1813 964 Unde'nec
1834 927 2047 974 frequenter
2078 930 2114 965 in
2137 931 2224 976 ipsis

1155 985 1291 1021 intrare
1313 988 1556 1029 sacerdotem,
1580 988 1650 1023 nisi
1671 988 1783 1023 semel
1803 989 1839 1023 in
1863 999 1959 1024 anno
1975 988 2138 1034 jubebat.
2162 989 2224 1024 Al-

1153 1051 1232 1082 tare
1255 1046 1457 1082 holocausti
1479 1047 1647 1083 Christus
1676 1049 1907 1094 intelligitur,
1937 1050 1972 1084 in
1994 1049 2097 1095 cnjus
2121 1061 2223 1086 com-

22 1109 100 1145 -·ius
129 1108 438 1150 commemoravit,
472 1108 556 1144 licet
586 1109 711 1154 paucis
747 1109 959 1145 immutatis.
994 1110 1082 1145 illud
1101 1101 1132 1139 Β
1151 1109 1414 1144 memoratione
1447 1109 1623 1154 quidquid
1656 1109 1731 1144 Deo
1765 1110 1988 1146 offerendum
2015 1117 2071 1147 est
2101 1112 2224 1148 offerri

1150 1174 1304 1215 oportet.
1342 1169 1472 1205 Ovium
1508 1174 1629 1204 autem
1664 1169 1884 1205 sacrificium
1917 1171 2133 1216 simplicitas
2167 1179 2225 1207 est

1151 1230 1390 1273 studentium,
1425 1241 1496 1266 non
1524 1231 1690 1266 absolute
1716 1232 1839 1267 ovium
1861 1232 1998 1268 oblatio
2020 1238 2060 1268 ut
2090 1233 2223 1275 boum,

1151 1290 1189 1326 in
1210 1291 1387 1327 directum
1407 1291 1504 1327 illius
1527 1292 1765 1339 intelligibilis
1792 1293 1933 1336 altaris,
1961 1294 2024 1330 sed
2043 1305 2087 1330 ex
2107 1295 2223 1331 latere

1153 1350 1304 1386 offertur
1325 1363 1332 1386 z
1354 1351 1390 1386 in
1411 1351 1590 1387 directum
1616 1358 1672 1387 est
1692 1354 1789 1388 enim
1812 1355 1874 1400 qni
1907 1356 2078 1390 mandata
2108 1355 2220 1401 perli-

1155 1413 1219 1454 cit,
1243 1422 1287 1448 ex
1310 1413 1423 1448 latere
1454 1418 1575 1448 autem
1606 1414 1667 1459 qui
1691 1425 1711 1449 a
1742 1415 1849 1450 malis
1882 1416 2053 1452 abstinet.
2076 1415 2222 1461 Quare?

1154 1474 1245 1517 Quia
1263 1474 1358 1509 sieut
1391 1474 1428 1509 in
1459 1474 1593 1516 aulam,
1617 1474 1718 1510 verbi
1752 1477 1883 1522 gratia,
1918 1478 2069 1523 regiam,
2090 1479 2221 1515 melius

1151 1540 1206 1569 est
1225 1534 1373 1579 quidem
1401 1544 1468 1580 per
1485 1536 1619 1570 ostium
1640 1542 1779 1571 rectum
1813 1538 1968 1583 ingredi,
1989 1548 2071 1573 cum
2098 1544 2220 1573 autem

1150 1595 1220 1630 hoc
1239 1605 1310 1630 non
1330 1602 1387 1630 est
1415 1594 1534 1637 facile,
1565 1596 1699 1631 bonum
1719 1597 1766 1631 sit
1790 1597 1900 1632 etiam
1929 1607 1995 1642 per
2015 1598 2102 1633 illud
2124 1598 2220 1643 quod

1151 1660 1206 1690 est
1225 1664 1268 1690 ex
1290 1653 1403 1690 latere
1421 1655 1587 1699 introire,
1609 1657 1661 1691 sic
1680 1657 1808 1692 melius
1824 1663 1880 1693 est
1900 1658 1974 1693 Deo
1992 1659 2138 1704 quidem
2154 1669 2220 1704 per

1152 1715 1409 1751 mandatorum
1429 1716 1550 1752 oll'erri
1566 1716 1843 1762 perfectionem,
1866 1718 2001 1754 bonum
2022 1725 2078 1754 est
2097 1725 2219 1754 tamen

1150 1781 1186 1810 et
1208 1776 1238 1810 si
1259 1785 1323 1821 per
1342 1776 1519 1812 malorum
1542 1787 1580 1812 se
1598 1778 1680 1823 quis
1704 1777 1836 1814 offerat
1853 1779 2127 1823 abstinentiam,
2146 1781 2219 1816 Deo

1150 1838 1281 1883 quippe
1312 1838 1419 1873 modo
1448 1838 1609 1883 quolibet
1626 1839 1758 1874 offerre
1788 1839 1924 1874 bonum
1949 1846 2018 1876 est.
2039 1841 2095 1877 Ad
2123 1841 2221 1878 latus

1150 1904 1272 1934 autem
1322 1898 1448 1932 altaris
1503 1899 1548 1934 ad
1601 1899 1807 1944 aquilonem
1864 1900 2071 1937 necessario
2114 1902 2217 1937 addi-

1150 1961 1215 1995 dit.
1249 1959 1429 1996 Nebulosa
1449 1960 1546 1996 enim
1571 1971 1663 2006 pene
1683 1971 1828 2007 semper
1847 1963 1925 1998 baec
1943 1972 2028 2008 pars
2047 1968 2104 2000 est
2122 1972 2131 1998 :
2152 1963 2219 1998 ob-

1151 2022 1312 2057 tinentur
1329 2020 1509 2067 siquidem
1527 2021 1672 2065 nebula,
1693 2022 1728 2057 id
1743 2028 1798 2057 est
1813 2022 2030 2068 ignorantia,
2048 2023 2086 2058 hi
2098 2023 2159 2068 qui
2173 2034 2219 2060 ex

1149 2088 1226 2118 toto
1243 2091 1282 2118 se
1312 2082 1529 2118 innocentiae
1550 2083 1718 2127 tradunt;
1753 2090 1947 2130 propterea
1978 2089 2015 2120 et
2044 2085 2217 2120 holocau-

1150 2149 1245 2180 stum
1283 2144 1427 2186 dicitur,
1452 2144 1562 2179 etiam
1601 2145 1679 2180 sine
1708 2146 1920 2191 operatione
1951 2145 2118 2191 justitiae.
2147 2146 2218 2182 Per

1148 2204 1364 2251 sanguinem
1396 2214 1483 2250 ergo
1504 2204 1663 2240 animam
1698 2206 1758 2241 liic
1789 2206 1943 2252 intelligi
1976 2207 2214 2243 dubitandum

1148 2278 1220 2303 non
1242 2274 1313 2310 est,
1335 2278 1416 2302 cum
1442 2267 1518 2312 ipse
1535 2267 1721 2313 legislator
1738 2268 1845 2314 paulo
1865 2274 1943 2314 post
1966 2269 2064 2305 dicat
2087 2282 2095 2305 :
2117 2269 2210 2305 San-

1148 2329 1293 2374 guinem
1314 2339 1384 2363 non
1406 2328 1605 2364 comedetis
1624 2329 1660 2363 in
1680 2329 1823 2364 cunctis
1840 2329 2128 2366 habitationibus
2147 2339 2211 2364 ve-

1148 2390 1249 2431 stris,
1283 2390 1367 2434 quia
1398 2390 1517 2425 anima
1538 2390 1658 2426 carnis
1686 2390 1723 2425 in
1753 2390 1928 2436 sanguiue
1960 2396 2030 2426 est.
2062 2390 2215 2435 Oportet

1146 2461 1233 2497 ergo
1254 2460 1320 2485 nos
1355 2460 1427 2485 non
1447 2460 1598 2495 parcere
1630 2451 1762 2486 animae
1793 2457 1949 2492 nostrae,
1986 2451 2049 2486 sed
2075 2459 2211 2495 ponere

1147 2521 1227 2547 eam
1244 2520 1310 2554 pro
1327 2509 1486 2545 Christo.
1506 2509 1576 2546 Per
1595 2516 1717 2555 caput,
1737 2520 1841 2545 mens
1861 2511 2086 2556 intelligitur.
2109 2511 2145 2545 ln
2158 2510 2213 2555 je·

1146 2583 1231 2609 core
1252 2571 1472 2607 desiderium
1499 2571 1731 2616 exprimitur,
1751 2571 1923 2606 intestina
1943 2571 2098 2607 latentes
2114 2572 2211 2618 cogi-

1147 2632 1304 2668 tationes
1320 2630 1539 2676 significant,
1555 2631 1665 2676 pedes
1684 2635 1804 2665 autem
1825 2631 2001 2667 actiones.
2025 2631 2210 2678 Vultergo

1147 2703 1215 2728 nos
1239 2691 1346 2727 simul
1376 2702 1460 2727 cum
1495 2692 1700 2727 actionibus
1731 2697 1767 2727 et
1802 2692 2042 2739 cogitationes
2069 2692 2208 2729 diluere

1147 2764 1254 2800 aqua,
1278 2754 1353 2789 sive
1383 2753 1572 2798 baptismi,
1594 2754 1671 2790 sive
1698 2752 1817 2796 ssetus,
1839 2755 1934 2799 quod
1953 2761 1988 2790 et
2007 2755 2050 2790 de
2071 2756 2208 2800 cogita-

1147 2814 1308 2849 tionibus
1345 2813 1382 2849 in
1399 2813 1536 2858 judicio
1554 2813 1698 2850 Domini
1721 2814 1772 2849 rei
1795 2819 1980 2858 tenemur;
2018 2825 2145 2851 verum
2170 2822 2207 2851 et

1148 2873 1342 2910 divisiones
1359 2878 1397 2908 et
1419 2879 1527 2920 caput
1545 2879 1582 2909 et
1593 2872 1700 2919 jecur
1719 2884 1829 2919 super
1847 2874 1943 2920 ligna
1962 2875 2090 2920 quibus
2113 2875 2207 2922 ³gnis

1146 2933 1331 2980 subjectus
1349 2938 1404 2970 est
1421 2934 1458 2970 in
1476 2934 1592 2971 altare
1608 2934 1794 2980 imponere
1807 2933 2020 2978 offerentem
2035 2934 2152 2981 jubet,
2169 2941 2210 2972 ut

1144 3006 1289 3032 omnem
1319 3003 1483 3034 nostrum
1513 2998 1700 3034 hominem
1728 2997 1930 3044 Scripturis
1959 2998 2209 3044 spiritualibus

1145 3068 1225 3104 quae
1245 3058 1289 3094 de
1321 3058 1539 3105 intelligibili
1577 3059 1692 3095 altare
1725 3059 1890 3104 corporis
1923 3059 2067 3095 Domini
2101 3060 2206 3095 dictae

1145 3124 1230 3156 sunt
1249 3124 1471 3165 coaptemus,
1505 3120 1704 3156 seeundum
1732 3119 1810 3165 ejus
1837 3120 2001 3157 viventes
2029 3129 2093 3155 seu
2121 3128 2205 3154 con-

1144 3185 1332 3217 versantes
1355 3181 1596 3218 imitationem
1621 3191 1632 3218 ε
1653 3181 1882 3230 Adolebitque
1900 3193 1942 3218 ea
1966 3181 2129 3218 sacerdos
2146 3190 2207 3214 su-

1143 3252 1205 3288 per
1220 3235 1334 3277 ultore
1351 3242 1387 3277 in
1405 3242 1650 3279 holocaustum
1663 3249 1696 3278 et
1715 3253 1855 3279 suavem
1875 3243 2018 3278 odorem
2035 3241 2201 3276 Domino.

1146 3302 1218 3351 (Ex
1245 3302 1452 3351 Hesychio.)
1485 3304 1580 3351 Ergo
1610 3305 1756 3349 quando
1789 3303 2008 3338 sacrificium
2040 3306 2202 3335 nostrum

1144 3363 1396 3400 holocaustum
1414 3363 1467 3407 fit,
1487 3369 1573 3399 tunc
1591 3363 1746 3399 Domino
1763 3362 1855 3397 odor
1884 3359 2074 3396 suavitatis
2105 3367 2206 3394 inve-

1144 3424 1257 3467 nitur,
1285 3430 1324 3460 ει
1351 3425 1496 3471 quando
1525 3423 1649 3460 omnia
1682 3431 1794 3467 super
1826 3419 2053 3465 intelligibile
2087 3419 2204 3456 altare

1143 3483 1398 3527 obtulerimus,
1417 3484 1623 3520 imitatores
1641 3481 1780 3519 Christi
1804 3480 2002 3519 secundum
2019 3480 2203 3527 possibili-

1142 3547 1256 3578 tatem
1276 3541 1454 3579 efficimur
1472 3542 1518 3578 ad
1533 3541 1652 3587 ipsius
1673 3539 1931 3583 imitationem,
1954 3545 2118 3578 nostram
2146 3541 2202 3577 vi—

1144 3607 1218 3639 tam
1235 3611 1299 3637 seu
1324 3601 1635 3639 conversationem
1655 3604 1882 3646 coaptantes,
1902 3601 1972 3638 hoe
1994 3601 2091 3638 enim
2119 3609 2202 3638 esse

1144 3663 1259 3700 altare
1290 3662 1457 3708 superius
1483 3661 1720 3699 ostendimus.
1759 3659 1826 3699 sin
1849 3667 1968 3698 amm
2001 3661 2046 3698 de
2075 3659 2200 3700 auibus

1141 3721 1336 3769 ‘tolosana'
1352 3720 1482 3760 οόιαιὶο
1498 3719 1607 3770 {urit
1621 3720 1788 3766 Domino.
1801 3720 1846 3762 dc
1860 3719 2056 3762 &nuribus
2071 3725 2105 3760 et
2117 3718 2199 3770 pah
