2540 4016
303 189 349 226 ῃ
733 180 774 218 Β.
801 178 971 218 tusam
995 176 1141 216 usum
1165 172 1381 218 Attumne.
1406 173 1616 220 mcum.
1643 173 1839 222 ommi
1861 183 1982 222 mus
2006 184 2034 222 1.
2440 172 2487 222 10

303 263 398 309 eogtt
423 268 485 298 me
501 258 713 308 mutinam
738 258 888 295 tundere
919 256 980 293 ulit
1005 256 1076 293 mei
1101 251 1361 297 olveti-cumet-
1377 256 1510 298 Arum
1543 259 1767 298 Pharaonem
1807 261 1853 298 ad
1884 261 2056 309 populum
2091 254 2369 308 ἀιιιιιιωιιιιιιιις
2401 261 2490 301 tiled

302 323 456 366 sionem,
480 320 578 367 quod
601 319 683 356 aliis
709 319 877 366 gentihus
903 318 1015 353 moris
1044 326 1115 352 non
1146 321 1202 354 est
1227 316 1361 353 tacere.

303 382 511 420 Secundum
538 380 751 428 mysterium
780 384 902 414 autem
926 377 1089 424 Sephora
1112 380 1236 424 typum
1265 381 1365 414 tenet

303 444 475 482 Ecclesiae
506 443 551 480 de
582 440 746 490 genubus
777 449 857 486 quae
885 439 1101 486 pra-,puttam
1134 437 1198 475 filit
1229 439 1299 483 sui,
1327 439 1364 475 id

302 511 372 548 est,
395 504 514 550 populi
538 502 704 551 gentilis,
727 501 935 536 acutissima
956 505 1059 546 petra
1076 525 1086 543 ,
1113 501 1184 537 hoc
1201 506 1276 544 est,
1301 500 1365 537 do-

302 565 418 601 ctrina
450 563 605 610 Spiritus
637 561 750 597 sancti
775 561 851 597 sive
877 560 936 595 illa
967 567 1070 607 petra
1101 561 1145 597 de
1173 571 1245 608 qua
1278 562 1364 598 dicit

302 625 494 672 Apostolus
524 635 532 659 ε
567 622 674 659 Petra
704 628 820 658 autem
851 629 925 657 erat
953 621 1114 658 Christus
1149 622 1183 669 (Ι
1203 621 1284 658 Cor.
1309 622 1362 671 x),

303 687 407 722 docet
437 685 734 731 exspoliationem
761 684 891 720 veteris
922 684 1079 721 bominis
1110 693 1193 721 cum
1223 686 1364 722 actibus

301 747 403 791 ejus:
426 752 464 782 ut
483 746 656 782 mundent
674 755 712 781 se
738 746 782 782 ab
811 746 909 781 omni
943 746 1216 792 inquinamento
1245 746 1365 782 carnis

301 812 337 844 et
366 808 528 854 spiritus,
557 808 787 854 perficientes
816 807 1140 844 sanctificationem
1172 808 1207 844 in
1236 808 1364 843 timore

301 868 378 904 Dei.
400 869 499 904 Tunc
521 868 615 905 euim
635 874 706 904 stat
724 869 871 915 sanguis
888 869 1191 912 circumcisionis,
1217 869 1363 915 quando

301 930 515 966 absorbetur
530 930 562 965 id
577 930 670 976 quod
689 930 839 965 mortale
856 936 910 965 est
929 941 949 966 a
963 931 1037 966 vita
1054 943 1061 965 :
1080 936 1116 967 et
1131 930 1365 975 corruptibile

301 992 370 1028 hoc
394 991 549 1027 induerit
574 991 898 1037 incorruptionem.
934 991 1036 1027 Tunc
1061 992 1158 1027 euim
1181 991 1364 1027 veraciter

301 1051 590 1087 circumcisionis
638 1056 904 1087 sacramentum
941 1051 1065 1086 finitur
1083 1077 1093 1095 ‚
1121 1051 1265 1097 quando
1287 1050 1363 1095 iam

301 1113 394 1147 ultra
421 1122 492 1147 non
523 1111 608 1147 licet
637 1122 803 1156 peccare,
827 1122 894 1147 nec
912 1122 1066 1159 pugnam
1095 1113 1216 1150 carnis
1247 1112 1361 1149 refra-

1431 320 1549 366 primo
1566 321 1700 359 dictum
1721 327 1777 360 est
1797 323 1894 370 quod
1915 323 2027 360 etiam
2046 323 2216 372 primitus
2234 323 2350 369 fieret.
2372 323 2408 362 C}
2427 324 2492 364 itte

1430 380 1642 420 dimitteret.
1662 383 1711 420 Ut
1725 384 1823 421 enim
1840 385 1893 422 sic
1907 385 2035 422 fierent
2053 386 2174 423 omnia
2188 385 2490 432 quemadmodum

1430 449 1658 489 consequens
1683 446 1863 492 scriptura
1893 451 2060 491 testatur,
2082 446 2283 484 Pharaonis
2303 450 2491 485 contuitio-

1431 502 1486 538 eia
1517 505 1651 540 meruit
1679 508 1715 541 et
1747 512 1908 543 suorum.
1943 507 2016 555 (Ex
2030 507 2203 557 Isidoro.)
2235 508 2360 556 Neque
2383 510 2490 546 -enlm

1431 564 1655 601 mendaciter
1675 565 1770 603 Deus
1790 566 1896 612 jubet
1914 569 2011 614 quod
2035 569 2105 606 seit
2127 577 2198 606 non
2223 568 2404 607 facturum
2431 569 2491 607 cut

1427 620 1587 667 jubetur,
1612 629 1653 661 ut
1679 626 1817 672 justum
1837 627 2013 672 judicium
2046 634 2302 676 consequatur.
2338 629 2490 678 Mystico

1431 690 1568 729 autem,
1589 694 1670 732 quae
1687 692 1743 723 est
1769 688 1803 724 in
1819 689 1876 724 via
1899 690 2007 726 trium
2033 690 2188 735 dierum,
2209 701 2290 738 quae
2310 692 2414 728 nobis
2437 691 2492 728 in-

1431 746 1591 783 cedenda
1622 751 1702 791 est,
1733 753 1773 784 ut
1803 754 1977 786 exeuntes
2009 749 2053 787 de
2072 750 2231 799 AEgypto
2250 779 2260 797 ,
2302 753 2493 800 pervenire

1431 810 1611 856 possimus
1645 810 1689 846 ad
1720 809 1853 854 locum,
1891 810 1925 846 in
1953 821 2025 857 quo
2056 811 2243 849 immolare
2273 812 2494 850 debeamus?

1432 871 1497 907 Via
1525 871 1593 907 ista
1614 870 1782 907 Christus
1811 877 1880 914 est,
1902 873 1963 918 qui
1986 872 2076 907 dixit
2095 884 2103 907 ε
2122 871 2198 919 1390
2228 879 2305 909 sitm
2332 875 2403 917 via,
2433 883 2492 909 ve-

1432 932 1531 974 ritas,
1556 937 1588 967 et
1609 933 1677 967 rita
1700 932 1822 979 (Joan.
1841 933 1932 979 xiv).
1967 932 2053 977 Quat
2071 934 2128 969 via
2155 933 2273 971 triduo
2303 935 2407 971 nobis
2436 935 2493 971 in-

1431 992 1591 1028 cedenda
1617 998 1684 1029 est.
1708 993 1775 1038 Qui
1804 994 1899 1029 enim
1927 994 2116 1030 consessus
2144 995 2254 1031 suerit
2281 995 2316 1031 in
2345 1005 2408 1032 ore
2431 1006 2495 1033 suo

1433 1053 1625 1089 Dominum
1653 1053 1776 1090 Jesum
1792 1082 1801 1098 ‚
1829 1061 1866 1090 et
1887 1055 2085 1091 crediderit
2111 1056 2146 1091 in
2171 1057 2281 1093 corde
2310 1067 2375 1093 suo
2400 1056 2495 1103 quod

1433 1114 1526 1150 Deus
1560 1114 1658 1150 illum
1691 1116 1894 1151 suscitavit
1914 1127 1932 1151 a
1960 1117 2112 1153 mortuis
2143 1118 2249 1154 tertia
2282 1118 2351 1161 (lie,
2375 1118 2496 1154 salvus

301 1174 419 1218 gantis
447 1173 637 1209 sustinere.
663 1173 735 1220 (Ex
754 1173 980 1221 Auqustino.)
1004 1174 1104 1219 Quod
1126 1176 1290 1221 superins
1310 1176 1363 1211 di-
1384 1170 1415 1210 Β
1434 1174 1515 1209 erit.
1549 1172 1632 1210 naec
1655 1180 1709 1210 est
1735 1186 1820 1221 ergo
1848 1175 1957 1211 tridui
1983 1176 2041 1211 via
2062 1186 2127 1222 per
2152 1186 2260 1222 quam
2286 1177 2496 1223 pervenitur

301 1240 398 1270 ctum
419 1240 488 1275 est,
510 1234 605 1279 quod
623 1234 763 1281 Moyses
786 1245 936 1271 uxorem
957 1242 993 1271 ct
1012 1237 1170 1273 infantes
1188 1247 1271 1273 suos
1294 1237 1362 1273 im-

301 1295 422 1342 posuit
445 1295 634 1339 vehiculis,
657 1302 695 1331 ut
719 1306 800 1331 cum
823 1297 876 1332 eis
906 1298 940 1332 in
959 1297 1155 1344 AEgyptum
1180 1303 1360 1345 pergeret,

304 1363 429 1404 postea
453 1368 539 1394 vero
562 1357 688 1394 Jethro
714 1369 817 1394 socer
834 1360 924 1405 ejus.
948 1359 997 1395 illi
1018 1371 1099 1396 cum
1119 1361 1171 1397 eis
1190 1361 1360 1403 occurrit,

304 1420 440 1457 scilicet
470 1426 549 1466 post
579 1421 806 1457 eductionem
837 1422 957 1468 populi
987 1432 1029 1458 ex
1055 1421 1227 1469 AEgypto,
1250 1423 1362 1468 qnaert

301 1486 420 1528 potest
455 1482 634 1527 quomodo
669 1487 861 1528 utrumqne
890 1482 928 1517 m
959 1493 1098 1518 verum.
1133 1483 1204 1519 Sed
1227 1483 1361 1519 intelli-

303 1541 455 1587 gendum
484 1547 551 1584 cst,
577 1547 659 1587 post
693 1542 790 1577 illam
811 1553 890 1588 qum
917 1543 962 1579 ab
980 1544 1108 1590 angelo
1128 1544 1247 1579 sutura
1267 1547 1360 1587 erat,

303 1600 553 1636 intersectione
581 1600 692 1647 Moysi
731 1602 785 1636 vel
820 1601 994 1644 infantis,
1032 1610 1217 1638 reversum
1252 1603 1363 1639 fuisse

304 1671 384 1696 cum
403 1660 574 1706 parvulis.
608 1660 695 1695 Nam
721 1661 866 1706 quidam
892 1667 1109 1707 putaverunt
1130 1669 1275 1710 propter
1294 1664 1363 1699 hoc

303 1722 467 1766 angelum
501 1722 687 1763 terruisse,
720 1732 764 1758 ne
791 1723 835 1758 ad
870 1723 1166 1768 impedimentum
1198 1724 1362 1771 mysterii

304 1783 398 1828 quod
420 1783 590 1819 divinitus
616 1783 822 1829 impositum
842 1783 981 1831 Moyses
1002 1786 1163 1832 gerebat,
1184 1785 1362 1823 semineus

304 1852 412 1880 sexus
436 1844 685 1879 comitaretur.

707 1905 858 1943 CAPUT
885 1905 945 1941 lX.

411 1965 463 2001 De
479 1975 619 2011 egressu
636 1965 750 2011 Moysi
765 1972 797 2001 et
813 1966 932 2001 Aaron
949 1966 996 2001 ad
1011 1965 1250 2003 Pharaonem.

353 2039 436 2075 Post
450 2039 524 2074 ba‘c
540 2038 688 2085 inqressi
702 2046 781 2075 sunt
800 2037 935 2086 Moyses
950 2046 981 2075 et
996 2038 1128 2083 Aaron,
1149 2048 1181 2077 et
1197 2041 1363 2079 dixerunt

303 2098 484 2135 Pharaoni
505 2097 620 2135 :ttoec
645 2099 730 2135 dicit
755 2099 928 2137 Dominus
955 2101 1046 2137 Deus
1064 2100 1176 2138 lsrael
1191 2111 1202 2137 :
1220 2102 1364 2140 Dimitte

303 2159 470 2207 populum
498 2170 626 2204 meum,
654 2167 692 2195 ut
721 2161 893 2207 sacrificet
922 2161 1007 2197 mihi
1028 2163 1064 2198 in
1080 2162 1228 2199 deserto.
1247 2162 1290 2199 At
1307 2163 1365 2200 ille

304 2219 511 2267 respondit:
529 2220 617 2264 Quis
633 2227 684 2257 est
701 2220 887 2266 Dominus,
911 2226 950 2258 ut
972 2223 1115 2258 audiam
1143 2231 1258 2260 vocem
1271 2225 1362 2272 ejus,

303 2286 336 2317 et
358 2280 533 2316 dimittam
558 2280 701 2318 Israel?
731 2282 860 2318 Nescio
874 2282 1080 2328 Dominum,
1101 2290 1133 2320 et
1155 2284 1270 2322 Israel
1296 2297 1363 2323 non

303 2341 478 2378 dimittam
496 2342 627 2390 (Exod.
645 2343 694 2392 v).
713 2343 913 2392 Superbam
929 2344 1061 2383 diaboli
1081 2349 1362 2393 contumaciam,

302 2404 447 2445 Pharao
468 2420 533 2446 suo
553 2418 722 2446 sermone
742 2411 911 2458 exprimit
931 2412 991 2458 qui
1013 2411 1116 2448 subdi
1138 2413 1212 2449 Deo
1232 2413 1361 2458 noluit,

300 2469 362 2507 sed
386 2469 562 2517 aequalem
588 2471 680 2508 dixit
705 2482 746 2509 se
773 2483 852 2509 esse
871 2472 1072 2517 Atussim0‚
1093 2475 1178 2520 quia
1198 2474 1268 2511 nisi
1300 2485 1365 2523 per

302 2537 479 2569 tormenta
498 2539 659 2577 coaetus,
682 2534 756 2570 Deo
778 2544 849 2570 non
869 2534 944 2571 vult
962 2535 1189 2582 impendere:
1212 2537 1307 2574 unde
1327 2537 1364 2574 in

300 2593 495 2641 Evangelio
523 2604 603 2630 cum
622 2594 734 2631 Deum
768 2600 947 2641 tentaret,
985 2598 1088 2643 quasi
1119 2597 1288 2636 dubitans
1320 2599 1363 2636 de

299 2652 378 2699 ejus
397 2653 586 2691 divinitate
601 2654 651 2690 ait
670 2667 678 2691 :
702 2653 741 2691 Si
753 2651 867 2692 Filius
886 2656 950 2692 Dei
966 2668 1014 2701 es,
1033 2658 1088 2694 dic
1103 2665 1141 2694 ut
1157 2657 1289 2707 lapides
1305 2660 1364 2696 isti

299 2724 407 2761 panes
427 2713 514 2759 liant
538 2712 682 2761 (Mattb.
703 2715 767 2763 tv).
798 2715 867 2751 Sed
893 2722 974 2762 post
1010 2727 1051 2753 ea
1082 2718 1183 2764 quasi
1216 2721 1261 2756 ab
1286 2720 1363 2767 ipso

300 2772 525 2817 verberatus,
544 2775 809 2821 quodammodo
827 2775 1100 2822 supplicationis
1117 2788 1243 2815 vocem
1261 2781 1365 2817 emit-

301 2835 359 2877 tit,
381 2845 490 2882 quam
506 2836 576 2872 nisi
598 2841 747 2872 coactus
766 2844 995 2884 nequaquam
1010 2839 1244 2884 expenderet.
1265 2840 1364 2877 Scri-

300 2894 401 2940 ptum
429 2890 486 2930 est
504 2894 600 2930 enim
618 2903 629 2930 ε
647 2893 902 2932 clamaverunt
929 2893 1110 2933 daemones
1133 2900 1170 2933 et
1194 2897 1363 2936 dixerunt

302 2951 348 2989 ad
367 2951 491 2990 lesum
513 2965 522 2989 :
553 2952 647 2997 Quid
677 2954 798 2991 venisti
825 2961 906 2992 ante
927 2962 1062 3004 tempus
1087 2963 1250 3005 torquere
1275 2961 1364 2996 nos?

301 3011 440 3051 δύνηαι
459 3022 492 3051 te
512 3015 596 3063 quia
619 3024 654 3051 es
673 3013 788 3051 fitius
807 3015 870 3052 Dei·
899 3015 1042 3065 (natm.
1061 3017 1156 3066 vm).
1176 3018 1244 3057 Ubi
1265 3021 1362 3057 enim

303 3079 486 3113 tormenta
523 3079 729 3120 senserunt,
766 3078 886 3114 sciunt
921 3078 1110 3116 Dominum
1131 3089 1238 3126 quem
1278 3085 1363 3119 ante

299 3134 442 3185 nagelta
459 3137 554 3174 scire
569 3136 775 3174 noluerunt.
804 3135 876 3174 Sed
895 3142 932 3175 et
946 3137 1089 3176 Pharao
1107 3143 1191 3176 ante
1210 3140 1363 3177 verbera

300 3197 443 3237 nescire
461 3203 500 3235 se
519 3196 712 3236 oomumm
736 3198 829 3235 dixit
847 3210 856 3236 :
878 3199 1122 3247 postverhera
1148 3203 1271 3237 sutem
1295 3209 1363 3248 pro

300 3266 341 3297 se
372 3254 575 3307 supptteare
605 3255 652 3298 ad
672 3254 865 3298 Dominum
893 3266 1010 3309 rogat.
1043 3257 1241 3309 Sequitur:
1262 3261 1359 3300 Deo·

300 3312 533 3358 neormam
545 3316 680 3359 &uenit
694 3331 771 3368 nos,
789 3327 959 3360 niteamus
977 3322 1071 3360 viam
1093 3323 1201 3361 trium
1221 3320 1358 3362 atterum

299 3381 341 3420 itt
353 3381 592 3430 mennatum,
606 3378 640 3430 b!
655 3380 893 3431 manaem
909 3380 1059 3421 Domino
1075 3380 1149 3421 Deo
1167 3384 1359 3430 notumne

302 3435 394 3491 rom
412 3436 552 3482 nectam
568 3439 789 3506 autumn
809 3442 873 3483 ιιιιι
891 3443 1045 3494 quam
1063 3443 1246 3492 Quaeritur
1264 3445 1357 3496 tmo-

300 3502 412 3543 nocto
432 3502 569 3569 populo
595 3501 764 3552 mantnt,
781 3499 883 3555 qnod
906 3500 1094 3545 mandavit
1109 3501 1208 3545 neus
1216 3500 1359 3554 dato-

300 3566 385 3603 mm
396 3568 439 3604 ιο
454 3558 520 3628 ιιι·
531 3533 796 3616 &aimuh
812 3559 951 3633 ιειιιιιι
968 3557 1160 3638 masa.
1175 3555 1361 3626 statana

1432 1235 1468 1270 in
1498 1234 1629 1278 locum,
1657 1237 1691 1271 in
1722 1247 1794 1282 quo
1820 1237 1970 1273 Domino
2003 1238 2223 1282 immoletur,
2256 1245 2293 1274 et
2324 1238 2496 1275 reddatur

1433 1296 1652 1331 sacrificium
1680 1295 1809 1339 laudis,
1836 1297 1930 1333 sicut
1956 1298 1991 1333 in
2019 1299 2323 1344 consequentibus
2347 1299 2493 1335 dicitur.

1431 1356 1739 1400 Abominationes,
1770 1358 1950 1404 inquiunt,
1971 1359 2220 1406 AEyyptiorum
2236 1360 2496 1396 immolabimus

1430 1416 1581 1453 Domino
1615 1418 1685 1454 Deo
1722 1425 1854 1455 nostro.
1910 1419 2004 1456 Oves
2042 1421 2174 1467 quippe
2191 1420 2352 1467 AEgyptii
2387 1422 2496 1458 edere

1432 1478 1685 1525 dedignantur.
1723 1479 1795 1516 Sed
1829 1482 1923 1527 quod
1955 1481 2211 1517 abominantur
2230 1482 2404 1530 AEgyptii,
2427 1483 2497 1519 hoc

1430 1538 1599 1575 israelitae
1617 1540 1691 1576 Deo
1711 1540 1869 1577 offerunt
1887 1554 1895 1577 :
1915 1543 1998 1588 quia
2017 1543 2284 1588 simplicitatem
2305 1542 2495 1579 conscien-

1431 1602 1489 1637 tiae
1521 1611 1629 1647 quam
1666 1602 1849 1648 sapientes
1885 1603 1990 1648 liujus
2028 1604 2164 1646 saeculi,
2200 1604 2268 1639 hoc
2298 1607 2367 1647 est,
2401 1604 2498 1640 cives

1431 1662 1575 1709 AEgypti
1605 1665 1708 1710 quasi
1729 1663 1933 1700 fatuitatem
1950 1665 2136 1711 deputant,
2157 1665 2251 1701 hanc
2264 1663 2353 1710 justi
2369 1663 2443 1700 Deo
2461 1664 2496 1700 in

1431 1724 1652 1761 sacrificium
1675 1725 1889 1761 immolant:
1907 1730 1943 1761 et
1961 1735 2026 1772 per
2048 1725 2082 1761 id
2104 1725 2178 1761 Deo
2203 1725 2348 1771 plaeere
2366 1732 2498 1771 procu·

1431 1793 1527 1830 rant,
1550 1788 1645 1833 quod
1664 1788 1794 1823 saeculo
1815 1794 1851 1824 et
1871 1788 2006 1823 mundo
2027 1787 2206 1833 abiectum
2227 1794 2265 1824 et
2281 1789 2497 1835 contempti-

1430 1849 1502 1885 bile
1521 1858 1601 1885 esse
1621 1849 1867 1892 considerant,
1889 1849 2087 1885 secundum
2103 1849 2318 1895 Apostolum
2338 1850 2399 1896 qui
2419 1851 2494 1887 ait:

1432 1908 1528 1945 Nam
1542 1920 1620 1956 quse
1639 1909 1748 1945 stulta
1763 1915 1843 1946 sunt
1859 1910 1997 1955 mundi,
2014 1910 2116 1957 eteqit
2127 1909 2237 1956 Deus,
2250 1916 2287 1947 ut
2304 1911 2496 1958 confundat

1431 1972 1603 2019 sapientes
1620 1972 1655 2020 (1
1678 1971 1760 2008 Cor.
1781 1971 1821 2021 ι).

1850 2074 2002 2113 CAPUT
2029 2075 2075 2112 X.

1433 2163 1500 2201 Ubi
1515 2165 1656 2201 Pharao
1673 2166 1790 2214 paleas
1801 2165 1956 2213 probibet
1972 2167 2051 2203 dari
2066 2165 2240 2203 Israelitis
2250 2178 2262 2210 ,·
2277 2172 2309 2202 et
2323 2166 2366 2203 de
2381 2166 2491 2214 queri·

1478 2215 1597 2249 monia
1612 2214 1766 2260 ipsorum
1782 2214 2027 2250 Israelitarum
2043 2224 2106 2262 pro
2121 2215 2306 2262 afflictione
2320 2214 2447 2262 operis.

1478 2289 1537 2326 Ait
1567 2290 1611 2326 ad
1636 2302 1693 2327 eos
1725 2302 1786 2327 rex
1801 2291 1948 2339 AEqypti
1964 2305 1976 2329 .·
2003 2292 2121 2336 Quare
2140 2288 2278 2341 Moyses
2301 2299 2334 2329 et
2358 2292 2494 2337 Aaron,

1431 2350 1629 2387 sollicitatis
1658 2351 1823 2399 populum
1854 2352 1896 2387 ab
1923 2353 2083 2399 operibus
2113 2354 2216 2389 suis?
2241 2352 2295 2389 lte
2321 2353 2368 2388 ad
2389 2364 2495 2389 onera

1431 2418 1557 2449 uestra.
1589 2412 1755 2460 Di.ritque
1771 2413 1914 2449 Pharao
1933 2426 1944 2451 :
1975 2413 2110 2450 Multus
2133 2420 2184 2450 est
2207 2414 2356 2462 populus
2378 2419 2494 2451 terroe.

1439 2471 1570 2511 Videtis
1584 2475 1676 2522 quod
1694 2475 1796 2511 turba
1811 2475 2032 2519 succreverit,
2051 2481 2182 2523 quanto
2197 2475 2325 2523 maqis,
2341 2477 2372 2512 si
2391 2476 2491 2513 dede-

1431 2534 1542 2571 rimus
1567 2536 1616 2571 eis
1638 2535 1790 2582 requiem
1813 2534 1855 2571 ab
1873 2535 2062 2582 operibus?
2086 2534 2257 2582 Prcrcepit
2281 2543 2363 2583 erqo
2386 2537 2423 2571 in
2440 2534 2496 2571 die

1430 2595 1492 2632 ttto
1517 2596 1693 2644 proefectis
1721 2606 1864 2644 operum
1890 2602 1922 2632 et
1949 2595 2170 2633 exactoribus
2194 2594 2327 2644 populi,
2354 2595 2495 2634 dicens:

1433 2656 1668 2704 Nequaquam
1692 2656 1820 2692 dabitis
1834 2655 1928 2692 ultra
1946 2655 2066 2704 paleas
2085 2655 2227 2704 populo,
2249 2656 2295 2692 ad
2309 2656 2496 2704 conficien-

1430 2718 1494 2754 dos
1521 2718 1658 2762 lateres,
1690 2718 1781 2754 sicut
1807 2719 1919 2765 prius.
1944 2713 2017 2754 Sed
2033 2718 2099 2764 ipsi
2118 2717 2248 2753 vadant
2274 2723 2306 2753 et
2325 2717 2493 2764 coltiqant

1430 2780 1609 2827 stipulam,
1638 2785 1671 2816 et
1691 2787 1894 2814 mensuram
1914 2778 2063 2814 laterum
2079 2788 2166 2825 quos
2181 2778 2281 2825 prius
2303 2777 2492 2824 faciebant,

1430 2838 1614 2885 imponetis
1640 2846 1746 2885 super
1762 2848 1834 2881 eos,
1855 2847 1917 2873 nec
1942 2837 2105 2874 minuetis
2128 2837 2333 2886 quidquam.
2360 2837 2493 2875 Vocant

1430 2901 1535 2943 enim,
1552 2906 1585 2935 et
1602 2899 1734 2935 idcirco
1748 2898 1987 2946 vociferantur
1999 2899 2154 2936 dicentes
2165 2912 2176 2936 :
2188 2895 2322 2937 Eamus
2333 2905 2368 2937 et
2381 2901 2492 2937 sacri-

1431 2961 1575 3007 ficemus
1591 2959 1663 2997 Deo
1679 2966 1811 2997 nostro.
1822 2959 2078 3008 Opprimantur
2094 2961 2254 3008 operibus
2274 2968 2306 2998 et
2331 2958 2494 3009 expleant

1431 3030 1486 3063 ea,
1504 3026 1542 3055 ut
1560 3030 1628 3056 non
1644 3021 1868 3067 acquiescant
1895 3020 2004 3057 verbis
2023 3019 2263 3065 mendacibus,
2284 3024 2322 3058 et
2339 3019 2490 3068 reliqna.

1431 3082 1504 3130 (Ex
1523 3081 1692 3130 Isidoro.)
1717 3083 1768 3118 Ex
1795 3092 1867 3129 quo
1892 3087 2013 3120 autem
2033 3083 2132 3130 loqui
2149 3083 2260 3131 coepit
2283 3082 2423 3131 Moyses
2445 3081 2491 3119 ad

1429 3142 1666 3184 Pharaonem,
1683 3144 1797 3191 magis
1812 3142 1982 3191 affligitur
1994 3140 2236 3192 poputusuet.
2250 3139 2492 3190 lt‘ntexquo

1429 3205 1465 3242 in
1486 3206 1645 3242 animam
1657 3205 1814 3243 hominis
1832 3214 1954 3243 sermo
1966 3205 2033 3243 Dei
2050 3206 2214 3254 perlatus
2230 3203 2356 3250 suerit,
2368 3203 2510 3243 acrius.
2536 3251 2540 3254 .

1429 3264 1581 3302 callidus
1610 3263 1726 3302 hostis
1756 3266 1971 3315 consurgit,
2004 3268 2042 3305 et
2072 3264 2212 3313 maloi-a
2240 3254 2331 3304 nith
2358 3248 2540 3323 ίῙΜῙιιιο

1428 3323 1610 3369 vincatur,
1633 3325 1810 3363 immittit.
1826 3326 1934 3364 Prius
1952 3326 2041 3364 vero
2061 3326 2172 3374 quam
2189 3307 2540 3387 vatim}

1428 3385 1491 3433 qui
1511 3390 1680 3434 argueret
1698 3385 1800 3433 vitia,
1822 3386 1859 3425 in
1874 3395 1966 3436 paoe
1981 3385 2183 3432 ΜΝ,
2202 3355 2540 3429 mmm·

1427 3443 1492 3483 net
1530 3445 1650 3484 tacere
1677 3447 1789 3496 ooepu
1821 3432 2107 3498 mmmm
2139 3414 2540 3525 ww

1428 3507 1657 3546 eentum-tio
1681 3515 1813 3566 magua
1840 3504 1942 3548 buti
1941 3529 2075 3614 {⁷²5
2111 3534 2112 3537 =
2144 3547 2167 3550 ..
2225 3530 2227 3533 ·

1426 3563 1532 3615 posu
1542 3565 1701 3616 'limum
1713 3560 1831 3606 Im
1852 3566 1909 3606 tit
2310 3565 2318 3573 ⁴
