2540 4016
48 142 176 213 {isos

575 160 935 200 ENARRATIONES
962 159 1010 198 ΙΝ
1033 160 1210 200 LIBRUM
1234 148 1546 200 NUMERORUM.
1570 183 1620 194 -—-
1637 167 1724 204 LIB.
1749 167 1794 207 11.

2115 0 2146 49 ⁸⁸

1606 58 1633 76 Ο

104 239 317 288 spiritaliter
330 246 374 276 ea
388 237 517 285 quaein
533 236 612 284 lege
628 235 798 282 leguntur
811 239 1009 281 exponunt.
1028 233 1161 271 Neoes-
1178 236 1213 276 A
1230 236 1380 272 aborsus
1403 235 1533 272 bonus.
1559 235 1682 275 Bonus
1707 245 1830 276 autem
1854 243 2004 282 aborsus
2028 249 2172 296 dicitur,
2195 263 2290 293 cum-

105 302 201 340 sario
218 302 316 338 enim
334 299 396 348 qui
414 299 563 336 audiunt
579 298 688 333 ritum
704 295 986 339 sacrificiorum,
1002 295 1058 330 vel
1080 295 1162 331 sab-

104 363 294 407 batorum,
323 362 382 399 vel
408 361 580 399 similium
602 360 640 396 in
664 358 828 395 Ecclesia
851 357 1021 399 recitari,
1049 355 1161 392 offen—

112 425 249 468 iantur,
271 428 308 461 et
326 423 448 460 dicant
468 433 477 458 :
500 420 591 466 Quid
615 421 685 456 hoc
703 427 851 455 necesse
867 423 924 454 est
944 418 979 453 in
998 417 1160 453 Ecclesia

98 486 198 532 tegi?
217 485 309 530 Quid
324 484 429 520 nobis
446 488 596 530 prosunt
613 485 795 528 praecepta
813 479 977 523 Judaica,
992 485 1029 516 et
1049 477 1160 524 spreti

102 546 224 592 populi
244 545 511 582 observantiae?
534 544 617 579 Haec
635 542 842 579 Judaeorum
863 546 966 585 sunt,
991 546 1027 576 et
1046 540 1159 576 Judaei

104 605 148 642 de
166 606 223 641 his
243 605 412 641 viderint.
432 604 485 640 Ne
503 614 589 650 ergo
607 602 812 649 hujusmodi
827 601 1040 637 offendicula
1059 601 1162 636 audi·

102 663 243 700 mribus
271 663 467 706 accedant,
490 662 606 698 danda
626 671 736 708 opera
764 666 819 697 est
844 661 888 696 ad
907 660 1160 696 scientiamle-

102 723 178 769 gis;
199 727 236 759 ει
254 723 451 758 secundum
472 723 540 758 hoc
556 723 650 767 quod
673 721 845 768 spiritalis
862 726 918 756 est
934 721 1003 762 lex,
1027 720 1160 756 intelli-

102 783 217 830 genda
243 788 280 819 et
307 782 533 829 explananda
558 787 642 817 sunt
665 793 744 828 quae
772 782 955 828 leguntur,
975 791 1020 815 ne
1038 781 1160 815 docto-

102 856 182 882 rum
198 855 306 882 causa
320 873 328 889 ‚
348 845 420 880 imo
445 845 580 891 desidia
600 850 634 880 ει
661 843 895 890 negligentia,
916 842 961 877 ab
980 841 1158 886 imperitis

101 911 138 942 et
159 906 312 942 indoctis
331 906 526 951 derogetur
547 905 674 951 Moysi.
698 903 768 939 Sed
786 909 823 938 et
840 907 1094 938 convertamur
1113 901 1157 935 ad

99 966 290 1002 Dominum
310 971 350 1002 ut
367 966 506 1001 auferat
527 975 547 999 a
563 964 668 999 nobis
687 962 849 998 velamen
870 961 1015 1002 litterae,
1030 965 1063 996 et
1086 971 1157 995 non

88 1027 204 1072 *nobis
223 1026 396 1062 deformis
416 1025 537 1060 vultus
555 1023 691 1069 Moysi,
717 1022 780 1058 sed
801 1022 977 1068 gloriosus
999 1027 1035 1057 et
1052 1023 1158 1058 dcco-

98 1097 160 1123 rus
181 1091 364 1132 appareat,
385 1085 435 1120 ita
451 1089 576 1119 utnon
599 1083 714 1119 solum
733 1083 992 1125 obtrectemus,
1013 1084 1074 1119 sed
1090 1094 1156 1129 pro

1229 297 1311 332 aliis
1335 303 1594 342 comparatur:
1615 297 1710 332 sicut
1730 298 1968 338 Ecclesiastes
1994 305 2046 340 ait
2070 319 2079 342 :
2105 309 2151 346 Et
2169 313 2244 349 dixi
2262 323 2278 350 ‚-

1227 357 1348 393 Bonus
1370 364 1419 394 est
1446 357 1612 402 aborsus,
1630 359 1743 404 magis
1759 370 1866 405 quam
1882 360 1955 397 ille.
1981 361 2049 404 Qut
2066 365 2151 403 ille?
2164 373 2223 416 qui
2241 374 2280 410 in

1227 417 1394 460 vanitate,
1415 417 1544 462 iuquit,
1566 417 1715 460 incedit,
1738 423 1770 452 et
1793 418 1828 453 in
1855 419 2004 456 tenebris
2023 423 2179 460 ambulat
2198 427 2281 473 (Ee-

1227 474 1309 511 cles.
1330 475 1396 520 vi).
1425 476 1504 512 Non
1528 487 1615 523 ergo
1640 477 1804 513 absolute
1831 477 1966 514 bonum
1993 480 2081 516 dicit
2100 483 2281 531 aborsum,

1228 537 1289 572 sed
1313 538 1447 573 bonum
1470 539 1587 584 magis
1604 549 1713 584 quam
1732 539 1807 574 vita
1826 549 1907 584 quae
1927 540 1963 575 in
1982 541 2201 580 vanitatibus
2219 545 2285 582 du-

1227 598 1331 641 citur,
1349 604 1386 635 ει
1400 600 1435 634 in
1453 600 1611 635 tenebris
1627 601 1854 646 ignorantiae.
1874 601 1922 636 Et
1938 602 2165 648 proclamavit
2181 605 2283 653 Moy.-

1227 671 1280 696 ses
1299 661 1343 696 ad
1360 661 1548 696 Dominum
1574 662 1692 697 dicens
1710 674 1721 697 :
1738 662 1847 705 Deus,
1867 674 1990 709 precor
2008 670 2059 707 te,
2079 676 2167 701 sana
2191 678 2282 703 eam.

1227 721 1272 757 Et
1288 732 1395 767 quem
1422 723 1612 768 oportebat
1641 733 1747 759 orare
1770 734 1836 770 pro
1864 726 2020 762 sanitate
2046 727 2165 772 populi
2190 728 2284 765 illius

1227 783 1296 818 nisi
1314 782 1483 829 Moysen?
1499 782 1586 819 Orat
1604 783 1744 830 Moyses
1757 795 1823 830 pro
1841 784 1922 825 illis,
1941 790 1976 821 et
1992 785 2085 821 forte
2103 787 2171 823 hoc
2187 793 2282 833 orat,

1226 844 1371 890 quando
1405 855 1487 880 cum
1520 844 1674 880 Domino
1703 844 1787 880 Iesu
1818 845 1964 882 Christo
1996 847 2284 893 colloquebatur,

1227 912 1307 938 cum
1335 904 1370 939 in
1396 909 1519 939 monte
1547 904 1828 940 transformatus
1848 911 1925 948 est,
1954 909 2082 950 petens
2104 908 2149 943 ab
2169 918 2224 950 εο,
2246 915 2288 945 ut

1226 974 1307 998 cum
1326 963 1507 1009 plenitudo
1535 965 1688 1010 flentium
1714 966 1909 1008 introisset,
1932 973 2014 1002 lunc
2038 968 2150 1003 omnis
2170 968 2285 1005 Israel

1225 1025 1343 1060 salvus
1359 1027 1457 1070 fieret
1479 1026 1594 1073 (Rom.
1615 1027 1682 1073 xi).

1272 1085 1319 1120 Et
1334 1085 1423 1120 dixit
1440 1086 1614 1121 Dominus
1629 1086 1675 1121 ad
1698 1086 1842 1133 Moysen
1862 1099 1870 1122 :
1895 1087 1933 1123 Si
1955 1094 2055 1134 pater
2071 1090 2147 1135 ejus
2170 1091 2286 1136 spuis-

98 1146 344 1192 magnitudine
368 1154 559 1187 sensuum,
585 1143 725 1178 laudem
747 1142 778 1178 ei
805 1148 841 1179 et
864 1143 1015 1187 gloriam
1036 1142 1156 1178 conse·
1175 1144 1206 1183 B
1225 1152 1275 1182 set
1300 1146 1337 1180 in
1366 1145 1491 1191 faciem
1522 1146 1618 1191 ejus,
1650 1158 1718 1182 non
1755 1148 1969 1183 erubesceret
1995 1155 2123 1196 septem
2138 1150 2287 1186 diebus?

97 1217 232 1244 ramus.
256 1207 301 1241 Et
323 1206 375 1241 ira
404 1205 537 1241 suroris
563 1203 706 1239 Domini
728 1202 822 1239 sacta
850 1209 904 1239 est
931 1213 1039 1249 super
1059 1203 1152 1247 illos,

97 1271 133 1303 et
149 1266 412 1308 discesserunt;
435 1270 470 1300 et
493 1264 607 1299 nubes
627 1263 778 1299 recessit
798 1273 818 1298 a
844 1263 1089 1299 tabernaculo.
1110 1263 1155 1298 Et

96 1337 172 1361 ecce
198 1325 313 1360 Maria
341 1325 436 1371 facta
465 1330 513 1360 est
545 1323 680 1370 leprosa
709 1324 799 1358 sicut
835 1325 908 1358 nix.
940 1324 997 1359 Ira
1024 1323 1156 1360 suroris

97 1385 238 1420 Domini
254 1384 408 1421 eflicitur
428 1394 536 1430 snper
553 1393 614 1420 eos
635 1384 695 1429 qui
711 1384 806 1420 male
821 1384 1018 1429 loquuntur
1039 1391 1076 1420 et
1092 1385 1155 1420 de-

97 1447 258 1482 trahunt.
290 1446 545 1482 Verumtamen
579 1445 674 1490 quod
705 1445 793 1480 dicit
828 1445 933 1479 nubes
964 1445 1102 1480 recessit
1135 1456 1156 1480 a

98 1505 338 1547 tabernaculo,
361 1511 391 1540 et
413 1516 489 1540 ecce
509 1504 626 1539 Maria
647 1504 741 1550 sacta
761 1511 810 1540 est
827 1504 963 1551 leprosa
977 1506 1066 1540 sicut
1080 1505 1154 1548 nix,

97 1565 400 1602 considerandum
433 1565 638 1610 diligentius
667 1570 743 1607 est,
773 1566 868 1610 quod
894 1566 993 1610 prius
1020 1565 1157 1601 recedit

97 1625 226 1666 nubes,
239 1629 274 1660 et
288 1624 338 1658 ita
353 1624 451 1668 lepra
470 1623 627 1668 repletur
644 1635 652 1659 ε
672 1628 711 1658 ιιι
724 1624 934 1659 ostendatur
948 1624 1031 1669 quia
1047 1624 1156 1659 etiam

97 1685 127 1721 si
147 1690 203 1720 εει
224 1684 261 1719 in
283 1684 403 1729 aliquo
419 1684 535 1730 gratia
559 1683 715 1730 Spiritus
733 1684 845 1719 sancti
863 1690 899 1719 ει
915 1683 1095 1719 obtrectat
1115 1693 1156 1719 ac

97 1746 278 1788 detrahit,
298 1745 436 1781 recedit
460 1744 506 1780 ab
530 1754 573 1780 eo
595 1751 676 1790 post
696 1745 1021 1787 obtrectationem;
1046 1750 1083 1779 et
1105 1744 1157 1780 sic

96 1806 196 1852 lepra
217 1805 382 1852 repletur
399 1806 518 1841 anima
537 1805 627 1850 ejus.
644 1805 734 1839 Nam
755 1810 792 1840 ει
808 1804 960 1849 populus
982 1804 1040 1840 ille
1057 1805 1156 1849 prior

96 1866 223 1901 hahuit
247 1866 282 1901 in
312 1876 350 1902 se
369 1867 522 1911 gratiam
543 1865 630 1908 Dei;
665 1865 727 1901 sed
755 1870 947 1910 postquam
970 1865 1005 1899 in
1031 1875 1155 1900 verum

97 1925 243 1973 Moysen
267 1927 458 1962 Dominum
486 1931 650 1962 nostrum
672 1924 793 1960 Jesum
821 1924 1007 1961 Christum
1031 1930 1156 1960 exten-

95 1989 228 2025 derunt
261 1988 402 2035 linguas
430 1987 666 2033 blasphemiae
691 1996 785 2029 suae,
814 1986 980 2022 discessit
1012 1987 1058 2022 ab
1085 1986 1154 2021 illis

1225 1205 1416 1252 Separetur
1440 1212 1567 1252 septem
1597 1207 1716 1242 diebus
1747 1214 1846 1243 extra
1877 1215 2016 1251 castra,
2051 1216 2083 1245 et
2110 1216 2185 1256 post
2211 1212 2286 1247 ltoec

1223 1268 1393 1303 introibit.
1417 1268 1508 1311 Quid
1535 1274 1614 1311 est,
1637 1269 1666 1304 si
1690 1275 1794 1315 pater
1811 1269 1887 1314 ejus
1913 1271 2070 1316 spuisset
2093 1272 2128 1307 in
2156 1271 2286 1308 faciem

1224 1327 1310 1373 ejus,
1334 1329 1566 1364 erubesceret
1586 1336 1724 1375 septem
1749 1330 1897 1366 diebus?
1918 1330 2067 1366 Mariam
2093 1342 2285 1380 synagogae

1223 1390 1303 1425 loco
1320 1391 1520 1435 posuimus.
1541 1391 1673 1435 Expuit
1690 1396 1792 1436 pater
1810 1391 1887 1436 ejus
1914 1392 1947 1427 in
1969 1392 2110 1428 facicm.
2135 1393 2285 1440 Signum

1224 1450 1364 1495 repudii
1383 1455 1438 1485 est
1459 1450 1494 1484 in
1514 1450 1643 1486 faciem
1671 1452 1831 1496 conspui.
1855 1453 2016 1498 Denique
2040 1453 2075 1487 in
2098 1454 2175 1499 lege
2195 1454 2286 1490 scri-

1222 1515 1325 1556 ptum
1346 1514 1420 1554 est’,
1451 1511 1511 1546 ubi
1536 1510 1697 1556 jubetur,
1725 1518 1762 1546 ut
1788 1512 1907 1548 relicta
1927 1515 2100 1559 proximi,
2126 1517 2285 1561 proximo

1223 1573 1344 1607 nubat.
1373 1571 1413 1608 Si
1433 1572 1582 1607 voluerit
1597 1574 1777 1618 promimus
1802 1575 1987 1621 repudiare
2007 1577 2230 1623 conjuqt'um,
2247 1583 2286 1613 ut

1223 1632 1444 1668 decalceatus
1466 1634 1503 1668 in
1524 1634 1650 1679 faciem
1667 1641 1881 1680 conspuatur
1898 1635 2018 1682 (Dent.
2037 1637 2121 1684 xxv)
2140 1650 2148 1672 :
2166 1644 2202 1674 et
2216 1639 2287 1676 hoc

1224 1694 1346 1730 datum
1365 1700 1420 1730 cst
1439 1694 1537 1730 velut
1555 1695 1696 1742 signum
1714 1696 1868 1742 repudii.
1890 1695 1982 1732 Hinc
1998 1706 2084 1744 ergo
2102 1697 2229 1741 Maria,
2249 1698 2287 1734 id

1224 1762 1299 1799 cst,
1328 1756 1482 1801 populus
1506 1756 1565 1792 ille
1589 1766 1670 1791 cum
1696 1757 1907 1802 repudiatur
1927 1768 1947 1793 a
1971 1758 2057 1801 Deo,
2080 1759 2230 1805 conspui
2249 1759 2286 1795 in

1223 1817 1352 1852 faciem
1380 1817 1523 1853 dicitur.
1560 1817 1742 1852 Habemus
1763 1823 1799 1853 et
1824 1818 1859 1853 in
1885 1817 1955 1853 alio
1979 1818 2059 1854 loco
2079 1819 2288 1865 significan-

1225 1878 1311 1913 tiam
1338 1879 1455 1923 sputi,
1485 1888 1567 1914 cum
1599 1879 1686 1913 dicit
1711 1878 1822 1916 lsaias
1853 1892 1861 1914 ε
1891 1879 2020 1915 Omnes
2049 1887 2162 1926 qentes
2191 1881 2284 1916 sicut

1223 1944 1329 1984 quttcc
1345 1938 1477 1981 situloe,
1498 1944 1531 1973 et
1544 1939 1634 1973 sicut
1651 1945 1791 1984 sputum
1811 1945 1981 1986 reputatae
2000 1946 2080 1975 sunt
2101 1939 2190 1987 (Isa.
2206 1939 2284 1985 xp).

1224 1998 1435 2035 ostenditur
1462 1999 1497 2034 in
1522 1999 1591 2034 hoc
1611 1999 1690 2035 loco
1703 2026 1711 2042 ,
1734 1999 1831 2046 quod
1854 2000 1963 2036 etiam
1983 2000 2138 2046 populus
2158 2001 2217 2036 ille
2237 2000 2287 2037 si-

94 2049 220 2091 nubes,
238 2053 275 2084 et
292 2047 457 2084 transivit
477 2047 523 2082 ad
541 2057 605 2082 nos
622 2047 659 2082 in
676 2051 836 2082 montem
854 2046 1048 2089 excelsum,
1072 2056 1153 2081 eum
1174 2047 1202 2086 C
1225 2065 1285 2095 cut
1304 2064 1430 2106 gemes
1452 2064 1593 2095 caeterae
1615 2070 1695 2106 qum
1715 2060 1750 2095 in
1777 2066 1922 2106 sputum
1941 2066 2168 2106 reputantur,
2187 2060 2288 2107 ahie,

95 2107 262 2144 Salvator
289 2114 413 2144 noster
439 2106 721 2143 transformatus
746 2111 820 2151 est,
847 2113 883 2143 ει
905 2107 1018 2143 nubes
1046 2106 1155 2142 resul-

94 2179 182 2216 gens
208 2168 439 2205 obumbravit
466 2168 662 2213 discipulos
694 2168 792 2214 ejus;
826 2173 863 2204 ει
891 2168 990 2205 venit
1015 2178 1084 2204 vox
1112 2169 1155 2203 de

96 2230 190 2265 nube
217 2230 342 2265 dicens
372 2238 382 2264 :
403 2229 470 2263 Hic
496 2236 544 2264 est
571 2228 689 2265 Filius
714 2241 811 2265 meus
839 2230 1008 2273 dilectus,
1030 2231 1067 2265 in
1086 2241 1154 2277 quo

95 2291 181 2326 milti
205 2291 289 2327 bene
313 2290 523 2337 complacuit
546 2291 698 2337 (Mattlt.
718 2292 829 2340 xvu).
859 2293 945 2329 Post
971 2294 1038 2329 hoc
1068 2304 1155 2339 ergo

95 2351 209 2386 Maria
228 2351 323 2387 sacta
348 2357 403 2387 est
429 2351 570 2397 leprosa
590 2352 683 2387 sicut
707 2354 779 2389 nix.
806 2354 923 2390 Donec
946 2355 1070 2390 aderat
1090 2366 1156 2390 nu-

95 2412 172 2456 bes,
194 2412 306 2448 Maria
324 2422 394 2448 non
414 2419 493 2449 erat
514 2413 670 2460 leprosa,
693 2415 757 2451 sed
777 2425 860 2451 cum
881 2415 1060 2452 discessit.
1083 2417 1155 2452 Do-

95 2485 162 2511 nec
179 2475 277 2511 enim
298 2475 459 2511 visitatio
479 2475 544 2511 Dei
570 2482 649 2511 erat
674 2477 710 2511 in
735 2477 865 2523 populo
884 2477 962 2519 illo,
986 2488 1056 2513 non
1076 2483 1156 2513 crat

96 2537 272 2584 leprosus.
303 2538 371 2575 Ubi
394 2548 481 2574 vero
510 2539 696 2582 discessit,
722 2540 916 2586 ignominia
950 2541 1071 2576 vultus
1101 2541 1156 2575 sui

95 2600 256 2635 contexit
272 2610 368 2635 eum.
389 2599 460 2635 Sed
478 2610 546 2635 nos
571 2600 765 2636 timeamus
786 2611 830 2636 ne
849 2600 940 2636 sorte
958 2600 1157 2647 effugemus

95 2670 117 2696 a
136 2660 242 2696 nobis
270 2661 362 2695 hanc
386 2659 518 2695 nubem
547 2660 640 2696 male
658 2660 861 2705 loquendo,
886 2661 980 2696 male
1003 2662 1155 2708 agendo,

96 2718 191 2754 male
220 2711 435 2766 cogita'ndo,
467 2724 503 2754 ct
528 2724 613 2754 tunc
644 2720 832 2766 apparebit
859 2721 894 2756 in
926 2720 1029 2757 nobis
1059 2721 1156 2767 lepra

96 2779 247 2826 peccati.

143 2838 191 2874 Et
207 2840 358 2886 respexit
377 2840 498 2876 Aaron
520 2840 565 2875 ad
586 2840 753 2884 Mariam,
769 2846 800 2876 et
819 2852 895 2876 ecce
915 2847 990 2877 erat
1005 2841 1154 2888 leprosa.

97 2899 146 2936 Et
165 2900 255 2936 dixit
272 2900 394 2936 Aaron
412 2901 458 2936 ad
478 2899 624 2948 Moysen
646 2911 658 2936 .·
677 2900 822 2945 Precor,
839 2902 999 2947 Domine,
1017 2914 1058 2938 ne
1073 2914 1157 2938 con-

97 2960 219 2996 tuleris
242 2961 280 2997 in
300 2972 362 2997 nos
385 2969 586 3008 peccatum,
609 2963 773 3009 quoniam
797 2963 1035 3009 iquoravimus
1062 2964 1155 3010 quod
1173 2944 1208 2984 D

97 3022 313 3068 peccavimus
331 3031 343 3056 .·
361 3033 404 3058 ne
427 3022 491 3068 fiat
519 3023 632 3058 simile
658 3024 777 3067 morti,
804 3030 836 3059 et
860 3031 897 3060 ut
923 3025 1068 3062 aborsus
1087 3026 1158 3072 eje-

98 3087 173 3118 ctus
201 3082 244 3118 de
271 3082 372 3118 vulva
398 3085 535 3120 matris.
566 3084 613 3119 Et
647 3084 794 3121 comedit
825 3086 1009 3122 dimidium
1041 3087 1158 3123 carnis

97 3142 188 3188 ejus.
217 3142 302 3178 Vult
328 3142 366 3178 in
386 3142 454 3179 hoc
477 3144 690 3187 ostendere,
722 3145 806 3190 quia
833 3146 983 3192 populus
1001 3147 1061 3183 ille
1083 3147 1157 3183 t'or-

97 3206 220 3239 matus
238 3202 276 3238 in
292 3202 397 3239 vulva
415 3203 561 3249 quidem
579 3203 690 3240 suerit
710 3215 783 3240 suae
802 3206 933 3242 matris
953 3217 1155 3254 synagogae,

98 3272 170 3299 non
181 3268 300 3299 tamen
310 3264 500 3310 pervenire
512 3264 672 3311 potuerit
686 3264 731 3300 ad
746 3264 912 3301 effectum
927 3271 962 3302 et
977 3266 1156 3313 integrum

98 3329 264 3373 partum3
292 3324 386 3362 sicut
410 3326 507 3362 enim
534 3325 686 3362 aborsus
711 3325 944 3373 imperfectus
961 3333 998 3364 et
1020 3328 1158 3365 incom-

98 3385 238 3432 positus
252 3390 309 3422 est
325 3390 466 3432 partus,
485 3386 536 3422 ita
555 3391 592 3422 et
610 3385 668 3423 ille
692 3387 845 3433 populus
871 3388 1054 3434 aliquanto
1077 3391 1159 3436 qui-

101 3444 184 3481 dem
207 3450 372 3492 tempore
396 3446 492 3482 intra
515 3446 660 3482 vulvam
685 3447 813 3483 matris
828 3475 838 3491 ,
861 3448 931 3484 hoc
956 3454 1034 3491 est,
1062 3449 1159 3484 intra

101 3515 291 3554 synagogoe
313 3506 576 3544 institutionem
595 3507 734 3553 positus
750 3513 826 3551 est;
848 3507 912 3543 sed
928 3508 1088 3553 peccatis
1106 3508 1158 3543 in-

101 3567 368 3606 tercedentibus
382 3568 535 3605 formari
551 3569 596 3605 ad
611 3569 804 3614 integrum,
822 3568 1071 3614 vivificarique
1086 3578 1158 3604 non

102 3628 231 3672 potuit.
255 3629 302 3666 Et
325 3630 408 3668 ideo
432 3630 563 3678 abiecti
590 3636 674 3667 sunt
699 3631 796 3667 velut
815 3630 966 3667 aborsus
988 3629 1158 3676 imperse-

105 3690 242 3732 ctuset
251 3688 490 3734 imnum-us,
512 3698 663 3737 peccato
686 3691 825 3727 scilicet
850 3696 1086 3728 consumente
1105 3690 1160 3725 di-

104 3747 277 3795 midium,
293 3753 338 3793 ut
351 3752 424 3798 ait,
449 3752 567 3789 camis
593 3751 684 3794 ejus.
704 3751 750 3788 Et
769 3756 892 3788 tamen
916 3750 1098 3788 interdum
1122 3753 1163 3787 et.

38 3911 97 4016 d

1224 2124 1303 2155 ctus
1332 2125 1401 2156 est.
1437 2120 1481 2155 Et
1511 2130 1638 2156 revera
1673 2120 1701 2156 si
1739 2120 1948 2157 consideres
1978 2121 2154 2157 honorem
2184 2121 2286 2158 illum

1223 2181 1405 2227 priorem,
1429 2191 1511 2217 cum
1536 2181 1753 2227 pontificalis
1783 2182 1877 2228 apud
1906 2192 1970 2219 eos
1996 2184 2085 2219 ordo
2118 2182 2286 2227 florebat,

1223 2253 1306 2278 cum
1332 2243 1486 2289 insignia
1512 2243 1741 2278 sacerdotum
1754 2270 1763 2286 ‚
1786 2253 1868 2279 cum
1887 2243 2049 2280 Levitica
2068 2244 2286 2288 ministeria,

1224 2314 1306 2339 cum
1333 2304 1505 2349 majestas
1524 2305 1667 2349 templi,
1688 2313 1770 2340 cum
1795 2306 2019 2351 prophetalis
2045 2306 2229 2351 splendor,
2250 2310 2288 2341 et

1224 2375 1306 2400 cum
1331 2365 1540 2400 coelestibus
1570 2375 1678 2410 super
1701 2371 1834 2403 terram
1859 2366 2050 2401 consortiis
2076 2367 2286 2410 utebantur,

1224 2426 1285 2470 qui
1311 2425 1427 2460 honor
1458 2424 1527 2460 suit
1545 2426 1604 2461 ille
1619 2453 1628 2468 ,
1648 2436 1728 2471 quse
1750 2425 1886 2471 gloria?
1911 2426 1955 2460 Et
1974 2437 2117 2461 rursum
2139 2427 2168 2462 si
2188 2436 2286 2463 nunc

1225 2487 1393 2533 aspicias,
1414 2492 1550 2532 quanto
1569 2487 1613 2522 de
1631 2487 1760 2522 decore
1781 2487 2008 2528 horrescant,
2031 2487 2109 2522 sine
2136 2486 2284 2532 templo,

1225 2548 1301 2584 sine
1323 2547 1451 2590 altari,
1476 2547 1553 2582 sine
1584 2546 1785 2589 sacrificio,
1817 2547 1894 2582 sine
1921 2547 2131 2592 prophetia,
2152 2554 2186 2582 et
2207 2547 2287 2585 sine

1225 2607 1428 2643 sacerdotio
1441 2633 1451 2649 ,
1476 2607 1554 2642 sine
1571 2606 1641 2641 ulla
1663 2607 1801 2642 coelesti
1821 2607 2029 2642 visitatione
2049 2606 2199 2652 dispcrsi
2217 2617 2284 2653 per

1225 2678 1366 2703 omnem
1389 2673 1525 2703 terram
1541 2694 1549 2708 ,
1570 2666 1719 2713 profuge
1737 2667 1919 2708 viventes,
1945 2667 2026 2712 quis
2043 2676 2113 2702 non
2135 2666 2285 2702 eviden-

1225 2735 1280 2764 ter
1294 2733 1478 2775 agnoscot‚
1499 2729 1678 2773 quomodo
1695 2728 1862 2774 conspuit
1878 2733 1982 2773 pater
1999 2728 2078 2774 eius
2098 2728 2133 2763 in
2155 2726 2285 2763 faciem

1225 2788 1321 2834 ejus,
1351 2794 1388 2824 et
1411 2788 1569 2834 perfudit
1593 2788 1714 2824 vultus
1740 2798 1866 2824 eorum
1892 2788 2112 2834 ignominia?
2139 2787 2287 2834 Septem

1225 2860 1310 2896 ergo
1331 2850 1458 2903 diebus
1484 2856 1671 2893 separatur
1691 2855 1793 2884 extra
1819 2855 1951 2884 castra.
1974 2849 2136 2884 Diximus
2152 2849 2227 2894 jam
2247 2848 2285 2884 in

1226 2910 1473 2956 superioribus
1490 2910 1586 2955 quod
1604 2915 1741 2955 septem
1759 2909 1837 2946 dies
1856 2909 1914 2944 isti
1930 2910 2168 2956 septimanam
2184 2919 2289 2944 mun-

1226 2972 1261 3008 di
1292 2971 1399 3016 hujus
1434 2971 1636 3017 designent.
1674 2971 1713 3006 ln
1749 2970 1952 3017 septimana
1990 2970 2086 3006 enim
2123 2969 2285 3013 dierum,

1222 3039 1401 3070 creaturae
1417 3033 1528 3069 totius
1546 3033 1700 3069 visibilis
1714 3033 1902 3078 productae
1920 3031 2089 3067 videntur
2104 3040 2185 3066 esse
2204 3029 2288 3066 sub-

1223 3095 1379 3131 stantiae.
1406 3094 1508 3130 Tunc
1534 3094 1630 3130 enim
1662 3104 1743 3139 quae
1769 3103 1842 3129 non
1868 3091 2116 3135 erant,·l'acta
2136 3088 2286 3126 sunt.1n

1224 3155 1427 3202 septimana
1451 3164 1539 3190 vero
1566 3154 1677 3190 totius
1705 3153 1853 3193 mundi,
1889 3155 2029 3187 secreta
2063 3149 2218 3195 quadam
2249 3151 2286 3182 et

1226 3215 1300 3250 Deo
1319 3214 1462 3260 cognita
1489 3214 1757 3258 dispensatione
1771 3239 1780 3255 ,
1801 3221 1881 3256 quae
1902 3216 1987 3245 tunc
2011 3209 2185 3255 producta
2201 3210 2286 3242 sunt

1228 3274 1469 3320 explicantur.
1497 3273 1647 3309 Interim
1674 3272 1710 3307 in
1739 3271 1806 3306 hac
1832 3268 2031 3314 septimana
2060 3275 2130 3311 qua
2159 3273 2287 3311 seque·

1229 3341 1344 3373 strata
1380 3342 1435 3371 εει
1467 3335 1607 3376 Maria,
1642 3342 1713 3368 non
1750 3335 1939 3366 moventur
1971 3331 2094 3364 castra
2127 3325 2285 3363 liliorum

1226 3399 1358 3442 lsrael,
1378 3399 1440 3435 sed
1461 3402 1559 3434 stant
1573 3406 1646 3432 uno
1670 3396 1705 3431 in
1724 3395 1804 3430 loco
1831 3391 2012 3435 conclusi,
2032 3395 2070 3427 et
2092 3391 2212 3428 nullus
2229 3397 2286 3428 est

1227 3459 1282 3495 eis
1303 3458 1450 3494 omnino
1471 3455 1675 3502 profectus,
1692 3455 1806 3490 donec
1825 3451 2020 3488 mundetur
2048 3450 2160 3489 Maria
2187 3461 2208 3488 a
2233 3451 2286 3489 le-

1227 3529 1293 3566 pra
1307 3527 1386 3553 sua.

1643 3571 1795 3609 CAPUT
1821 3571 1867 3608 X.

1230 3640 1280 3675 De
1299 3635 1482 3673 duodecim
1510 3633 1787 3681 exploratoribus
1811 3632 1928 3668 missis
1953 3643 1975 3668 a
2002 3631 2124 3678 Moyse
2148 3630 2186 3667 in
2210 3637 2283 3667 ter-

1316 3695 1391 3720 ram
1410 3681 1594 3723 chanaan,
1615 3687 1645 3716 et
1666 3680 1708 3715 de
1724 3680 1778 3715 his
1792 3690 1868 3726 quoe
1890 3679 1970 3713 inde
1987 3684 2082 3724 qesta
2098 3683 2194 3713 sunt.

1230 3766 1237 3774 ν-
1277 3745 1378 3793 (Cn.
1400 3741 1498 3790 xm.)
1517 3740 1703 3788 Profectus
1723 3745 1774 3776 est
1791 3738 1940 3787 populus
1957 3737 2001 3775 de
2023 3737 2186 3784 Aser-oth,
2202 3737 2288 3785 fixi,

2208 174 2337 218 666⁴
