2540 4016
14 161 151 231 ἰω

31 3861 51 3892 Ι

691 180 1027 230 mosrrtortns
1051 181 1096 218 IN
1122 182 1460 222 LEvthCUM.·-
1482 185 1569 223 Lm.
1594 187 1655 225 Vl.

2240 90 2293 130 ἡ..

2173 199 2246 240 470

79 264 151 302 lam
164 262 327 311 proferre
345 260 603 309 turpitudinem
627 257 720 304 eius,
749 257 928 295 tradendo
954 267 1017 294 eas
1045 267 1126 303 quae
1143 260 1179 300 Α
1194 268 1306 294 uxore
1337 258 1458 304 patrui
1482 259 1641 305 primum
1661 261 1863 306 prohibuit,
1887 271 2055 310 quamvis
2070 272 2150 311 Μ
2171 285 2246 315 mn

78 319 174 375 apud
191 333 274 361 enm
289 325 373 361 sunt
387 316 499 358 eletas
522 323 559 356 et
576 329 720 357 errores
735 329 827 365 quos
844 318 955 355 habet
974 322 1011 354 et
1028 317 1130 354 fron-

77 390 152 423 tem
171 385 284 428 totius
305 374 440 431 erroris
462 383 702 428 exponentem
721 391 733 416 .·
752 379 838 428 quia
858 379 917 415 his
935 378 1130 426 publicatis

77 447 216 484 revelat
234 451 270 483 et
286 439 362 495 ipsa
384 442 521 480 fluxum
538 441 727 487 sanguinis
746 432 814 482 sui,
837 439 875 476 id
897 445 967 484 est,
987 450 1030 476 ea
1050 449 1130 485 quae

77 515 161 546 sunt
180 509 224 547 de
241 505 435 544 sacrificiis
456 503 633 540 idolorum
650 501 968 544 subintroducens,
982 505 1131 547 propter

77 571 173 618 quod
188 580 259 610 non
274 567 486 615 simpliciter
501 566 606 610 dixit,
614 565 881 611 interficientur,
893 565 956 601 sed
971 563 1127 600 addidit:

77 632 119 666 de
136 630 250 666 medio
276 629 395 676 populi
426 629 495 672 sui,
522 627 580 664 vel
600 627 798 664 secundum
828 626 1063 673 Septuaginta
1088 636 1131 661 ea:

76 701 200 738 qenerc
233 701 321 732 suo‚·
355 690 440 735 quia
466 690 529 736 qui
559 689 774 736 sapientiam
798 688 909 724 tradit
929 687 1129 734 gentilium,

76 760 154 797 quae
172 749 432 795 praevaricatur
451 744 663 785 Creatorem
687 755 866 792 nostrum,
886 753 923 784 et
942 747 1131 783 scientiam

75 811 166 858 ejus,
185 814 222 846 et
239 809 423 856 pietatem,
455 820 527 845 non
548 814 604 845 est
624 809 761 856 justum
777 808 853 853 iam
868 807 1129 844 utnominetur

75 871 198 911 homo,
215 869 278 905 sed
302 874 338 904 et
356 869 550 915 imaginem
573 869 636 904 Dei
654 869 889 913 semetipsum
913 866 1127 912 ignorando,

75 932 281 968 Creatorem
315 931 489 976 privavit,
530 935 568 966 et
599 930 679 965 ideo
718 929 934 964 interficitur
970 928 1015 963 de
1055 938 1131 963 me-

75 993 133 1028 dio
161 991 306 1038 populo,
340 991 416 1026 sive
445 991 488 1025 de
518 999 650 1034 genere
681 998 761 1031 suo,
789 993 829 1022 ut
861 998 934 1023 non
960 988 1036 1033 jam
1073 997 1130 1023 sa-

74 1052 209 1099 pientia
230 1050 449 1092 nominetur‚
465 1048 529 1083 sed
544 1052 668 1084 careat
689 1048 785 1092 quod
802 1047 930 1083 habuit
950 1046 1041 1082 salso
1061 1057 1127 1082 no-

74 1113 172 1148 mine
191 1116 299 1156 atque
317 1110 414 1154 licto,
438 1114 531 1145 teste
549 1109 660 1145 Paulo
682 1109 744 1154 qui
764 1110 841 1144 ait:
862 1108 1044 1156 Sapientia
1064 1110 1129 1144 ltu-

71 1172 129 1218 jus
147 1170 269 1206 mundi
289 1169 438 1206 stultitia
461 1175 511 1204 est
530 1169 623 1216 apud
641 1169 754 1204 Deum
773 1168 808 1214 (l
830 1169 911 1204 Cor.
932 1168 983 1215 v).

123 1231 389 1278 Turpitudinem
412 1236 609 1266 matertera?
637 1236 670 1265 et
698 1231 815 1265 amitte
835 1237 905 1264 tuce
925 1241 993 1265 non
1010 1229 1127 1264 disco-

78 1292 224 1339 operies,
240 1291 299 1338 qut
320 1292 383 1326 hoc
400 1291 533 1337 lecerit,
551 1290 779 1336 iqnominiam
798 1290 914 1324 carnis
928 1300 1001 1324 sua?
1019 1289 1132 1324 nuda-

75 1355 136 1396 vit,·
150 1353 337 1400 portabunt
352 1353 452 1388 antbo
468 1352 687 1399 iniquitatem
703 1361 815 1386 suam.
835 1350 906 1398 <Eas
925 1348 1128 1396 Hesychia.)

72 1413 146 1450 Nec
176 1414 363 1450 sororibus
388 1412 559 1460 praecepit
589 1422 716 1447 eorum
742 1411 804 1456 qni
835 1421 900 1446 nos
929 1414 1131 1456 genuerunt

73 1475 314 1517 commisceri,
342 1479 415 1509 tam
433 1478 583 1519 propter
603 1472 872 1518 generationes,
890 1476 929 1506 ut
950 1481 1021 1505 non
1043 1480 1128 1505 con-

75 1535 286 1576 fundantur,
317 1544 423 1579 quam
453 1538 495 1568 ut
523 1537 787 1577 competentem
808 1531 1048 1566 reverentiam
1069 1540 1130 1576 pa-

74 1596 239 1631 rentibus
272 1603 541 1635 conservemus,
574 1598 722 1638 propter
752 1602 815 1627 eos
836 1597 872 1627 et
890 1601 910 1626 a
942 1591 1128 1627 sororibus

74 1668 198 1694 eorum
216 1657 447 1698 abstinentes,
478 1655 575 1702 quod
603 1654 771 1690 similiter
795 1659 829 1690 et
847 1655 1045 1690 secundum
1061 1655 1130 1699 spi-

74 1719 183 1755 ritum
215 1717 402 1763 intelligis,
428 1721 467 1752 ut
488 1727 561 1752 non
594 1715 708 1752 solum
740 1716 903 1752 velentur
935 1722 1129 1761 parentum

74 1785 223 1828 peccata
243 1779 385 1815 silentio
400 1783 435 1814 et
451 1778 643 1813 tradantur
660 1777 848 1820 oblivioni,
870 1776 931 1813 sed
948 1782 984 1812 et
1002 1787 1126 1812 eorum

74 1841 135 1886 qni
156 1840 207 1875 eis
225 1837 351 1874 sociati
376 1842 477 1879 sunt,
496 1837 591 1871 unde
609 1841 646 1872 et
666 1846 792 1871 eorum
819 1835 952 1872 fratres
970 1847 1050 1872 esse
1072 1836 1127 1872 di-

74 1906 216 1937 cuntur.
237 1898 415 1934 Silcamus
430 1904 550 1932 autem
571 1897 714 1932 illorum
734 1903 895 1943 peccata,
916 1899 1000 1943 quia
1016 1899 1129 1933 nuda-

72 1962 120 1997 tis
134 1961 204 1996 illis
220 1959 333 1996 latere
352 1969 420 1994 nec
436 1964 607 2005 parentes
626 1963 792 2004 possunt,
807 1958 903 1994 unde
921 1959 971 1994 ait
990 1970 998 1993 ε
1019 1958 1127 2004 19ηο-

72 2023 217 2060 ntiniam
244 2021 359 2056 carnis
384 2031 457 2055 suae
484 2019 640 2055 nudavit.
660 2019 726 2064 Qui
747 2024 867 2055 autem
888 2020 956 2055 hoc
975 2019 1123 2062 faciunt,

1199 318 1382 365 cognatio,
1416 318 1480 354 sed
1512 318 1669 359 affinitas
1700 321 1925 366 perhibetur.
1959 325 2031 362 Sed
2060 333 2147 375 quid
2173 341 2246 382 est,

1196 379 1271 416 sine
1295 379 1379 424 filiis
1398 381 1607 424 morientur,
1622 390 1704 416 cum
1720 380 1783 418 filii
1801 393 1846 421 ex
1868 383 2074 430 hujusmodi
2094 393 2247 438 conjun-

1196 439 1377 476 ctionibus
1395 446 1434 476 et
1449 445 1531 477 ante
1550 441 1627 479 nati
1642 446 1740 486 sunt,
1762 447 1799 478 et
1821 443 2004 492 hodieque
2030 454 2249 488 nascantur?

1195 499 1253 536 An
1288 500 1358 536 hoc
1389 501 1661 549 intelligendum
1690 507 1748 538 est.
1779 503 1859 550 lege
1892 504 1957 542 Dei
1985 507 2222 547 constitutum
2237 537 2249 555 ‚

1196 561 1250 597 uti
1270 561 1475 607 quicunque
1499 572 1544 598 ex
1563 562 1615 599 eis
1644 563 1719 599 nati
1753 563 1901 608 suerint,
1935 576 2008 602 non
2033 568 2250 614 deputentur

1197 621 1281 664 filii,
1312 621 1349 657 id
1376 628 1444 666 est,
1470 623 1568 659 nullo
1599 625 1812 669 parentibus
1840 625 1924 672 jure
1953 629 2162 666 succedant.
2188 630 2254 669 Se-

1198 683 1321 728 quitur
1339 696 1347 718 :

1247 743 1316 786 Qui
1344 744 1483 780 duxerit
1499 750 1642 780 uxorem
1660 743 1782 790 fratris
1795 746 1864 791 sui,
1881 758 1954 783 rem
1968 748 2055 794 facit
2073 748 2251 796 illicitam,

1197 797 1448 850 turpitudinem
1478 805 1599 852 [ratris
1617 807 1672 842 sui
1693 806 1868 850 revelabit,
1895 808 2023 856 absque
2040 809 2123 856 filiis
2137 817 2252 848 erunt.

1199 860 1283 909 (Ex
1316 863 1533 912 Hesychia.)
1577 864 1742 902 Ostendit
1787 877 1873 914 ergo
1911 868 2096 916 legislator
2115 897 2126 915 ,
2164 872 2250 919 quia

1198 923 1355 959 maxime
1375 924 1530 960 liliorum
1550 936 1660 962 causa
1682 912 1704 962 ἃ
1719 932 1895 972 creatore,
1923 930 2098 966 societate
2114 941 2252 978 praece-

1197 984 1250 1028 pit
1267 990 1432 1020 naturam
1450 986 1631 1033 conjungi,
1650 999 1692 1023 ea
1709 989 1840 1036 quippe
1858 1000 1937 1036 quae
1961 1002 2056 1028 nunc
2082 998 2253 1039 tanquam

1198 1044 1453 1080 abominabilia
1483 1047 1753 1093 incongruaque
1769 1050 1965 1094 prohibuit.
1990 1052 2056 1088 Est
2082 1053 2181 1089 enim
2196 1063 2256 1090 re·-

1198 1115 1283 1141 vera
1308 1106 1561 1153 incongruum,
1591 1113 1628 1144 et
1651 1107 1899 1153 jumentorum
1919 1112 2005 1148 vitae
2031 1113 2255 1160 proximum,

1145 1166 1178 1206 Β
1197 1166 1371 1201 uxorlbus
1396 1166 1549 1202 fratrum
1573 1172 1608 1204 et
1630 1174 1880 1215 cognatorum,
1906 1170 2108 1208 vicinorum
2123 1173 2257 1210 videli-

1198 1231 1267 1270 cet,
1291 1228 1532 1264 commisceri.
1554 1229 1598 1265 Et
1624 1230 1701 1266 haec
1718 1231 1752 1266 in
1768 1231 1838 1267 alia
1864 1237 1968 1278 parte
1991 1233 2096 1280 legis,
2123 1235 2159 1271 id
2179 1241 2249 1279 est,

1197 1286 1234 1322 in
1269 1287 1362 1322 libro
1395 1288 1680 1333 Deuteronomii,
1718 1301 1789 1326 nou
1822 1291 1937 1327 solum
1962 1295 2148 1340 praecepit,
2190 1296 2254 1332 sed

1195 1348 1303 1383 'etiam
1333 1349 1506 1394 compulit
1533 1350 1655 1386 dicens
1673 1360 1683 1385 :
1707 1350 1857 1393 Quando
1877 1351 2109 1390 habitaverint
2128 1354 2256 1401 fratres

1197 1406 1315 1449 simul,
1338 1413 1368 1442 et
1398 1419 1490 1443 unus
1515 1420 1557 1444 ex
1582 1409 1630 1444 eis
1651 1410 1779 1456 absque
1802 1409 1920 1446 liberis
1946 1418 2104 1448 mortuus
2133 1414 2254 1460 suerit,

1196 1478 1287 1502 uxor
1306 1468 1462 1513 defuncti
1484 1480 1552 1504 non
1577 1469 1679 1504 nubet
1705 1469 1822 1513 alteri,
1842 1471 1903 1506 sed
1919 1473 2062 1519 accipiet
2085 1484 2163 1509 eum
2182 1474 2256 1521 fra-

1197 1533 1249 1561 ter
1263 1527 1352 1573 ejus,
1371 1534 1402 1562 et
1419 1529 1600 1563 suscitabit
1617 1540 1733 1565 semen
1753 1530 1873 1575 fratris
1889 1532 1959 1576 sui,
1978 1538 2014 1568 et
2030 1533 2088 1569 his
2104 1534 2251 1571 similia.

1198 1589 1286 1625 Cum
1309 1595 1429 1626 autem
1450 1590 1562 1626 sratcr
1585 1602 1657 1627 non
1689 1592 1814 1636 suerit,
1840 1595 2057 1630 avunculum
2083 1602 2146 1632 aut
2170 1608 2253 1633 eum

1197 1650 1258 1694 qui
1287 1649 1391 1684 aliter
1405 1654 1461 1686 est
1476 1660 1520 1685 cx
1542 1651 1655 1696 patris
1672 1653 1899 1697 cognatione,
1920 1654 2052 1690 ducere
2068 1656 2256 1693 mulierem

1199 1710 1358 1746 defuncti
1375 1711 1452 1746 sine
1467 1711 1568 1756 filiis,
1586 1712 1772 1758 praecepit,
1790 1714 2093 1759 quemadmodum
2108 1721 2144 1752 et
2157 1715 2255 1753 Booz

1197 1771 1294 1807 Ruth
1330 1771 1526 1807 secundum
1572 1772 1686 1818 legem
1728 1774 1951 1819 cognationis
1994 1776 2146 1823 accepit.
2192 1775 2255 1815 Sic

1195 1833 1357 1869 libidinis
1371 1834 1516 1878 quidem
1536 1844 1647 1870 causa
1671 1833 1761 1881 sugit
1776 1843 2012 1882 cognatorum
2030 1838 2254 1876 commistio-

1197 1903 1280 1928 nem
1301 1893 1585 1939 societatemque
1609 1895 1800 1940 prohibet3
1822 1897 1966 1942 quando
1988 1904 2110 1934 autem
2130 1910 2256 1937 rursus

1196 1961 1338 2000 oportet
1354 1966 1373 1990 a
1394 1956 1687 1993 tribulationibus
1702 1959 1891 1995 sublevare
1907 1960 1963 1995 vel
1983 1961 2141 2004 casibus,
2162 1972 2255 2008 prae-

1197 2016 1284 2062 cipit
1300 2021 1335 2051 et
1354 2016 1428 2051 vult
1449 2017 1606 2062 nuptias,
1632 2019 1754 2053 nonin
1773 2019 1969 2065 pollutione
1998 2022 2256 2068 corruptionis,

74 2082 131 2118 cui
163 2091 278 2129 poenae
308 2080 590 2116 submittuntur?
621 2080 810 2126 portabunt
840 2080 956 2123 ambo,
991 2080 1123 2125 inquit,
1144 2068 1173 2110 C
1196 2077 1258 2112 sed
1274 2077 1318 2112 ad
1335 2078 1603 2113 successionem
1620 2078 1777 2124 generis,
1796 2078 1976 2125 conjungi.
1993 2080 2146 2127 Propter
2162 2083 2258 2127 quod

73 2144 292 2190 iniquitatem
319 2153 434 2185 suam,
464 2141 700 2188 Septuaginta
729 2146 850 2177 autem
877 2142 1023 2184 addunt,
1054 2141 1128 2176 sine

74 2204 158 2252 filiis
179 2205 388 2247 morientur,
407 2203 491 2249 quia
515 2213 587 2238 non
603 2202 758 2238 invicem
783 2212 848 2238 sua
866 2202 1027 2248 pondera
1050 2212 1129 2247 por-

75 2270 168 2307 tant,
195 2265 257 2300 sed
279 2262 465 2299 diffamant
492 2269 598 2309 atque
615 2262 854 2299 disseminant
876 2268 1125 2310 cognatorum,

75 2331 148 2361 tam
178 2324 374 2360 secuudum
406 2333 552 2360 carnem
583 2333 690 2370 quam
726 2324 923 2360 secundum
961 2324 1128 2370 spiritum

74 2390 235 2433 peccata,
262 2385 339 2420 sine
364 2385 561 2420 virtutibus
590 2385 820 2420 morientur:
842 2386 938 2431 quod
964 2391 1018 2421 est
1048 2395 1129 2430 pes-

75 2447 166 2484 sima
187 2446 372 2489 sterilitas,
393 2446 457 2482 filii
478 2446 611 2483 etenim
634 2457 700 2482 nos
721 2452 881 2492 tempore
901 2445 1028 2491 judicii
1056 2456 1128 2481 non

68 2507 209 2554 juvant,
228 2509 378 2544 virtutes
398 2514 518 2544 autem
533 2508 673 2554 juvant,
694 2519 848 2554 quarum
872 2519 982 2544 causa
1002 2508 1126 2544 videli-

75 2574 133 2606 cet
150 2579 388 2613 coronamur-3
422 2580 574 2615 quarum
607 2570 797 2606 sterilitate
829 2570 987 2606 animam
1017 2579 1130 2614 aegro-

74 2634 155 2665 tare
175 2629 415 2668 miserrimum
434 2634 502 2665 est.
522 2629 651 2665 Ornari
671 2635 792 2664 autem
811 2629 1018 2674 hujusmodi
1039 2629 1129 2664 lilio-

76 2700 157 2726 rum
192 2690 424 2734 generatione
455 2689 688 2725 beatitudinis
722 2694 797 2725 est:
814 2694 851 2726 et
870 2690 939 2725 hoc
967 2694 1022 2724 est
1047 2699 1129 2725 cum

75 2751 169 2788 Isaia
182 2751 302 2786 dicere
322 2750 365 2786 :A
382 2751 472 2796 facie
488 2756 563 2794 tua,
575 2750 966 2796 Domine‚concepimus
981 2756 1012 2785 et
1030 2750 1130 2796 quasi

74 2812 321 2859 parturivimus
338 2817 370 2847 et
385 2812 579 2858 peperimus
592 2812 753 2858 spiritum
766 2810 891 2846 salutis
906 2810 1128 2860 [justitiam],

75 2884 145 2908 non
163 2873 306 2919 fecimus
320 2873 357 2909 in
373 2879 502 2909 terram
523 2872 615 2921 (Isa.
636 2872 729 2917 xvi),
757 2877 793 2908 et
807 2872 885 2908 haec
903 2873 1074 2919 intelligis
1094 2879 1130 2909 et

77 2945 156 2980 quae
172 2935 451 2980 subsequuntur.

126 2995 194 3036 Qui
219 2996 339 3031 coierit
367 3006 444 3030 cum
464 3002 574 3031 umore
595 2995 715 3041 patrui
742 2994 795 3030 vel
819 2995 982 3031 avunculi
1002 2995 1069 3037 sui,
1094 3001 1126 3031 et

79 3055 278 3090 revelaverit
311 3055 542 3101 iqnominiam
573 3055 790 3100 cognationis
822 3065 906 3097 auoe,
939 3056 1126 3102 portabunt

80 3116 182 3151 ambo
199 3121 379 3162 peecatum
401 3124 520 3158 suum,
547 3115 674 3162 absque
694 3114 810 3151 liberis
827 3116 1038 3152 mortaniam
1060 3116 1126 3153 Se-

80 3175 236 3212 cundum
266 3175 375 3213 aliam
410 3175 606 3212 editionem
636 3176 686 3212 ita
727 3175 860 3222 legitur
884 3187 894 3211 z
923 3175 1128 3222 Quicunque

78 3235 260 3272 donnierit
278 3246 357 3272 cum
379 3242 526 3282 cognata
544 3247 620 3278 sua,
644 3235 896 3282 turpitudinem
910 3236 1128 3281 cognationis

82 3306 155 3333 Μαι
183 3295 358 3338 revelabit,
380 3296 454 3332 sine
471 3295 555 3341 filiis
569 3296 775 3332 morientur.
808 3295 880 3343 (Ex
902 3295 1129 3344 Augustino.)

71 3355 264 3400 ,Quaeritur
292 3365 481 3402 quousque
506 3356 554 3392 sit
584 3355 818 3402 intelligenda
849 3356 919 3392 ista
947 3357 1129 3401 cognatio,

82 3424 166 3454 eum
183 3426 228 3452 ex
246 3415 355 3464 lengo
374 3416 489 3463 grado
507 3415 614 3453 liceat
633 3415 757 3461 utique
775 3415 942 3462 accipere
966 3426 1131 3459 uxorem,

84 3484 298 3524 semperque
327 3476 493 3515 licuerit?
521 3476 593 3513 Sed
621 3475 896 3523 intelligendum
912 3481 981 3518 est,
1008 3486 1055 3512 ex
1075 3476 1134 3511 his

84 3535 253 3583 amitus
279 3547 372 3584 quos
400 3537 585 3584 prohibuit
613 3547 686 3574 non
713 3536 836 3580 licere,
865 3540 903 3572 et
930 3536 1129 3573 secundum

86 3594 188 3643 Μ
216 3598 351 3638 dietum
378 3609 388 3635 ε
425 3598 631 3645 Quicunque
658 3597 841 3635 dormierit
871 3607 951 3632 cum
982 3601 1130 3642 cognata

85 3657 303 3701 *mmet
323 3659 441 3706 auqnn
469 3666 543 3697 non
569 3663 865 3702 mmmemorata,
897 3656 1131 3704 intelligenda

89 3714 245 3763 dimisit.
273 3718 368 3761 mut
398 3730 561 3762 morem
589 3721 637 3761 de
664 3725 819 3766 utroque
849 3722 1014 3765 parente,
1039 3717 1132 3752 sicut

88 3784 242 3818 uorem
265 3774 392 3831 m
411 3781 567 3826 mutis.
590 3780 630 3820 td
655 3787 725 3824 est,
761 3779 944 3819 avunculi.
974 3777 1066 3816 Nam
1088 3777 1133 3814 de

1196 2142 1233 2174 et
1251 2148 1331 2173 eum
1355 2138 1416 2184 qui
1449 2139 1501 2174 sic
1530 2138 1703 2174 miscetur
1737 2140 1814 2175 sine
1841 2139 1923 2176 filiis
1953 2142 2044 2176 mori
2071 2143 2255 2189 praecepit.

1195 2197 1256 2233 Ait
1284 2198 1557 2244 enimzAbsque
1590 2198 1676 2244 filiis
1710 2206 1833 2244 erunt,
1867 2201 1951 2246 quia
1983 2200 2140 2238 liliorum
2172 2213 2253 2249 pro-

1196 2260 1400 2296 creationes
1431 2259 1548 2305 legem
1569 2260 1662 2296 male
1682 2262 1816 2297 utendo
1833 2261 2009 2298 confudit.
2043 2263 2135 2308 Quid
2166 2273 2254 2311 ergo

1196 2325 1252 2356 est
1271 2321 1364 2356 mori
1394 2321 1471 2356 sine
1493 2321 1606 2356 liliis?
1625 2321 1701 2357 Hoc
1727 2322 1823 2358 enim
1851 2323 1887 2358 in
1906 2324 1972 2359 hac
1995 2324 2075 2369 lege
2093 2334 2255 2370 quaerere

1196 2381 1354 2416 maxime
1385 2382 1633 2416 necessarium
1659 2387 1740 2417 est:
1763 2388 1884 2417 utrum
1915 2383 2008 2420 filios
2041 2394 2167 2420 eorum
2190 2383 2255 2431 qui

1197 2442 1372 2477 uxoribus
1405 2441 1559 2477 fratrum
1592 2444 1925 2488 avunculorumque
1953 2449 2172 2489 nupserunt,
2200 2444 2239 2481 in

1197 2501 1316 2537 terimi
1340 2502 1574 2548 praeceperit;
1598 2508 1633 2538 et
1653 2505 1833 2548 quomodo
1852 2504 1903 2539 ait
1924 2516 1931 2538 :
1950 2503 2029 2540 Non
2054 2506 2255 2542 morientur

1198 2569 1319 2608 patres
1341 2573 1407 2609 pro
1426 2562 1522 2605 liliis,
1545 2573 1612 2598 nec
1637 2563 1699 2598 filii
1714 2574 1779 2603 pro
1799 2565 1986 2609 patribus?
2016 2566 2080 2601 sed
2105 2566 2239 2604 nullate

1198 2635 1267 2660 nus
1284 2633 1346 2659 eos
1366 2623 1458 2658 mori
1477 2624 1673 2669 praecepit;
1695 2625 1774 2660 sine
1803 2625 1885 2660 siliis
1917 2631 2036 2661 autem
2065 2626 2144 2662 illos
2162 2627 2254 2664 mori

1199 2685 1304 2727 dixit,
1333 2684 1530 2720 secundum
1560 2684 1795 2730 Septuaginta
1821 2685 1994 2721 duntaxat
2015 2686 2252 2732 interpretum

1199 2746 1407 2788 editionem,
1429 2749 1467 2779 ut
1487 2753 1557 2778 uon
1582 2750 1767 2790 reputetur
1791 2746 1843 2781 eis
1872 2746 2025 2781 liliorum
2052 2746 2248 2789 successio,

1199 2818 1267 2844 nec
1285 2807 1369 2843 filiis
1396 2817 1498 2842 suam
1531 2805 1739 2852 relinquant
1761 2806 2020 2842 haereditatem.
2040 2805 2116 2843 Hoc
2132 2811 2252 2842 autem

1200 2867 1359 2904 ostendit
1385 2867 1495 2903 etiam
1529 2866 1779 2913 Symmachus,
1808 2865 1919 2902 edens
1949 2865 2105 2911 planius,
2139 2866 2201 2902 sed
2220 2871 2256 2902 et

1202 2929 1442 2971 Theodotion,
1462 2928 1524 2974 qui
1542 2938 1607 2974 pro
1628 2938 1672 2964 eo
1700 2927 1797 2974 qued
1820 2926 1956 2963 dictum
1977 2932 2048 2971 est,
2071 2927 2145 2963 sine
2170 2927 2255 2974 filiis

1199 2991 1406 3032 morientur,
1425 2989 1498 3025 sine
1518 2987 1602 3034 filiis
1632 2994 1735 3023 erunt
1753 2992 1905 3033 uterque
1926 2987 2131 3024 ediderunt.
2154 2987 2257 3026 Unde

1197 3056 1235 3087 et
1253 3050 1454 3096 spiritalem
1471 3049 1808 3096 interpretationem
1828 3054 1866 3084 et
1879 3048 2138 3086 resolutionem
2157 3049 2257 3086 simi-

1198 3111 1269 3146 lem
1295 3111 1405 3146 habet
1431 3110 1688 3156 superioribus.
1712 3109 1890 3145 Custodite
1913 3108 2003 3155 {eyes
2028 3120 2122 3146 meas
2148 3115 2252 3156 atque

1192 3171 1332 3217 judicia
1359 3176 1390 3206 et
1417 3171 1521 3217 facite
1548 3182 1590 3207 ea
1609 3181 1622 3207 .·
1641 3181 1684 3206 ne
1712 3176 1743 3205 et
1777 3181 1834 3206 vos
1862 3175 1995 3205 evomat
2022 3175 2116 3206 terra
2142 3180 2249 3215 quam

1198 3233 1366 3268 intraturi
1396 3233 1478 3269 estis
1502 3239 1531 3268 et
1558 3232 1801 3268 inhabitaturi.
1830 3230 1903 3276 (Ex
1933 3230 2136 3276 Hesycltio.)
2166 3229 2244 3267 Non

1200 3294 1304 3330 nobis
1320 3293 1449 3330 sufficit
1467 3298 1606 3340 partem
1623 3292 1814 3338 quamdam
1833 3299 2047 3326 conservare
2066 3289 2168 3336 legis,
2185 3301 2253 3327 nec

1202 3364 1314 3389 unum
1340 3354 1483 3390 aliudve
1508 3351 1718 3388 mandatum
1736 3349 1779 3384 ad
1795 3348 2058 3384 correctionem
2074 3348 2156 3384 vitae
2171 3358 2253 3394 per-

1201 3425 1325 3462 agere,
1352 3415 1415 3450 sed
1443 3413 1564 3448 onmia
1593 3414 1772 3456 praecepta
1790 3407 1973 3452 etjudicia
1990 3408 2172 3445 custodire
2191 3420 2253 3444 ne-

1201 3485 1304 3511 cesse
1330 3475 1518 3515 habemus,
1545 3477 1768 3516 quaecunque
1789 3477 1809 3501 a
1828 3467 1901 3502 Deo
1919 3465 2044 3512 jussus
2069 3467 2253 3514 legislator

1202 3534 1359 3579 scripsit.
1390 3532 1475 3568 Haee
1506 3531 1601 3566 enim
1625 3529 1711 3564 dicit
1735 3530 1929 3572 proecepta‚
1962 3526 2021 3563 vel
2051 3527 2096 3564 de
2123 3528 2254 3574 quibus

1202 3594 1279 3640 ipse
1308 3592 1477 3628 dubitans
1505 3588 1710 3634 inquirebat
1728 3586 1857 3630 Deum.
1876 3591 1914 3624 et
1931 3585 1994 3623 illo
2014 3586 2140 3624 didicit
2154 3587 2253 3634 judi-

1203 3659 1321 3696 cante,
1350 3653 1444 3689 sicut
1477 3651 1513 3686 in
1535 3649 1609 3685 lilio
1634 3646 1845 3688 israelitidis
1868 3647 2045 3690 mulieris,
2069 3647 2251 3694 quilocu-

1203 3719 1262 3749 tus
1286 3717 1341 3749 est
1370 3709 1644 3757 blasphemiam.
1670 3707 1785 3755 Leges
1808 3706 1906 3746 enim
1923 3716 2005 3752 quie
2031 3706 2082 3742 ita
2103 3706 2253 3753 prolatae

1206 3779 1302 3817 suut,
1318 3771 1454 3818 judicia
1470 3770 1644 3806 nominat.
1673 3768 1743 3805 Per
1768 3768 1846 3806 hae
1870 3772 1991 3804 autem
2018 3771 2130 3803 totam
2158 3767 2251 3804 hante
