2540 4016
90 328 94 329 ⁷
130 329 200 367 ‘sto
214 326 407 364 crucifixus
426 337 506 363 sum
531 326 632 362 cruci
651 338 660 361 ι
680 327 764 362 vivo
789 330 910 361 autem
931 324 1008 369 jam
1035 336 1109 362 non

84 382 90 393 ”
126 416 138 435 ,
155 388 246 425 vivit
259 397 346 423 vero
368 388 405 423 in
421 396 479 422 me
495 385 663 422 Christus
682 384 778 432 (Gal.
804 384 860 432 ιι).
886 397 899 419 ι

56 474 61 475 ⁷
84 447 223 500 ζώω.)
249 461 263 483 ι
293 447 487 484 Duodecim
504 456 647 493 quoque
665 446 802 492 lapides
818 472 828 489 ,
853 455 944 490 quos
963 445 1007 480 de
1031 444 1111 480 Jor-

49 522 76 551 κ
101 510 205 548 danis
234 509 336 545 alveo
365 512 607 554 sumpserant,
632 506 754 553 posuit
777 505 885 541 Josue
917 505 954 540 in
982 503 1111 551 Galga-

100 571 160 614 lis,
191 582 205 604 ι
234 574 302 605 etc.
329 567 573 603 Transeuntes
596 566 717 612 itaque
746 565 810 600 filii
842 564 956 600 lsrael
979 562 1109 599 Jorda-

103 642 160 675 ιιι,
179 629 400 667 sustulerunt
417 628 462 664 de
489 627 606 664 medio
624 626 783 661 fluminis
806 624 995 661 duodecim
1020 624 1110 670 lapi-

80 694 82 697 ’
122 722 131 738 ,
150 703 240 740 quos
254 702 320 738 pro
342 691 548 727 testimonio
567 694 767 736 posuerunt
787 689 824 724 in
842 689 922 724 loco
942 688 1110 724 seeundoe

44 753 354 796 circumcisionis,
385 752 430 787 ad
463 750 738 797 significandum
762 750 866 785 nobis
894 755 934 784 ut
951 749 1034 784 dum
1065 748 1111 785 de

43 815 197 853 lavacro
221 814 494 860 consurgimus,
528 812 734 858 apostolicae
759 811 841 846 vitae
867 808 1030 853 exempla
1050 808 1110 843 fir-

43 877 213 914 missima
224 875 411 911 nobiscum
424 879 566 920 gestare
580 873 774 908 debeamus
788 883 796 905 ι
810 879 962 915 quorum
971 878 1112 914 semper

45 938 300 975 ttestimonium
316 937 360 972 ad
376 936 599 971 imitamenta
614 934 793 968 virtutum
809 936 1059 966 contueamur.

101 998 218 1046 (lmn.)
250 1011 262 1031 ‹
286 997 386 1033 Alios
421 1005 563 1042 quoque
595 993 785 1030 duodecim
819 991 957 1036 lapides
992 991 1112 1036 posuit

47 1070 70 1093 u
100 1056 208 1092 Josue
231 1057 268 1092 in
299 1056 419 1091 medio
444 1054 611 1090 Jordanis
631 1053 744 1094 alveo,
766 1052 827 1087 ubi
852 1057 1028 1087 steterunt
1055 1062 1114 1087 sa-

48 1130 73 1153 κ
102 1117 266 1154 cerdotes
286 1116 347 1161 qui
367 1114 562 1160 portabant
582 1123 704 1148 arcam
722 1111 869 1147 foederis
889 1111 1056 1153 Domini,
1076 1116 1113 1146 et

48 1191 73 1213 e«
102 1183 186 1214 sunt
218 1176 267 1212 ibi
298 1184 411 1220 usque
433 1174 469 1209 in
495 1177 712 1218 praesentem
741 1171 848 1206 diem.
880 1183 892 1204 ›
919 1169 981 1206 Isti
1014 1170 1109 1205 enim
1127 1168 1158 1206 B

45 1239 244 1277 duodecim
262 1237 400 1283 lapides
418 1236 479 1282 qui
504 1234 613 1281 positi
631 1238 714 1269 sunt
740 1233 775 1267 in
805 1232 924 1267 medio
942 1230 1112 1268 Jordanis

45 1302 158 1339 alveo
181 1327 191 1344 ,
223 1299 388 1335 similiter
422 1295 628 1342 significant
661 1293 897 1339 apostolicum
933 1292 1110 1334 ordinem,

46 1362 148 1398 *sicut
162 1365 197 1396 et
217 1359 266 1394 illi
290 1358 351 1403 qui
375 1357 419 1393 de
436 1355 590 1391 Jorslane
608 1354 774 1390 translati
797 1358 894 1395 sunt,
918 1358 953 1387 et
975 1352 1010 1386 in
1029 1351 1113 1387 Gal-

46 1423 147 1470 ,galis
163 1421 346 1459 constituti
367 1432 376 1455 ι
396 1419 479 1465 quia
494 1427 641 1454 neeesse
657 1424 712 1453 est
728 1422 768 1451 ut
782 1415 944 1461 quisquis
960 1414 1112 1460 gratiam

49 1482 224 1527 tbaptismi
257 1480 439 1525 suscipere
473 1477 756 1518 desideraverit,
795 1476 889 1511 hanc
916 1475 1111 1511 secundum

47 1539 289 1586 zapostolicam
310 1538 540 1574 traditionem
557 1536 746 1582 percipiat,
763 1541 799 1571 et
817 1535 868 1570 sic
891 1534 1112 1579 exspoliatus

49 1608 217 1638 ¹veterem
234 1601 432 1642 hominem,
453 1608 618 1644 novoque
638 1599 794 1639 indutus,
822 1607 887 1642 per
904 1607 1010 1632 omne
1026 1601 1113 1630 tem-

49 1673 127 1709 upus
144 1662 227 1698 vitae
245 1671 318 1696 sua:
338 1660 373 1695 in
390 1660 521 1695 castris
542 1659 710 1694 Ecclesiae
726 1667 887 1698 manens,
910 1655 1114 1701 apostolicae

48 1723 233 1760 «doctrinae
252 1731 417 1758 normam
436 1719 506 1756 fide
519 1725 554 1755 et
567 1729 676 1764 opere
691 1728 835 1754 servare
851 1716 1057 1753 contendat.

488 1793 638 1830 CAPUT
666 1791 722 1827 Vl.

59 1855 113 1893 De
144 1856 297 1892 secunda
323 1854 585 1890 circumcisione
611 1851 768 1896 filiorum
791 1848 923 1891 Israel,
954 1859 1030 1895 quoe
1052 1848 1116 1894 suit

109 1903 232 1940 cultris
258 1902 406 1948 lapideis
426 1901 519 1946 sacta
538 1901 574 1934 in
595 1898 752 1943 Galqalis
768 1924 776 1939 ‚
805 1903 834 1932 ee
852 1895 943 1941 quod
961 1895 1116 1940 fecerunt

110 1950 225 1985 Phase
242 1950 279 1984 in
298 1955 422 1994 quarto
438 1947 568 1981 decimo
590 1946 645 1980 die
666 1945 792 1979 mensis
818 1943 862 1978 ad
887 1953 1064 1987 vesperum
1082 1941 1118 1976 in

109 1995 358 2043 campestribus
377 1994 532 2034 Jericlio,
557 1992 616 2026 ubi
643 1990 864 2026 comederunt
894 1988 934 2022 de
960 1987 1116 2033 sruqibus

109 2049 225 2086 terroe,
248 2042 303 2076 die
323 2040 434 2076 altera
453 2049 593 2084 azymos
620 2047 747 2084 panes,
770 2036 854 2082 quia
876 2034 1046 2079 defecerat
1068 2035 1115 2069 cis
1136 2063 1164 2103 C

109 2101 252 2125 manna.

110 2151 209 2199 (Cn.
229 2150 280 2196 v.)
306 2162 318 2182 ‹
338 2148 473 2184 Eodem
493 2152 653 2191 tempore
672 2143 722 2179 ait
735 2143 907 2178 Dominus
926 2141 969 2176 ad
986 2140 1115 2175 Josue:

68 2225 81 2247 ι
110 2211 184 2247 Fac
209 2210 275 2246 tibi
302 2209 437 2244 cultros
455 2206 638 2252 lapideos,
657 2210 692 2240 et
723 2203 939 2239 circumcide
964 2201 1120 2237 secundo

69 2286 81 2309 ‹
111 2273 204 2309 filios
226 2271 349 2308 lsrael.
373 2269 474 2306 Fecit
490 2269 585 2315 quod
610 2267 770 2313 jusserat
786 2266 971 2306 Dominus,
993 2269 1028 2299 et
1051 2264 1122 2298 cir-

70 2346 83 2368 «
112 2332 285 2369 cumeidit
308 2331 402 2366 filios
426 2329 537 2366 lsrael
568 2329 604 2363 in
630 2327 719 2364 colle
744 2326 1015 2372 praeputiorum.
1038 2323 1123 2359 Haec

71 2407 84 2429 ι
115 2399 234 2430 autem
265 2402 373 2429 causa
392 2396 448 2427 εει
478 2389 645 2426 secundae
671 2386 970 2424 circumcisionis.
996 2383 1123 2420 Omnis

70 2467 84 2490 ‹
113 2454 266 2501 populus
283 2453 344 2499 qui
362 2461 530 2498 egressus
548 2455 603 2486 est
626 2459 671 2485 ex
686 2447 842 2494 AEgypto
859 2445 1003 2493 generis
1021 2453 1118 2480 mas-

71 2528 84 2550 c
115 2515 248 2558 culini,
282 2513 440 2550 universi
471 2511 664 2547 bellatores
692 2509 786 2551 viri,
812 2506 946 2543 mortui
972 2509 1055 2540 sunt
1087 2503 1124 2539 in

73 2588 86 2610 ι
115 2576 258 2612 deserto
273 2584 337 2619 per
356 2572 584 2617 longissimos
603 2570 671 2604 viae
688 2568 860 2604 circuitus
877 2593 887 2606 ,
909 2566 971 2610 qui
995 2573 1124 2599 omnes

73 2649 87 2670 ι
115 2634 320 2672 circumcisi
336 2637 453 2667 erant.
476 2630 634 2675 Populus
651 2634 771 2664 autem
791 2628 851 2672 qui
871 2632 975 2661 natus
1001 2631 1057 2660 est
1088 2625 1124 2660 in

75 2709 88 2729 ι
118 2695 263 2730 deserto
291 2702 356 2738 per
375 2691 613 2737 quadraginta
633 2699 746 2724 annos
771 2687 911 2722 itineris
941 2685 1125 2720 latissimae

75 2768 87 2789 ι
119 2753 334 2795 solitudinis,
352 2750 626 2787 incircumcisus
643 2748 722 2790 suit,
747 2761 759 2781 ι
781 2751 816 2783 ει
833 2746 984 2791 reliqua.
1001 2745 1040 2780 ln
1059 2745 1126 2780 hoc

70 2821 250 2864 praecepto
279 2813 453 2860 quaeritur
487 2823 551 2847 cur
577 2810 732 2853 dixerit,
753 2810 910 2844 iterum:
939 2817 1011 2843 non
1030 2807 1126 2842 enim

72 2888 168 2915 unus
198 2874 307 2914 homo
329 2875 384 2911 bis
405 2872 718 2910 circumcidendus
741 2878 839 2913 erat;
870 2870 932 2906 sed
957 2869 1039 2916 quia
1064 2878 1128 2913 po-

75 2938 181 2985 pulus
198 2947 291 2973 unus
310 2937 347 2971 in
367 2933 581 2981 quibusdam
597 2931 846 2973 circumcisus,
862 2930 899 2965 in
915 2928 1128 2974 quibusdam

76 3009 149 3036 non
178 2996 427 3038 circumcisus,
456 2993 536 3028 ideo
564 2992 700 3027 dictum
733 2995 800 3032 est,
829 2989 969 3031 iterum,
998 2992 1037 3022 ut
1060 2986 1129 3022 cir-

77 3062 259 3099 cumcisus
277 3060 408 3095 iterum
422 3055 754 3095 circumcideretur,
774 3061 844 3087 non
863 3050 971 3086 homo
986 3049 1048 3085 sed
1066 3058 1129 3094 po-

76 3125 196 3172 pulus.
216 3122 308 3158 Nam
323 3126 359 3157 et
381 3117 569 3165 sequentia
595 3115 631 3151 id
651 3114 760 3150 etiam
784 3112 987 3148 ostendunt.
1018 3109 1130 3144 Mani-

79 3186 212 3222 festum
241 3189 297 3220 est
321 3192 406 3229 ergo
436 3190 510 3216 non
538 3187 665 3215 omnes
699 3175 820 3215 fuisse,
849 3173 912 3209 sed
940 3170 1127 3216 quosdam.

81 3246 231 3291 Quidam
254 3244 351 3279 enim
372 3243 415 3278 de
437 3241 596 3287 AEgypto
614 3235 821 3274 exeuntium
846 3233 909 3268 filii
931 3233 967 3267 in
991 3230 1051 3266 illo
1067 3239 1130 3275 po-

80 3307 164 3354 pulo
184 3304 426 3342 incircumcisi
458 3306 583 3344 erant,
614 3309 705 3346 quos
731 3296 849 3344 potuit
877 3293 1134 3331 circumcidere

80 3365 215 3403 lesus:
239 3365 382 3401 illorum
412 3362 551 3398 scilicet
578 3360 671 3396 filios
697 3357 759 3403 qui
790 3358 988 3402 genuerunt
1017 3352 1054 3387 in
1078 3350 1135 3386 de-

83 3432 194 3470 serto,
218 3430 255 3462 et
278 3426 572 3469 contempserunt
588 3430 650 3456 eos
667 3416 941 3456 circumcidere,
962 3412 1058 3458 quod
1082 3410 1135 3445 in-

83 3489 292 3527 obedientes
318 3491 424 3524 erant
448 3484 518 3530 legi
550 3481 628 3517 Dei.
653 3478 756 3516 Nulla
790 3476 912 3520 itaque
942 3480 1052 3508 causa
1077 3474 1134 3505 est

84 3561 149 3588 cur
181 3550 219 3587 hi
251 3549 312 3595 qui
337 3550 468 3594 putant
496 3539 772 3588 rebaptizandos
809 3543 871 3570 eos
903 3531 965 3576 qui
998 3529 1131 3564 habent

84 3609 282 3647 Christiani
305 3604 476 3653 baptismi
507 3604 772 3639 sacramentum
785 3623 794 3638 ,
826 3595 896 3630 boc
927 3587 1132 3627 testimonio

85 3669 178 3716 legis
199 3667 362 3714 adiuvari
387 3675 427 3702 se
453 3667 594 3711 putent,
625 3659 710 3706 quia
747 3655 867 3692 nullus
899 3651 954 3688 bis
982 3656 1132 3686 numero

87 3737 182 3766 unus
201 3726 311 3763 bomo
338 3730 396 3763 est
425 3722 682 3762 circumcisus;
714 3716 778 3754 sed
807 3712 959 3761 populus
976 3709 1036 3756 qui
1058 3708 1133 3755 jam

61 3798 66 3805 ’
79 3788 209 3826 :tuerat
222 3786 261 3823 in
268 3785 491 3832 quibusdam
503 3779 756 3827 circumcisus,
770 3777 810 3815 in
822 3772 1039 3822 quibusdam
1048 3776 1136 3808 vero

672 183 910 230 coutimur.
936 190 983 227 IN
1007 191 1180 231 LIBRUM
1204 193 1361 233 Josmt.
1386 215 1434 223 —
1457 196 1543 234 ΜΒ.
1568 198 1598 236 1.

187 295 199 314 ,
228 266 297 314 legi
316 271 478 303 mortuus
499 275 600 309 sum,
624 270 665 301 ut
687 264 762 302 Deo
789 265 908 300 vivam
921 291 931 308 ,
958 270 995 300 et
1027 275 1109 302 cum
1124 269 1162 308 Α
1176 268 1294 305 adhuc
1317 269 1591 307 incircumcisus
1604 276 1698 307 erat.
1716 269 1763 306 Et
1785 270 1816 306 si
1836 271 1954 317 aliquo
1966 277 2071 313 modo
2085 277 2120 313 id
2135 277 2214 315 fieri

2112 183 2221 245 ,m

1172 334 1306 375 posset,
1325 334 1367 366 ut
1393 330 1450 366 bis
1479 330 1689 366 circumcidi
1717 329 1899 365 bominem
1933 330 2026 369 Deus
2057 336 2212 383 juberet,

1173 390 1335 434 nunquid
1354 395 1476 436 posset
1499 390 1621 426 dicere
1645 389 1726 425 ideo
1755 388 1867 424 fuisse
1894 398 2108 436 praeceptum
2129 397 2219 441 quin,

1174 447 1227 485 illi
1245 449 1290 484 ab
1308 448 1486 496 AEgyptiis
1510 450 1652 486 fuerant
1669 448 1888 492 circumcisi,
1903 454 1965 484 aut
1978 450 2024 485 ab
2041 440 2218 497 aliquibus

1174 509 1354 545 haereticis
1371 509 1415 544 ab
1438 509 1683 545 Israelitarum
1705 508 1876 544 societate
1891 510 2108 555 segregatis?
2131 511 2219 549 Cum

1175 579 1263 606 vero
1282 568 1392 604 etiam
1413 568 1502 604 satis
1527 573 1698 614 appareat
1725 578 1837 613 quare
1862 567 1909 603 sit
1927 577 1948 603 a
1975 567 2049 604 Deo
2074 570 2220 614 dictum,

1177 629 1312 665 nullum
1333 628 1392 664 hic
1410 633 1558 674 possunt
1583 628 1745 664 homines
1762 628 1896 663 erroris
1915 628 1970 663 sui
1985 629 2222 674 patrocinium

1178 690 1348 736 reperire.
1376 688 1447 736 (Ex
1481 687 1650 734 Isidoro.)
1683 688 1970 724 Percunctentur
1998 688 2080 724 inde
2113 687 2223 726 Judaei

1178 749 1355 797 quomodo
1373 753 1493 795 potest
1513 749 1593 794 quis
1619 749 1775 784 seeundo
1805 748 2012 784 circumcidi
2036 748 2224 784 circumci-

1178 812 1278 848 sione
1298 810 1454 852 carnali;
1479 809 1587 845 semel
1614 810 1709 845 enim
1741 810 1977 846 circumcisus
1993 837 2003 853 ,
2038 810 2132 844 ultra
2154 819 2224 845 non

1178 872 1286 908 babet
1305 869 1399 916 quod
1430 870 1584 906 secundo
1610 870 1723 915 possit
1744 869 1899 906 auferre.
1918 869 1948 904 A
1966 870 2071 906 nobis
2089 875 2220 912 autem,

1178 931 1308 977 quibus
1327 930 1384 966 lex
1406 929 1577 974 spiritalis
1593 934 1648 964 est
1662 929 1916 964 convenienter
1934 929 2004 964 ista
2024 928 2223 963 solvuntur.

1178 992 1337 1027 Dicimus
1370 990 1465 1026 enim
1498 989 1811 1025 circumcisionem
1843 989 1997 1034 primam
2028 988 2139 1023 fuisse
2162 997 2227 1032 per

1178 1051 1294 1097 legem
1319 1051 1354 1085 in
1385 1049 1540 1096 AEgypto
1559 1061 1567 1084 :
1596 1050 1659 1084 sed
1677 1050 1707 1084 si
1738 1059 1758 1083 a
1787 1049 1866 1095 lege
1887 1054 2046 1084 transeat
2064 1050 2143 1094 quis
2161 1058 2228 1095 per

1180 1111 1356 1156 baptisma
1375 1109 1540 1144 ‚Iordanis
1569 1108 1613 1143 ad
1632 1109 1878 1154 Evangelium‚
1907 1115 1994 1143 tunc
2021 1109 2151 1154 accipit
2170 1119 2229 1144 se-

1178 1171 1332 1206 cundam
1354 1168 1666 1204 circumcisionem
1695 1167 1891 1214 spiritalem
1909 1177 1974 1213 per
1989 1173 2126 1213 petram
2141 1195 2150 1211 ,
2169 1168 2230 1214 qui

1180 1238 1236 1268 εει
1264 1230 1428 1266 Christus
1449 1258 1458 1273 ,
1492 1230 1614 1274 sicque
1646 1228 1708 1263 tali
1734 1228 2007 1264 circumcisione
2041 1234 2229 1273 purgatus,

1181 1299 1279 1329 caret
1309 1292 1457 1338 AEgypti
1482 1290 1690 1337 opprobrio,
1714 1289 1749 1324 id
1773 1295 1840 1331 est,
1874 1288 2040 1324 illecebra
2058 1298 2230 1333 corpora-

1179 1355 1265 1390 lium
1284 1354 1465 1389 vitiorum.
1490 1352 1626 1387 Nomen
1652 1355 1772 1386 autem
1791 1350 1860 1385 loci
1882 1348 2043 1394 Galgala‚
2062 1350 2157 1394 quod
2176 1349 2229 1384 in-

1179 1422 1398 1462 terpretatur
1428 1414 1598 1450 revelatio
1614 1440 1623 1455 ,
1648 1413 1804 1448 ostendit
1824 1413 1907 1447 dum
1927 1411 1961 1446 in
1979 1410 2154 1456 praeputio
2176 1410 2231 1445 in-

1181 1476 1362 1513 fidelitatis
1385 1474 1622 1510 ambulaverit
1638 1474 1788 1518 quisque
1804 1481 1867 1516 per
1881 1470 1986 1515 hujus
2005 1470 2084 1504 vitm
2103 1468 2227 1504 deser-

1182 1544 1269 1581 tum,
1287 1537 1409 1573 oeulos
1427 1536 1458 1571 ei
1487 1544 1566 1570 esse
1594 1539 1756 1569 caecatos.
1777 1532 1968 1568 Videamus
1988 1536 2106 1565 tamen
2128 1527 2233 1574 quale

1181 1599 1226 1634 sit
1249 1599 1316 1633 hoe
1336 1598 1451 1642 ipsum
1471 1596 1564 1640 quod
1587 1595 1683 1634 dicit,
1706 1594 1789 1638 quia
1809 1592 1914 1627 hodie
1933 1590 2078 1626 abstulit
2097 1599 2230 1635 oppro-

1180 1657 1298 1693 brium
1325 1666 1344 1691 a
1373 1655 1455 1690 filiis
1478 1654 1600 1690 lsrael.
1628 1652 1761 1688 Omnes
1792 1650 1957 1686 homines
1973 1675 1983 1692 ,
2008 1649 2148 1684 etiamsi
2168 1657 2234 1694 per

1182 1718 1325 1763 Moysen
1343 1717 1471 1752 eruditi
1498 1715 1581 1757 sint,
1604 1714 1736 1749 habent
1756 1718 1875 1747 tamen
1900 1710 2130 1756 opprobrium
2150 1719 2234 1755 pec-

1182 1784 1357 1814 catorum.
1381 1777 1467 1820 Quis
1484 1777 1553 1812 erit
1572 1775 1698 1812 similis
1718 1775 1827 1809 etiam
1847 1773 2043 1809 secundum
2063 1771 2149 1816 legis
2170 1771 2233 1806 ob-

1184 1838 1403 1875 servantiam
1437 1837 1641 1872 sactorum‘?
1665 1835 1757 1870 Audi
1788 1834 1940 1878 denique
1971 1833 2086 1878 ipsum
2115 1831 2235 1866 dicen-

1186 1906 1257 1936 tem
1279 1911 1287 1933 :
1311 1911 1322 1931 ι
1343 1897 1548 1934 Secundum
1563 1896 1739 1943 justitiam
1755 1894 1884 1940 quaein
1904 1893 1980 1939 lege
1999 1897 2067 1934 est,
2087 1900 2233 1926 conver-

1186 1966 1284 1995 satus
1302 1959 1378 1994 sine
1397 1958 1541 2003 querela
1558 1956 1667 2003 (Phil.
1685 1955 1762 2002 ιιι);
1789 1968 1800 1988 ι
1831 1954 1908 1999 ipse
1933 1958 2053 1987 tamen
2076 1960 2232 1996 pronun-

1186 2021 1263 2062 tiat,
1283 2025 1318 2055 et
1335 2019 1446 2054 dicit:
1472 2030 1483 2051 ‹
1506 2016 1654 2052 Fuimus
1677 2015 1775 2050 enim
1791 2020 1826 2048 et
1853 2022 1918 2047 nos
1941 2009 2130 2055 aliquando
2148 2008 2234 2043 insi-

1185 2081 1337 2126 pientes,
1361 2075 1551 2119 inereduli,
1579 2079 1755 2115 errantes,
1775 2078 1811 2107 et
1828 2071 2025 2107 servientes
2045 2066 2234 2104 desideriis

1187 2147 1223 2176 et
1238 2138 1479 2184 voluptatibus
1494 2135 1617 2178 variis,
1637 2134 1674 2169 in
1694 2132 1830 2168 malitia
1857 2136 1893 2166 et
1922 2129 2055 2164 invidia
2078 2132 2239 2173 agentes,

1187 2200 1350 2241 odibiles,
1372 2198 1534 2235 odientes
1551 2195 1705 2230 invicem
1720 2192 1804 2239 (Tit.
1827 2191 1881 2238 ιι).
1909 2204 1920 2224 ι
1946 2189 2023 2224 Non
2040 2188 2101 2224 tibi
2120 2188 2239 2222 viden-

1189 2267 1247 2297 tur
1267 2261 1344 2295 haec
1363 2257 1553 2303 opprobria
1577 2264 1655 2291 esse
1691 2252 1859 2299 AEgypti‘?
1886 2250 1955 2286 Sed
1977 2260 2021 2285 ex
2043 2259 2113 2294 quo
2141 2247 2242 2283 venit

1188 2319 1352 2355 Christus
1367 2343 1376 2358 ‚
1402 2322 1437 2351 et
1464 2315 1561 2350 dedit
1580 2313 1683 2348 nobis
1710 2311 1906 2346 secundam
1926 2307 2238 2343 circumcisionem

1188 2389 1252 2425 per
1271 2377 1487 2422 baptismum
1513 2370 1796 2419 regenerationis
1813 2396 1822 2412 ,
1849 2375 1885 2404 et
1909 2367 2075 2413 purgavit
2099 2365 2236 2400 animas

1190 2443 1330 2475 nostras
1347 2464 1356 2480 ,
1377 2436 1564 2481 abjicimus
1595 2437 1671 2471 haec
1691 2431 1810 2467 omnia
1826 2457 1835 2473 ,
1861 2435 1896 2464 et
1923 2428 2063 2474 probis
2086 2426 2239 2462 assumi-

1190 2509 1268 2536 mus
1305 2495 1532 2533 conscientiae
1567 2494 1669 2528 bonae
1708 2489 1997 2536 astipulationem
2035 2487 2071 2521 in
2112 2487 2238 2521 Deum.

1191 2560 1292 2596 Tunc
1314 2568 1378 2604 per
1398 2555 1590 2592 secundam
1611 2551 1923 2588 circumcisionem
1953 2548 2069 2584 ablata
2087 2557 2108 2582 a
2131 2546 2238 2582 nobis

1192 2627 1274 2657 sunt
1290 2618 1480 2666 opprobria
1503 2614 1663 2661 AEgypti,
1681 2619 1717 2648 et
1734 2616 1884 2657 purgata
1906 2615 1990 2645 sunt
2008 2608 2092 2643 vitia
2117 2615 2241 2652 pecca-

1193 2688 1322 2718 torum.
1354 2679 1466 2714 Nemo
1493 2686 1600 2722 ergo,
1625 2674 1653 2710 si
1675 2674 1812 2718 integre
1833 2679 2028 2707 conversus
2047 2673 2120 2710 est,
2144 2667 2173 2702 si
2197 2675 2242 2701 ex

1194 2741 1301 2778 corde
1316 2740 1461 2786 penitus
1480 2736 1632 2772 fideliter
1647 2733 1816 2769 Jordanis
1830 2731 1963 2766 fluenta
1979 2730 2158 2774 digressus
2174 2732 2242 2770 est,

1195 2802 1223 2837 si
1233 2799 1387 2837 secunda
1398 2808 1462 2844 per
1473 2794 1702 2847 Evangelium
1712 2791 1983 2828 circumcisione
1997 2792 2167 2834 purgatus
2174 2791 2242 2829 est,

1194 2860 1457 2908 praeteritorum
1483 2862 1619 2892 metuat
1649 2852 1842 2899 opprobria
1874 2850 2098 2886 delictorum.
2130 2846 2243 2882 Audis

1197 2922 1280 2968 quia
1301 2919 1407 2956 hodie
1421 2916 1550 2953 abstuli
1575 2925 1595 2950 a
1612 2920 1646 2950 te
1665 2912 1895 2959 opprobrium
1922 2908 2081 2954 AEgypti.
2109 2907 2182 2941 Hoc
2207 2906 2244 2942 in

1202 2980 1402 3027 Evangeliis
1419 2976 1597 3024 signifieat
1616 2973 1804 3014 Dominus,
1819 2980 1901 3007 cum
1921 2969 2007 3004 dicit
2025 2980 2033 3002 :
2055 2979 2067 2999 ι
2084 2966 2244 3002 Remissa

1202 3047 1285 3079 sunt
1316 3040 1379 3076 tibi
1398 3042 1547 3084 peccata
1567 3041 1639 3077 tua,
1656 3033 1719 3069 sed
1734 3031 1808 3078 jam
1829 3029 1899 3065 noli
1914 3037 2077 3075 peccare,
2096 3035 2140 3060 ne
2163 3022 2245 3069 quid

1202 3103 1265 3138 tibi
1294 3100 1452 3136 deterius
1478 3096 1616 3133 accidat
1644 3093 1764 3140 (Joan.
1785 3090 1836 3137 v).
1861 3103 1873 3123 ι
1901 3088 1938 3124 Si
1972 3088 2065 3123 enim
2087 3090 2166 3129 post
2193 3091 2240 3117 re-

1203 3163 1411 3199 missionem
1425 3163 1655 3206 peccatorum
1673 3154 1764 3189 ultra
1785 3161 1854 3186 non
1872 3157 1999 3194 peccas
2012 3171 2022 3187 ,
2041 3153 2124 3179 vere
2149 3141 2245 3176 abla-

1201 3230 1277 3260 tum
1292 3228 1348 3259 est
1360 3232 1380 3257 a
1395 3227 1429 3256 te
1444 3216 1672 3265 opprobrium
1692 3209 1857 3255 AEgypti3
1878 3207 1907 3241 si
1924 3214 2008 3240 vero
2021 3204 2149 3238 iterum
2163 3209 2245 3244 pec-

1204 3283 1342 3320 caveris
1356 3309 1365 3324 ,
1383 3282 1511 3317 iterum
1536 3277 1570 3311 in
1591 3281 1625 3309 te
1643 3277 1760 3306 vetera
1787 3265 2011 3302 revolventur
2030 3274 2038 3295 :
2063 3270 2106 3295 eo
2129 3258 2243 3304 magis

1204 3344 1288 3390 quia
1309 3341 1419 3377 multo
1441 3334 1584 3379 maioris
1602 3327 1762 3366 criminis
1778 3330 1832 3361 est
1854 3323 1983 3358 Filium
2010 3319 2073 3355 Dei
2099 3316 2243 3353 concul-

1199 3413 1296 3443 care,
1314 3406 1350 3435 et
1365 3395 1570 3440 sanguinem
1588 3385 1791 3424 testamenti
1811 3383 1980 3430 polluere,
2001 3389 2107 3426 quam
2130 3378 2244 3423 legem

1201 3460 1312 3507 Moysi
1330 3456 1527 3502 negligere;
1544 3449 1654 3486 multo
1673 3446 1771 3482 enim
1798 3443 1944 3488 maioris
1966 3439 2148 3487 opprobrii
2173 3443 2241 3479 est,

1201 3520 1262 3565 qui
1277 3523 1356 3564 post
1369 3511 1612 3558 Evangelium‚
1631 3516 1737 3554 quam
1756 3504 1815 3540 ille
1833 3503 1894 3549 qui
1911 3501 1978 3538 sub
1997 3500 2074 3546 lege
2091 3497 2241 3544 positus,

1200 3577 1409 3617 fornicatur,
1426 3572 1510 3617 quia
1527 3570 1595 3606 iste
1611 3567 1740 3603 tollens
1754 3562 1915 3600 membra
1933 3558 2082 3600 Christi,
2099 3556 2182 3591 facit
2200 3564 2242 3590 ea

1201 3636 1359 3677 membra
1374 3630 1586 3669 meretricis.
1604 3626 1714 3663 Vides
1730 3633 1815 3670 ergo
1828 3630 1935 3667 quam
1949 3617 2115 3665 graviora
2133 3619 2170 3650 et
2183 3623 2245 3651 eu-

1202 3697 1392 3738 mulatiora
1410 3694 1446 3730 in
1465 3699 1500 3728 te
1521 3687 1713 3737 opprobria
1727 3713 1738 3730 ,
1761 3685 1792 3722 si
1814 3680 2030 3730 neglexeris,
2057 3675 2243 3714 revolven-

1203 3767 1264 3800 tur
1291 3757 1450 3804 Denique
1461 3753 1539 3802 iam
1549 3757 1586 3790 te
1602 3758 1709 3790 nemo
1725 3756 1827 3786 reum
1841 3747 1980 3791 arguet,
1997 3736 2245 3785 seductilem
