2540 4016
291 221 357 258 591

711 214 948 253 RRABANI
974 215 1119 254 MAURI
1142 215 1356 252 ARCHlEP.
1385 213 1589 254 MOGUNT.
1617 216 1807 256 OPERUM
1831 218 1952 257 PARS
1976 219 2005 256 Ι.

2381 218 2455 257 592

290 292 452 331 traditur.
481 294 527 330 Et
552 289 633 326 ideo
665 290 752 326 dicit
771 295 811 325 ut
838 290 890 327 illi
922 292 987 327 soli
1007 297 1256 328 ·numerentur
1280 291 1343 337 qui
1360 291 1486 333 Abito
1512 295 1608 340 quod
1625 295 1656 331 is
1683 295 1745 341 qui
1765 295 1951 341 religiosos
1990 294 2139 339 spiritus
2159 296 2291 340 gessit,
2310 298 2348 330 et
2359 295 2455 331 bene

286 353 564 401 progrediuntur
580 352 618 388 in
639 351 772 388 virtute
788 353 912 389 lsrael.
936 353 1007 389 Sed
1026 353 1113 389 illud
1128 353 1336 389 considere-

287 427 368 453 mus
396 416 482 462 quid
500 420 555 451 est
579 415 675 460 quod
697 424 769 450 non
789 415 912 451 statim
937 420 978 450 ut
1005 425 1171 462 egressus
1193 421 1248 451 est
1270 425 1336 460 po-

288 476 393 522 pulus
411 476 455 511 de
469 474 623 522 AEgypto
638 479 849 509 numeratur
861 501 870 517 ,
895 474 1013 510 adhuc
1028 474 1124 510 enim
1141 483 1336 519 perseque-

287 536 394 571 batur
410 536 560 577 Pharao,
591 535 654 570 sed
670 545 737 570 nec
753 545 836 570 cum
856 545 957 570 mare
977 535 1122 581 quidem
1142 536 1334 578 transiens,

287 595 445 630 venisset
480 595 516 630 in
549 594 742 637 desertum,
778 593 910 629 dicitur
943 594 1139 630 numerari.
1171 593 1337 629 Nondum

287 655 384 691 enim
403 655 545 698 tentati,
579 655 736 691 noudum
754 655 851 691 enim
870 655 1014 691 fuerant
1031 656 1075 691 ab
1101 656 1205 691 hoste
1222 655 1337 699 impu-

286 715 398 759 gnati.
435 714 636 761 Conssigunt
667 715 764 751 enim
801 715 975 751 adversus
1008 714 1155 751 Amalec
1187 718 1224 750 et
1256 714 1337 748 vin-

286 780 391 817 cunt,
432 775 494 810 sed
530 785 597 811 nec
639 780 723 810 tunc
761 775 908 820 quidem
945 779 1181 811 numerantur
1218 786 1226 808 :
1266 784 1338 809 non

285 834 382 870 enim
402 834 533 870 sufficit
561 835 605 870 ad
638 834 897 880 perfectionem
926 834 1086 870 tendenti
1112 844 1183 870 una
1218 833 1337 868 victo-

285 897 351 932 ria.
387 897 514 931 Manna
540 895 721 941 accipiunt
744 896 883 939 cibum,
917 901 953 931 et
972 905 1074 942 aquae
1107 896 1276 941 poculum
1295 896 1339 931 de

284 962 387 1002 petra
407 956 572 1001 sequenti
596 955 769 991 hauriunt
787 982 796 999 ‚
819 956 882 991 sed
908 965 1024 1001 neque
1041 960 1129 991 tunc
1145 966 1338 991 numeran-

287 1024 367 1053 tur:
385 1019 545 1054 nondum
562 1018 658 1053 enim
670 1017 774 1052 inhis
792 1027 835 1052 ea
845 1028 924 1062 quae
933 1018 1094 1053 numeris
1112 1023 1195 1063 apta
1211 1018 1338 1053 dicun-

284 1085 358 1122 tur,
374 1080 618 1115 adoleverant.
640 1078 927 1114 Tabernaculum
943 1079 1139 1114 testimonii
1158 1079 1339 1115 construi-

286 1144 356 1182 tur,
375 1139 438 1174 sed
457 1148 524 1174 nec
551 1138 600 1174 ibi
637 1138 783 1183 quidem
821 1138 1034 1173 numerandi
1054 1139 1176 1184 populi
1197 1145 1338 1185 tempus

286 1200 442 1235 advenit.
462 1199 537 1235 Lex
562 1209 625 1244 per
643 1198 787 1244 Moysen
819 1199 938 1242 datur,
977 1199 1237 1236 sacrificiorum
1259 1211 1337 1236 mos

285 1260 453 1303 traditur,
473 1258 767 1304 purificationum
785 1257 877 1294 ritus
901 1259 1063 1301 docetur,
1083 1260 1341 1296 sanctificatio-

285 1331 372 1355 num
389 1320 486 1365 leges
514 1325 550 1354 et
576 1324 804 1354 sacramenta
819 1319 1035 1354 conduntur.
1061 1319 1232 1355 Describe
1250 1321 1337 1362 haec,

285 1379 441 1422 auditor,
464 1379 502 1413 in
535 1378 642 1413 corde
663 1383 723 1413 tuo
758 1378 946 1423 dupliciter
964 1383 1001 1412 et
1027 1378 1229 1423 tripliciter.
1251 1379 1340 1414 Yide

285 1446 418 1487 quanta
441 1439 505 1475 tibi
519 1439 738 1475 transeunda
758 1444 854 1481 sunt,
877 1444 1010 1483 quanta
1035 1438 1235 1481 toleranda,
1252 1444 1341 1484 quot

283 1501 579 1549 profectionibus,
601 1505 688 1546 quot
711 1499 984 1543 tentationibus,
1006 1505 1094 1545 quot
1124 1499 1260 1545 praeliis
1274 1510 1341 1544 pu-

285 1566 467 1612 gnandum
485 1570 540 1600 est
564 1564 628 1600 tibi
648 1569 683 1599 et
701 1563 918 1599 vincendum
935 1590 944 1607 ,
964 1568 1004 1598 ut
1038 1564 1156 1609 possis
1176 1563 1222 1598 ad
1248 1562 1339 1598 divi-

286 1636 372 1660 num
391 1635 581 1660 numerum
603 1624 786 1669 pertinere
804 1638 811 1659 ;
831 1630 871 1658 ut
889 1629 1058 1669 computo
1072 1624 1191 1669 aliquo
1206 1622 1340 1658 habea-

284 1686 335 1721 ris
353 1685 446 1730 apud
463 1684 587 1726 Deum,
616 1689 655 1718 ut
685 1684 779 1719 inter
798 1689 940 1719 sanctas
959 1684 1074 1719 tribus
1108 1683 1339 1718 annumerari

287 1746 415 1792 dignus
448 1745 632 1788 habearis,
668 1750 708 1779 ut
728 1744 867 1779 visitari
903 1745 1033 1790 possis,
1055 1749 1092 1779 et
1109 1753 1174 1789 per
1188 1744 1251 1778 Dei
1283 1753 1339 1778 sa-

284 1807 449 1842 cerdotes
485 1805 607 1840 Aaron
646 1811 683 1841 et
726 1805 873 1851 Moysen
917 1814 1150 1840 numerorum
1170 1803 1338 1839 censibus

285 1866 406 1902 scribi.
427 1865 659 1910 Suscipieuda
677 1869 732 1900 est
752 1864 814 1900 tibi
837 1864 954 1910 primo
967 1864 1027 1899 lex
1046 1863 1110 1899 Dei
1129 1868 1163 1898 et
1181 1863 1239 1898 lex
1259 1862 1340 1907 Spi-

285 1926 376 1960 ritus
395 1925 525 1967 sancti,
547 1923 727 1959 offerenda
747 1923 938 1967 sacrificia,
967 1923 1151 1969 explendae
1166 1923 1337 1967 purilica-

286 1987 417 2029 tiones,
438 1985 641 2031 peragenda
663 1990 791 2020 cuncta
811 1994 889 2029 quae
910 1984 967 2019 lex
996 1983 1143 2030 spiritus
1163 1983 1279 2025 docet,
1300 1987 1338 2018 ut

287 2044 404 2089 possis
442 2042 633 2088 aliquando
666 2043 710 2078 ad
739 2043 976 2078 Israeliticum
1000 2053 1191 2078 numerum
1225 2044 1337 2088 perti-

287 2114 388 2139 nere.
409 2103 503 2148 Ergo
518 2103 634 2138 adhuc
650 2102 803 2147 amplius
818 2103 953 2148 aliquid
971 2104 1112 2139 intueor
1133 2105 1168 2138 in
1180 2106 1248 2140 hoc
1266 2103 1339 2138 Nu-
1359 2095 1387 2136 C

287 2174 469 2200 merorum
485 2163 575 2199 libro
592 2163 765 2209 mysterii.
788 2163 892 2197 Ratio
914 2164 1009 2198 enim
1033 2163 1188 2198 tribuum
1215 2169 1250 2198 et
1269 2163 1340 2198 dis-

288 2226 415 2262 tinctio
431 2225 613 2267 ordinum,
630 2225 784 2260 societas
800 2224 1017 2259 familiarum
1038 2230 1145 2269 atque
1161 2224 1340 2260 ordinatio

289 2292 420 2322 cuncta
441 2290 654 2328 castrorum,
698 2284 895 2330 ingentium
923 2284 1010 2320 mihi
1030 2290 1339 2320 sacramentorum

287 2347 407 2394 prodit
428 2347 560 2382 indicia
582 2374 591 2390 ,
611 2347 771 2392 apostolo
787 2347 889 2382 nobis
906 2345 1016 2382 Paulo
1046 2345 1217 2390 spiritalis
1231 2346 1339 2382 intel-

286 2407 443 2455 ligentiae
460 2408 596 2443 semina
611 2412 858 2453 respargente.
880 2407 924 2441 Et
940 2416 1005 2452 age
1017 2406 1107 2452 jam,
1127 2407 1212 2451 quid
1224 2407 1340 2443 omnis

286 2470 363 2505 hacc
381 2478 613 2504 numerorum
625 2468 730 2510 ratio,
742 2467 827 2512 quid
835 2467 999 2503 ordinum
1011 2467 1199 2502 diversitas
1213 2467 1342 2503 intelli-

285 2531 413 2577 gentiae
422 2531 583 2576 mysticae
592 2530 786 2573 contineat,
799 2530 994 2565 videamus.
1007 2529 1056 2564 Ex
1063 2530 1236 2575 spectatio
1245 2534 1342 2565 certa

285 2598 340 2628 est
354 2593 456 2628 nobis
468 2591 744 2627 resurrectionis
762 2596 998 2634 mortuorum,
1010 2602 1087 2625 cum
1097 2591 1133 2624 Ιιὶ
1148 2591 1207 2637 qui
1226 2591 1342 2626 vivunt

285 2653 345 2697 qui
366 2651 485 2696 reliqui
504 2657 597 2693 sunt,
615 2662 684 2700 uon
699 2651 903 2696 proevenient
920 2651 955 2685 in
976 2651 1123 2686 adventu
1140 2651 1269 2686 Christi
1285 2662 1342 2686 eos

285 2712 345 2754 qui
359 2710 574 2745 dormierunt
592 2709 623 2756 (l
642 2710 759 2745 Thess.
780 2711 841 2757 iv),
856 2711 1340 2757 sedsimulcumillis‘juncti,

287 2772 474 2817 rapientur
488 2770 686 2806 innubibus
704 2772 845 2806 obviam
857 2771 1003 2807 Christo
1024 2773 1061 2807 in
1079 2783 1163 2808 aera
1179 2786 1186 2808 :
1204 2773 1342 2809 scilicet

287 2832 394 2877 hujus
411 2831 482 2867 loci
494 2830 734 2876 corruptelam
753 2835 787 2865 et
805 2831 931 2866 mortis
949 2831 1153 2867 habitacula
1173 2832 1342 2869 deseren-

288 2898 355 2935 tes,
374 2891 448 2927 sive
464 2888 572 2937 a'liqui
594 2890 702 2925 etiam
722 2889 764 2924 ad
779 2891 997 2935 paradisum,
1023 2897 1086 2926 aut
1102 2892 1221 2937 aliqua
1241 2904 1341 2938 quae-

288 2950 375 2985 libet
404 2960 447 2984 ex
461 2948 579 2983 multis
611 2948 849 2983 mansionibus
874 2960 950 2995 quae
971 2949 1063 2995 apud
1084 2948 1229 2986 Patrem
1260 2957 1343 2987 sunt

291 3009 412 3056 (Joan.
452 3009 543 3054 xlv),
583 3008 823 3044 transferendi
858 3008 948 3044 loca.
985 3009 1183 3046 Diversitas
1219 3018 1339 3047 autem

291 3070 536 3106 translationis
555 3074 590 3105 et
615 3069 736 3116 gloriae
761 3079 804 3104 ex
842 3070 980 3106 meritis
1001 3071 1078 3106 sine
1092 3071 1200 3108 dubio
1226 3079 1262 3108 et
1280 3083 1339 3108 ac-

291 3130 388 3165 tibus
406 3128 685 3174 uniuscujusque
695 3128 936 3173 praestabitur,
953 3133 990 3164 et
1007 3129 1077 3164 erit
1091 3131 1338 3177 unusquisque

291 3191 327 3225 in
345 3199 388 3225 eo
407 3189 533 3226 ordine
549 3198 654 3234 quem
670 3188 738 3224 sibi
760 3188 970 3223 meritorum
986 3195 1085 3234 gesta
1106 3191 1336 3234 contulerint,

291 3250 384 3285 sicut
403 3254 439 3285 et
457 3248 551 3284 idem
569 3247 700 3283 Paulus
716 3252 939 3293 protestatur
953 3247 1076 3284 dicens
1094 3249 1138 3283 de
1152 3259 1339 3294 resurgen-

292 3310 412 3346 tibus:
437 3307 677 3356 Unusquisque
691 3308 728 3344 ἰη
751 3319 814 3344 suo
841 3309 963 3344 ordine
987 3308 1022 3356 (Ι
1041 3309 1122 3344 Cor.
1137 3310 1213 3353 xv).
1240 3310 1340 3346 Tunc

293 3376 411 3405 autem
431 3369 569 3406 accedit
601 3370 638 3405 in
664 3369 929 3405 resurrectione
963 3369 1222 3415 unusquisque,
1241 3375 1280 3404 ut
1303 3370 1340 3405 in

294 3428 390 3464 trihu
407 3428 534 3464 Ruben
555 3428 776 3474 spiritalibus
795 3428 938 3465 indiciis
954 3429 1159 3465 ascribatur
1175 3441 1184 3473 ;
1207 3430 1252 3466 ob
1271 3430 1340 3466 hoc

293 3487 455 3532 profecto
486 3489 580 3533 quod
597 3488 733 3533 aliquid
761 3488 798 3524 in
826 3488 1001 3532 moribus,
1023 3494 1085 3524 aut
1102 3490 1256 3532 actibus,
1277 3494 1341 3526 aut

293 3550 382 3595 vita,
417 3550 483 3596 ipsi
507 3549 632 3586 Ruben
656 3549 771 3586 simile
806 3555 843 3586 et
864 3550 1168 3597 consanguineum
1198 3550 1336 3587 habuit.

297 3610 395 3646 Alius
408 3615 527 3646 autem
541 3611 577 3646 in
599 3611 712 3647 tribus
726 3610 886 3654 Simeon,
903 3609 1067 3648 fortassis
1082 3621 1149 3657 pro
1167 3610 1338 3648 obedien-

294 3671 366 3714 tia;
389 3670 479 3707 alius
501 3670 539 3706 in
554 3671 649 3706 tribu
667 3670 768 3714 Levi,
795 3672 904 3708 credo
917 3672 979 3717 qui
998 3672 1090 3708 bene
1118 3671 1265 3718 praefuit
1281 3681 1340 3708 sa-

297 3729 455 3764 cerdotio
469 3755 479 3772 ,
495 3730 552 3765 vel
574 3731 636 3775 qui
650 3731 743 3767 bene
758 3731 969 3767 ministrans
982 3758 991 3775 ,
1010 3731 1161 3778 gradum
1179 3731 1260 3769 sibi*
1274 3733 1339 3768 bo-

272 3840 275 3841 ⁷
301 3795 386 3822 num
402 3787 613 3832 acquisivit3
631 3789 723 3826 alius
738 3795 858 3826 autem
877 3790 913 3826 in
931 3791 1027 3828 tribu
1042 3791 1148 3836 Iuda,
1182 3802 1252 3828 non
1271 3791 1338 3828 du-

1405 355 1499 390 rexit
1527 355 1697 401 populum
1728 357 1791 402 qui
1821 356 1916 392 intra
1935 365 1974 392 se
2006 362 2072 397 est,
2094 353 2233 390 scilicet
2263 355 2395 391 mentis
2418 361 2456 391 et

1404 416 1663 462 cogitationum
1693 417 1825 452 cordis.
1869 416 1941 452 Sed
1979 421 2017 451 et
2057 414 2210 461 singulis
2247 414 2454 460 quibusque

1404 475 1569 511 tribubus
1601 476 1849 521 unusquisque
1884 475 2082 511 sociabitur
2117 484 2183 520 pro
2213 473 2271 509 his
2304 483 2385 519 quae
2411 474 2458 510 ad

1403 545 1693 580 unamquamque
1711 545 1837 570 earum
1863 535 1920 571 vel
1946 535 1984 570 in
2013 534 2154 570 actibus
2173 538 2326 580 cognata
2346 534 2403 570 vel
2418 534 2456 570 in

1404 595 1565 630 moribus
1585 595 1724 630 habuit.
1745 594 1862 630 Erunt
1882 604 1969 640 ergo
1994 592 2199 638 hujusmodi
2222 593 2369 639 quidem
2398 603 2458 629 or-

1404 655 1507 690 dines
1538 655 1577 689 in
1608 654 1874 690 resurrectione
1905 659 2143 698 mortuorum,
2171 653 2264 690 sicut
2296 654 2459 700 designat

1403 714 1610 760 Apostolus.
1648 715 1807 757 Quorum
1839 714 2008 750 ordinum
2023 718 2128 760 typus
2157 713 2195 749 in
2222 714 2292 749 hoc
2310 714 2403 749 libro
2423 718 2460 749 et
2514 715 2520 720 '

1405 776 1520 822 figura
1539 774 1764 821 praeformari
1799 774 1888 809 mihi
1907 774 2062 809 videtur.
2083 773 2168 809 Haec
2191 782 2210 808 a
2226 773 2332 809 nohis
2350 782 2459 819 gene-

1406 837 1530 872 raliter
1549 836 1709 872 indicata
1739 840 1837 878 sunt,
1858 834 2060 870 volentibus
2083 834 2195 870 totius
2227 833 2321 869 sacri
2351 831 2459 877 hujus

1405 897 1597 934 voluminis
1614 897 1873 933 continentiam
1892 895 2083 942 mysticam
2109 894 2270 930 breviter
2293 903 2460 938 compre-

1406 960 1577 1003 hendere,
1598 964 1639 994 ut
1666 968 1711 993 ex
1728 959 1785 993 his
1805 957 2050 1003 intelligentiae
2073 954 2246 1002 spiritalis
2268 953 2460 990 occasione

1407 1024 1572 1064 suscepta
1592 1045 1601 1062 ‚
1620 1019 1869 1063 unusquisque
1888 1023 1923 1053 et
1946 1019 1982 1053 in
2012 1018 2161 1063 reliquis
2194 1017 2361 1060 similem,
2397 1020 2461 1051 aut

1407 1081 1516 1116 etiam
1533 1080 1632 1116 sicui
1647 1079 1799 1124 amplius
1818 1078 1913 1114 Deus
1930 1078 2082 1122 revelat,
2099 1078 2326 1124 superiorem
2344 1082 2380 1114 et
2396 1087 2460 1113 ex-

1407 1141 1594 1177 celsiorem
1613 1143 1851 1185 persequatur
1870 1138 2087 1184 indaginem.
2121 1136 2192 1172 Sed
2209 1146 2254 1172 ne
2274 1136 2461 1172 videamur

1356 1194 1387 1233 Β
1407 1203 1503 1247 ipsas
1524 1199 1806 1247 significationes
1841 1199 1998 1234 tribuum
2016 1208 2058 1233 ac
2085 1196 2232 1232 nomina
2256 1196 2460 1241 principum
2500 1231 2506 1240 ,
2538 1209 2540 1218 ·

1407 1263 1541 1298 intacta
1560 1260 1759 1306 praeterire,
1797 1259 1881 1305 quia
1906 1269 1973 1294 nec
1991 1258 2140 1293 minima
2159 1255 2342 1303 mysteriis
2357 1255 2462 1290 intel-

1407 1323 1554 1368 ligentia
1572 1323 1608 1357 in
1632 1322 1684 1357 eis
1712 1322 1813 1364 latet,
1839 1326 1881 1361 ,et
1898 1321 1935 1357 in
1965 1320 2130 1367 pluribus
2145 1319 2233 1355 locis
2254 1318 2358 1353 istius
2377 1317 2461 1352 libri

1408 1385 1486 1419 haec
1505 1383 1631 1419 eadem
1667 1387 1889 1428 repetuntur,
1914 1381 2160 1427 interpretatis
2192 1389 2318 1415 eorum
2344 1378 2462 1414 nomi-

1409 1443 1516 1478 nibus
1531 1469 1540 1484 ,
1563 1442 1649 1486 quid
1683 1442 1835 1488 mystice
1885 1441 2088 1487 significent
2105 1466 2114 1483 ,
2148 1438 2294 1485 speciali
2327 1437 2463 1473 descri-

1409 1502 1531 1547 ptione
1544 1501 1704 1536 breviter
1718 1502 1889 1536 adnotare
1906 1500 2125 1536 curavimus.
2141 1499 2192 1533 De
2213 1499 2319 1540 tribu,
2331 1497 2460 1542 inquit,

1409 1562 1532 1596 Ruben
1550 1568 1625 1596 erat
1654 1561 1778 1596 Elisur
1798 1560 1895 1605 filius
1913 1559 2061 1596 sedeur.
2086 1559 2179 1594 Ecce
2198 1557 2257 1594 lex
2277 1562 2314 1592 et
2344 1567 2463 1593 sacer-

1409 1623 1545 1659 dotium
1564 1622 1715 1668 spiritali
1734 1632 1844 1658 censu
1866 1625 2105 1657 annumerant
2127 1619 2323 1666 primatum
2341 1618 2462 1654 Eccle-

1409 1684 1472 1719 sioe
1493 1689 1528 1718 et
1547 1683 1664 1719 officia
1683 1683 1919 1729 singulorum,
1939 1682 2024 1727 quia
2035 1681 2140 1726 juxta
2159 1680 2194 1716 id
2215 1680 2311 1726 quod
2331 1679 2367 1714 in
2384 1679 2462 1724 lege

1408 1745 1553 1782 Domini
1573 1746 1791 1789 continetur,
1827 1755 1892 1791 per
1919 1744 2148 1781 sacerdotum
2164 1752 2332 1778 verorum
2354 1741 2462 1776 mini-

1411 1808 1559 1843 sterium
1574 1808 1691 1843 omnis
1702 1807 1790 1843 ordo
1806 1804 2223 1851 ecclesiasticus,disponi
2238 1804 2355 1839 debet.
2372 1802 2463 1837 Nam

1411 1867 1551 1911 Ruben,
1580 1868 1641 1913 qui
1669 1867 1929 1913 primogenitus
1945 1866 2085 1902 Israelis
2113 1872 2182 1909 est,
2204 1864 2265 1910 qui
2284 1864 2462 1908 interpre-

1413 1932 1508 1962 tatur
1526 1928 1649 1963 videns
1669 1928 1774 1970 filios,
1791 1928 1846 1963 vel
1860 1927 1982 1962 videns
2002 1927 2037 1962 in
2054 1926 2186 1968 medio,
2203 1930 2326 1971 typum
2345 1927 2463 1969 potest

1409 1989 1543 2024 habere
1563 1989 1753 2035 primitivae
1772 1987 1945 2024 Ecclesiae
1961 2014 1970 2030 ‚
1991 1997 2070 2033 quae
2095 1986 2162 2022 fuit
2186 1986 2221 2021 in
2238 1984 2459 2024 Jerusalenn

1411 2058 1516 2093 quam
1539 2049 1613 2093 ipse
1626 2048 1793 2084 Salvator
1815 2049 1851 2083 in
1878 2052 2038 2092 tempore
2059 2045 2318 2082 incarnationis
2335 2054 2408 2079 suae
2425 2043 2462 2077 in

1410 2109 1581 2153 apostolis
1602 2109 1675 2144 suis
1698 2109 1855 2154 primum
1870 2108 2056 2150 fundavit;
2089 2107 2204 2152 ipsum
2229 2105 2324 2140 enim
2355 2103 2463 2149 signi-

1412 2169 1520 2204 ficare
1542 2174 1660 2213 potest
1676 2169 1806 2211 Elisur,
1826 2169 1861 2204 id
1892 2174 1958 2212 est,
1990 2174 2093 2214 pater
2110 2177 2212 2203 meus
2241 2165 2360 2207 fortis,
2378 2165 2462 2210 quia

1411 2230 1471 2266 illc
1506 2230 1635 2266 merito
1660 2230 1763 2267 fortis
1786 2231 1985 2276 appellatur
2014 2230 2058 2266 de
2077 2239 2147 2274 quo
2176 2227 2356 2273 Propheta
2382 2226 2433 2261 ait
2453 2237 2461 2260 :

1412 2290 1488 2326 Rex
1506 2290 1626 2337 ylorioe
1658 2291 1829 2327 Dominus
1845 2291 2143 2337 fortis‚Dominus
2155 2294 2274 2334 potens
2287 2289 2323 2323 in
2339 2286 2462 2334 proelio

1413 2351 1661 2400 (Psal.xx111).
1681 2353 1750 2389 lste
1777 2364 1861 2400 crgo
1882 2354 2010 2389 Ruben
2037 2353 2102 2388 sub
2123 2352 2183 2388 tali
2198 2351 2360 2398 principe
2374 2359 2462 2385 con-

1412 2414 1559 2448 stitutus
1572 2414 1669 2449 videt
1687 2414 1791 2456 filios,
1814 2424 1895 2449 cum
1914 2414 2137 2449 credentium
2154 2422 2343 2448 numerum
2363 2411 2407 2446 ad
2425 2419 2463 2445 se

1411 2473 1592 2509 confluere
1610 2473 1757 2519 largiter
1775 2474 1961 2519 conspicit.
1987 2473 2085 2508 Unde
2102 2473 2139 2507 in
2153 2471 2303 2507 Actibus
2320 2475 2463 2516 aposto-

1412 2535 1526 2571 lorum
1540 2534 1641 2582 (Gap.
1661 2534 1702 2582 n)
1717 2545 1787 2570 una
1800 2535 1857 2569 die
1876 2533 2094 2579 praedicante
2104 2532 2211 2567 Petro
2226 2530 2371 2566 circiter
2392 2530 2462 2565 tria

1410 2596 1522 2631 millia
1554 2596 1734 2641 baptizata
1760 2600 2101 2632 commemorantur.
2123 2593 2168 2628 Et
2196 2592 2300 2639 paulo
2318 2598 2399 2638 post
2426 2592 2462 2626 in

1411 2658 1537 2694 eodem
1554 2657 1661 2702 libro,
1695 2658 1745 2693 ita
1775 2658 1948 2703 scriptum
1970 2648 2025 2693 est
2046 2669 2054 2691 z
2076 2655 2314 2692 Multitudinis
2346 2661 2462 2691 autem

1411 2718 1627 2754 credentium
1641 2723 1715 2753 erat
1734 2728 1795 2753 cor
1812 2728 1922 2753 unum
1942 2723 1973 2752 et
2000 2718 2118 2752 anima
2132 2728 2204 2752 una
2219 2716 2310 2763 (Act.
2330 2715 2395 2762 lv).
2416 2715 2461 2750 Et

1412 2780 1521 2814 item:
1545 2777 1661 2824 Maqis
1676 2785 1807 2821 autem,
1823 2778 1954 2822 inquit,
1985 2777 2175 2823 auqebatur
2198 2776 2410 2811 credentium
2423 2775 2460 2810 in

1411 2838 1562 2874 Domino
1573 2837 1760 2873 multitudo
1773 2839 1926 2873 virorum
1934 2847 1975 2872 ac
1983 2836 2166 2872 mulierum
2177 2835 2322 2883 (Act.v).
2336 2835 2461 2871 Potest

1411 2903 1447 2933 et
1465 2897 1681 2943 generaliter
1699 2898 1866 2943 princeps
1896 2897 2010 2933 tribus
2021 2897 2155 2933 ‹Ruben
2174 2906 2236 2932 eos
2255 2895 2460 2942 significare

1412 2956 1525 3001 quiin
1544 2957 1662 2992 medio
1679 2956 1831 2992 fratrum
1851 2961 2122 3000 conversantes,
2144 2956 2369 2992 subditorum
2389 2955 2457 2990 sibi

1412 3025 1538 3051 curam
1553 3023 1702 3062 gerunt;
1722 3023 1758 3052 et
1771 3027 1936 3053 sermone
1950 3017 2175 3062 simulatque
2190 3015 2352 3061 exemplo
2366 3016 2460 3051 bene

1412 3075 1634 3119 incedentes,
1661 3077 1812 3122 cupiunt
1829 3077 1963 3112 habere
1978 3077 2100 3123 plures
2131 3075 2352 3123 imitatores,
2367 3085 2457 3120 quos

1411 3135 1447 3170 in
1465 3135 1621 3171 filiorum
1655 3136 1735 3172 loco
1774 3137 1819 3173 ad
1838 3137 2002 3173 militIam
2035 3138 2098 3173 Dei
2138 3137 2294 3173 mittant.
2321 3136 2362 3172 In
2389 3136 2458 3171 hac

1410 3195 1519 3240 igitur
1540 3196 1651 3239 tribu,
1685 3196 1720 3231 id
1739 3202 1808 3239 est,
1824 3197 1978 3241 spiritali
1993 3196 2133 3239 Ruben,
2159 3196 2292 3239 Elisur,
2319 3194 2381 3241 qui
2404 3194 2458 3229 in-

1411 3259 1640 3298 terpretatur,
1657 3259 1698 3288 ut
1714 3254 1883 3296 diximus,
1898 3259 2002 3298 pater
2014 3265 2117 3290 meus
2134 3255 2254 3299 fortis,
2266 3254 2342 3290 sive
2355 3257 2458 3299 pater

1410 3324 1512 3350 meus
1532 3314 1732 3358 coangusti,
1749 3318 1785 3348 et
1803 3318 1860 3348 est
1887 3312 1982 3348 filius
2012 3313 2164 3357 Sedeur,
2203 3315 2266 3359 qui
2280 3315 2456 3360 interpre-

1410 3378 1508 3408 tatur
1528 3372 1773 3414 absconditus,
1797 3371 2040 3416 principatum
2070 3376 2169 3407 tenet
2190 3382 2198 3406 :
2220 3372 2306 3416 quia
2332 3371 2363 3407 is
2394 3373 2455 3417 qui

1409 3431 1624 3468 auctoritate
1640 3429 1840 3477 magisterii
1856 3430 1948 3465 bene
1963 3425 2093 3473 utitur,
2112 3439 2156 3466 ac
2173 3434 2324 3476 paterna
2350 3429 2458 3466 disci-

1407 3492 1504 3538 plina
1518 3490 1689 3538 subjectis
1705 3490 1773 3525 rite
1787 3494 1933 3536 praeest,
1949 3493 1986 3525 et
2002 3489 2071 3525 hoc
2082 3499 2154 3525 non
2173 3490 2218 3526 ad
2233 3489 2375 3526 laudem
2389 3490 2458 3526 hu-
2486 3515 2488 3519 >

1410 3560 1556 3587 manam
1589 3550 1789 3601 forinsecus
1811 3549 2055 3595 quaerendam,
2091 3550 2155 3585 sed
2178 3549 2216 3586 in
2246 3549 2455 3588 abscondito

1411 3611 1530 3648 cordis
1546 3610 1592 3647 ad
1604 3609 1756 3656 gloriam
1778 3608 1844 3645 Dei
1871 3613 1983 3644 totum
2003 3609 2220 3646 intrinsecus
2243 3610 2330 3656 agit,
2356 3613 2455 3646 recte

1408 3671 1577 3716 princeps
1594 3669 1754 3706 tribuum
1773 3678 1817 3705 ac
1833 3668 2021 3705 domorum
2038 3670 2075 3705 in
2094 3669 2366 3716 cognationibus
2379 3668 2456 3706 suis

1409 3739 1490 3767 esse
1526 3729 1742 3766 describitur
1760 3739 1770 3772 ;
1808 3728 1892 3774 quia
1927 3734 2002 3764 tum
2040 3730 2313 3777 conjugatorum
2346 3737 2454 3776 quam

1410 3791 1518 3828 etiam
1535 3789 1712 3835 caelibum,
1734 3793 1806 3825 tam
1828 3789 1988 3828 virorum
2005 3799 2109 3836 quam
2125 3789 2234 3827 etiarn
2247 3787 2453 3832 mulierum,
