2540 4016
53 108 176 185 :2697

540 141 552 147 ·
579 88 938 189 Εᾶλωτιοκὲε
959 133 1006 173 111
1031 116 1208 172 mentm
1231 121 1560 175 0110000000..
1583 156 1633 167 ·-
1655 141 1744 178 un.
1769 143 1813 180 11.

2191 84 2224 122 0

2217 154 2291 194 698

109 217 214 259 serit,
231 201 430 263 sed—”magis
445 215 524 252 haec
537 206 708 252 mandata
723 213 916 256 videntum
936 200 974 248 et
991 212 1073 248 ideo
1091 222 1164 249 non
1181 210 1219 250 A
1234 210 1280 246 de
1296 210 1491 258 Evangelio
1503 213 1648 258 vivant3
1668 220 1706 251 et
1721 217 1784 261 qui
1804 217 1910 255 altari
1926 224 2098 271 servium,
2113 227 2161 266 de
2175 229 2284 268 altari

63 295 70 302 ·
108 278 317 315 exinanitur
342 278 438 325 apud
466 270 660 324 discipulos
691 276 729 312 in
759 273 956 320 Evangelio
987 274 1168 320 scriptura

109 339 198 383 ista,
226 340 291 377 sed
310 340 495 386 impletur,
521 339 627 386 quia,
653 343 694 374 ut
712 337 809 381 dixi,
834 347 905 373 non
930 335 1166 380 mandatum,

110 401 174 437 sed
191 402 328 437 habere
348 401 480 438 dicitur
495 401 662 437 umbram
681 398 889 435 futurorum
907 398 1099 434 bonorum.
1122 397 1168 434 Et

109 462 192 499 ideo
206 462 285 498 haec
298 462 404 499 nobis
421 462 619 499 secundum
636 461 797 498 litteram
813 459 1048 497 custodienda
1065 463 1164 496 sunt.

108 519 199 559 Item
223 523 334 560 alibi:
360 523 482 568 tusce,
515 524 652 570 inquit,
681 530 813 560 sectare
838 523 930 570 quod
953 523 1092 569 justum
1117 527 1168 558 est

109 581 230 629 (Deut-
242 582 332 628 xvl).
355 583 448 627 Quid
464 595 553 631 opus
568 590 624 621 est
638 585 676 621 in
691 584 748 621 his
766 584 975 630 allegoriam
989 593 1166 629 quaerere,

108 652 192 679 cum
220 642 373 679 aedificet
403 644 511 680 etiam
542 645 690 681 littera?
726 644 958 681 Ostendimus
978 655 1064 691 ergo
1087 654 1168 681 esse

108 701 272 748 quaedam
294 711 375 747 quae
398 704 545 740 omnino
568 715 641 741 non
664 710 748 741 sunt
768 705 948 740 servanda
967 704 1168 740 secundum

107 762 265 799 litteram
285 764 389 810 legis,
410 770 446 801 et
466 765 574 801 etiam
594 767 758 812 quaedam
776 776 857 811 (1οω
874 775 939 810 per
959 764 1167 810 allegoriam

105 823 250 870 penitus
270 823 454 860 immutari
474 835 545 860 non
568 826 700 861 debent
713 853 722 868 ‚
750 825 813 860 sed
833 824 1040 860 omnimodo
1060 823 1110 858 ita
1128 830 1168 860 ut

108 884 306 931 Scripturae
326 887 370 923 de
389 888 446 924 his
465 889 654 924 continent
670 887 907 924 observandae
933 891 1030 922 sunt.
1064 886 1167 922 Nunc

106 951 227 981 autem
247 947 393 992 requiro
411 947 442 982 si
462 953 547 983 sunt
566 948 700 992 aliqua,
724 957 804 992 quae
830 951 866 982 et
889 947 1087 982 secundum
1109 946 1168 982 lit-

107 1010 221 1040 teram
240 1006 385 1051 quidem
404 1011 503 1041 stare
521 1007 677 1051 possint,
694 1006 901 1041 necessario
921 1010 1039 1041 tamen
1059 1006 1095 1042 in
1113 1006 1165 1043 eis

105 1066 212 1101 etiam
234 1065 404 1111 allegoria
424 1066 643 1112 requirenda
665 1066 725 1102 sit.
760 1066 804 1101 Et
823 1067 904 1102 vide
922 1067 951 1102 si
973 1077 1165 1113 possumus

1234 273 1470 320 participent.
1486 273 1532 309 Et
1550 273 1645 310 sicut
1659 275 1730 312 1100
1746 276 1878 314 decens
1896 285 1934 315 et
1950 281 2096 328 dignum
2112 293 2180 332 est,
2197 291 2250 327 sic
2265 301 2287 329 e

1235 335 1419 371 contrario
1439 340 1477 371 et
1491 335 1665 372 indecens
1692 341 1730 372 et
1757 337 1945 383 indignum
1963 346 2040 384 est,
2070 344 2142 381 imo
2162 354 2200 384 et
2219 351 2288 387 im-

1233 395 1355 442 pium,
1366 396 1370 400 ’
1382 401 1424 432 ut
1442 396 1474 434 is
1492 397 1556 443 qui
1574 397 1691 434 Deum
1710 396 1798 434 colit
1815 403 1853 434 et
1873 399 2075 446 ingreditur
2090 402 2288 446 Ecclesiam

1233 457 1313 500 Dei,
1332 458 1395 503 qui
1412 459 1482 508 scit
1499 460 1710 496 sacerdotes
1729 464 1766 496 et
1784 460 1980 506 magistros
1997 462 2169 500 assistere
2186 466 2291 505 altari

1234 516 1312 560 Dei,
1324 522 1362 553 et
1375 522 1438 554 aut
1446 519 1558 555 verbo
1567 519 1633 555 Dei
1647 519 1888 556 autEcclesiae
1903 521 2101 566 deservire,
2116 523 2294 562 (10110011-

1234 577 1302 613 bus
1318 581 1425 613 terrae
1440 588 1531 624 quos
1549 579 1648 615 dedit
1665 579 1774 623 Deus,
1793 580 1906 616 solem
1923 591 2028 617 suum
2044 584 2287 629 producendo,

1234 642 1271 672 et
1288 637 1428 683 pluvias
1460 648 1543 674 suas
1574 639 1838 684 ministrando,
1867 652 1940 678 non
1959 643 2088 679 offerat
2110 645 2291 691 primitias

1236 699 1508 743 sacerdotibus;
1545 711 1619 736 non
1650 702 1740 737 mihi
1765 702 1907 739 videtur
1935 704 2140 751 hujusmodi
2174 709 2295 742 anima

1235 758 1370 795 habere
1395 760 1607 796 memoriam
1632 761 1716 805 Dei,
1744 772 1811 798 nec
1831 763 2005 810 cogitare,
2023 775 2092 802 nec
2122 767 2294 812 credere,

1234 821 1319 866 quia
1345 820 1442 857 Deus
1467 822 1605 858 dederit
1629 822 1769 860 fructus
1788 835 1880 870 quos
1900 827 2018 872 cepit,
2049 838 2140 874 quos
2167 829 2217 865 ita
2236 839 2297 865 re-

1235 881 1357 917 condit
1371 882 1474 927 quasi
1492 882 1628 919 31101105
1647 894 1668 919 3
1685 883 1772 920 Deo.
1798 883 1836 920 Si
1854 885 1951 921 enim
1970 896 1991 922 a
2009 886 2084 923 Deo
2104 888 2173 924 sibi
2193 888 2298 924 datos

1235 942 1419 986 crederet,
1450 944 1561 979 sciret
1579 945 1705 990 utique
1725 947 1949 983 numerando
1969 948 2198 992 sacerdotes,
2227 949 2295 985 ho-

1234 1012 1367 1039 norare
1384 1005 1498 1040 Deum
1518 1005 1562 1040 de
1580 1006 1673 1041 datis
1689 1011 1726 1041 et
1747 1008 1957 1044 muneribus
1982 1009 2070 1044 suis.
2089 1009 2135 1045 Et
2160 1010 2292 1054 adhuc,

1234 1068 1275 1098 ut
1291 1064 1446 1109 amplius
1460 1066 1538 1101 liaec
1555 1066 1781 1102 observanda
1797 1068 1908 1103 etiam
1926 1069 2124 1104 secundum
2138 1069 2299 1106 litteram

103 1127 181 1163 haec
215 1127 414 1172 apostolica
447 1134 485 1163 et
517 1128 725 1174 evangelica
759 1129 975 1164 auctoritate
1007 1130 1162 1165 munire,
1184 1118 1215 1157 B
1236 1123 1349 1169 ipsius
1367 1123 1511 1160 Domini
1537 1126 1686 1162 vocibus
1708 1126 1922 1171 doceantur,
1940 1128 2114 1164 addemus
2133 1130 2178 1165 ad
2203 1130 2295 1167 haec.

105 1186 290 1234 Scriptum
322 1194 378 1224 est
405 1188 502 1224 enim
530 1189 568 1224 in
599 1189 700 1235 lege:
728 1187 881 1236 Propter
905 1190 969 1225 hoc
996 1190 1166 1237 relinquet

103 1249 205 1284 homo
227 1255 364 1296 patrem
383 1256 416 1285 et
434 1256 597 1293 matrem,
621 1257 653 1286 et
675 1251 866 1286 adltcerebit
891 1252 995 1286 umori
1019 1263 1107 1295 suoe,
1134 1258 1166 1287 et

103 1316 204 1345 erunt
227 1311 328 1347 ambo
347 1312 385 1347 in
405 1323 510 1347 carne
531 1323 602 1347 una
619 1311 719 1359 (Gen.
741 1312 796 1359 11).
820 1313 903 1349 Haec
921 1313 1015 1359 quod
1035 1314 1167 1360 allego-

103 1370 180 1406 rica
196 1373 367 1418 mysteria
383 1374 606 1416 contineant,
623 1373 758 1410 Paulus
773 1385 854 1410 cum
871 1375 907 1409 in
923 1375 1084 1421 Epistola
1103 1386 1168 1412 sua

103 1432 172 1468 hoe
193 1433 311 1479 ipsum
329 1435 511 1479 posuisset
530 1435 735 1480 exemplum
748 1463 756 1478 ,
781 1436 994 1480 pronuntiat
1014 1437 1138 1472 dicens
1156 1449 1165 1472 ε

105 1492 310 1539 Mysterium
327 1495 391 1530 hoc
407 1507 574 1541 ntaqnum
588 1503 654 1539 est,
670 1508 731 1542 eqo
750 1503 867 1532 autem
883 1498 959 1532 dico
978 1499 1014 1533 in
1029 1497 1166 1534 Christo

103 1559 135 1588 et
161 1554 198 1589 in
217 1554 376 1591 Ecclesia
396 1554 540 1603 (Eplzes.
560 1556 610 1603 v).
646 1556 747 1600 Quod
775 1563 894 1593 autem
913 1564 1080 1604 oporteat
1099 1559 1168 1595 1100

104 1614 213 1649 0113111
233 1616 431 1651 secundum
453 1615 613 1652 litteram
633 1617 820 1660 custodiri,
842 1618 919 1664 ipse
937 1618 1110 1655 Dominus
1131 1625 1168 1655 et

104 1673 274 1711 Salvator
300 1676 405 1712 docet
431 1677 579 1713 dleens:
613 1677 796 1724 Scriptum
825 1685 900 1714 est:
927 1678 1079 1725 Propter
1104 1680 1167 1715 ltoc

104 1735 274 1782 relinquet
295 1737 398 1772 homo
417 1744 553 1784 patrem
572 1745 604 1773 et
621 1745 782 1782 matrem,
803 1746 835 1774 et
855 1740 1046 1776 adhaerebit
1063 1742 1167 1776 uxori

103 1806 194 1839 auce,
225 1802 257 1832 et
282 1803 384 1832 erunt
405 1799 506 1833 ambo
535 1799 570 1835 in
598 1810 703 1834 carne
722 1811 807 1835 unct.
844 1800 947 1843 Quod
966 1800 1061 1836 Deus
1082 1812 1166 1836 con-

101 1855 236 1902 junxit,
258 1858 360 1894 homo
381 1870 450 1894 non
475 1866 612 1906 separet
632 1859 776 1907 (Matttt.
795 1861 886 1908 xix).
919 1862 964 1897 Et
984 1863 1168 1909 respondit

104 1919 229 1964 utique
244 1921 467 1957 observanda
481 1932 562 1958 esse
576 1923 652 1958 haec
669 1923 779 1959 etiam
794 1925 991 1960 secundum
1007 1925 1167 1962 litteram

104 1988 187 2014 eum
205 1980 313 2016 dicit:
339 1980 441 2024 Quod
460 1982 556 2017 Deus
573 1982 772 2028 conjunxit,
789 1984 897 2020 1101110
916 1995 987 2021 11011
1009 1992 1164 2032 separet.

105 2037 176 2073 Sed
204 2038 241 2074 in
267 2039 348 2076 aliis
371 2040 543 2087 Epistolis
563 2043 625 2079 ubi
644 2043 752 2087 dicit,
779 2045 862 2091 qum
882 2044 1060 2082 Abraham
1079 2048 1167 2083 duos

102 2099 196 2145 filios
226 2101 362 2146 habuit,
395 2114 504 2138 unum
535 2103 577 2139 de
606 2104 749 2148 ancilla,
782 2111 814 2140 et
845 2117 952 2141 unum
985 2107 1028 2141 de
1059 2107 1169 2144 libera

106 2158 200 2206 (Gal.
220 2161 285 2208 tv),
314 2162 396 2207 quis
416 2163 557 2200 dubitat
575 2165 653 2202 haec
672 2166 871 2203 secundum
891 2167 1049 2204 litteram
1070 2174 1168 2205 stare

107 2222 267 2258 debere?
288 2221 436 2259 Certum
456 2230 511 2261 est
528 2227 639 2270 enim,
661 2228 746 2273 quia
765 2236 801 2264 et
821 2229 922 2266 Isaac
942 2230 986 2266 de
1006 2223 1112 2275 Sara,
1132 2236 1169 2268 et

104 2281 234 2318 lsmael
256 2283 300 2319 de
320 2283 431 2330 Agar,
455 2285 519 2321 filii
542 2286 690 2324 suerunt
709 2288 876 2325 Abrahae.
913 2290 1021 2327 Addit
1046 2297 1168 2328 tamen

105 2342 162 2379 his
182 2343 377 2389 Apostolus
398 2351 436 2382 et
453 2346 566 2383 dicit:
591 2347 678 2384 Hoec
706 2356 786 2385 sunt
812 2356 929 2386 autem
959 2351 1166 2399 alleqorica,

105 2413 186 2450 quae
203 2404 239 2440 in
257 2405 328 2442 (1110
342 2411 560 2444 testamenta
581 2410 774 2447 convertit.
815 2411 860 2447 Et
893 2411 993 2448 Sarae
1022 2413 1169 2459 quidem

105 2464 280 2508 sobolem,
304 2471 476 2513 tanquam
494 2469 532 2504 in
551 2470 718 2507 libertate
738 2472 932 2519 gignentis,
954 2475 1037 2509 novi
1057 2480 1169 2511 testa-

106 2525 218 2559 menti
246 2525 380 2562 liberos
406 2529 506 2564 dicit.
542 2529 640 2575 Agar
661 2537 782 2567 antem
803 2536 974 2577 tanquam
997 2534 1032 2568 in
1055 2535 1169 2570 servi-

107 2589 183 2619 tute
202 2587 424 2631 generantis‚
446 2593 599 2624 terrenae
618 2589 820 2626 Jerusalem
840 2592 933 2628 filios
953 2594 1165 2630 nominavit.

106 2644 342 2683 Ostendimus
360 2653 401 2683 ut
418 2649 547 2694 opinor
569 2652 788 2688 auctoritate
807 2651 1004 2700 Scripturae
1024 2656 1166 2701 divinae,

107 2716 151 2742 ex
171 2707 228 2743 liis
247 2718 328 2753 (1030
346 2709 383 2744 111
407 2709 484 2756 lege
509 2711 644 2757 scripta
664 2718 772 2756 sunt,
806 2714 927 2760 aliqua
946 2717 1090 2762 penitus
1111 2729 1168 2754 re-

106 2767 275 2813 fugienda
297 2779 376 2805 csse
396 2775 431 2805 et
449 2771 607 2806 cavenda
621 2799 629 2814 ,
655 2782 701 2808 ne
721 2775 920 2810 secundum
941 2775 1099 2813 litteram
1123 2779 1168 2815 ab

107 2827 292 2874 Evangelii
312 2829 500 2876 discipulis
520 2832 777 2877 observentur;
800 2834 967 2880 quaedam
987 2846 1074 2874 vero
1091 2848 1169 2874 om-

107 2888 264 2925 nimodis
283 2894 322 2925 ut
343 2890 479 2937 scripta
500 2897 585 2927 sunt
603 2893 810 2930 obtinenda.
847 2895 927 2931 Alia
955 2903 1078 2933 autem
1100 2900 1166 2934 ha-

106 2950 195 2986 bere
213 2949 359 2996 quidem
388 2957 424 2987 et
449 2952 643 2989 veritatem
670 2955 868 2991 secundum
894 2956 1053 2994 litteram
1079 2959 1162 3003 sui;

108 3011 271 3057 recipere
294 3017 417 3047 tamen
443 3013 580 3050 utiliter
598 3024 642 3050 ex
667 3016 875 3052 necessario
897 3018 1007 3054 etiam
1032 3019 1167 3066 allego-

107 3071 224 3106 ricum
255 3081 415 3107 sensum.
455 3072 534 3108 Erit
558 3085 645 3121 ergo
672 3075 747 3120 jam
777 3077 953 3123 sapientis
974 3080 1101 3116 scribae
1131 3086 1167 3116 et

108 3130 228 3165 edocti
248 3130 292 3165 de
311 3140 422 3176 regno
440 3131 518 3175 Dei,
538 3134 599 3178 qui
619 3135 711 3171 sciat
730 3136 774 3172 de
794 3137 974 3174 thesauris
993 3140 1066 3175 suis
1084 3151 1168 3186 pro-

108 3191 206 3227 ferre
224 3202 317 3228 nova
337 3198 374 3228 et
392 3198 515 3230 vetera
529 3222 538 3238 ,
563 3195 658 3232 scire
675 3199 856 3243 quomodo
886 3200 923 3235 in
951 3211 1168 3248 unoquoque

108 3252 188 3289 loco
211 3252 431 3300 Scriptum,
452 3261 515 3292 aut
534 3255 682 3302 abjiciat
701 3260 846 3305 penitus
865 3261 1091 3299 occidentem
1111 3263 1169 3299 lit-

109 3319 224 3350 teram
246 3319 284 3350 et
302 3315 467 3360 spiritum
485 3317 730 3356 vivificantem
750 3322 931 3368 requirat,
957 3329 1018 3359 aut
1036 3324 1170 3361 contir-

109 3380 184 3411 met
203 3375 441 3421 omnimodis,
464 3383 501 3414 et
520 3379 647 3416 utilem
680 3386 743 3417 aut
771 3384 1018 3419 necessariam
1039 3385 1174 3430 probet.

110 3433 241 3472 litterae
258 3435 477 3482 doctrinam,
498 3443 560 3475 aut
579 3446 750 3477 manente
768 3442 920 3478 historia
932 3469 941 3484 ‚
964 3449 1167 3489 opportune

110 3499 148 3530 et
181 3494 351 3533 decenter
382 3497 592 3536 introducat
620 3501 731 3536 etiam
761 3501 956 3548 mysticum
989 3511 1135 3537 sensum
1156 3513 1166 3537 ε

110 3556 204 3594 sicut
219 3563 257 3596 et
275 3559 312 3595 in
328 3559 400 3597 hoe
419 3570 604 3606 sermone,
622 3572 730 3610 quem
747 3563 925 3599 habemus
944 3562 980 3598 in
1000 3562 1168 3599 manibus

113 3615 269 3655 arbitror
287 3621 496 3658 convenire.
530 3622 641 3660 Decet
665 3623 763 3660 enim
790 3628 826 3660 et
846 3623 936 3660 utile
953 3629 1030 3667 est,
1057 3623 1167 3660 etiam

114 3677 362 3727 sacerdotibus
379 3681 566 3730 Evangelii
585 3683 709 3721 offerri
727 3685 922 3731 primitias.
945 3684 999 3722 lta
1019 3685 1114 3722 enim
1132 3689 1169 3722 et

114 3735 291 3776 Dominus
303 3738 503 3790 tl‘uposum
529 3749 571 3782 ut
590 3744 654 3791 qui
671 3745 908 3794 Evangelium
926 3746 1167 3790 annuntiant,

1235 1183 1409 1221 Dominus
1441 1186 1529 1222 dicit
1554 1187 1591 1222 in
1618 1186 1824 1234 Evangeliis
1855 1198 1863 1223 :
1898 1187 1958 1225 Voe
1984 1190 2078 1225 vobis
2105 1188 2236 1227 Scritoe
2266 1196 2299 1227 et

1236 1243 1413 1281 Ptzarisoei
1431 1247 1635 1292 hypocritae,
1657 1249 1717 1293 qui
1736 1249 1930 1294 decimatis,
1953 1250 2022 1287 hoe
2039 1257 2107 1295 est,
2125 1252 2184 1297 qul
2205 1253 2300 1288 deei-

1235 1317 1314 1342 mas
1330 1308 1570 1352 datismentoe,
1584 1316 1616 1345 et
1631 1311 1748 1345 anethi
1765 1318 1795 1346 et
1811 1313 2045 1356 cinnamomi,
2066 1320 2099 1348 et
2113 1314 2298 1359 proeteritis

1235 1379 1312 1413 qutv
1331 1368 1471 1413 majora
1490 1376 1571 1404 sunt
1590 1370 1689 1416 leqis.
1712 1371 1928 1418 Hymet-itte,
1945 1374 2019 1408 ltoec
2039 1375 2190 1419 oportuit
2205 1375 2296 1419 fieri,

1236 1435 1268 1463 et
1282 1427 1345 1463 illa
1360 1440 1429 1464 non
1443 1431 1556 1465 omitti
1574 1431 1719 1477 (Mateta.
1740 1433 1861 1480 xxm).
1880 1434 1970 1470 Vide
1987 1445 2074 1481 ergo
2091 1436 2299 1482 diligentius

1236 1491 1416 1535 quomodo
1437 1499 1557 1527 sermo
1577 1491 1719 1528 Domini
1743 1494 1820 1530 vult
1844 1494 1924 1530 sieri
1951 1496 2095 1540 quidem
2120 1497 2299 1533 omnimo-

1237 1550 1291 1589 dis
1318 1561 1398 1598 quae
1434 1551 1573 1596 majora
1609 1559 1693 1588 sunt
1717 1553 1827 1600 legis,
1861 1565 1934 1591 non
1962 1561 2082 1592 tamen
2118 1556 2236 1592 omitti
2262 1562 2299 1594 et

1236 1622 1279 1648 ea
1300 1622 1380 1657 (10το
1407 1613 1604 1648 secundum
1630 1613 1789 1649 1111013111
1808 1615 2056 1662 designantur.

1284 1672 1470 1709 Primitius
1495 1680 1612 1709 autem
1637 1686 1724 1721 quas
1752 1683 1915 1712 voverunt
1946 1683 1976 1711 et
2007 1677 2203 1713 obtulerunt
2233 1678 2299 1723 fitii

1237 1735 1367 1778 Israel,
1390 1735 1452 1770 tibi
1473 1736 1568 1771 dedit
1590 1742 1621 1772 et
1638 1737 1722 1783 filiis
1745 1749 1784 1773 ac
1806 1738 1947 1783 filiabus
1969 1741 2059 1784 tuis,
2083 1741 2161 1785 iure
2179 1752 2299 1787 perpe-

1237 1802 1309 1831 tuo.
1335 1796 1404 1839 Qui
1424 1797 1575 1833 mundus
1595 1804 1644 1833 est
1665 1799 1822 1835 in'ctomo
1850 1811 1931 1843 tua,
1951 1807 2105 1836 vescetur
2123 1803 2186 1838 eis.
2211 1801 2298 1838 Om-

1238 1868 1315 1892 nem
1330 1857 1521 1892 medullam
1548 1858 1614 1893 olei
1631 1866 1662 1894 et
1680 1860 1750 1894 vini
1769 1872 1809 1895 ac
1830 1860 2015 1905 frumenti,
2034 1863 2203 1909 quidquid
2221 1865 2295 1910 pri-

1236 1917 1416 1952 mitiarum
1436 1918 1586 1963 offerunt
1597 1919 1761 1963 Domino,
1774 1920 1834 1955 tibi
1850 1922 1943 1956 dedi.
1957 1921 2145 1958 Universae
2156 1924 2298 1969 [1111111111

1237 1981 1410 2027 primitius
1422 2008 1431 2024 ,
1450 1992 1538 2027 quas
1553 1982 1663 2027 (Jiqnit
1677 1982 1802 2018 humus
1815 2010 1825 2026 ,
1839 1989 1871 2018 et
1885 1983 2035 2019 Domino
2055 1985 2297 2030 deportantur,

1239 2042 1358 2077 cedent
1373 2042 1410 2077 in
1425 2053 1510 2077 usus
1528 2048 1620 2085 tuos,
1638 2048 1674 2078 et
1690 2044 1755 2079 rel.
1775 2044 1862 2080 Illud
1882 2055 1969 2081 sane
1984 2046 2188 2082 necessario
2202 2057 2299 2082 com-

1239 2103 1457 2139 monendum
1476 2110 1544 2146 est,
1566 2104 1661 2149 quod
1677 2103 1734 2139 lex
1752 2104 1941 2150 dupliciter
1955 2105 2099 2141 dicitur.
2124 2106 2215 2141 Nam
2240 2117 2300 2153 ge·

1238 2164 1412 2200 neraliter
1430 2164 1551 2200 omnia
1577 2164 1666 2207 ista,
1686 2164 1756 2200 hoc
1779 2169 1857 2209 est,
1882 2166 2112 2210 mandatum,
2128 2164 2301 2211 justifica-

1238 2226 1376 2269 tiones,
1405 2230 1600 2271 praecepta,
1619 2226 1839 2270 testimonia,
1861 2226 2019 2271 judicia,
2042 2227 2100 2263 lex
2124 2227 2302 2273 appellan-

1238 2294 1309 2324 tur.
1329 2287 1544 2333 Specialiter
1561 2292 1682 2322 autem
1699 2297 1783 2332 pars
1801 2287 1923 2333 aliqua
1938 2298 1982 2324 ex
1995 2288 2054 2324 his
2071 2298 2151 2334 quac
2165 2288 2200 2322 in
2220 2288 2300 2335 lege

1238 2354 1323 2384 sunt
1340 2348 1473 2393 scripta
1487 2347 1546 2382 lex
1562 2347 1695 2382 dicitur
1710 2360 1717 2382 ε
1736 2352 1775 2382 01
1791 2353 1874 2383 sunt
1892 2348 1976 2390 ista,
1992 2349 2035 2383 de
2051 2347 2181 2392 quibus
2195 2357 2300 2393 supe-

1238 2409 1313 2444 rius
1338 2410 1586 2445 disseruimus.
1619 2409 1808 2445 Generalis
1837 2415 1957 2445 autem
1987 2410 2042 2445 lex
2075 2409 2299 2455 significatur

1236 2471 1336 2507 verbi
1358 2471 1492 2517 gratia,
1512 2476 1551 2506 ut
1567 2482 1650 2507 cum
1678 2471 1722 2506 (10
1743 2471 1932 2507 Salvatore
1956 2471 2100 2514 dicitur,
2120 2471 2205 2516 quia
2229 2482 2298 2507 non

1237 2532 1325 2567 venit
1344 2531 1475 2566 solvere
1495 2531 1618 2577 leqem,
1639 2530 1699 2566 sed
1717 2530 1907 2577 adimplere
1926 2530 2068 2576 (Matth.
2087 2530 2137 2577 v).
2151 2531 2196 2566 Et
2210 2531 2297 2566 item

1237 2591 1321 2628 alibi
1345 2604 1352 2627 :
1374 2590 1563 2626 Plenitudo
1582 2590 1668 2637 leqis
1687 2596 1736 2626 est
1755 2589 1893 2625 dilectio
1916 2589 2034 2636 (Rom.
2056 2590 2154 2637 xin),
2174 2590 2209 2625 in
2225 2601 2297 2636 quo

1236 2653 1362 2698 utique
1378 2653 1499 2688 omnia
1520 2652 1639 2694 simul,
1659 2661 1740 2698 quae
1754 2651 1889 2697 scripta
1910 2658 1994 2687 sunt
2010 2652 2046 2686 111
2062 2651 2160 2698 lege,
2181 2652 2298 2698 legem

1236 2713 1450 2749 nominavit.
1483 2712 1568 2748 Haec
1593 2712 1750 2748 diximus
1782 2717 1987 2747 asserentes
2015 2713 2225 2748 mandatum
2254 2713 2298 2748 de

1236 2771 1407 2819 primitiis
1430 2770 1571 2818 frugum
1599 2771 1654 2806 vel
1677 2779 1848 2817 pecorum
1873 2770 2004 2806 (1011010
2035 2771 2146 2806 etiam
2167 2780 2296 2807 secun-

1237 2833 1322 2868 dum
1341 2832 1499 2867 litteram
1520 2836 1628 2867 stare.
1651 2829 1754 2867 Nunc
1772 2835 1894 2866 autem
1911 2831 2099 2867 videamus
2116 2833 2298 2877 quomodo

1238 2899 1275 2929 et
1297 2892 1549 2939 allegoricum,
1578 2890 1614 2927 id
1638 2896 1715 2935 est,
1745 2891 1969 2938 spiritualem
1990 2892 2140 2937 recipiat
2159 2893 2298 2929 intelle-

1239 2960 1349 2991 ctum.
1368 2953 1610 2999 Requiramus
1630 2963 1731 3000 ergo,
1749 2953 1864 2989 sicubi
1885 2954 1920 2989 in
1940 2953 2150 3000 Scripturis,
2168 2960 2299 3000 praeter

1238 3017 1282 3053 de
1297 3016 1426 3062 quibus
1444 3015 1691 3062 supradictum
1710 3020 1785 3058 est,
1806 3015 2009 3052 invenimus
2028 3017 2207 3063 primitias
2230 3028 2294 3053 no-

1238 3078 1384 3114 minari.
1404 3077 1478 3113 Nec
1495 3077 1593 3113 0111111
1608 3076 1699 3112 dixit
1720 3089 1727 3112 ε
1748 3076 1882 3113 Omnes
1898 3077 2068 3123 primitiae
2085 3077 2153 3113 olei
2170 3083 2206 3112 01
2223 3077 2296 3112 vini

1239 3145 1276 3175 ct
1300 3138 1495 3182 frumenti,
1516 3139 1645 3174 horum
1669 3138 1830 3174 omnium
1849 3138 2036 3183 primitiae,
2065 3147 2144 3182 (1οω
2168 3136 2296 3173 01113130

1238 3198 1373 3235 suerint
1393 3198 1488 3242 Deo,
1511 3198 1575 3234 tibi
1595 3197 1733 3233 dedica.
1756 3195 1916 3241 Requiro
1940 3205 2026 3241 ergo
2051 3205 2147 3230 nunc
2163 3200 2296 3239 praeter

1238 3261 1316 3296 haec
1333 3259 1394 3296 ubi
1412 3259 1582 3305 primitiae
1600 3257 1841 3293 nominentur.
1861 3254 1898 3290 Si
1917 3254 2012 3290 enim
2027 3264 2153 3290 omnes
2169 3254 2296 3300 primi-

1238 3322 1297 3357 tiae
1313 3321 1358 3357 ad
1374 3319 1581 3366 pontificem
1596 3317 1790 3363 pertinent,
1810 3313 2016 3350 necessario
2032 3314 2134 3350 nobis
2153 3319 2189 3350 et
2204 3325 2294 3360 pon-

1236 3381 1326 3418 tifex
1354 3379 1592 3425 requirendus
1620 3381 1695 3418 est,
1722 3375 1768 3410 ad
1791 3383 1899 3419 quem
1923 3373 2104 3420 pertinere
2137 3374 2293 3411 debeant

1236 3442 1347 3477 etiam
1371 3439 1440 3475 illae
1456 3437 1637 3484 primitiae,
1656 3445 1745 3481 quas
1762 3435 1798 3470 in
1814 3434 1894 3470 aliis
1917 3434 2116 3482 Scripturae
2132 3436 2221 3474 locis
2235 3437 2292 3473 in·

1237 3501 1330 3536 ditas
1349 3498 1566 3534 invenimus.
1590 3495 1636 3531 Et
1655 3495 1773 3541 primo
1791 3494 1934 3540 quidem
1953 3496 2128 3540 omnium,
2149 3497 2194 3533 de
2214 3497 2293 3543 ipso

1239 3559 1393 3596 Domino
1410 3556 1556 3593 Christo
1573 3555 1725 3602 legimus
1745 3555 1941 3602 scriptum,
1956 3556 2039 3603 quia
2062 3557 2107 3592 sit
2129 3557 2293 3603 primitia:

1237 3628 1455 3660 mortuorum
1479 3619 1523 3667 (Ι
1548 3618 1630 3655 Cor.
1652 3618 1735 3667 xv).
1761 3618 1826 3655 Est
1848 3627 1935 3665 ergo
1951 3624 1988 3655 01
2015 3618 2092 3664 ipse
2113 3618 2150 3654 in
2173 3619 2293 3667 aliqua

1237 3688 1339 3731 parte
1354 3680 1537 3728 primitiae.
1565 3679 1610 3716 Et
1636 3679 1766 3717 iterum
1787 3679 1990 3716 invenimus
2009 3679 2053 3716 de
2078 3680 2294 3726 quibusdam

1240 3743 1311 3781 dici
1325 3742 1370 3780 ab
1382 3741 1570 3790 Apostolo,
1587 3741 1672 3789 quia
1689 3746 1771 3779 sunt
1782 3741 1947 3788 primitiae
1961 3740 2078 3786 Λαίῳ
2091 3746 2124 3779 et
2140 3740 2204 3779 alti
2220 3742 2296 3790 pri-
