<?xml version="1.0" encoding="UTF-8"?>
<!DOCTYPE html PUBLIC "-//W3C//DTD XHTML 1.0 Transitional//EN"
    "http://www.w3.org/TR/xhtml1/DTD/xhtml1-transitional.dtd">
<html xmlns="http://www.w3.org/1999/xhtml" xml:lang="en" lang="en">
 <head>
  <title>
</title>
<meta http-equiv="Content-Type" content="text/html;charset=utf-8" />
  <meta name='ocr-system' content='tesseract 3.04.00' />
  <meta name='ocr-capabilities' content='ocr_page ocr_carea ocr_par ocr_line ocrx_word'/>
</head>
<body>
  <div class='ocr_page' id='page_1' title='image "./patrologiae00unknuoft_0325.png"; bbox 0 0 2540 4016; ppageno 0'>
   <div class='ocr_carea' id='block_1_1' title="bbox 44 0 82 33">
    <p class='ocr_par' dir='ltr' id='par_1_1' title="bbox 44 0 82 33">
     <span class='ocr_line' id='line_1_1' title="bbox 44 0 82 33; baseline 0 -21"><span class='ocrx_word' id='word_1_1' title='bbox 44 0 82 33; x_wconf 41' lang='grc' dir='ltr'>,ΑΛ-</span> 
     </span>
    </p>
   </div>
   <div class='ocr_carea' id='block_1_2' title="bbox 99 127 174 201">
    <p class='ocr_par' dir='ltr' id='par_1_2' title="bbox 36 127 174 215">
     <span class='ocr_line' id='line_1_2' title="bbox 99 127 174 201; baseline -0.022 12.63"><span class='ocrx_word' id='word_1_2' title='bbox 36 127 174 215; x_wconf 61' lang='grc' dir='ltr'>’ΐῗὸετ</span> 
     </span>
    </p>
   </div>
   <div class='ocr_carea' id='block_1_3' title="bbox 573 147 1762 194">
    <p class='ocr_par' dir='ltr' id='par_1_3' title="bbox 573 147 1762 194">
     <span class='ocr_line' id='line_1_3' title="bbox 573 147 1762 194; baseline -0.001 -1"><span class='ocrx_word' id='word_1_3' title='bbox 573 151 929 194; x_wconf 76' lang='lat' dir='ltr'>ENARRA&#39;rloNEs</span> <span class='ocrx_word' id='word_1_4' title='bbox 950 154 996 192; x_wconf 88' lang='lat' dir='ltr'>IN</span> <span class='ocrx_word' id='word_1_5' title='bbox 1021 147 1196 191; x_wconf 73' lang='lat' dir='ltr'>LIBRUM</span> <span class='ocrx_word' id='word_1_6' title='bbox 1220 152 1541 192; x_wconf 56' lang='lat' dir='ltr'>Numerium</span> <span class='ocrx_word' id='word_1_7' title='bbox 1555 177 1604 184; x_wconf 90' lang='lat'>-</span> <span class='ocrx_word' id='word_1_8' title='bbox 1625 154 1712 194; x_wconf 76' lang='lat' dir='ltr'>m.</span> <span class='ocrx_word' id='word_1_9' title='bbox 1733 157 1762 193; x_wconf 88' lang='grc'>1.</span> 
     </span>
    </p>
   </div>
   <div class='ocr_carea' id='block_1_4' title="bbox 2192 163 2262 200">
    <p class='ocr_par' dir='ltr' id='par_1_4' title="bbox 2192 163 2262 200">
     <span class='ocr_line' id='line_1_4' title="bbox 2192 163 2262 200; baseline -0.014 0"><span class='ocrx_word' id='word_1_10' title='bbox 2192 163 2262 200; x_wconf 74' lang='grc'>638</span> 
     </span>
    </p>
   </div>
   <div class='ocr_carea' id='block_1_5' title="bbox 101 227 2264 283">
    <p class='ocr_par' dir='ltr' id='par_1_5' title="bbox 101 227 2264 283">
     <span class='ocr_line' id='line_1_5' title="bbox 101 227 2264 283; baseline -0.006 -7"><span class='ocrx_word' id='word_1_11' title='bbox 101 236 266 277; x_wconf 73' lang='lat' dir='ltr'>lationem</span> <span class='ocrx_word' id='word_1_12' title='bbox 302 234 390 274; x_wconf 66' lang='lat' dir='ltr'>Iesu</span> <span class='ocrx_word' id='word_1_13' title='bbox 426 234 567 280; x_wconf 70' lang='lat' dir='ltr'>Christi,</span> <span class='ocrx_word' id='word_1_14' title='bbox 588 234 688 283; x_wconf 83' lang='lat' dir='ltr'>quasi</span> <span class='ocrx_word' id='word_1_15' title='bbox 725 231 792 279; x_wconf 83' lang='lat' dir='ltr'>filii</span> <span class='ocrx_word' id='word_1_16' title='bbox 828 229 1058 275; x_wconf 79' lang='lat' dir='ltr'>obedientioe‚·</span> <span class='ocrx_word' id='word_1_17' title='bbox 1084 240 1153 266; x_wconf 87' lang='lat' dir='ltr'>non</span> <span class='ocrx_word' id='word_1_18' title='bbox 1171 230 1207 270; x_wconf 86' lang='lat' dir='ltr'>A</span> <span class='ocrx_word' id='word_1_19' title='bbox 1222 229 1351 269; x_wconf 86' lang='lat' dir='ltr'>studiis</span> <span class='ocrx_word' id='word_1_20' title='bbox 1369 237 1479 276; x_wconf 84' lang='lat' dir='ltr'>opera</span> <span class='ocrx_word' id='word_1_21' title='bbox 1496 227 1755 275; x_wconf 83' lang='lat' dir='ltr'>impendenda,</span> <span class='ocrx_word' id='word_1_22' title='bbox 1773 238 1846 266; x_wconf 86' lang='lat' dir='ltr'>non</span> <span class='ocrx_word' id='word_1_23' title='bbox 1862 234 2050 279; x_wconf 70' lang='lat' dir='ltr'>enerviter,</span> <span class='ocrx_word' id='word_1_24' title='bbox 2068 237 2133 275; x_wconf 62' lang='lat' dir='ltr'>sed</span> <span class='ocrx_word' id='word_1_25' title='bbox 2148 237 2264 275; x_wconf 53' lang='lat' dir='ltr'>effla-</span> 
     </span>
    </p>
   </div>
   <div class='ocr_carea' id='block_1_6' title="bbox 101 289 1153 525">
    <p class='ocr_par' dir='ltr' id='par_1_6' title="bbox 101 289 1153 525">
     <span class='ocr_line' id='line_1_6' title="bbox 101 289 1151 344; baseline -0.009 -12"><span class='ocrx_word' id='word_1_26' title='bbox 101 297 311 344; x_wconf 69' lang='lat' dir='ltr'>confiqurati</span> <span class='ocrx_word' id='word_1_27' title='bbox 345 293 518 344; x_wconf 72' lang='lat' dir='ltr'><strong><em>prioribus</em></strong></span> <span class='ocrx_word' id='word_1_28' title='bbox 552 293 761 341; x_wconf 75' lang='lat' dir='ltr'>iqnorantiae</span> <span class='ocrx_word' id='word_1_29' title='bbox 800 296 921 328; x_wconf 84' lang='lat' dir='ltr'>vestroe</span> <span class='ocrx_word' id='word_1_30' title='bbox 957 289 1151 332; x_wconf 74' lang='lat' dir='ltr'><strong><em>desideriis,</em></strong></span> 
     </span>
     <span class='ocr_line' id='line_1_7' title="bbox 101 355 1153 403; baseline -0.009 -8"><span class='ocrx_word' id='word_1_31' title='bbox 101 357 162 395; x_wconf 78' lang='lat' dir='ltr'>sed</span> <span class='ocrx_word' id='word_1_32' title='bbox 205 357 395 398; x_wconf 80' lang='lat' dir='ltr'>secundum</span> <span class='ocrx_word' id='word_1_33' title='bbox 434 367 514 393; x_wconf 81' lang='lat' dir='ltr'>eum</span> <span class='ocrx_word' id='word_1_34' title='bbox 547 356 608 403; x_wconf 84' lang='lat' dir='ltr'>qui</span> <span class='ocrx_word' id='word_1_35' title='bbox 646 355 779 391; x_wconf 80' lang='lat' dir='ltr'>vocavit</span> <span class='ocrx_word' id='word_1_36' title='bbox 809 365 868 390; x_wconf 86' lang='lat' dir='ltr'>vos</span> <span class='ocrx_word' id='word_1_37' title='bbox 903 357 1062 389; x_wconf 82' lang='lat' dir='ltr'>sanctum</span> <span class='ocrx_word' id='word_1_38' title='bbox 1079 378 1090 395; x_wconf 95' lang='lat'>,</span> <span class='ocrx_word' id='word_1_39' title='bbox 1120 356 1153 386; x_wconf 81' lang='lat' dir='ltr'>et</span> 
     </span>
     <span class='ocr_line' id='line_1_8' title="bbox 101 408 1150 464; baseline -0.006 -12"><span class='ocrx_word' id='word_1_40' title='bbox 101 417 168 464; x_wconf 82' lang='lat' dir='ltr'>ipsi</span> <span class='ocrx_word' id='word_1_41' title='bbox 195 417 308 456; x_wconf 80' lang='lat' dir='ltr'>saneti</span> <span class='ocrx_word' id='word_1_42' title='bbox 325 418 361 454; x_wconf 86' lang='lat' dir='ltr'>in</span> <span class='ocrx_word' id='word_1_43' title='bbox 390 417 484 454; x_wconf 83' lang='lat' dir='ltr'>omni</span> <span class='ocrx_word' id='word_1_44' title='bbox 515 416 773 455; x_wconf 83' lang='lat' dir='ltr'>conversatione</span> <span class='ocrx_word' id='word_1_45' title='bbox 803 418 909 450; x_wconf 82' lang='lat' dir='ltr'>estote</span> <span class='ocrx_word' id='word_1_46' title='bbox 936 411 972 460; x_wconf 90' lang='grc' dir='ltr'>(Ι</span> <span class='ocrx_word' id='word_1_47' title='bbox 987 410 1085 448; x_wconf 82' lang='lat' dir='ltr'>Petr.</span> <span class='ocrx_word' id='word_1_48' title='bbox 1107 408 1150 456; x_wconf 79' lang='grc' dir='ltr'>ι).</span> 
     </span>
     <span class='ocr_line' id='line_1_9' title="bbox 101 473 1151 525; baseline -0.007 -11"><span class='ocrx_word' id='word_1_49' title='bbox 101 477 193 515; x_wconf 86' lang='lat' dir='ltr'>Hinc</span> <span class='ocrx_word' id='word_1_50' title='bbox 223 485 260 517; x_wconf 86' lang='lat' dir='ltr'>et</span> <span class='ocrx_word' id='word_1_51' title='bbox 286 478 418 516; x_wconf 88' lang='lat' dir='ltr'>Paulus</span> <span class='ocrx_word' id='word_1_52' title='bbox 448 477 629 525; x_wconf 86' lang='lat' dir='ltr'>apostolus</span> <span class='ocrx_word' id='word_1_53' title='bbox 659 477 704 514; x_wconf 85' lang='lat' dir='ltr'>ad</span> <span class='ocrx_word' id='word_1_54' title='bbox 732 475 937 513; x_wconf 77' lang='lat' dir='ltr'>Corinthios</span> <span class='ocrx_word' id='word_1_55' title='bbox 967 473 1151 516; x_wconf 88' lang='lat' dir='ltr'>scribens,</span> 
     </span>
    </p>
   </div>
   <div class='ocr_carea' id='block_1_7' title="bbox 51 532 1153 585">
    <p class='ocr_par' dir='ltr' id='par_1_7' title="bbox 51 532 1153 585">
     <span class='ocr_line' id='line_1_10' title="bbox 51 532 1153 585; baseline -0.006 -12"><span class='ocrx_word' id='word_1_56' title='bbox 51 569 54 572; x_wconf 18' lang='grc' dir='ltr'><em>Α</em></span> <span class='ocrx_word' id='word_1_57' title='bbox 101 538 321 575; x_wconf 81' lang='lat' dir='ltr'><strong>enumeratis</strong></span> <span class='ocrx_word' id='word_1_58' title='bbox 349 537 560 585; x_wconf 81' lang='lat' dir='ltr'>capitalibus</span> <span class='ocrx_word' id='word_1_59' title='bbox 585 537 795 574; x_wconf 75' lang='lat' dir='ltr'><strong><em>criminibus</em></strong></span> <span class='ocrx_word' id='word_1_60' title='bbox 827 535 957 582; x_wconf 91' lang='lat' dir='ltr'>quibus</span> <span class='ocrx_word' id='word_1_61' title='bbox 983 532 1153 580; x_wconf 73' lang='lat' dir='ltr'>polluitur</span> 
     </span>
    </p>
   </div>
   <div class='ocr_carea' id='block_1_8' title="bbox 0 3799 63 4016">
    <p class='ocr_par' dir='ltr' id='par_1_8' title="bbox 0 3799 63 4016">
     <span class='ocr_line' id='line_1_11' title="bbox 0 3799 63 4016; baseline 0 0"><span class='ocrx_word' id='word_1_62' title='bbox 0 3799 63 4016; x_wconf 73' lang='lat' dir='ltr'>l</span> 
     </span>
    </p>
   </div>
   <div class='ocr_carea' id='block_1_9' title="bbox 97 592 1153 1125">
    <p class='ocr_par' dir='ltr' id='par_1_9' title="bbox 97 592 1153 1125">
     <span class='ocr_line' id='line_1_12' title="bbox 100 592 1153 644; baseline -0.007 -10"><span class='ocrx_word' id='word_1_63' title='bbox 100 598 256 634; x_wconf 88' lang='lat' dir='ltr'>humana</span> <span class='ocrx_word' id='word_1_64' title='bbox 272 598 361 642; x_wconf 88' lang='lat' dir='ltr'>vita,</span> <span class='ocrx_word' id='word_1_65' title='bbox 384 597 568 644; x_wconf 82' lang='lat' dir='ltr'>subjunxit</span> <span class='ocrx_word' id='word_1_66' title='bbox 590 598 715 634; x_wconf 87' lang='lat' dir='ltr'>dicens</span> <span class='ocrx_word' id='word_1_67' title='bbox 732 609 740 632; x_wconf 71' lang='grc' dir='ltr'>ε</span> <span class='ocrx_word' id='word_1_68' title='bbox 757 596 803 632; x_wconf 86' lang='lat' dir='ltr'>Et</span> <span class='ocrx_word' id='word_1_69' title='bbox 821 597 895 632; x_wconf 77' lang='lat' dir='ltr'>lzaec</span> <span class='ocrx_word' id='word_1_70' title='bbox 918 594 1056 642; x_wconf 87' lang='lat' dir='ltr'>quidem</span> <span class='ocrx_word' id='word_1_71' title='bbox 1082 592 1153 638; x_wconf 76' lang='lat' dir='ltr'>fui-</span> 
     </span>
     <span class='ocr_line' id='line_1_13' title="bbox 99 653 1153 703; baseline -0.006 -10"><span class='ocrx_word' id='word_1_72' title='bbox 99 657 174 700; x_wconf 82' lang='lat' dir='ltr'>stis,</span> <span class='ocrx_word' id='word_1_73' title='bbox 191 656 251 692; x_wconf 84' lang='lat' dir='ltr'>sed</span> <span class='ocrx_word' id='word_1_74' title='bbox 267 656 377 693; x_wconf 83' lang='lat' dir='ltr'>abluti</span> <span class='ocrx_word' id='word_1_75' title='bbox 391 659 486 702; x_wconf 85' lang='lat' dir='ltr'>estis,</span> <span class='ocrx_word' id='word_1_76' title='bbox 512 659 572 694; x_wconf 90' lang='lat' dir='ltr'>sed</span> <span class='ocrx_word' id='word_1_77' title='bbox 595 657 806 703; x_wconf 81' lang='lat' dir='ltr'>sanctificati</span> <span class='ocrx_word' id='word_1_78' title='bbox 831 656 925 699; x_wconf 82' lang='lat' dir='ltr'>estis,</span> <span class='ocrx_word' id='word_1_79' title='bbox 952 655 990 690; x_wconf 88' lang='lat' dir='ltr'>in</span> <span class='ocrx_word' id='word_1_80' title='bbox 1016 653 1153 689; x_wconf 75' lang='lat' dir='ltr'>nomine</span> 
     </span>
     <span class='ocr_line' id='line_1_14' title="bbox 98 710 1151 764; baseline -0.005 -13"><span class='ocrx_word' id='word_1_81' title='bbox 98 716 240 752; x_wconf 85' lang='lat' dir='ltr'><strong><em>Domini</em></strong></span> <span class='ocrx_word' id='word_1_82' title='bbox 264 717 373 752; x_wconf 79' lang='lat' dir='ltr'><strong><em>nostri</em></strong></span> <span class='ocrx_word' id='word_1_83' title='bbox 399 716 486 752; x_wconf 88' lang='lat' dir='ltr'>Jesu</span> <span class='ocrx_word' id='word_1_84' title='bbox 517 717 662 762; x_wconf 79' lang='lat' dir='ltr'><strong><em>Christi,</em></strong></span> <span class='ocrx_word' id='word_1_85' title='bbox 684 722 716 753; x_wconf 83' lang='lat' dir='ltr'>et</span> <span class='ocrx_word' id='word_1_86' title='bbox 741 716 866 764; x_wconf 79' lang='lat' dir='ltr'>spiritu</span> <span class='ocrx_word' id='word_1_87' title='bbox 894 714 958 750; x_wconf 91' lang='lat' dir='ltr'>Dei</span> <span class='ocrx_word' id='word_1_88' title='bbox 984 713 1094 749; x_wconf 82' lang='lat' dir='ltr'>nostri</span> <span class='ocrx_word' id='word_1_89' title='bbox 1117 710 1151 759; x_wconf 89' lang='lat' dir='ltr'>(l</span> 
     </span>
     <span class='ocr_line' id='line_1_15' title="bbox 99 775 1153 824; baseline -0.006 -10"><span class='ocrx_word' id='word_1_90' title='bbox 99 777 181 814; x_wconf 85' lang='lat' dir='ltr'>Cor.</span> <span class='ocrx_word' id='word_1_91' title='bbox 203 777 269 823; x_wconf 89' lang='lat' dir='ltr'>v1).</span> <span class='ocrx_word' id='word_1_92' title='bbox 297 777 452 814; x_wconf 83' lang='lat' dir='ltr'>Possunt</span> <span class='ocrx_word' id='word_1_93' title='bbox 473 779 617 824; x_wconf 84' lang='lat' dir='ltr'>quidem</span> <span class='ocrx_word' id='word_1_94' title='bbox 641 788 707 824; x_wconf 86' lang='lat' dir='ltr'>per</span> <span class='ocrx_word' id='word_1_95' title='bbox 730 779 797 814; x_wconf 91' lang='lat' dir='ltr'>hos</span> <span class='ocrx_word' id='word_1_96' title='bbox 816 778 905 813; x_wconf 91' lang='lat' dir='ltr'>duos</span> <span class='ocrx_word' id='word_1_97' title='bbox 924 775 1048 815; x_wconf 88' lang='lat' dir='ltr'>boves,</span> <span class='ocrx_word' id='word_1_98' title='bbox 1067 781 1153 817; x_wconf 87' lang='lat' dir='ltr'>quo-</span> 
     </span>
     <span class='ocr_line' id='line_1_16' title="bbox 99 831 1152 885; baseline -0.009 -11"><span class='ocrx_word' id='word_1_99' title='bbox 99 849 178 874; x_wconf 90' lang='lat' dir='ltr'>rum</span> <span class='ocrx_word' id='word_1_100' title='bbox 196 849 288 875; x_wconf 90' lang='lat' dir='ltr'>unus</span> <span class='ocrx_word' id='word_1_101' title='bbox 307 849 371 885; x_wconf 88' lang='lat' dir='ltr'>pro</span> <span class='ocrx_word' id='word_1_102' title='bbox 391 844 540 885; x_wconf 83' lang='lat' dir='ltr'>peccato</span> <span class='ocrx_word' id='word_1_103' title='bbox 558 838 760 875; x_wconf 83' lang='lat' dir='ltr'>offerendus</span> <span class='ocrx_word' id='word_1_104' title='bbox 784 841 875 878; x_wconf 83' lang='lat' dir='ltr'>erat,</span> <span class='ocrx_word' id='word_1_105' title='bbox 893 834 984 869; x_wconf 83' lang='lat' dir='ltr'>alter</span> <span class='ocrx_word' id='word_1_106' title='bbox 999 832 1036 867; x_wconf 91' lang='lat' dir='ltr'>in</span> <span class='ocrx_word' id='word_1_107' title='bbox 1051 831 1152 866; x_wconf 87' lang='lat' dir='ltr'>holo-</span> 
     </span>
     <span class='ocr_line' id='line_1_17' title="bbox 99 892 1150 946; baseline -0.01 -9"><span class='ocrx_word' id='word_1_108' title='bbox 99 909 274 945; x_wconf 84' lang='lat' dir='ltr'>caustum,</span> <span class='ocrx_word' id='word_1_109' title='bbox 294 901 387 937; x_wconf 87' lang='lat' dir='ltr'>sieut</span> <span class='ocrx_word' id='word_1_110' title='bbox 411 901 447 937; x_wconf 91' lang='lat' dir='ltr'>in</span> <span class='ocrx_word' id='word_1_111' title='bbox 473 900 703 946; x_wconf 87' lang='lat' dir='ltr'>sequentibus</span> <span class='ocrx_word' id='word_1_112' title='bbox 726 894 1045 936; x_wconf 75' lang='lat' dir='ltr'>demonstrabitur,</span> <span class='ocrx_word' id='word_1_113' title='bbox 1072 892 1150 927; x_wconf 88' lang='lat' dir='ltr'>duae</span> 
     </span>
     <span class='ocr_line' id='line_1_18' title="bbox 99 953 1150 1009; baseline -0.011 -10"><span class='ocrx_word' id='word_1_114' title='bbox 99 963 278 999; x_wconf 90' lang='lat' dir='ltr'>actionum</span> <span class='ocrx_word' id='word_1_115' title='bbox 293 964 430 1009; x_wconf 87' lang='lat' dir='ltr'>species</span> <span class='ocrx_word' id='word_1_116' title='bbox 446 963 611 1008; x_wconf 77' lang='lat' dir='ltr'>exprimi.</span> <span class='ocrx_word' id='word_1_117' title='bbox 629 961 788 1004; x_wconf 88' lang='lat' dir='ltr'>Quarum</span> <span class='ocrx_word' id='word_1_118' title='bbox 806 967 890 1000; x_wconf 89' lang='lat' dir='ltr'>una,</span> <span class='ocrx_word' id='word_1_119' title='bbox 909 965 952 991; x_wconf 88' lang='lat' dir='ltr'>ea</span> <span class='ocrx_word' id='word_1_120' title='bbox 966 964 1046 1000; x_wconf 68' lang='lat' dir='ltr'>quae</span> <span class='ocrx_word' id='word_1_121' title='bbox 1055 953 1150 988; x_wconf 86' lang='lat' dir='ltr'>male</span> 
     </span>
     <span class='ocr_line' id='line_1_19' title="bbox 98 1014 1146 1070; baseline -0.011 -10"><span class='ocrx_word' id='word_1_122' title='bbox 98 1023 286 1070; x_wconf 84' lang='lat' dir='ltr'>gessimus,</span> <span class='ocrx_word' id='word_1_123' title='bbox 313 1033 378 1068; x_wconf 87' lang='lat' dir='ltr'>per</span> <span class='ocrx_word' id='word_1_124' title='bbox 397 1021 619 1068; x_wconf 87' lang='lat' dir='ltr'>poenitentiae</span> <span class='ocrx_word' id='word_1_125' title='bbox 642 1020 836 1055; x_wconf 89' lang='lat' dir='ltr'>lamentum</span> <span class='ocrx_word' id='word_1_126' title='bbox 862 1016 1007 1052; x_wconf 88' lang='lat' dir='ltr'>abluere</span> <span class='ocrx_word' id='word_1_127' title='bbox 1030 1014 1146 1050; x_wconf 80' lang='lat' dir='ltr'>stude-</span> 
     </span>
     <span class='ocr_line' id='line_1_20' title="bbox 97 1075 1147 1125; baseline -0.01 -7"><span class='ocrx_word' id='word_1_128' title='bbox 97 1093 191 1125; x_wconf 89' lang='lat' dir='ltr'>mus,</span> <span class='ocrx_word' id='word_1_129' title='bbox 213 1082 325 1117; x_wconf 87' lang='lat' dir='ltr'>altera</span> <span class='ocrx_word' id='word_1_130' title='bbox 342 1082 517 1116; x_wconf 88' lang='lat' dir='ltr'>bonorum</span> <span class='ocrx_word' id='word_1_131' title='bbox 542 1089 692 1125; x_wconf 85' lang='lat' dir='ltr'>operum</span> <span class='ocrx_word' id='word_1_132' title='bbox 713 1077 890 1113; x_wconf 86' lang='lat' dir='ltr'>fructibus</span> <span class='ocrx_word' id='word_1_133' title='bbox 914 1080 950 1111; x_wconf 86' lang='lat' dir='ltr'>et</span> <span class='ocrx_word' id='word_1_134' title='bbox 971 1075 1147 1109; x_wconf 83' lang='lat' dir='ltr'>virtutum</span> 
     </span>
    </p>
   </div>
   <div class='ocr_carea' id='block_1_10' title="bbox 1216 287 2302 1117">
    <p class='ocr_par' dir='ltr' id='par_1_10' title="bbox 1221 287 1800 335">
     <span class='ocr_line' id='line_1_21' title="bbox 1221 287 1800 335; baseline -0.005 -8"><span class='ocrx_word' id='word_1_135' title='bbox 1221 290 1312 327; x_wconf 88' lang='lat' dir='ltr'>citer</span> <span class='ocrx_word' id='word_1_136' title='bbox 1330 289 1391 326; x_wconf 86' lang='lat' dir='ltr'>illa</span> <span class='ocrx_word' id='word_1_137' title='bbox 1409 287 1585 335; x_wconf 76' lang='lat' dir='ltr'>perlicere</span> <span class='ocrx_word' id='word_1_138' title='bbox 1603 288 1800 335; x_wconf 73' lang='lat' dir='ltr'>decertent.</span> 
     </span>
    </p>

    <p class='ocr_par' dir='ltr' id='par_1_11' title="bbox 1216 327 2302 1000">
     <span class='ocr_line' id='line_1_22' title="bbox 1269 327 2267 401; baseline 0.001 -15"><span class='ocrx_word' id='word_1_139' title='bbox 1269 349 1411 386; x_wconf 82' lang='lat' dir='ltr'>Statues</span> <span class='ocrx_word' id='word_1_140' title='bbox 1431 360 1564 397; x_wconf 84' lang='lat' dir='ltr'>qaoque</span> <span class='ocrx_word' id='word_1_141' title='bbox 1581 327 1774 383; x_wconf 46' lang='lat' dir='ltr'>Levita&amp;</span> <span class='ocrx_word' id='word_1_142' title='bbox 1791 354 1974 395; x_wconf 79' lang='lat' dir='ltr'>conspectu</span> <span class='ocrx_word' id='word_1_143' title='bbox 1990 349 2108 388; x_wconf 76' lang='lat' dir='ltr'>Aaron</span> <span class='ocrx_word' id='word_1_144' title='bbox 2124 361 2156 390; x_wconf 78' lang='lat' dir='ltr'>et</span> <span class='ocrx_word' id='word_1_145' title='bbox 2174 356 2267 401; x_wconf 67' lang='grc' dir='ltr'>Μω-</span> 
     </span>
     <span class='ocr_line' id='line_1_23' title="bbox 1221 404 2264 457; baseline -0.003 -11"><span class='ocrx_word' id='word_1_146' title='bbox 1221 421 1300 446; x_wconf 87' lang='lat' dir='ltr'>rum</span> <span class='ocrx_word' id='word_1_147' title='bbox 1315 411 1392 456; x_wconf 79' lang='lat' dir='ltr'>ejas</span> <span class='ocrx_word' id='word_1_148' title='bbox 1406 437 1416 455; x_wconf 94' lang='lat'>,</span> <span class='ocrx_word' id='word_1_149' title='bbox 1436 416 1469 446; x_wconf 84' lang='lat' dir='ltr'>et</span> <span class='ocrx_word' id='word_1_150' title='bbox 1487 407 1704 445; x_wconf 73' lang='lat' dir='ltr'>consecrabis</span> <span class='ocrx_word' id='word_1_151' title='bbox 1722 404 1856 443; x_wconf 83' lang='lat' dir='ltr'>ob&#39;latos</span> <span class='ocrx_word' id='word_1_152' title='bbox 1875 406 2046 451; x_wconf 81' lang='lat' dir='ltr'>Domino,</span> <span class='ocrx_word' id='word_1_153' title='bbox 2065 421 2108 445; x_wconf 85' lang='lat' dir='ltr'>ac</span> <span class='ocrx_word' id='word_1_154' title='bbox 2125 422 2264 457; x_wconf 66' lang='lat' dir='ltr'>nepam-</span> 
     </span>
     <span class='ocr_line' id='line_1_24' title="bbox 1221 466 2267 520; baseline 0 -14"><span class='ocrx_word' id='word_1_155' title='bbox 1221 470 1271 506; x_wconf 85' lang='lat' dir='ltr'>bis</span> <span class='ocrx_word' id='word_1_156' title='bbox 1297 470 1339 505; x_wconf 84' lang='lat' dir='ltr'>de</span> <span class='ocrx_word' id='word_1_157' title='bbox 1363 470 1476 506; x_wconf 81' lang='lat' dir='ltr'>medio</span> <span class='ocrx_word' id='word_1_158' title='bbox 1498 469 1653 516; x_wconf 84' lang='lat' dir='ltr'>filiorum</span> <span class='ocrx_word' id='word_1_159' title='bbox 1676 466 1807 509; x_wconf 81' lang='lat' dir='ltr'>lsrael,</span> <span class='ocrx_word' id='word_1_160' title='bbox 1828 472 1867 502; x_wconf 81' lang='lat' dir='ltr'>ut</span> <span class='ocrx_word' id='word_1_161' title='bbox 1885 467 1955 503; x_wconf 73' lang='lat' dir='ltr'>sint</span> <span class='ocrx_word' id='word_1_162' title='bbox 1980 467 2049 504; x_wconf 78' lang='lat' dir='ltr'>mei</span> <span class='ocrx_word' id='word_1_163' title='bbox 2066 477 2086 520; x_wconf 42' lang='grc' dir='ltr'>ε.</span> <span class='ocrx_word' id='word_1_164' title='bbox 2101 475 2135 504; x_wconf 75' lang='lat' dir='ltr'>rt</span> <span class='ocrx_word' id='word_1_165' title='bbox 2151 477 2267 516; x_wconf 74' lang='lat' dir='ltr'>postea</span> 
     </span>
     <span class='ocr_line' id='line_1_25' title="bbox 1218 528 2266 578; baseline 0 -12"><span class='ocrx_word' id='word_1_166' title='bbox 1218 531 1459 578; x_wconf 75' lang='lat' dir='ltr'>inqredientur</span> <span class='ocrx_word' id='word_1_167' title='bbox 1477 528 1741 566; x_wconf 77' lang='lat' dir='ltr'>tabernaculum</span> <span class='ocrx_word' id='word_1_168' title='bbox 1761 528 1901 574; x_wconf 73' lang='lat' dir='ltr'>foederis</span> <span class='ocrx_word' id='word_1_169' title='bbox 1916 555 1926 571; x_wconf 95' lang='lat'>,</span> <span class='ocrx_word' id='word_1_170' title='bbox 1946 534 1984 563; x_wconf 83' lang='lat' dir='ltr'>ut</span> <span class='ocrx_word' id='word_1_171' title='bbox 2004 530 2153 564; x_wconf 77' lang='lat' dir='ltr'>serviant</span> <span class='ocrx_word' id='word_1_172' title='bbox 2169 531 2266 566; x_wconf 78' lang='lat' dir='ltr'>mihi.</span> 
     </span>
     <span class='ocr_line' id='line_1_26' title="bbox 1218 586 2268 636; baseline -0.002 -10"><span class='ocrx_word' id='word_1_173' title='bbox 1218 590 1312 627; x_wconf 84' lang='lat' dir='ltr'>Nota</span> <span class='ocrx_word' id='word_1_174' title='bbox 1333 589 1429 636; x_wconf 89' lang='lat' dir='ltr'>quod</span> <span class='ocrx_word' id='word_1_175' title='bbox 1454 589 1590 625; x_wconf 76' lang='lat' dir='ltr'>Levitae</span> <span class='ocrx_word' id='word_1_176' title='bbox 1610 587 1770 634; x_wconf 87' lang='lat' dir='ltr'>separari</span> <span class='ocrx_word' id='word_1_177' title='bbox 1787 587 1964 634; x_wconf 84' lang='lat' dir='ltr'>jubentur</span> <span class='ocrx_word' id='word_1_178' title='bbox 1981 586 2026 624; x_wconf 90' lang='lat' dir='ltr'>de</span> <span class='ocrx_word' id='word_1_179' title='bbox 2043 587 2162 624; x_wconf 91' lang='lat' dir='ltr'>medio</span> <span class='ocrx_word' id='word_1_180' title='bbox 2180 588 2268 625; x_wconf 77' lang='lat' dir='ltr'>fitio-</span> 
     </span>
     <span class='ocr_line' id='line_1_27' title="bbox 1219 646 2270 694; baseline -0.004 -8"><span class='ocrx_word' id='word_1_181' title='bbox 1219 660 1301 686; x_wconf 86' lang='lat' dir='ltr'>rum</span> <span class='ocrx_word' id='word_1_182' title='bbox 1326 648 1440 685; x_wconf 83' lang='lat' dir='ltr'>lsrael</span> <span class='ocrx_word' id='word_1_183' title='bbox 1466 653 1507 684; x_wconf 90' lang='lat' dir='ltr'>ut</span> <span class='ocrx_word' id='word_1_184' title='bbox 1535 648 1607 685; x_wconf 88' lang='lat' dir='ltr'>sint</span> <span class='ocrx_word' id='word_1_185' title='bbox 1632 646 1795 691; x_wconf 88' lang='lat' dir='ltr'><strong><em>Domini,</em></strong></span> <span class='ocrx_word' id='word_1_186' title='bbox 1818 653 1854 682; x_wconf 87' lang='lat' dir='ltr'>et</span> <span class='ocrx_word' id='word_1_187' title='bbox 1870 652 1997 693; x_wconf 87' lang='lat' dir='ltr'>postea</span> <span class='ocrx_word' id='word_1_188' title='bbox 2024 646 2270 694; x_wconf 76' lang='lat' dir='ltr'>ingrediantur</span> 
     </span>
     <span class='ocr_line' id='line_1_28' title="bbox 1220 708 2272 748; baseline -0.004 0"><span class='ocrx_word' id='word_1_189' title='bbox 1220 711 1257 748; x_wconf 91' lang='lat' dir='ltr'>in</span> <span class='ocrx_word' id='word_1_190' title='bbox 1279 710 1551 748; x_wconf 82' lang='lat' dir='ltr'>tabernaculum</span> <span class='ocrx_word' id='word_1_191' title='bbox 1573 709 1721 745; x_wconf 87' lang='lat' dir='ltr'>soederis</span> <span class='ocrx_word' id='word_1_192' title='bbox 1749 709 1795 745; x_wconf 90' lang='lat' dir='ltr'>ad</span> <span class='ocrx_word' id='word_1_193' title='bbox 1824 708 2054 745; x_wconf 88' lang='lat' dir='ltr'>serviendum</span> <span class='ocrx_word' id='word_1_194' title='bbox 2078 708 2166 744; x_wconf 88' lang='lat' dir='ltr'>Deo.</span> <span class='ocrx_word' id='word_1_195' title='bbox 2194 708 2272 744; x_wconf 90' lang='lat' dir='ltr'>Non</span> 
     </span>
     <span class='ocr_line' id='line_1_29' title="bbox 1218 768 2272 815; baseline -0.004 -7"><span class='ocrx_word' id='word_1_196' title='bbox 1218 771 1314 808; x_wconf 91' lang='lat' dir='ltr'>enim</span> <span class='ocrx_word' id='word_1_197' title='bbox 1343 771 1449 808; x_wconf 89' lang='lat' dir='ltr'>debet</span> <span class='ocrx_word' id='word_1_198' title='bbox 1476 770 1642 807; x_wconf 86' lang='lat' dir='ltr'>minister</span> <span class='ocrx_word' id='word_1_199' title='bbox 1669 769 1811 806; x_wconf 90' lang='lat' dir='ltr'>Domini</span> <span class='ocrx_word' id='word_1_200' title='bbox 1840 773 2032 806; x_wconf 90' lang='lat' dir='ltr'>contentus</span> <span class='ocrx_word' id='word_1_201' title='bbox 2049 769 2071 791; x_wconf 67' lang='lat'>&#39;⁶</span> <span class='ocrx_word' id='word_1_202' title='bbox 2089 768 2272 815; x_wconf 87' lang='lat' dir='ltr'>popularis</span> 
     </span>
     <span class='ocr_line' id='line_1_30' title="bbox 1219 815 2302 878; baseline -0.003 -11"><span class='ocrx_word' id='word_1_203' title='bbox 1219 831 1438 878; x_wconf 81' lang='lat' dir='ltr'>disciplinae,</span> <span class='ocrx_word' id='word_1_204' title='bbox 1469 830 1531 867; x_wconf 91' lang='lat' dir='ltr'>sed</span> <span class='ocrx_word' id='word_1_205' title='bbox 1559 831 1635 867; x_wconf 90' lang='lat' dir='ltr'>sive</span> <span class='ocrx_word' id='word_1_206' title='bbox 1661 830 1699 865; x_wconf 89' lang='lat' dir='ltr'>in</span> <span class='ocrx_word' id='word_1_207' title='bbox 1726 830 1909 873; x_wconf 89' lang='lat' dir='ltr'>moribus,</span> <span class='ocrx_word' id='word_1_208' title='bbox 1930 829 2008 865; x_wconf 87' lang='lat' dir='ltr'>sive</span> <span class='ocrx_word' id='word_1_209' title='bbox 2026 829 2062 865; x_wconf 93' lang='lat' dir='ltr'>in</span> <span class='ocrx_word' id='word_1_210' title='bbox 2082 827 2246 865; x_wconf 89' lang='lat' dir='ltr'>doctrina</span> <span class='ocrx_word' id='word_1_211' title='bbox 2261 855 2270 872; x_wconf 94' lang='lat'>,</span> <span class='ocrx_word' id='word_1_212' title='bbox 2294 815 2302 821; x_wconf 52' lang='lat'>⁸</span> 
     </span>
     <span class='ocr_line' id='line_1_31' title="bbox 1217 888 2272 938; baseline -0.004 -10"><span class='ocrx_word' id='word_1_213' title='bbox 1217 897 1423 938; x_wconf 87' lang='lat' dir='ltr'>separatum</span> <span class='ocrx_word' id='word_1_214' title='bbox 1444 897 1479 927; x_wconf 87' lang='lat' dir='ltr'>et</span> <span class='ocrx_word' id='word_1_215' title='bbox 1503 891 1737 938; x_wconf 82' lang='lat' dir='ltr'>spectabilem</span> <span class='ocrx_word' id='word_1_216' title='bbox 1763 894 1904 936; x_wconf 84' lang='lat' dir='ltr'>oportet</span> <span class='ocrx_word' id='word_1_217' title='bbox 1924 899 2008 926; x_wconf 90' lang='lat' dir='ltr'>eum</span> <span class='ocrx_word' id='word_1_218' title='bbox 2028 888 2128 933; x_wconf 76' lang='lat' dir='ltr'>fieri,</span> <span class='ocrx_word' id='word_1_219' title='bbox 2148 889 2272 935; x_wconf 90' lang='lat' dir='ltr'>sicque</span> 
     </span>
     <span class='ocr_line' id='line_1_32' title="bbox 1216 953 1720 1000; baseline -0.006 -9"><span class='ocrx_word' id='word_1_220' title='bbox 1216 954 1332 991; x_wconf 85' lang='lat' dir='ltr'>officio</span> <span class='ocrx_word' id='word_1_221' title='bbox 1349 954 1491 990; x_wconf 90' lang='lat' dir='ltr'>Domini</span> <span class='ocrx_word' id='word_1_222' title='bbox 1509 953 1720 1000; x_wconf 87' lang='lat' dir='ltr'>mancipari.</span> 
     </span>
    </p>

    <p class='ocr_par' dir='ltr' id='par_1_12' title="bbox 1216 1008 2272 1117">
     <span class='ocr_line' id='line_1_33' title="bbox 1265 1008 2271 1059; baseline -0.004 -11"><span class='ocrx_word' id='word_1_223' title='bbox 1265 1013 1390 1059; x_wconf 82' lang='lat' dir='ltr'>Sicque</span> <span class='ocrx_word' id='word_1_224' title='bbox 1412 1012 1614 1058; x_wconf 78' lang='lat' dir='ltr'>purificabis</span> <span class='ocrx_word' id='word_1_225' title='bbox 1637 1018 1668 1046; x_wconf 85' lang='lat' dir='ltr'>et</span> <span class='ocrx_word' id='word_1_226' title='bbox 1693 1010 1911 1046; x_wconf 80' lang='lat' dir='ltr'>consecrabis</span> <span class='ocrx_word' id='word_1_227' title='bbox 1931 1020 1988 1045; x_wconf 85' lang='lat' dir='ltr'>eos</span> <span class='ocrx_word' id='word_1_228' title='bbox 2006 1009 2044 1045; x_wconf 89' lang='lat' dir='ltr'>in</span> <span class='ocrx_word' id='word_1_229' title='bbox 2065 1008 2271 1045; x_wconf 81' lang='lat' dir='ltr'>oblationem</span> 
     </span>
     <span class='ocr_line' id='line_1_34' title="bbox 1216 1067 2272 1117; baseline -0.005 -10"><span class='ocrx_word' id='word_1_230' title='bbox 1216 1072 1379 1114; x_wconf 81' lang='lat' dir='ltr'>Domini,</span> <span class='ocrx_word' id='word_1_231' title='bbox 1418 1071 1584 1117; x_wconf 86' lang='lat' dir='ltr'>quoniam</span> <span class='ocrx_word' id='word_1_232' title='bbox 1622 1070 1712 1105; x_wconf 81' lang='grc' dir='ltr'><em>άοηο</em></span> <span class='ocrx_word' id='word_1_233' title='bbox 1749 1070 1871 1104; x_wconf 83' lang='lat' dir='ltr'>donati</span> <span class='ocrx_word' id='word_1_234' title='bbox 1904 1074 1985 1104; x_wconf 81' lang='lat' dir='ltr'>sunt</span> <span class='ocrx_word' id='word_1_235' title='bbox 2015 1069 2102 1103; x_wconf 80' lang='lat' dir='ltr'>mihi</span> <span class='ocrx_word' id='word_1_236' title='bbox 2134 1080 2155 1103; x_wconf 88' lang='lat' dir='ltr'>a</span> <span class='ocrx_word' id='word_1_237' title='bbox 2187 1067 2272 1113; x_wconf 81' lang='lat' dir='ltr'>filiis</span> 
     </span>
    </p>
   </div>
   <div class='ocr_carea' id='block_1_11' title="bbox 97 1126 2271 1188">
    <p class='ocr_par' dir='ltr' id='par_1_13' title="bbox 97 1126 2271 1188">
     <span class='ocr_line' id='line_1_35' title="bbox 97 1126 2271 1188; baseline -0.008 -10"><span class='ocrx_word' id='word_1_238' title='bbox 97 1142 236 1185; x_wconf 88' lang='lat' dir='ltr'>studiis,</span> <span class='ocrx_word' id='word_1_239' title='bbox 261 1141 411 1188; x_wconf 81' lang='lat' dir='ltr'>gratiam</span> <span class='ocrx_word' id='word_1_240' title='bbox 430 1141 627 1177; x_wconf 85' lang='lat' dir='ltr'>conditoris</span> <span class='ocrx_word' id='word_1_241' title='bbox 646 1145 682 1175; x_wconf 89' lang='lat' dir='ltr'>et</span> <span class='ocrx_word' id='word_1_242' title='bbox 700 1139 856 1176; x_wconf 84' lang='lat' dir='ltr'>coelestis</span> <span class='ocrx_word' id='word_1_243' title='bbox 877 1136 1015 1184; x_wconf 81' lang='lat' dir='ltr'>praemii</span> <span class='ocrx_word' id='word_1_244' title='bbox 1031 1135 1146 1172; x_wconf 87' lang='lat' dir='ltr'>beati·</span> <span class='ocrx_word' id='word_1_245' title='bbox 1165 1130 1198 1170; x_wconf 91' lang='lat' dir='ltr'>B</span> <span class='ocrx_word' id='word_1_246' title='bbox 1217 1131 1331 1168; x_wconf 82' lang='lat' dir='ltr'>Israel</span> <span class='ocrx_word' id='word_1_247' title='bbox 1345 1159 1353 1174; x_wconf 91' lang='lat'>‚</span> <span class='ocrx_word' id='word_1_248' title='bbox 1371 1143 1433 1178; x_wconf 88' lang='lat' dir='ltr'>pro</span> <span class='ocrx_word' id='word_1_249' title='bbox 1451 1130 1687 1177; x_wconf 63' lang='lat' dir='ltr'>primogenitis</span> <span class='ocrx_word' id='word_1_250' title='bbox 1705 1139 1782 1175; x_wconf 80' lang='lat' dir='ltr'>quoe</span> <span class='ocrx_word' id='word_1_251' title='bbox 1802 1129 1961 1174; x_wconf 82' lang='lat' dir='ltr'>aperiunt</span> <span class='ocrx_word' id='word_1_252' title='bbox 1981 1138 2117 1163; x_wconf 68' lang='lat' dir='ltr'>omnem</span> <span class='ocrx_word' id='word_1_253' title='bbox 2135 1126 2271 1162; x_wconf 85' lang='lat' dir='ltr'>vulvam</span> 
     </span>
    </p>
   </div>
   <div class='ocr_carea' id='block_1_12' title="bbox 97 1201 705 1250">
    <p class='ocr_par' dir='ltr' id='par_1_14' title="bbox 97 1201 705 1250">
     <span class='ocr_line' id='line_1_36' title="bbox 97 1201 705 1250; baseline -0.003 -12"><span class='ocrx_word' id='word_1_254' title='bbox 97 1203 256 1240; x_wconf 88' lang='lat' dir='ltr'>tudinem</span> <span class='ocrx_word' id='word_1_255' title='bbox 273 1202 470 1250; x_wconf 90' lang='lat' dir='ltr'>promereri</span> <span class='ocrx_word' id='word_1_256' title='bbox 495 1201 705 1248; x_wconf 84' lang='lat' dir='ltr'>satagimus.</span> 
     </span>
    </p>
   </div>
   <div class='ocr_carea' id='block_1_13' title="bbox 480 1299 752 1339">
    <p class='ocr_par' dir='ltr' id='par_1_15' title="bbox 480 1299 752 1339">
     <span class='ocr_line' id='line_1_37' title="bbox 480 1299 752 1339; baseline -0.018 0"><span class='ocrx_word' id='word_1_257' title='bbox 480 1301 632 1339; x_wconf 80' lang='lat' dir='ltr'><strong>CAPUT</strong></span> <span class='ocrx_word' id='word_1_258' title='bbox 659 1299 738 1336; x_wconf 84' lang='lat' dir='ltr'>XVI</span> <span class='ocrx_word' id='word_1_259' title='bbox 744 1326 752 1334; x_wconf 92' lang='lat'><strong>.</strong></span> 
     </span>
    </p>
   </div>
   <div class='ocr_carea' id='block_1_14' title="bbox 97 1370 1148 1467">
    <p class='ocr_par' dir='ltr' id='par_1_16' title="bbox 97 1370 1148 1467">
     <span class='ocr_line' id='line_1_38' title="bbox 97 1370 1148 1425; baseline -0.01 -11"><span class='ocrx_word' id='word_1_260' title='bbox 97 1377 148 1415; x_wconf 92' lang='lat' dir='ltr'>De</span> <span class='ocrx_word' id='word_1_261' title='bbox 167 1377 276 1415; x_wconf 79' lang='lat' dir='ltr'>levitis</span> <span class='ocrx_word' id='word_1_262' title='bbox 296 1388 358 1425; x_wconf 84' lang='lat' dir='ltr'>pro</span> <span class='ocrx_word' id='word_1_263' title='bbox 377 1376 614 1424; x_wconf 74' lang='lat' dir='ltr'>primoqenilis</span> <span class='ocrx_word' id='word_1_264' title='bbox 635 1375 787 1420; x_wconf 82' lang='lat' dir='ltr'>filiorum</span> <span class='ocrx_word' id='word_1_265' title='bbox 802 1371 929 1415; x_wconf 83' lang='lat' dir='ltr'>Israel,</span> <span class='ocrx_word' id='word_1_266' title='bbox 943 1371 979 1406; x_wconf 87' lang='lat' dir='ltr'>in</span> <span class='ocrx_word' id='word_1_267' title='bbox 995 1370 1148 1405; x_wconf 82' lang='lat' dir='ltr'>ministe-</span> 
     </span>
     <span class='ocr_line' id='line_1_39' title="bbox 381 1421 868 1467; baseline -0.01 -8"><span class='ocrx_word' id='word_1_268' title='bbox 381 1424 442 1459; x_wconf 89' lang='lat' dir='ltr'>riis</span> <span class='ocrx_word' id='word_1_269' title='bbox 465 1423 606 1458; x_wconf 82' lang='lat' dir='ltr'>Domini</span> <span class='ocrx_word' id='word_1_270' title='bbox 626 1421 868 1467; x_wconf 79' lang='lat' dir='ltr'>suscipiendis.</span> 
     </span>
    </p>
   </div>
   <div class='ocr_carea' id='block_1_15' title="bbox 94 1504 1150 1732">
    <p class='ocr_par' dir='ltr' id='par_1_17' title="bbox 94 1504 1150 1732">
     <span class='ocr_line' id='line_1_40' title="bbox 145 1504 1147 1561; baseline -0.01 -12"><span class='ocrx_word' id='word_1_271' title='bbox 145 1512 289 1561; x_wconf 73' lang='lat' dir='ltr'>(lem.)</span> <span class='ocrx_word' id='word_1_272' title='bbox 314 1512 358 1547; x_wconf 76' lang='lat' dir='ltr'>Ei</span> <span class='ocrx_word' id='word_1_273' title='bbox 392 1513 577 1558; x_wconf 80' lang='lat' dir='ltr'>applicabit</span> <span class='ocrx_word' id='word_1_274' title='bbox 607 1511 742 1546; x_wconf 68' lang='lat' dir='ltr'>Levites</span> <span class='ocrx_word' id='word_1_275' title='bbox 773 1519 890 1544; x_wconf 86' lang='lat' dir='ltr'>coram</span> <span class='ocrx_word' id='word_1_276' title='bbox 924 1504 1147 1542; x_wconf 83' lang='lat' dir='ltr'>tabernaculo</span> 
     </span>
     <span class='ocr_line' id='line_1_41' title="bbox 97 1564 1146 1621; baseline -0.011 -10"><span class='ocrx_word' id='word_1_277' title='bbox 97 1575 256 1621; x_wconf 72' lang='lat' dir='ltr'>foederis,</span> <span class='ocrx_word' id='word_1_278' title='bbox 276 1579 463 1609; x_wconf 83' lang='lat' dir='ltr'>convocata</span> <span class='ocrx_word' id='word_1_279' title='bbox 491 1573 583 1607; x_wconf 85' lang='lat' dir='ltr'>omni</span> <span class='ocrx_word' id='word_1_280' title='bbox 603 1571 822 1607; x_wconf 75' lang='lat' dir='ltr'>multitudine</span> <span class='ocrx_word' id='word_1_281' title='bbox 846 1568 1001 1614; x_wconf 84' lang='lat' dir='ltr'>filiorum</span> <span class='ocrx_word' id='word_1_282' title='bbox 1020 1564 1146 1602; x_wconf 85' lang='lat' dir='ltr'>lsrael.</span> 
     </span>
     <span class='ocr_line' id='line_1_42' title="bbox 96 1626 1148 1680; baseline -0.01 -10"><span class='ocrx_word' id='word_1_283' title='bbox 96 1633 331 1680; x_wconf 83' lang='lat' dir='ltr'>Applicantur</span> <span class='ocrx_word' id='word_1_284' title='bbox 344 1632 479 1668; x_wconf 80' lang='lat' dir='ltr'>Levitae</span> <span class='ocrx_word' id='word_1_285' title='bbox 496 1641 618 1668; x_wconf 83' lang='lat' dir='ltr'>coram</span> <span class='ocrx_word' id='word_1_286' title='bbox 636 1628 870 1666; x_wconf 79' lang='lat' dir='ltr'>tabernaculo</span> <span class='ocrx_word' id='word_1_287' title='bbox 887 1626 1048 1668; x_wconf 77' lang='lat' dir='ltr'>foederis,</span> <span class='ocrx_word' id='word_1_288' title='bbox 1065 1634 1148 1660; x_wconf 82' lang='lat' dir='ltr'>eum</span> 
     </span>
     <span class='ocr_line' id='line_1_43' title="bbox 94 1687 1150 1732; baseline -0.011 0"><span class='ocrx_word' id='word_1_289' title='bbox 94 1694 254 1732; x_wconf 89' lang='lat' dir='ltr'>ministri</span> <span class='ocrx_word' id='word_1_290' title='bbox 278 1693 418 1730; x_wconf 87' lang='lat' dir='ltr'>Domini</span> <span class='ocrx_word' id='word_1_291' title='bbox 447 1693 551 1728; x_wconf 79' lang='lat' dir='ltr'>electi</span> <span class='ocrx_word' id='word_1_292' title='bbox 576 1691 619 1727; x_wconf 85' lang='lat' dir='ltr'>ad</span> <span class='ocrx_word' id='word_1_293' title='bbox 643 1690 796 1726; x_wconf 80' lang='lat' dir='ltr'>officium</span> <span class='ocrx_word' id='word_1_294' title='bbox 822 1688 966 1730; x_wconf 86' lang='lat' dir='ltr'>altaris,</span> <span class='ocrx_word' id='word_1_295' title='bbox 1000 1687 1045 1721; x_wconf 90' lang='lat' dir='ltr'>ad</span> <span class='ocrx_word' id='word_1_296' title='bbox 1066 1696 1150 1731; x_wconf 90' lang='lat' dir='ltr'>apo-</span> 
     </span>
    </p>
   </div>
   <div class='ocr_carea' id='block_1_16' title="bbox 95 1748 1148 1857">
    <p class='ocr_par' dir='ltr' id='par_1_18' title="bbox 95 1748 1148 1857">
     <span class='ocr_line' id='line_1_44' title="bbox 95 1748 1148 1799; baseline -0.009 -8"><span class='ocrx_word' id='word_1_297' title='bbox 95 1756 262 1792; x_wconf 65' lang='lat' dir='ltr'>stolicam</span> <span class='ocrx_word' id='word_1_298' title='bbox 288 1755 487 1790; x_wconf 82' lang='lat' dir='ltr'>doctrinam</span> <span class='ocrx_word' id='word_1_299' title='bbox 514 1763 579 1799; x_wconf 86' lang='lat' dir='ltr'>per</span> <span class='ocrx_word' id='word_1_300' title='bbox 604 1762 711 1798; x_wconf 83' lang='lat' dir='ltr'>quam</span> <span class='ocrx_word' id='word_1_301' title='bbox 732 1751 769 1786; x_wconf 90' lang='lat' dir='ltr'>in</span> <span class='ocrx_word' id='word_1_302' title='bbox 789 1760 914 1786; x_wconf 89' lang='lat' dir='ltr'>verum</span> <span class='ocrx_word' id='word_1_303' title='bbox 934 1748 1148 1783; x_wconf 87' lang='lat' dir='ltr'>tabernacu-</span> 
     </span>
     <span class='ocr_line' id='line_1_45' title="bbox 96 1807 1148 1857; baseline -0.011 -6"><span class='ocrx_word' id='word_1_304' title='bbox 96 1823 173 1850; x_wconf 75' lang='lat' dir='ltr'>lum</span> <span class='ocrx_word' id='word_1_305' title='bbox 192 1813 336 1850; x_wconf 89' lang='lat' dir='ltr'>Domini</span> <span class='ocrx_word' id='word_1_306' title='bbox 355 1813 524 1855; x_wconf 86' lang='lat' dir='ltr'>intratur,</span> <span class='ocrx_word' id='word_1_307' title='bbox 547 1811 801 1857; x_wconf 87' lang='lat' dir='ltr'>perducuntur.</span> <span class='ocrx_word' id='word_1_308' title='bbox 830 1808 890 1843; x_wconf 85' lang='lat' dir='ltr'>Sic</span> <span class='ocrx_word' id='word_1_309' title='bbox 909 1807 1005 1843; x_wconf 90' lang='lat' dir='ltr'>enim</span> <span class='ocrx_word' id='word_1_310' title='bbox 1026 1815 1148 1841; x_wconf 88' lang='lat' dir='ltr'>eoram</span> 
     </span>
    </p>
   </div>
   <div class='ocr_carea' id='block_1_17' title="bbox 95 1867 1149 2039">
    <p class='ocr_par' dir='ltr' id='par_1_19' title="bbox 95 1867 1149 2039">
     <span class='ocr_line' id='line_1_46' title="bbox 95 1867 1149 1917; baseline -0.011 -5"><span class='ocrx_word' id='word_1_311' title='bbox 95 1874 329 1912; x_wconf 84' lang='lat' dir='ltr'>tabernaculo</span> <span class='ocrx_word' id='word_1_312' title='bbox 353 1873 503 1910; x_wconf 84' lang='lat' dir='ltr'>foederis</span> <span class='ocrx_word' id='word_1_313' title='bbox 526 1872 631 1917; x_wconf 83' lang='lat' dir='ltr'>digne</span> <span class='ocrx_word' id='word_1_314' title='bbox 656 1870 884 1915; x_wconf 78' lang='lat' dir='ltr'>applicantur</span> <span class='ocrx_word' id='word_1_315' title='bbox 904 1868 933 1902; x_wconf 88' lang='lat' dir='ltr'>si</span> <span class='ocrx_word' id='word_1_316' title='bbox 952 1867 1055 1913; x_wconf 83' lang='lat' dir='ltr'>juxta</span> <span class='ocrx_word' id='word_1_317' title='bbox 1074 1875 1149 1902; x_wconf 84' lang='lat' dir='ltr'>ser-</span> 
     </span>
     <span class='ocr_line' id='line_1_47' title="bbox 95 1928 1146 1978; baseline -0.012 -6"><span class='ocrx_word' id='word_1_318' title='bbox 95 1946 239 1972; x_wconf 89' lang='lat' dir='ltr'>monem</span> <span class='ocrx_word' id='word_1_319' title='bbox 261 1940 298 1971; x_wconf 89' lang='lat' dir='ltr'>et</span> <span class='ocrx_word' id='word_1_320' title='bbox 324 1933 487 1978; x_wconf 86' lang='lat' dir='ltr'>exempla</span> <span class='ocrx_word' id='word_1_321' title='bbox 512 1937 719 1967; x_wconf 81' lang='lat' dir='ltr'>sanet-orum</span> <span class='ocrx_word' id='word_1_322' title='bbox 748 1928 918 1969; x_wconf 87' lang='lat' dir='ltr'>Patrum,</span> <span class='ocrx_word' id='word_1_323' title='bbox 952 1935 1146 1962; x_wconf 83' lang='lat' dir='ltr'>conversa-</span> 
     </span>
     <span class='ocr_line' id='line_1_48' title="bbox 95 1986 1147 2039; baseline -0.014 -5"><span class='ocrx_word' id='word_1_324' title='bbox 95 1998 204 2034; x_wconf 87' lang='lat' dir='ltr'>tionis</span> <span class='ocrx_word' id='word_1_325' title='bbox 228 1996 371 2033; x_wconf 92' lang='lat' dir='ltr'>initium</span> <span class='ocrx_word' id='word_1_326' title='bbox 397 1994 594 2039; x_wconf 87' lang='lat' dir='ltr'>incipiunt,</span> <span class='ocrx_word' id='word_1_327' title='bbox 622 1997 658 2027; x_wconf 88' lang='lat' dir='ltr'>et</span> <span class='ocrx_word' id='word_1_328' title='bbox 683 1992 718 2026; x_wconf 86' lang='lat' dir='ltr'>in</span> <span class='ocrx_word' id='word_1_329' title='bbox 743 2000 785 2025; x_wconf 84' lang='lat' dir='ltr'>eo</span> <span class='ocrx_word' id='word_1_330' title='bbox 812 1998 926 2034; x_wconf 88' lang='lat' dir='ltr'>usque</span> <span class='ocrx_word' id='word_1_331' title='bbox 959 1987 1004 2022; x_wconf 89' lang='lat' dir='ltr'>ad</span> <span class='ocrx_word' id='word_1_332' title='bbox 1041 1986 1147 2021; x_wconf 85' lang='lat' dir='ltr'>sidem</span> 
     </span>
    </p>
   </div>
   <div class='ocr_carea' id='block_1_18' title="bbox 94 2029 1296 2106">
    <p class='ocr_par' dir='ltr' id='par_1_20' title="bbox 94 2029 1296 2106">
     <span class='ocr_line' id='line_1_49' title="bbox 94 2029 1296 2106; baseline -0.011 -11"><span class='ocrx_word' id='word_1_333' title='bbox 94 2066 331 2106; x_wconf 87' lang='lat' dir='ltr'>perseverare</span> <span class='ocrx_word' id='word_1_334' title='bbox 353 2054 586 2091; x_wconf 88' lang='lat' dir='ltr'>contendunt.</span> <span class='ocrx_word' id='word_1_335' title='bbox 610 2051 654 2088; x_wconf 89' lang='lat' dir='ltr'>Et</span> <span class='ocrx_word' id='word_1_336' title='bbox 674 2052 743 2087; x_wconf 90' lang='lat' dir='ltr'>hoe</span> <span class='ocrx_word' id='word_1_337' title='bbox 761 2050 869 2086; x_wconf 88' lang='lat' dir='ltr'>etiam</span> <span class='ocrx_word' id='word_1_338' title='bbox 888 2049 954 2084; x_wconf 87' lang='lat' dir='ltr'>sub</span> <span class='ocrx_word' id='word_1_339' title='bbox 976 2047 1146 2083; x_wconf 85' lang='lat' dir='ltr'>testifica·</span> <span class='ocrx_word' id='word_1_340' title='bbox 1167 2029 1195 2070; x_wconf 81' lang='lat' dir='ltr'>C</span> <span class='ocrx_word' id='word_1_341' title='bbox 1217 2035 1296 2082; x_wconf 74' lang='lat' dir='ltr'>VH)</span> 
     </span>
    </p>
   </div>
   <div class='ocr_carea' id='block_1_19' title="bbox 95 2106 1153 3552">
    <p class='ocr_par' dir='ltr' id='par_1_21' title="bbox 95 2106 1151 2594">
     <span class='ocr_line' id='line_1_50' title="bbox 98 2106 1150 2155; baseline -0.013 0"><span class='ocrx_word' id='word_1_342' title='bbox 98 2119 197 2155; x_wconf 88' lang='lat' dir='ltr'>tione</span> <span class='ocrx_word' id='word_1_343' title='bbox 213 2116 411 2154; x_wconf 89' lang='lat' dir='ltr'>multorum</span> <span class='ocrx_word' id='word_1_344' title='bbox 427 2113 631 2150; x_wconf 82' lang='lat' dir='ltr'>faciendum</span> <span class='ocrx_word' id='word_1_345' title='bbox 648 2116 715 2147; x_wconf 88' lang='lat' dir='ltr'>est.</span> <span class='ocrx_word' id='word_1_346' title='bbox 735 2111 818 2146; x_wconf 87' lang='lat' dir='ltr'>ldeo</span> <span class='ocrx_word' id='word_1_347' title='bbox 838 2107 1040 2153; x_wconf 84' lang='lat' dir='ltr'>subjunxit,</span> <span class='ocrx_word' id='word_1_348' title='bbox 1062 2106 1150 2142; x_wconf 83' lang='lat' dir='ltr'>Gon-</span> 
     </span>
     <span class='ocr_line' id='line_1_51' title="bbox 97 2167 1150 2217; baseline -0.011 -4"><span class='ocrx_word' id='word_1_349' title='bbox 97 2183 220 2213; x_wconf 78' lang='lat' dir='ltr'>vocata</span> <span class='ocrx_word' id='word_1_350' title='bbox 240 2177 333 2212; x_wconf 85' lang='lat' dir='ltr'>omni</span> <span class='ocrx_word' id='word_1_351' title='bbox 353 2173 574 2210; x_wconf 81' lang='lat' dir='ltr'>mullitudine</span> <span class='ocrx_word' id='word_1_352' title='bbox 594 2171 746 2217; x_wconf 80' lang='lat' dir='ltr'>filiorum</span> <span class='ocrx_word' id='word_1_353' title='bbox 767 2168 879 2205; x_wconf 84' lang='lat' dir='ltr'>Israel</span> <span class='ocrx_word' id='word_1_354' title='bbox 898 2180 908 2204; x_wconf 90' lang='lat'><em>:</em></span> <span class='ocrx_word' id='word_1_355' title='bbox 928 2167 1009 2214; x_wconf 88' lang='lat' dir='ltr'>quia</span> <span class='ocrx_word' id='word_1_356' title='bbox 1027 2167 1150 2202; x_wconf 85' lang='lat' dir='ltr'>multis</span> 
     </span>
     <span class='ocr_line' id='line_1_52' title="bbox 102 2230 1148 2275; baseline -0.011 0"><span class='ocrx_word' id='word_1_357' title='bbox 102 2239 209 2275; x_wconf 85' lang='lat' dir='ltr'>dehet</span> <span class='ocrx_word' id='word_1_358' title='bbox 233 2237 459 2273; x_wconf 87' lang='lat' dir='ltr'>innotescere</span> <span class='ocrx_word' id='word_1_359' title='bbox 482 2234 610 2270; x_wconf 81' lang='lat' dir='ltr'>electio</span> <span class='ocrx_word' id='word_1_360' title='bbox 630 2233 877 2268; x_wconf 86' lang='lat' dir='ltr'>ministrorum</span> <span class='ocrx_word' id='word_1_361' title='bbox 897 2230 984 2273; x_wconf 89' lang='lat' dir='ltr'>Dei,</span> <span class='ocrx_word' id='word_1_362' title='bbox 1006 2235 1042 2265; x_wconf 88' lang='lat' dir='ltr'>et</span> <span class='ocrx_word' id='word_1_363' title='bbox 1061 2238 1148 2265; x_wconf 83' lang='lat' dir='ltr'>exa-</span> 
     </span>
     <span class='ocr_line' id='line_1_53' title="bbox 103 2294 1150 2343; baseline -0.01 -7"><span class='ocrx_word' id='word_1_364' title='bbox 103 2299 256 2336; x_wconf 89' lang='lat' dir='ltr'>minatio</span> <span class='ocrx_word' id='word_1_365' title='bbox 277 2303 314 2334; x_wconf 80' lang='lat' dir='ltr'>ct</span> <span class='ocrx_word' id='word_1_366' title='bbox 332 2297 497 2343; x_wconf 86' lang='lat' dir='ltr'>probatio</span> <span class='ocrx_word' id='word_1_367' title='bbox 519 2296 623 2341; x_wconf 85' lang='lat' dir='ltr'>digna</span> <span class='ocrx_word' id='word_1_368' title='bbox 644 2295 678 2329; x_wconf 93' lang='lat' dir='ltr'>in</span> <span class='ocrx_word' id='word_1_369' title='bbox 701 2294 752 2329; x_wconf 87' lang='lat' dir='ltr'>eis</span> <span class='ocrx_word' id='word_1_370' title='bbox 770 2298 998 2335; x_wconf 80' lang='lat' dir='ltr'>exerceatur,</span> <span class='ocrx_word' id='word_1_371' title='bbox 1020 2297 1150 2337; x_wconf 83' lang='lat' dir='ltr'>quate-</span> 
     </span>
     <span class='ocr_line' id='line_1_54' title="bbox 99 2352 1151 2404; baseline -0.011 -6"><span class='ocrx_word' id='word_1_372' title='bbox 99 2372 168 2398; x_wconf 90' lang='lat' dir='ltr'>nus</span> <span class='ocrx_word' id='word_1_373' title='bbox 191 2370 298 2397; x_wconf 92' lang='lat' dir='ltr'>nemo</span> <span class='ocrx_word' id='word_1_374' title='bbox 326 2360 372 2395; x_wconf 90' lang='lat' dir='ltr'>sit</span> <span class='ocrx_word' id='word_1_375' title='bbox 396 2359 457 2404; x_wconf 91' lang='lat' dir='ltr'>qui</span> <span class='ocrx_word' id='word_1_376' title='bbox 483 2367 608 2393; x_wconf 84' lang='lat' dir='ltr'>eorum</span> <span class='ocrx_word' id='word_1_377' title='bbox 632 2356 742 2390; x_wconf 85' lang='lat' dir='ltr'>vitam</span> <span class='ocrx_word' id='word_1_378' title='bbox 764 2354 859 2400; x_wconf 86' lang='lat' dir='ltr'>juste</span> <span class='ocrx_word' id='word_1_379' title='bbox 885 2352 1151 2399; x_wconf 72' lang='lat' dir='ltr'>reprehendere</span> 
     </span>
     <span class='ocr_line' id='line_1_55' title="bbox 98 2413 1151 2470; baseline -0.012 -11"><span class='ocrx_word' id='word_1_380' title='bbox 98 2422 227 2470; x_wconf 89' lang='lat' dir='ltr'>possit.</span> <span class='ocrx_word' id='word_1_381' title='bbox 257 2420 360 2457; x_wconf 88' lang='lat' dir='ltr'>Unde</span> <span class='ocrx_word' id='word_1_382' title='bbox 387 2425 424 2458; x_wconf 88' lang='lat' dir='ltr'>et</span> <span class='ocrx_word' id='word_1_383' title='bbox 451 2418 583 2453; x_wconf 83' lang='lat' dir='ltr'>Paulus</span> <span class='ocrx_word' id='word_1_384' title='bbox 610 2416 710 2462; x_wconf 85' lang='lat' dir='ltr'>jubet</span> <span class='ocrx_word' id='word_1_385' title='bbox 731 2426 792 2451; x_wconf 86' lang='lat' dir='ltr'>eos</span> <span class='ocrx_word' id='word_1_386' title='bbox 813 2413 1058 2450; x_wconf 84' lang='lat' dir='ltr'>testimonium</span> <span class='ocrx_word' id='word_1_387' title='bbox 1087 2413 1151 2446; x_wconf 89' lang='lat' dir='ltr'>ha-</span> 
     </span>
     <span class='ocr_line' id='line_1_56' title="bbox 95 2475 1151 2526; baseline -0.012 -5"><span class='ocrx_word' id='word_1_388' title='bbox 95 2485 183 2521; x_wconf 88' lang='lat' dir='ltr'>bere</span> <span class='ocrx_word' id='word_1_389' title='bbox 207 2484 341 2520; x_wconf 87' lang='lat' dir='ltr'>bonum</span> <span class='ocrx_word' id='word_1_390' title='bbox 379 2482 424 2517; x_wconf 91' lang='lat' dir='ltr'>ab</span> <span class='ocrx_word' id='word_1_391' title='bbox 454 2481 511 2517; x_wconf 90' lang='lat' dir='ltr'>his</span> <span class='ocrx_word' id='word_1_392' title='bbox 538 2480 600 2526; x_wconf 85' lang='lat' dir='ltr'>qui</span> <span class='ocrx_word' id='word_1_393' title='bbox 631 2478 719 2515; x_wconf 88' lang='lat' dir='ltr'>soris</span> <span class='ocrx_word' id='word_1_394' title='bbox 752 2483 858 2520; x_wconf 89' lang='lat' dir='ltr'>sunt,</span> <span class='ocrx_word' id='word_1_395' title='bbox 878 2482 1010 2512; x_wconf 88' lang='lat' dir='ltr'>utnon</span> <span class='ocrx_word' id='word_1_396' title='bbox 1031 2475 1067 2510; x_wconf 91' lang='lat' dir='ltr'>in</span> <span class='ocrx_word' id='word_1_397' title='bbox 1088 2484 1151 2519; x_wconf 87' lang='lat' dir='ltr'>op-</span> 
     </span>
     <span class='ocr_line' id='line_1_57' title="bbox 97 2541 877 2594; baseline -0.01 -11"><span class='ocrx_word' id='word_1_398' title='bbox 97 2546 286 2594; x_wconf 84' lang='lat' dir='ltr'>probrium</span> <span class='ocrx_word' id='word_1_399' title='bbox 305 2545 469 2581; x_wconf 83' lang='lat' dir='ltr'>incidant</span> <span class='ocrx_word' id='word_1_400' title='bbox 487 2550 522 2580; x_wconf 89' lang='lat' dir='ltr'>et</span> <span class='ocrx_word' id='word_1_401' title='bbox 541 2543 709 2589; x_wconf 86' lang='lat' dir='ltr'>laqueum</span> <span class='ocrx_word' id='word_1_402' title='bbox 730 2541 877 2578; x_wconf 87' lang='lat' dir='ltr'>diaboli.</span> 
     </span>
    </p>

    <p class='ocr_par' dir='ltr' id='par_1_22' title="bbox 98 2598 1153 3375">
     <span class='ocr_line' id='line_1_58' title="bbox 147 2598 1149 2651; baseline -0.012 -11"><span class='ocrx_word' id='word_1_403' title='bbox 147 2605 302 2651; x_wconf 85' lang='lat' dir='ltr'>Cumque</span> <span class='ocrx_word' id='word_1_404' title='bbox 338 2603 465 2638; x_wconf 73' lang='lat' dir='ltr'>Levita²</span> <span class='ocrx_word' id='word_1_405' title='bbox 498 2602 625 2647; x_wconf 70' lang='lat' dir='ltr'>fuerint</span> <span class='ocrx_word' id='word_1_406' title='bbox 661 2610 779 2635; x_wconf 83' lang='lat' dir='ltr'>coram</span> <span class='ocrx_word' id='word_1_407' title='bbox 812 2598 964 2633; x_wconf 84' lang='lat' dir='ltr'>Domino</span> <span class='ocrx_word' id='word_1_408' title='bbox 978 2622 987 2638; x_wconf 94' lang='lat'><strong>‚</strong></span> <span class='ocrx_word' id='word_1_409' title='bbox 1019 2600 1149 2640; x_wconf 84' lang='lat' dir='ltr'>ponent</span> 
     </span>
     <span class='ocr_line' id='line_1_59' title="bbox 98 2654 1151 2711; baseline -0.012 -10"><span class='ocrx_word' id='word_1_410' title='bbox 98 2665 165 2711; x_wconf 80' lang='lat' dir='ltr'>filii</span> <span class='ocrx_word' id='word_1_411' title='bbox 195 2662 309 2700; x_wconf 83' lang='lat' dir='ltr'>Israel</span> <span class='ocrx_word' id='word_1_412' title='bbox 339 2673 464 2698; x_wconf 85' lang='lat' dir='ltr'>manus</span> <span class='ocrx_word' id='word_1_413' title='bbox 491 2672 573 2696; x_wconf 86' lang='lat' dir='ltr'>suas</span> <span class='ocrx_word' id='word_1_414' title='bbox 601 2670 705 2706; x_wconf 85' lang='lat' dir='ltr'>super</span> <span class='ocrx_word' id='word_1_415' title='bbox 732 2669 810 2701; x_wconf 85' lang='lat' dir='ltr'>eos,</span> <span class='ocrx_word' id='word_1_416' title='bbox 832 2663 862 2692; x_wconf 79' lang='lat' dir='ltr'>et</span> <span class='ocrx_word' id='word_1_417' title='bbox 894 2657 1013 2702; x_wconf 80' lang='lat' dir='ltr'>offeret</span> <span class='ocrx_word' id='word_1_418' title='bbox 1033 2654 1151 2689; x_wconf 85' lang='lat' dir='ltr'>Aaron</span> 
     </span>
     <span class='ocr_line' id='line_1_60' title="bbox 98 2714 1152 2767; baseline -0.012 -7"><span class='ocrx_word' id='word_1_419' title='bbox 98 2733 226 2759; x_wconf 85' lang='lat' dir='ltr'>munus</span> <span class='ocrx_word' id='word_1_420' title='bbox 247 2723 284 2758; x_wconf 87' lang='lat' dir='ltr'>in</span> <span class='ocrx_word' id='word_1_421' title='bbox 309 2727 493 2767; x_wconf 82' lang='lat' dir='ltr'>conspectu</span> <span class='ocrx_word' id='word_1_422' title='bbox 513 2719 654 2755; x_wconf 83' lang='lat' dir='ltr'>Domini</span> <span class='ocrx_word' id='word_1_423' title='bbox 674 2729 736 2765; x_wconf 86' lang='lat' dir='ltr'>pro</span> <span class='ocrx_word' id='word_1_424' title='bbox 757 2717 840 2763; x_wconf 85' lang='lat' dir='ltr'>filiis</span> <span class='ocrx_word' id='word_1_425' title='bbox 859 2714 996 2757; x_wconf 83' lang='lat' dir='ltr'>Israel,</span> <span class='ocrx_word' id='word_1_426' title='bbox 1018 2720 1056 2748; x_wconf 79' lang='lat' dir='ltr'>ut</span> <span class='ocrx_word' id='word_1_427' title='bbox 1077 2724 1152 2749; x_wconf 87' lang='lat' dir='ltr'>ser-</span> 
     </span>
     <span class='ocr_line' id='line_1_61' title="bbox 100 2779 1151 2826; baseline -0.01 -6"><span class='ocrx_word' id='word_1_428' title='bbox 100 2785 195 2821; x_wconf 85' lang='lat' dir='ltr'>viant</span> <span class='ocrx_word' id='word_1_429' title='bbox 222 2783 260 2818; x_wconf 86' lang='lat' dir='ltr'>in</span> <span class='ocrx_word' id='word_1_430' title='bbox 287 2781 481 2817; x_wconf 81' lang='lat' dir='ltr'>ministerio</span> <span class='ocrx_word' id='word_1_431' title='bbox 509 2779 598 2826; x_wconf 85' lang='lat' dir='ltr'>ejus.</span> <span class='ocrx_word' id='word_1_432' title='bbox 627 2779 768 2814; x_wconf 88' lang='lat' dir='ltr'>Ponere</span> <span class='ocrx_word' id='word_1_433' title='bbox 794 2786 922 2812; x_wconf 90' lang='lat' dir='ltr'>manus</span> <span class='ocrx_word' id='word_1_434' title='bbox 941 2785 1026 2811; x_wconf 88' lang='lat' dir='ltr'>suas</span> <span class='ocrx_word' id='word_1_435' title='bbox 1044 2784 1151 2820; x_wconf 85' lang='lat' dir='ltr'>super</span> 
     </span>
     <span class='ocr_line' id='line_1_62' title="bbox 100 2833 1153 2889; baseline -0.011 -9"><span class='ocrx_word' id='word_1_436' title='bbox 100 2843 246 2880; x_wconf 89' lang='lat' dir='ltr'>Levitas</span> <span class='ocrx_word' id='word_1_437' title='bbox 263 2841 524 2889; x_wconf 65' lang='lat' dir='ltr'>praecipiuntur</span> <span class='ocrx_word' id='word_1_438' title='bbox 542 2838 606 2874; x_wconf 89' lang='lat' dir='ltr'>filii</span> <span class='ocrx_word' id='word_1_439' title='bbox 629 2838 760 2878; x_wconf 89' lang='lat' dir='ltr'>lsrael,</span> <span class='ocrx_word' id='word_1_440' title='bbox 793 2841 828 2872; x_wconf 89' lang='lat' dir='ltr'>et</span> <span class='ocrx_word' id='word_1_441' title='bbox 855 2836 908 2872; x_wconf 89' lang='lat' dir='ltr'>sie</span> <span class='ocrx_word' id='word_1_442' title='bbox 934 2845 997 2870; x_wconf 86' lang='lat' dir='ltr'>eos</span> <span class='ocrx_word' id='word_1_443' title='bbox 1022 2833 1153 2870; x_wconf 79' lang='lat' dir='ltr'>offerre</span> 
     </span>
     <span class='ocr_line' id='line_1_63' title="bbox 100 2896 1150 2946; baseline -0.01 -5"><span class='ocrx_word' id='word_1_444' title='bbox 100 2905 220 2942; x_wconf 74' lang='lat' dir='ltr'>Aaron</span> <span class='ocrx_word' id='word_1_445' title='bbox 245 2912 378 2939; x_wconf 89' lang='lat' dir='ltr'>munus</span> <span class='ocrx_word' id='word_1_446' title='bbox 406 2902 442 2936; x_wconf 89' lang='lat' dir='ltr'>in</span> <span class='ocrx_word' id='word_1_447' title='bbox 470 2904 665 2946; x_wconf 85' lang='lat' dir='ltr'>conspectu</span> <span class='ocrx_word' id='word_1_448' title='bbox 693 2897 855 2940; x_wconf 85' lang='lat' dir='ltr'>Domini,</span> <span class='ocrx_word' id='word_1_449' title='bbox 878 2896 961 2942; x_wconf 86' lang='lat' dir='ltr'>quia</span> <span class='ocrx_word' id='word_1_450' title='bbox 982 2905 1150 2931; x_wconf 80' lang='lat' dir='ltr'>assensus</span> 
     </span>
     <span class='ocr_line' id='line_1_64' title="bbox 101 2955 1150 3008; baseline -0.012 -5"><span class='ocrx_word' id='word_1_451' title='bbox 101 2965 278 3003; x_wconf 81' lang='lat' dir='ltr'>bonorum</span> <span class='ocrx_word' id='word_1_452' title='bbox 296 2962 559 3008; x_wconf 77' lang='lat' dir='ltr'>subiectorum,</span> <span class='ocrx_word' id='word_1_453' title='bbox 581 2970 644 3005; x_wconf 87' lang='lat' dir='ltr'>per</span> <span class='ocrx_word' id='word_1_454' title='bbox 665 2959 830 2994; x_wconf 82' lang='lat' dir='ltr'>affectum</span> <span class='ocrx_word' id='word_1_455' title='bbox 850 2967 944 2993; x_wconf 81' lang='lat' dir='ltr'>verae</span> <span class='ocrx_word' id='word_1_456' title='bbox 963 2955 1150 2992; x_wconf 83' lang='lat' dir='ltr'>charitatis</span> 
     </span>
     <span class='ocr_line' id='line_1_65' title="bbox 102 3015 1151 3074; baseline -0.014 -10"><span class='ocrx_word' id='word_1_457' title='bbox 102 3027 297 3074; x_wconf 83' lang='lat' dir='ltr'>magistros</span> <span class='ocrx_word' id='word_1_458' title='bbox 313 3030 404 3071; x_wconf 85' lang='lat' dir='ltr'>quos</span> <span class='ocrx_word' id='word_1_459' title='bbox 421 3023 577 3069; x_wconf 85' lang='lat' dir='ltr'>eligunt,</span> <span class='ocrx_word' id='word_1_460' title='bbox 593 3019 708 3056; x_wconf 83' lang='lat' dir='ltr'>officio</span> <span class='ocrx_word' id='word_1_461' title='bbox 725 3017 914 3065; x_wconf 87' lang='lat' dir='ltr'>opportuni</span> <span class='ocrx_word' id='word_1_462' title='bbox 933 3015 1050 3053; x_wconf 88' lang='lat' dir='ltr'>solatii</span> <span class='ocrx_word' id='word_1_463' title='bbox 1069 3025 1151 3060; x_wconf 89' lang='lat' dir='ltr'>pro-</span> 
     </span>
     <span class='ocr_line' id='line_1_66' title="bbox 102 3082 1150 3132; baseline -0.013 -8"><span class='ocrx_word' id='word_1_464' title='bbox 102 3086 207 3132; x_wconf 82' lang='lat' dir='ltr'>sequi</span> <span class='ocrx_word' id='word_1_465' title='bbox 233 3084 354 3120; x_wconf 85' lang='lat' dir='ltr'>debet.</span> <span class='ocrx_word' id='word_1_466' title='bbox 381 3082 525 3118; x_wconf 90' lang='lat' dir='ltr'>Ponunt</span> <span class='ocrx_word' id='word_1_467' title='bbox 546 3090 632 3127; x_wconf 84' lang='lat' dir='ltr'>ergo</span> <span class='ocrx_word' id='word_1_468' title='bbox 651 3089 779 3114; x_wconf 90' lang='lat' dir='ltr'>manus</span> <span class='ocrx_word' id='word_1_469' title='bbox 797 3086 901 3120; x_wconf 90' lang='lat' dir='ltr'>suas,</span> <span class='ocrx_word' id='word_1_470' title='bbox 923 3086 1004 3112; x_wconf 89' lang='lat' dir='ltr'>cum</span> <span class='ocrx_word' id='word_1_471' title='bbox 1024 3085 1150 3111; x_wconf 89' lang='lat' dir='ltr'>assen-</span> 
     </span>
     <span class='ocr_line' id='line_1_67' title="bbox 103 3136 1148 3183; baseline -0.012 0"><span class='ocrx_word' id='word_1_472' title='bbox 103 3157 183 3183; x_wconf 88' lang='lat' dir='ltr'>sum</span> <span class='ocrx_word' id='word_1_473' title='bbox 197 3143 400 3181; x_wconf 86' lang='lat' dir='ltr'>devotionis</span> <span class='ocrx_word' id='word_1_474' title='bbox 416 3152 490 3178; x_wconf 82' lang='lat' dir='ltr'>suae</span> <span class='ocrx_word' id='word_1_475' title='bbox 507 3141 544 3177; x_wconf 87' lang='lat' dir='ltr'>in</span> <span class='ocrx_word' id='word_1_476' title='bbox 562 3140 774 3177; x_wconf 86' lang='lat' dir='ltr'>electionem</span> <span class='ocrx_word' id='word_1_477' title='bbox 789 3148 914 3174; x_wconf 86' lang='lat' dir='ltr'>eorum</span> <span class='ocrx_word' id='word_1_478' title='bbox 930 3136 1148 3178; x_wconf 85' lang='lat' dir='ltr'>attribuunt,</span> 
     </span>
     <span class='ocr_line' id='line_1_68' title="bbox 104 3198 1149 3252; baseline -0.011 -9"><span class='ocrx_word' id='word_1_479' title='bbox 104 3212 141 3243; x_wconf 88' lang='lat' dir='ltr'>et</span> <span class='ocrx_word' id='word_1_480' title='bbox 159 3205 206 3242; x_wconf 84' lang='lat' dir='ltr'>ad</span> <span class='ocrx_word' id='word_1_481' title='bbox 231 3204 423 3252; x_wconf 86' lang='lat' dir='ltr'>imperium</span> <span class='ocrx_word' id='word_1_482' title='bbox 450 3212 576 3238; x_wconf 87' lang='lat' dir='ltr'>eorum</span> <span class='ocrx_word' id='word_1_483' title='bbox 596 3201 700 3237; x_wconf 87' lang='lat' dir='ltr'>bonis</span> <span class='ocrx_word' id='word_1_484' title='bbox 719 3199 887 3245; x_wconf 87' lang='lat' dir='ltr'>operibus</span> <span class='ocrx_word' id='word_1_485' title='bbox 907 3198 1045 3234; x_wconf 81' lang='lat' dir='ltr'>instare</span> <span class='ocrx_word' id='word_1_486' title='bbox 1064 3206 1149 3232; x_wconf 91' lang='lat' dir='ltr'>con-</span> 
     </span>
     <span class='ocr_line' id='line_1_69' title="bbox 100 3256 1150 3310; baseline -0.013 -5"><span class='ocrx_word' id='word_1_487' title='bbox 100 3267 256 3305; x_wconf 66' lang='lat' dir='ltr'>tendunt</span> <span class='ocrx_word' id='word_1_488' title='bbox 267 3293 278 3310; x_wconf 93' lang='lat'>,</span> <span class='ocrx_word' id='word_1_489' title='bbox 295 3269 336 3301; x_wconf 86' lang='lat' dir='ltr'>ut</span> <span class='ocrx_word' id='word_1_490' title='bbox 353 3263 595 3301; x_wconf 84' lang='lat' dir='ltr'>ministerium</span> <span class='ocrx_word' id='word_1_491' title='bbox 614 3261 758 3298; x_wconf 90' lang='lat' dir='ltr'>Domini</span> <span class='ocrx_word' id='word_1_492' title='bbox 775 3270 841 3307; x_wconf 88' lang='lat' dir='ltr'>per</span> <span class='ocrx_word' id='word_1_493' title='bbox 860 3257 1031 3295; x_wconf 82' lang='lat' dir='ltr'>officiales</span> <span class='ocrx_word' id='word_1_494' title='bbox 1049 3256 1150 3293; x_wconf 85' lang='lat' dir='ltr'>obla-</span> 
     </span>
     <span class='ocr_line' id='line_1_70' title="bbox 103 3325 576 3375; baseline -0.017 -7"><span class='ocrx_word' id='word_1_495' title='bbox 103 3335 162 3367; x_wconf 64' lang='lat' dir='ltr'>tos</span> <span class='ocrx_word' id='word_1_496' title='bbox 179 3327 354 3375; x_wconf 75' lang='lat' dir='ltr'>condigne</span> <span class='ocrx_word' id='word_1_497' title='bbox 371 3325 576 3372; x_wconf 79' lang='lat' dir='ltr'>impleatur.</span> 
     </span>
    </p>

    <p class='ocr_par' dir='ltr' id='par_1_23' title="bbox 107 3378 1153 3552">
     <span class='ocr_line' id='line_1_71' title="bbox 153 3378 1153 3436; baseline -0.016 -8"><span class='ocrx_word' id='word_1_498' title='bbox 153 3390 280 3428; x_wconf 69' lang='lat' dir='ltr'>Levitae</span> <span class='ocrx_word' id='word_1_499' title='bbox 309 3398 446 3436; x_wconf 80' lang='lat' dir='ltr'>quoque</span> <span class='ocrx_word' id='word_1_500' title='bbox 474 3391 602 3434; x_wconf 75' lang='lat' dir='ltr'>ponent</span> <span class='ocrx_word' id='word_1_501' title='bbox 631 3394 758 3421; x_wconf 77' lang='lat' dir='ltr'>manas</span> <span class='ocrx_word' id='word_1_502' title='bbox 787 3393 871 3418; x_wconf 80' lang='lat' dir='ltr'>suas</span> <span class='ocrx_word' id='word_1_503' title='bbox 902 3390 1006 3427; x_wconf 83' lang='lat' dir='ltr'>super</span> <span class='ocrx_word' id='word_1_504' title='bbox 1037 3378 1153 3426; x_wconf 84' lang='lat' dir='ltr'>capita</span> 
     </span>
     <span class='ocr_line' id='line_1_72' title="bbox 109 3438 1150 3497; baseline -0.016 -9"><span class='ocrx_word' id='word_1_505' title='bbox 109 3450 232 3495; x_wconf 68' lang='lat' dir='ltr'>boma,</span> <span class='ocrx_word' id='word_1_506' title='bbox 251 3462 269 3487; x_wconf 86' lang='lat' dir='ltr'>e</span> <span class='ocrx_word' id='word_1_507' title='bbox 285 3449 409 3497; x_wconf 68' lang='lat' dir='ltr'>quibus</span> <span class='ocrx_word' id='word_1_508' title='bbox 427 3457 535 3483; x_wconf 78' lang='lat' dir='ltr'>anam</span> <span class='ocrx_word' id='word_1_509' title='bbox 555 3445 660 3492; x_wconf 74' lang='lat' dir='ltr'>facies</span> <span class='ocrx_word' id='word_1_510' title='bbox 678 3454 740 3491; x_wconf 85' lang='lat' dir='ltr'>pro</span> <span class='ocrx_word' id='word_1_511' title='bbox 759 3447 917 3490; x_wconf 86' lang='lat' dir='ltr'>peccato,</span> <span class='ocrx_word' id='word_1_512' title='bbox 939 3445 971 3476; x_wconf 79' lang='lat' dir='ltr'>et</span> <span class='ocrx_word' id='word_1_513' title='bbox 999 3438 1150 3474; x_wconf 79' lang='lat' dir='ltr'>atterum</span> 
     </span>
     <span class='ocr_line' id='line_1_73' title="bbox 107 3497 1150 3552; baseline -0.018 -2"><span class='ocrx_word' id='word_1_514' title='bbox 107 3512 147 3550; x_wconf 77' lang='lat' dir='ltr'>ia</span> <span class='ocrx_word' id='word_1_515' title='bbox 163 3511 402 3548; x_wconf 62' lang='lat' dir='ltr'>mmm</span> <span class='ocrx_word' id='word_1_516' title='bbox 421 3507 562 3545; x_wconf 79' lang='lat' dir='ltr'>Domini</span> <span class='ocrx_word' id='word_1_517' title='bbox 578 3512 620 3543; x_wconf 76' lang='lat' dir='ltr'>ut</span> <span class='ocrx_word' id='word_1_518' title='bbox 635 3504 826 3552; x_wconf 81' lang='lat' dir='ltr'>depreceris</span> <span class='ocrx_word' id='word_1_519' title='bbox 843 3511 906 3549; x_wconf 84' lang='lat' dir='ltr'>pro</span> <span class='ocrx_word' id='word_1_520' title='bbox 923 3501 988 3536; x_wconf 80' lang='lat' dir='ltr'>eis.</span> <span class='ocrx_word' id='word_1_521' title='bbox 1014 3497 1150 3534; x_wconf 80' lang='lat' dir='ltr'>Levitae</span> 
     </span>
    </p>
   </div>
   <div class='ocr_carea' id='block_1_20' title="bbox 74 3556 1155 3622">
    <p class='ocr_par' dir='ltr' id='par_1_24' title="bbox 74 3556 1155 3622">
     <span class='ocr_line' id='line_1_74' title="bbox 74 3556 1155 3622; baseline -0.02 -9"><span class='ocrx_word' id='word_1_522' title='bbox 74 3571 244 3622; x_wconf 59' lang='lat' dir='ltr'>⁴&#39;‘ltonent</span> <span class='ocrx_word' id='word_1_523' title='bbox 259 3581 389 3608; x_wconf 79' lang='lat' dir='ltr'>manus</span> <span class='ocrx_word' id='word_1_524' title='bbox 406 3578 491 3607; x_wconf 80' lang='lat' dir='ltr'>suas</span> <span class='ocrx_word' id='word_1_525' title='bbox 508 3577 617 3615; x_wconf 81' lang='lat' dir='ltr'>super</span> <span class='ocrx_word' id='word_1_526' title='bbox 644 3565 762 3613; x_wconf 84' lang='lat' dir='ltr'>capita</span> <span class='ocrx_word' id='word_1_527' title='bbox 788 3564 916 3605; x_wconf 90' lang='lat' dir='ltr'>boum,</span> <span class='ocrx_word' id='word_1_528' title='bbox 938 3569 1021 3596; x_wconf 90' lang='lat' dir='ltr'>eum</span> <span class='ocrx_word' id='word_1_529' title='bbox 1048 3556 1155 3593; x_wconf 89' lang='lat' dir='ltr'>mini-</span> 
     </span>
    </p>
   </div>
   <div class='ocr_carea' id='block_1_21' title="bbox 107 3617 1156 3732">
    <p class='ocr_par' dir='ltr' id='par_1_25' title="bbox 107 3617 1156 3732">
     <span class='ocr_line' id='line_1_75' title="bbox 107 3617 1154 3680; baseline -0.019 -8"><span class='ocrx_word' id='word_1_530' title='bbox 107 3633 183 3671; x_wconf 63' lang='lat' dir='ltr'>·ss</span> <span class='ocrx_word' id='word_1_531' title='bbox 202 3632 363 3680; x_wconf 59' lang='lat' dir='ltr'>wopriis</span> <span class='ocrx_word' id='word_1_532' title='bbox 387 3630 573 3668; x_wconf 84' lang='lat' dir='ltr'>laboribus</span> <span class='ocrx_word' id='word_1_533' title='bbox 600 3627 702 3665; x_wconf 81' lang='lat' dir='ltr'>initia</span> <span class='ocrx_word' id='word_1_534' title='bbox 729 3634 879 3672; x_wconf 86' lang='lat' dir='ltr'>operum</span> <span class='ocrx_word' id='word_1_535' title='bbox 910 3630 1056 3659; x_wconf 89' lang='lat' dir='ltr'>suorum</span> <span class='ocrx_word' id='word_1_536' title='bbox 1081 3617 1154 3654; x_wconf 91' lang='lat' dir='ltr'>Do-</span> 
     </span>
     <span class='ocr_line' id='line_1_76' title="bbox 115 3681 1156 3732; baseline -0.018 0"><span class='ocrx_word' id='word_1_537' title='bbox 115 3692 214 3732; x_wconf 70' lang='lat' dir='ltr'>mino</span> <span class='ocrx_word' id='word_1_538' title='bbox 227 3701 444 3731; x_wconf 70' lang='lat' dir='ltr'>consecrare</span> <span class='ocrx_word' id='word_1_539' title='bbox 469 3690 662 3732; x_wconf 74' lang='lat' dir='ltr'>festinant,</span> <span class='ocrx_word' id='word_1_540' title='bbox 683 3692 724 3725; x_wconf 89' lang='lat' dir='ltr'>ut</span> <span class='ocrx_word' id='word_1_541' title='bbox 749 3687 824 3723; x_wconf 86' lang='lat' dir='ltr'>sive</span> <span class='ocrx_word' id='word_1_542' title='bbox 850 3681 1063 3732; x_wconf 85' lang='lat' dir='ltr'>poenitentia</span> <span class='ocrx_word' id='word_1_543' title='bbox 1090 3688 1156 3726; x_wconf 84' lang='lat' dir='ltr'>pro</span> 
     </span>
    </p>
   </div>
   <div class='ocr_carea' id='block_1_22' title="bbox 115 3739 1158 3796">
    <p class='ocr_par' dir='ltr' id='par_1_26' title="bbox 115 3739 1158 3796">
     <span class='ocr_line' id='line_1_77' title="bbox 115 3739 1158 3796; baseline -0.02 -2"><span class='ocrx_word' id='word_1_544' title='bbox 115 3750 325 3794; x_wconf 55' lang='lat' dir='ltr'>exeamus</span> <span class='ocrx_word' id='word_1_545' title='bbox 336 3751 511 3792; x_wconf 59' lang='lat' dir='ltr'>nme</span> <span class='ocrx_word' id='word_1_546' title='bbox 526 3749 610 3788; x_wconf 71' lang='lat' dir='ltr'>ritae</span> <span class='ocrx_word' id='word_1_547' title='bbox 634 3745 773 3796; x_wconf 63' lang='lat' dir='ltr'>agenda</span> <span class='ocrx_word' id='word_1_548' title='bbox 797 3744 869 3790; x_wconf 83' lang='lat' dir='ltr'>sit,</span> <span class='ocrx_word' id='word_1_549' title='bbox 885 3742 967 3790; x_wconf 33' lang='lat' dir='ltr'>&#39;sive</span> <span class='ocrx_word' id='word_1_550' title='bbox 984 3739 1158 3778; x_wconf 79' lang='lat' dir='ltr'>virtutum</span> 
     </span>
    </p>
   </div>
   <div class='ocr_carea' id='block_1_23' title="bbox 1217 1187 2272 1299">
    <p class='ocr_par' dir='ltr' id='par_1_27' title="bbox 1217 1187 2272 1299">
     <span class='ocr_line' id='line_1_78' title="bbox 1217 1187 2272 1237; baseline -0.007 -10"><span class='ocrx_word' id='word_1_551' title='bbox 1217 1193 1254 1228; x_wconf 88' lang='lat' dir='ltr'>in</span> <span class='ocrx_word' id='word_1_552' title='bbox 1279 1190 1394 1228; x_wconf 73' lang='lat' dir='ltr'>Israel</span> <span class='ocrx_word' id='word_1_553' title='bbox 1408 1218 1417 1234; x_wconf 89' lang='lat'>,</span> <span class='ocrx_word' id='word_1_554' title='bbox 1439 1190 1555 1237; x_wconf 83' lang='lat' dir='ltr'>accepi</span> <span class='ocrx_word' id='word_1_555' title='bbox 1574 1200 1644 1225; x_wconf 87' lang='lat' dir='ltr'>eos.</span> <span class='ocrx_word' id='word_1_556' title='bbox 1678 1188 1759 1224; x_wconf 87' lang='lat' dir='ltr'>Mea</span> <span class='ocrx_word' id='word_1_557' title='bbox 1781 1193 1863 1223; x_wconf 81' lang='lat' dir='ltr'>sunt</span> <span class='ocrx_word' id='word_1_558' title='bbox 1886 1188 1977 1223; x_wconf 86' lang='lat' dir='ltr'>enim</span> <span class='ocrx_word' id='word_1_559' title='bbox 2001 1187 2118 1222; x_wconf 83' lang='lat' dir='ltr'>omnia</span> <span class='ocrx_word' id='word_1_560' title='bbox 2143 1187 2272 1232; x_wconf 83' lang='lat' dir='ltr'>primo-</span> 
     </span>
     <span class='ocr_line' id='line_1_79' title="bbox 1217 1247 2270 1299; baseline -0.005 -12"><span class='ocrx_word' id='word_1_561' title='bbox 1217 1253 1334 1299; x_wconf 72' lang='lat' dir='ltr'>qenita</span> <span class='ocrx_word' id='word_1_562' title='bbox 1364 1252 1518 1297; x_wconf 85' lang='lat' dir='ltr'>filiorum</span> <span class='ocrx_word' id='word_1_563' title='bbox 1546 1249 1684 1293; x_wconf 82' lang='lat' dir='ltr'>Israel,</span> <span class='ocrx_word' id='word_1_564' title='bbox 1713 1255 1785 1284; x_wconf 82' lang='lat' dir='ltr'>tam</span> <span class='ocrx_word' id='word_1_565' title='bbox 1809 1260 1850 1284; x_wconf 79' lang='lat' dir='ltr'>ex</span> <span class='ocrx_word' id='word_1_566' title='bbox 1879 1247 2076 1284; x_wconf 76' lang='lat' dir='ltr'>hominibus</span> <span class='ocrx_word' id='word_1_567' title='bbox 2103 1259 2208 1294; x_wconf 82' lang='lat' dir='ltr'>quam</span> <span class='ocrx_word' id='word_1_568' title='bbox 2228 1258 2270 1283; x_wconf 77' lang='lat' dir='ltr'>ex</span> 
     </span>
    </p>
   </div>
   <div class='ocr_carea' id='block_1_24' title="bbox 1210 1308 2265 1360">
    <p class='ocr_par' dir='ltr' id='par_1_28' title="bbox 1210 1308 2265 1360">
     <span class='ocr_line' id='line_1_80' title="bbox 1210 1308 2265 1360; baseline -0.007 -11"><span class='ocrx_word' id='word_1_569' title='bbox 1210 1313 1396 1360; x_wconf 80' lang='lat' dir='ltr'>jumentis.</span> <span class='ocrx_word' id='word_1_570' title='bbox 1421 1312 1474 1347; x_wconf 53' lang='lat' dir='ltr'>Eat</span> <span class='ocrx_word' id='word_1_571' title='bbox 1493 1312 1548 1346; x_wconf 83' lang='lat' dir='ltr'>die</span> <span class='ocrx_word' id='word_1_572' title='bbox 1566 1322 1633 1357; x_wconf 84' lang='lat' dir='ltr'>quo</span> <span class='ocrx_word' id='word_1_573' title='bbox 1652 1310 1806 1356; x_wconf 84' lang='lat' dir='ltr'>percussi</span> <span class='ocrx_word' id='word_1_574' title='bbox 1824 1320 1924 1343; x_wconf 86' lang='lat' dir='ltr'>omne</span> <span class='ocrx_word' id='word_1_575' title='bbox 1943 1309 2210 1354; x_wconf 75' lang='lat' dir='ltr'>primoqenitum</span> <span class='ocrx_word' id='word_1_576' title='bbox 2230 1308 2265 1342; x_wconf 85' lang='lat' dir='ltr'>in</span> 
     </span>
    </p>
   </div>
   <div class='ocr_carea' id='block_1_25' title="bbox 1215 1366 2275 3470">
    <p class='ocr_par' dir='ltr' id='par_1_29' title="bbox 1215 1366 2275 3470">
     <span class='ocr_line' id='line_1_81' title="bbox 1219 1366 2265 1417; baseline -0.005 -10"><span class='ocrx_word' id='word_1_577' title='bbox 1219 1380 1311 1408; x_wconf 79' lang='lat' dir='ltr'>terra</span> <span class='ocrx_word' id='word_1_578' title='bbox 1336 1372 1502 1417; x_wconf 66' lang='lat' dir='ltr'>AE&#39;qfflni,</span> <span class='ocrx_word' id='word_1_579' title='bbox 1530 1370 1746 1414; x_wconf 81' lang='lat' dir='ltr'>sanctificavi</span> <span class='ocrx_word' id='word_1_580' title='bbox 1769 1380 1826 1404; x_wconf 86' lang='lat' dir='ltr'>eos</span> <span class='ocrx_word' id='word_1_581' title='bbox 1847 1368 1947 1403; x_wconf 80' lang='lat' dir='ltr'>mihi.</span> <span class='ocrx_word' id='word_1_582' title='bbox 1975 1366 2053 1403; x_wconf 90' lang='lat' dir='ltr'>Non</span> <span class='ocrx_word' id='word_1_583' title='bbox 2076 1372 2131 1403; x_wconf 85' lang='lat' dir='ltr'>est</span> <span class='ocrx_word' id='word_1_584' title='bbox 2163 1368 2265 1402; x_wconf 87' lang='lat' dir='ltr'>inco-</span> 
     </span>
     <span class='ocr_line' id='line_1_82' title="bbox 1215 1426 2267 1480; baseline -0.007 -12"><span class='ocrx_word' id='word_1_585' title='bbox 1215 1434 1377 1480; x_wconf 80' lang='lat' dir='ltr'>gnitum,</span> <span class='ocrx_word' id='word_1_586' title='bbox 1408 1431 1502 1476; x_wconf 88' lang='lat' dir='ltr'>quod</span> <span class='ocrx_word' id='word_1_587' title='bbox 1531 1429 1770 1476; x_wconf 82' lang='lat' dir='ltr'>primogenita</span> <span class='ocrx_word' id='word_1_588' title='bbox 1796 1427 2072 1474; x_wconf 87' lang='lat' dir='ltr'>AEgyptiorum,</span> <span class='ocrx_word' id='word_1_589' title='bbox 2095 1426 2267 1462; x_wconf 88' lang='lat' dir='ltr'>vitiorum</span> 
     </span>
     <span class='ocr_line' id='line_1_83' title="bbox 1218 1485 2267 1538; baseline -0.01 -8"><span class='ocrx_word' id='word_1_590' title='bbox 1218 1499 1302 1531; x_wconf 87' lang='lat' dir='ltr'>sunt</span> <span class='ocrx_word' id='word_1_591' title='bbox 1324 1491 1523 1538; x_wconf 87' lang='lat' dir='ltr'>primordia</span> <span class='ocrx_word' id='word_1_592' title='bbox 1554 1490 1685 1535; x_wconf 74' lang='lat' dir='ltr'>quihus</span> <span class='ocrx_word' id='word_1_593' title='bbox 1718 1489 1875 1524; x_wconf 88' lang='lat' dir='ltr'>humana</span> <span class='ocrx_word' id='word_1_594' title='bbox 1904 1487 1979 1522; x_wconf 84' lang='lat' dir='ltr'>vita</span> <span class='ocrx_word' id='word_1_595' title='bbox 2009 1485 2267 1531; x_wconf 82' lang='lat' dir='ltr'>corrumpitur.</span> 
     </span>
     <span class='ocr_line' id='line_1_84' title="bbox 1215 1544 2268 1593; baseline -0.01 -3"><span class='ocrx_word' id='word_1_596' title='bbox 1215 1554 1340 1591; x_wconf 90' lang='lat' dir='ltr'>Omnis</span> <span class='ocrx_word' id='word_1_597' title='bbox 1371 1553 1467 1587; x_wconf 87' lang='lat' dir='ltr'>enim</span> <span class='ocrx_word' id='word_1_598' title='bbox 1499 1551 1620 1586; x_wconf 88' lang='lat' dir='ltr'>anima</span> <span class='ocrx_word' id='word_1_599' title='bbox 1651 1559 1733 1585; x_wconf 88' lang='lat' dir='ltr'>cum</span> <span class='ocrx_word' id='word_1_600' title='bbox 1759 1548 1805 1584; x_wconf 87' lang='lat' dir='ltr'>ad</span> <span class='ocrx_word' id='word_1_601' title='bbox 1831 1547 2119 1593; x_wconf 89' lang='lat' dir='ltr'>supplementum</span> <span class='ocrx_word' id='word_1_602' title='bbox 2148 1544 2268 1581; x_wconf 86' lang='lat' dir='ltr'>aetatis</span> 
     </span>
     <span class='ocr_line' id='line_1_85' title="bbox 1219 1605 2270 1655; baseline -0.011 -4"><span class='ocrx_word' id='word_1_603' title='bbox 1219 1614 1430 1655; x_wconf 85' lang='lat' dir='ltr'>advenerit,</span> <span class='ocrx_word' id='word_1_604' title='bbox 1452 1617 1488 1648; x_wconf 87' lang='lat' dir='ltr'>et</span> <span class='ocrx_word' id='word_1_605' title='bbox 1506 1611 1603 1647; x_wconf 87' lang='lat' dir='ltr'>velut</span> <span class='ocrx_word' id='word_1_606' title='bbox 1623 1608 1797 1646; x_wconf 86' lang='lat' dir='ltr'>naturalis</span> <span class='ocrx_word' id='word_1_607' title='bbox 1816 1608 1852 1642; x_wconf 92' lang='lat' dir='ltr'>in</span> <span class='ocrx_word' id='word_1_608' title='bbox 1870 1617 1912 1643; x_wconf 88' lang='lat' dir='ltr'>ea</span> <span class='ocrx_word' id='word_1_609' title='bbox 1932 1607 2096 1652; x_wconf 85' lang='lat' dir='ltr'>quaedam</span> <span class='ocrx_word' id='word_1_610' title='bbox 2117 1605 2175 1640; x_wconf 83' lang='lat' dir='ltr'>lex</span> <span class='ocrx_word' id='word_1_611' title='bbox 2195 1613 2270 1640; x_wconf 85' lang='lat' dir='ltr'>coe-</span> 
     </span>
     <span class='ocr_line' id='line_1_86' title="bbox 1215 1663 2272 1721; baseline -0.012 -11"><span class='ocrx_word' id='word_1_612' title='bbox 1215 1675 1311 1721; x_wconf 88' lang='lat' dir='ltr'>perit</span> <span class='ocrx_word' id='word_1_613' title='bbox 1329 1683 1393 1709; x_wconf 87' lang='lat' dir='ltr'>sua</span> <span class='ocrx_word' id='word_1_614' title='bbox 1415 1671 1496 1716; x_wconf 91' lang='lat' dir='ltr'>jura</span> <span class='ocrx_word' id='word_1_615' title='bbox 1520 1669 1714 1706; x_wconf 80' lang='lat' dir='ltr'>defendere</span> <span class='ocrx_word' id='word_1_616' title='bbox 1728 1695 1736 1711; x_wconf 96' lang='lat'>,</span> <span class='ocrx_word' id='word_1_617' title='bbox 1763 1667 1900 1713; x_wconf 88' lang='lat' dir='ltr'>primos</span> <span class='ocrx_word' id='word_1_618' title='bbox 1919 1665 1997 1700; x_wconf 90' lang='lat' dir='ltr'>sine</span> <span class='ocrx_word' id='word_1_619' title='bbox 2020 1663 2129 1700; x_wconf 86' lang='lat' dir='ltr'>dubio</span> <span class='ocrx_word' id='word_1_620' title='bbox 2151 1667 2272 1698; x_wconf 88' lang='lat' dir='ltr'>motus</span> 
     </span>
     <span class='ocr_line' id='line_1_87' title="bbox 1217 1725 2270 1773; baseline -0.012 -2"><span class='ocrx_word' id='word_1_621' title='bbox 1217 1734 1416 1771; x_wconf 87' lang='lat' dir='ltr'>secundum</span> <span class='ocrx_word' id='word_1_622' title='bbox 1450 1730 1672 1768; x_wconf 84' lang='lat' dir='ltr'>desiderium</span> <span class='ocrx_word' id='word_1_623' title='bbox 1707 1728 1830 1764; x_wconf 89' lang='lat' dir='ltr'>carnis</span> <span class='ocrx_word' id='word_1_624' title='bbox 1858 1725 2062 1773; x_wconf 83' lang='lat' dir='ltr'>producit:</span> <span class='ocrx_word' id='word_1_625' title='bbox 2098 1733 2190 1770; x_wconf 88' lang='lat' dir='ltr'>quos</span> <span class='ocrx_word' id='word_1_626' title='bbox 2226 1733 2270 1759; x_wconf 84' lang='lat' dir='ltr'>ex</span> 
     </span>
     <span class='ocr_line' id='line_1_88' title="bbox 1216 1784 2269 1840; baseline -0.014 -9"><span class='ocrx_word' id='word_1_627' title='bbox 1216 1792 1518 1840; x_wconf 76' lang='lat' dir='ltr'>concupiscentiae</span> <span class='ocrx_word' id='word_1_628' title='bbox 1546 1790 1604 1826; x_wconf 91' lang='lat' dir='ltr'>vel</span> <span class='ocrx_word' id='word_1_629' title='bbox 1632 1790 1696 1825; x_wconf 84' lang='lat' dir='ltr'>irae</span> <span class='ocrx_word' id='word_1_630' title='bbox 1723 1787 1848 1823; x_wconf 78' lang='lat' dir='ltr'>fomite</span> <span class='ocrx_word' id='word_1_631' title='bbox 1876 1786 1930 1822; x_wconf 89' lang='lat' dir='ltr'>vis</span> <span class='ocrx_word' id='word_1_632' title='bbox 1959 1784 2139 1820; x_wconf 88' lang='lat' dir='ltr'>incentiva</span> <span class='ocrx_word' id='word_1_633' title='bbox 2170 1792 2269 1818; x_wconf 86' lang='lat' dir='ltr'>com-</span> 
     </span>
     <span class='ocr_line' id='line_1_89' title="bbox 1215 1842 2271 1896; baseline -0.013 -5"><span class='ocrx_word' id='word_1_634' title='bbox 1215 1855 1383 1891; x_wconf 87' lang='lat' dir='ltr'>moverit.</span> <span class='ocrx_word' id='word_1_635' title='bbox 1413 1853 1516 1889; x_wconf 87' lang='lat' dir='ltr'>Unde</span> <span class='ocrx_word' id='word_1_636' title='bbox 1540 1851 1644 1896; x_wconf 88' lang='lat' dir='ltr'>quasi</span> <span class='ocrx_word' id='word_1_637' title='bbox 1668 1849 1909 1895; x_wconf 87' lang='lat' dir='ltr'>praecipuum,</span> <span class='ocrx_word' id='word_1_638' title='bbox 1941 1852 1978 1882; x_wconf 89' lang='lat' dir='ltr'>et</span> <span class='ocrx_word' id='word_1_639' title='bbox 2007 1844 2103 1891; x_wconf 89' lang='lat' dir='ltr'>quod</span> <span class='ocrx_word' id='word_1_640' title='bbox 2127 1853 2199 1879; x_wconf 89' lang='lat' dir='ltr'>non</span> <span class='ocrx_word' id='word_1_641' title='bbox 2224 1842 2271 1878; x_wconf 85' lang='lat' dir='ltr'>sit</span> 
     </span>
     <span class='ocr_line' id='line_1_90' title="bbox 1216 1903 2270 1951; baseline -0.012 -1"><span class='ocrx_word' id='word_1_642' title='bbox 1216 1924 1406 1951; x_wconf 88' lang='lat' dir='ltr'>commune</span> <span class='ocrx_word' id='word_1_643' title='bbox 1425 1922 1508 1948; x_wconf 89' lang='lat' dir='ltr'>cum</span> <span class='ocrx_word' id='word_1_644' title='bbox 1531 1911 1672 1946; x_wconf 86' lang='lat' dir='ltr'>caeteris</span> <span class='ocrx_word' id='word_1_645' title='bbox 1700 1907 1927 1950; x_wconf 89' lang='lat' dir='ltr'>hominibus,</span> <span class='ocrx_word' id='word_1_646' title='bbox 1954 1906 1998 1941; x_wconf 91' lang='lat' dir='ltr'>de</span> <span class='ocrx_word' id='word_1_647' title='bbox 2022 1904 2098 1941; x_wconf 92' lang='lat' dir='ltr'>solo</span> <span class='ocrx_word' id='word_1_648' title='bbox 2125 1903 2270 1939; x_wconf 82' lang='lat' dir='ltr'>Christo</span> 
     </span>
     <span class='ocr_line' id='line_1_91' title="bbox 1217 1961 2265 2018; baseline -0.013 -8"><span class='ocrx_word' id='word_1_649' title='bbox 1217 1974 1305 2010; x_wconf 82' lang='lat' dir='ltr'>dicit</span> <span class='ocrx_word' id='word_1_650' title='bbox 1324 1973 1501 2018; x_wconf 87' lang='lat' dir='ltr'>propheta</span> <span class='ocrx_word' id='word_1_651' title='bbox 1521 1982 1528 2005; x_wconf 89' lang='lat'><strong>:</strong></span> <span class='ocrx_word' id='word_1_652' title='bbox 1551 1969 1723 2014; x_wconf 79' lang='lat' dir='ltr'>Butyrum</span> <span class='ocrx_word' id='word_1_653' title='bbox 1751 1973 1783 2002; x_wconf 84' lang='lat' dir='ltr'>et</span> <span class='ocrx_word' id='word_1_654' title='bbox 1811 1965 1877 2001; x_wconf 86' lang='lat' dir='ltr'>mel</span> <span class='ocrx_word' id='word_1_655' title='bbox 1905 1963 2129 2000; x_wconf 77' lang='lat' dir='ltr'>inanducabit</span> <span class='ocrx_word' id='word_1_656' title='bbox 2159 1961 2265 2008; x_wconf 85' lang='lat' dir='ltr'>(Isa.</span> 
     </span>
     <span class='ocr_line' id='line_1_92' title="bbox 1313 2023 2267 2080; baseline -0.013 -10"><span class='ocrx_word' id='word_1_657' title='bbox 1313 2045 1322 2078; x_wconf 92' lang='lat'>;</span> <span class='ocrx_word' id='word_1_658' title='bbox 1348 2034 1450 2080; x_wconf 88' lang='lat' dir='ltr'>prius</span> <span class='ocrx_word' id='word_1_659' title='bbox 1475 2043 1584 2078; x_wconf 88' lang='lat' dir='ltr'>quam</span> <span class='ocrx_word' id='word_1_660' title='bbox 1609 2030 1719 2066; x_wconf 77' lang='lat' dir='ltr'>saciat</span> <span class='ocrx_word' id='word_1_661' title='bbox 1740 2034 1802 2064; x_wconf 88' lang='lat' dir='ltr'>aut</span> <span class='ocrx_word' id='word_1_662' title='bbox 1821 2027 1983 2073; x_wconf 78' lang='lat' dir='ltr'>proferat</span> <span class='ocrx_word' id='word_1_663' title='bbox 2003 2026 2159 2071; x_wconf 82' lang='lat' dir='ltr'>maligna</span> <span class='ocrx_word' id='word_1_664' title='bbox 2172 2050 2181 2067; x_wconf 92' lang='lat'>,</span> <span class='ocrx_word' id='word_1_665' title='bbox 2201 2023 2267 2059; x_wconf 88' lang='lat' dir='ltr'>eli-</span> 
     </span>
     <span class='ocr_line' id='line_1_93' title="bbox 1219 2089 2272 2144; baseline -0.011 -11"><span class='ocrx_word' id='word_1_666' title='bbox 1219 2102 1279 2144; x_wconf 85' lang='lat' dir='ltr'>get</span> <span class='ocrx_word' id='word_1_667' title='bbox 1299 2098 1448 2133; x_wconf 89' lang='lat' dir='ltr'>bonum.</span> <span class='ocrx_word' id='word_1_668' title='bbox 1471 2093 1649 2138; x_wconf 83' lang='lat' dir='ltr'>Quoniam</span> <span class='ocrx_word' id='word_1_669' title='bbox 1670 2092 1773 2138; x_wconf 89' lang='lat' dir='ltr'>prius</span> <span class='ocrx_word' id='word_1_670' title='bbox 1793 2101 1902 2137; x_wconf 86' lang='lat' dir='ltr'>quam</span> <span class='ocrx_word' id='word_1_671' title='bbox 1920 2090 2012 2125; x_wconf 82' lang='lat' dir='ltr'>sciat</span> <span class='ocrx_word' id='word_1_672' title='bbox 2031 2099 2121 2135; x_wconf 88' lang='lat' dir='ltr'>puer</span> <span class='ocrx_word' id='word_1_673' title='bbox 2139 2089 2272 2123; x_wconf 88' lang='lat' dir='ltr'>bonum</span> 
     </span>
     <span class='ocr_line' id='line_1_94' title="bbox 1220 2147 2274 2197; baseline -0.011 -6"><span class='ocrx_word' id='word_1_674' title='bbox 1220 2163 1282 2192; x_wconf 87' lang='lat' dir='ltr'>aut</span> <span class='ocrx_word' id='word_1_675' title='bbox 1302 2156 1434 2191; x_wconf 88' lang='lat' dir='ltr'>malum</span> <span class='ocrx_word' id='word_1_676' title='bbox 1453 2181 1461 2197; x_wconf 89' lang='lat'>‚</span> <span class='ocrx_word' id='word_1_677' title='bbox 1485 2154 1632 2189; x_wconf 84' lang='lat' dir='ltr'>resistet</span> <span class='ocrx_word' id='word_1_678' title='bbox 1650 2150 1797 2186; x_wconf 79' lang='lat' dir='ltr'>malitia:</span> <span class='ocrx_word' id='word_1_679' title='bbox 1811 2176 1821 2193; x_wconf 93' lang='lat'>,</span> <span class='ocrx_word' id='word_1_680' title='bbox 1842 2155 1881 2184; x_wconf 92' lang='lat' dir='ltr'>ut</span> <span class='ocrx_word' id='word_1_681' title='bbox 1900 2148 2007 2195; x_wconf 83' lang='lat' dir='ltr'>eligat</span> <span class='ocrx_word' id='word_1_682' title='bbox 2027 2147 2123 2193; x_wconf 89' lang='lat' dir='ltr'>quod</span> <span class='ocrx_word' id='word_1_683' title='bbox 2140 2147 2274 2182; x_wconf 88' lang='lat' dir='ltr'>bonum</span> 
     </span>
     <span class='ocr_line' id='line_1_95' title="bbox 1218 2206 2273 2257; baseline -0.011 -4"><span class='ocrx_word' id='word_1_684' title='bbox 1218 2222 1286 2253; x_wconf 86' lang='lat' dir='ltr'>est.</span> <span class='ocrx_word' id='word_1_685' title='bbox 1312 2215 1406 2252; x_wconf 80' lang='lat' dir='ltr'>Alibi</span> <span class='ocrx_word' id='word_1_686' title='bbox 1432 2219 1552 2250; x_wconf 84' lang='lat' dir='ltr'>autem</span> <span class='ocrx_word' id='word_1_687' title='bbox 1583 2212 1762 2257; x_wconf 78' lang='lat' dir='ltr'>Propheta</span> <span class='ocrx_word' id='word_1_688' title='bbox 1799 2215 1970 2255; x_wconf 82' lang='lat' dir='ltr'>tanquam</span> <span class='ocrx_word' id='word_1_689' title='bbox 2003 2209 2047 2244; x_wconf 91' lang='lat' dir='ltr'>de</span> <span class='ocrx_word' id='word_1_690' title='bbox 2080 2206 2273 2252; x_wconf 85' lang='lat' dir='ltr'>semetipso</span> 
     </span>
     <span class='ocr_line' id='line_1_96' title="bbox 1218 2269 2275 2326; baseline -0.013 -10"><span class='ocrx_word' id='word_1_691' title='bbox 1218 2281 1378 2326; x_wconf 85' lang='lat' dir='ltr'>loquitur</span> <span class='ocrx_word' id='word_1_692' title='bbox 1410 2278 1535 2314; x_wconf 84' lang='lat' dir='ltr'>dicens</span> <span class='ocrx_word' id='word_1_693' title='bbox 1570 2288 1576 2311; x_wconf 74' lang='grc' dir='ltr'><em>ι</em></span> <span class='ocrx_word' id='word_1_694' title='bbox 1612 2274 1749 2311; x_wconf 81' lang='lat' dir='ltr'>Delicta</span> <span class='ocrx_word' id='word_1_695' title='bbox 1777 2272 1969 2319; x_wconf 73' lang='lat' dir='ltr'>juventutis</span> <span class='ocrx_word' id='word_1_696' title='bbox 2004 2281 2088 2305; x_wconf 74' lang='lat' dir='ltr'>mem</span> <span class='ocrx_word' id='word_1_697' title='bbox 2122 2275 2153 2304; x_wconf 82' lang='lat' dir='ltr'>ct</span> <span class='ocrx_word' id='word_1_698' title='bbox 2176 2269 2275 2314; x_wconf 71' lang='lat' dir='ltr'>iquo-</span> 
     </span>
     <span class='ocr_line' id='line_1_97' title="bbox 1219 2331 2273 2378; baseline -0.012 -2"><span class='ocrx_word' id='word_1_699' title='bbox 1219 2341 1354 2376; x_wconf 71' lang='lat' dir='ltr'>rmnias</span> <span class='ocrx_word' id='word_1_700' title='bbox 1378 2350 1473 2375; x_wconf 82' lang='lat' dir='ltr'>meas</span> <span class='ocrx_word' id='word_1_701' title='bbox 1500 2349 1542 2373; x_wconf 84' lang='lat' dir='ltr'>ne</span> <span class='ocrx_word' id='word_1_702' title='bbox 1565 2336 1760 2372; x_wconf 80' lang='lat' dir='ltr'>memineris</span> <span class='ocrx_word' id='word_1_703' title='bbox 1783 2333 1908 2378; x_wconf 81' lang='lat' dir='ltr'>(Psat.</span> <span class='ocrx_word' id='word_1_704' title='bbox 1929 2331 2056 2377; x_wconf 78' lang='lat' dir='ltr'>xxiv).</span> <span class='ocrx_word' id='word_1_705' title='bbox 2079 2331 2168 2373; x_wconf 81' lang='lat' dir='ltr'>Quia</span> <span class='ocrx_word' id='word_1_706' title='bbox 2189 2339 2273 2375; x_wconf 86' lang='lat' dir='ltr'>ergo</span> 
     </span>
     <span class='ocr_line' id='line_1_98' title="bbox 1219 2393 2268 2447; baseline -0.011 -12"><span class='ocrx_word' id='word_1_707' title='bbox 1219 2400 1325 2447; x_wconf 85' lang='lat' dir='ltr'>primi</span> <span class='ocrx_word' id='word_1_708' title='bbox 1351 2399 1409 2434; x_wconf 86' lang='lat' dir='ltr'>isti</span> <span class='ocrx_word' id='word_1_709' title='bbox 1435 2397 1564 2432; x_wconf 82' lang='lat' dir='ltr'>animae</span> <span class='ocrx_word' id='word_1_710' title='bbox 1599 2400 1741 2436; x_wconf 89' lang='lat' dir='ltr'>motus,</span> <span class='ocrx_word' id='word_1_711' title='bbox 1777 2393 1973 2428; x_wconf 86' lang='lat' dir='ltr'>secu-ndum</span> <span class='ocrx_word' id='word_1_712' title='bbox 2005 2400 2148 2426; x_wconf 83' lang='lat' dir='ltr'>carnem</span> <span class='ocrx_word' id='word_1_713' title='bbox 2182 2398 2268 2434; x_wconf 89' lang='lat' dir='ltr'>pro-</span> 
     </span>
     <span class='ocr_line' id='line_1_99' title="bbox 1218 2448 2268 2501; baseline -0.01 -7"><span class='ocrx_word' id='word_1_714' title='bbox 1218 2459 1303 2501; x_wconf 88' lang='lat' dir='ltr'>lati,</span> <span class='ocrx_word' id='word_1_715' title='bbox 1338 2458 1374 2492; x_wconf 90' lang='lat' dir='ltr'>in</span> <span class='ocrx_word' id='word_1_716' title='bbox 1409 2459 1597 2501; x_wconf 87' lang='lat' dir='ltr'>peccatum</span> <span class='ocrx_word' id='word_1_717' title='bbox 1629 2457 1758 2494; x_wconf 89' lang='lat' dir='ltr'>ruunt,</span> <span class='ocrx_word' id='word_1_718' title='bbox 1791 2451 1922 2486; x_wconf 92' lang='lat' dir='ltr'>merito</span> <span class='ocrx_word' id='word_1_719' title='bbox 1956 2449 2152 2485; x_wconf 85' lang='lat' dir='ltr'>immortali</span> <span class='ocrx_word' id='word_1_720' title='bbox 2188 2448 2268 2484; x_wconf 89' lang='lat' dir='ltr'>loco</span> 
     </span>
     <span class='ocr_line' id='line_1_100' title="bbox 1223 2515 2266 2567; baseline -0.012 -10"><span class='ocrx_word' id='word_1_721' title='bbox 1223 2519 1472 2567; x_wconf 82' lang='lat' dir='ltr'>AEgyptiorum</span> <span class='ocrx_word' id='word_1_722' title='bbox 1512 2515 1695 2562; x_wconf 84' lang='lat' dir='ltr'>primitiva</span> <span class='ocrx_word' id='word_1_723' title='bbox 1734 2517 1919 2558; x_wconf 85' lang='lat' dir='ltr'>ponuntur</span> <span class='ocrx_word' id='word_1_724' title='bbox 1946 2523 1954 2545; x_wconf 90' lang='lat'>:</span> <span class='ocrx_word' id='word_1_725' title='bbox 1994 2521 2076 2556; x_wconf 79' lang='lat' dir='ltr'>quae</span> <span class='ocrx_word' id='word_1_726' title='bbox 2116 2515 2266 2546; x_wconf 72' lang='lat' dir='ltr'>eatenus</span> 
     </span>
     <span class='ocr_line' id='line_1_101' title="bbox 1219 2570 2268 2627; baseline -0.013 -9"><span class='ocrx_word' id='word_1_727' title='bbox 1219 2581 1509 2627; x_wconf 80' lang='lat' dir='ltr'>exstinguuntur,</span> <span class='ocrx_word' id='word_1_728' title='bbox 1536 2576 1565 2612; x_wconf 88' lang='lat' dir='ltr'>si</span> <span class='ocrx_word' id='word_1_729' title='bbox 1587 2574 1733 2619; x_wconf 83' lang='lat' dir='ltr'>reliquae</span> <span class='ocrx_word' id='word_1_730' title='bbox 1751 2573 1834 2607; x_wconf 83' lang='lat' dir='ltr'>vitae</span> <span class='ocrx_word' id='word_1_731' title='bbox 1853 2570 2081 2608; x_wconf 66' lang='lat' dir='ltr'>convers-nio</span> <span class='ocrx_word' id='word_1_732' title='bbox 2100 2570 2268 2606; x_wconf 85' lang='lat' dir='ltr'>emenda·</span> 
     </span>
     <span class='ocr_line' id='line_1_102' title="bbox 1219 2631 2271 2686; baseline -0.013 -7"><span class='ocrx_word' id='word_1_733' title='bbox 1219 2643 1349 2679; x_wconf 84' lang='lat' dir='ltr'>tiorcm</span> <span class='ocrx_word' id='word_1_734' title='bbox 1370 2640 1502 2686; x_wconf 83' lang='lat' dir='ltr'>dirigat</span> <span class='ocrx_word' id='word_1_735' title='bbox 1519 2646 1677 2672; x_wconf 86' lang='lat' dir='ltr'>cursum.</span> <span class='ocrx_word' id='word_1_736' title='bbox 1709 2633 1906 2669; x_wconf 81' lang='lat' dir='ltr'>Exstinctis</span> <span class='ocrx_word' id='word_1_737' title='bbox 1933 2642 2020 2668; x_wconf 88' lang='lat' dir='ltr'>vero</span> <span class='ocrx_word' id='word_1_738' title='bbox 2047 2631 2163 2674; x_wconf 91' lang='lat' dir='ltr'>vitiis,</span> <span class='ocrx_word' id='word_1_739' title='bbox 2191 2641 2271 2676; x_wconf 72' lang='lat' dir='ltr'>quae</span> 
     </span>
     <span class='ocr_line' id='line_1_103' title="bbox 1220 2690 2270 2750; baseline -0.013 -11"><span class='ocrx_word' id='word_1_740' title='bbox 1220 2700 1461 2750; x_wconf 83' lang='lat' dir='ltr'>primogenita</span> <span class='ocrx_word' id='word_1_741' title='bbox 1482 2703 1565 2734; x_wconf 89' lang='lat' dir='ltr'>sunt</span> <span class='ocrx_word' id='word_1_742' title='bbox 1585 2694 1738 2737; x_wconf 84' lang='lat' dir='ltr'>diaboli,</span> <span class='ocrx_word' id='word_1_743' title='bbox 1760 2693 1817 2728; x_wconf 86' lang='lat' dir='ltr'>vel</span> <span class='ocrx_word' id='word_1_744' title='bbox 1840 2693 2011 2738; x_wconf 84' lang='lat' dir='ltr'>operibus</span> <span class='ocrx_word' id='word_1_745' title='bbox 2030 2691 2151 2727; x_wconf 86' lang='lat' dir='ltr'>carnis</span> <span class='ocrx_word' id='word_1_746' title='bbox 2171 2690 2270 2726; x_wconf 90' lang='lat' dir='ltr'>noci—</span> 
     </span>
     <span class='ocr_line' id='line_1_104' title="bbox 1219 2751 2273 2807; baseline -0.014 -7"><span class='ocrx_word' id='word_1_747' title='bbox 1219 2764 1294 2806; x_wconf 83' lang='lat' dir='ltr'>vis,</span> <span class='ocrx_word' id='word_1_748' title='bbox 1316 2762 1447 2807; x_wconf 89' lang='lat' dir='ltr'>quibus</span> <span class='ocrx_word' id='word_1_749' title='bbox 1473 2756 1741 2795; x_wconf 87' lang='lat' dir='ltr'>contaminatur</span> <span class='ocrx_word' id='word_1_750' title='bbox 1763 2757 1911 2794; x_wconf 86' lang='lat' dir='ltr'>natura,</span> <span class='ocrx_word' id='word_1_751' title='bbox 1935 2751 2021 2787; x_wconf 90' lang='lat' dir='ltr'>boni</span> <span class='ocrx_word' id='word_1_752' title='bbox 2044 2760 2164 2787; x_wconf 88' lang='lat' dir='ltr'>mores</span> <span class='ocrx_word' id='word_1_753' title='bbox 2195 2760 2273 2786; x_wconf 89' lang='lat' dir='ltr'>sus-</span> 
     </span>
     <span class='ocr_line' id='line_1_105' title="bbox 1222 2810 2271 2867; baseline -0.018 -3"><span class='ocrx_word' id='word_1_754' title='bbox 1222 2826 1357 2864; x_wconf 84' lang='lat' dir='ltr'>tinendi</span> <span class='ocrx_word' id='word_1_755' title='bbox 1378 2830 1480 2867; x_wconf 87' lang='lat' dir='ltr'>sunt,</span> <span class='ocrx_word' id='word_1_756' title='bbox 1505 2827 1544 2859; x_wconf 90' lang='lat' dir='ltr'>ut</span> <span class='ocrx_word' id='word_1_757' title='bbox 1570 2819 1723 2867; x_wconf 88' lang='lat' dir='ltr'>spiritali</span> <span class='ocrx_word' id='word_1_758' title='bbox 1744 2814 2037 2856; x_wconf 87' lang='lat' dir='ltr'>conversatione,</span> <span class='ocrx_word' id='word_1_759' title='bbox 2058 2812 2121 2848; x_wconf 88' lang='lat' dir='ltr'>Dei</span> <span class='ocrx_word' id='word_1_760' title='bbox 2141 2810 2271 2855; x_wconf 81' lang='lat' dir='ltr'>cultor,</span> 
     </span>
     <span class='ocr_line' id='line_1_106' title="bbox 1221 2873 2272 2927; baseline -0.018 0"><span class='ocrx_word' id='word_1_761' title='bbox 1221 2901 1293 2927; x_wconf 92' lang='lat' dir='ltr'>non</span> <span class='ocrx_word' id='word_1_762' title='bbox 1327 2889 1531 2924; x_wconf 82' lang='lat' dir='ltr'>daemonum</span> <span class='ocrx_word' id='word_1_763' title='bbox 1566 2882 1735 2924; x_wconf 76' lang='lat' dir='ltr'>servitor,</span> <span class='ocrx_word' id='word_1_764' title='bbox 1770 2878 1947 2915; x_wconf 88' lang='lat' dir='ltr'>veraciter</span> <span class='ocrx_word' id='word_1_765' title='bbox 1980 2879 2163 2921; x_wconf 86' lang='lat' dir='ltr'>appareat.</span> <span class='ocrx_word' id='word_1_766' title='bbox 2200 2873 2272 2909; x_wconf 87' lang='lat' dir='ltr'>Sed</span> 
     </span>
     <span class='ocr_line' id='line_1_107' title="bbox 1222 2933 2273 2994; baseline -0.018 -7"><span class='ocrx_word' id='word_1_767' title='bbox 1222 2951 1338 2987; x_wconf 86' lang='lat' dir='ltr'>adhuc</span> <span class='ocrx_word' id='word_1_768' title='bbox 1356 2948 1416 2994; x_wconf 84' lang='lat' dir='ltr'>qui</span> <span class='ocrx_word' id='word_1_769' title='bbox 1437 2946 1511 2983; x_wconf 90' lang='lat' dir='ltr'>vult</span> <span class='ocrx_word' id='word_1_770' title='bbox 1531 2953 1610 2980; x_wconf 85' lang='lat' dir='ltr'>esse</span> <span class='ocrx_word' id='word_1_771' title='bbox 1628 2941 1795 2979; x_wconf 87' lang='lat' dir='ltr'>minister</span> <span class='ocrx_word' id='word_1_772' title='bbox 1813 2937 1954 2975; x_wconf 90' lang='lat' dir='ltr'>Domini</span> <span class='ocrx_word' id='word_1_773' title='bbox 1971 2963 1980 2979; x_wconf 94' lang='lat'>‚</span> <span class='ocrx_word' id='word_1_774' title='bbox 1999 2933 2273 2981; x_wconf 80' lang='lat' dir='ltr'>perfectioribus</span> 
     </span>
     <span class='ocr_line' id='line_1_108' title="bbox 1221 2993 2272 3048; baseline -0.02 0"><span class='ocrx_word' id='word_1_775' title='bbox 1221 3010 1383 3048; x_wconf 88' lang='lat' dir='ltr'>moribus</span> <span class='ocrx_word' id='word_1_776' title='bbox 1404 3008 1511 3044; x_wconf 89' lang='lat' dir='ltr'>debet</span> <span class='ocrx_word' id='word_1_777' title='bbox 1531 3003 1656 3048; x_wconf 91' lang='lat' dir='ltr'>indui,</span> <span class='ocrx_word' id='word_1_778' title='bbox 1679 3010 1787 3048; x_wconf 87' lang='lat' dir='ltr'>quam</span> <span class='ocrx_word' id='word_1_779' title='bbox 1806 2997 1922 3046; x_wconf 88' lang='lat' dir='ltr'>plebis</span> <span class='ocrx_word' id='word_1_780' title='bbox 1939 2995 2132 3032; x_wconf 89' lang='lat' dir='ltr'>multitudo</span> <span class='ocrx_word' id='word_1_781' title='bbox 2158 2993 2272 3039; x_wconf 77' lang='lat' dir='ltr'>possit</span> 
     </span>
     <span class='ocr_line' id='line_1_109' title="bbox 1220 3053 2257 3112; baseline -0.019 -4"><span class='ocrx_word' id='word_1_782' title='bbox 1220 3071 1353 3108; x_wconf 86' lang='lat' dir='ltr'>habere</span> <span class='ocrx_word' id='word_1_783' title='bbox 1373 3081 1379 3104; x_wconf 92' lang='lat'>:</span> <span class='ocrx_word' id='word_1_784' title='bbox 1402 3068 1482 3104; x_wconf 90' lang='lat' dir='ltr'>ideo</span> <span class='ocrx_word' id='word_1_785' title='bbox 1501 3076 1566 3112; x_wconf 89' lang='lat' dir='ltr'>pro</span> <span class='ocrx_word' id='word_1_786' title='bbox 1584 3059 1834 3111; x_wconf 81' lang='lat' dir='ltr'>primogenitis</span> <span class='ocrx_word' id='word_1_787' title='bbox 1848 3055 2102 3103; x_wconf 79' lang='lat' dir='ltr'>AEgyptiorum</span> <span class='ocrx_word' id='word_1_788' title='bbox 2114 3080 2123 3096; x_wconf 87' lang='lat'>‚</span> <span class='ocrx_word' id='word_1_789' title='bbox 2139 3053 2257 3099; x_wconf 89' lang='lat' dir='ltr'>primo</span> 
     </span>
     <span class='ocr_line' id='line_1_110' title="bbox 1220 3115 2272 3181; baseline -0.023 -10"><span class='ocrx_word' id='word_1_790' title='bbox 1220 3133 1340 3181; x_wconf 86' lang='lat' dir='ltr'>genita</span> <span class='ocrx_word' id='word_1_791' title='bbox 1358 3130 1597 3167; x_wconf 80' lang='lat' dir='ltr'>israelitarum</span> <span class='ocrx_word' id='word_1_792' title='bbox 1615 3124 1766 3161; x_wconf 90' lang='lat' dir='ltr'>Domino</span> <span class='ocrx_word' id='word_1_793' title='bbox 1783 3119 1902 3157; x_wconf 82' lang='lat' dir='ltr'>offerri</span> <span class='ocrx_word' id='word_1_794' title='bbox 1918 3119 2102 3165; x_wconf 85' lang='lat' dir='ltr'>jubentur.</span> <span class='ocrx_word' id='word_1_795' title='bbox 2124 3115 2168 3150; x_wconf 85' lang='lat' dir='ltr'>Et</span> <span class='ocrx_word' id='word_1_796' title='bbox 2187 3115 2272 3148; x_wconf 90' lang='lat' dir='ltr'>item</span> 
     </span>
     <span class='ocr_line' id='line_1_111' title="bbox 1219 3172 2271 3242; baseline -0.025 -11"><span class='ocrx_word' id='word_1_797' title='bbox 1219 3203 1286 3242; x_wconf 87' lang='lat' dir='ltr'>pro</span> <span class='ocrx_word' id='word_1_798' title='bbox 1315 3188 1564 3239; x_wconf 86' lang='lat' dir='ltr'>primogenitis</span> <span class='ocrx_word' id='word_1_799' title='bbox 1594 3186 1749 3221; x_wconf 77' lang='lat' dir='ltr'>liliorum</span> <span class='ocrx_word' id='word_1_800' title='bbox 1774 3179 1884 3216; x_wconf 87' lang='lat' dir='ltr'>lsrael</span> <span class='ocrx_word' id='word_1_801' title='bbox 1900 3205 1909 3220; x_wconf 95' lang='lat'>,</span> <span class='ocrx_word' id='word_1_802' title='bbox 1938 3176 2071 3211; x_wconf 82' lang='lat' dir='ltr'>Levitae</span> <span class='ocrx_word' id='word_1_803' title='bbox 2095 3174 2131 3209; x_wconf 91' lang='lat' dir='ltr'>in</span> <span class='ocrx_word' id='word_1_804' title='bbox 2157 3172 2271 3208; x_wconf 87' lang='lat' dir='ltr'>servi-</span> 
     </span>
     <span class='ocr_line' id='line_1_112' title="bbox 1223 3234 2270 3290; baseline -0.027 1"><span class='ocrx_word' id='word_1_805' title='bbox 1223 3254 1313 3290; x_wconf 88' lang='lat' dir='ltr'>tium</span> <span class='ocrx_word' id='word_1_806' title='bbox 1345 3251 1507 3288; x_wconf 90' lang='lat' dir='ltr'>divinum</span> <span class='ocrx_word' id='word_1_807' title='bbox 1540 3243 1676 3282; x_wconf 89' lang='lat' dir='ltr'>assumi</span> <span class='ocrx_word' id='word_1_808' title='bbox 1709 3237 1979 3288; x_wconf 87' lang='lat' dir='ltr'>praecipiuntur,</span> <span class='ocrx_word' id='word_1_809' title='bbox 2006 3237 2046 3268; x_wconf 92' lang='lat' dir='ltr'>ut</span> <span class='ocrx_word' id='word_1_810' title='bbox 2071 3234 2270 3267; x_wconf 86' lang='lat' dir='ltr'>eommuta-</span> 
     </span>
     <span class='ocr_line' id='line_1_113' title="bbox 1225 3289 2271 3357; baseline -0.026 -9"><span class='ocrx_word' id='word_1_811' title='bbox 1225 3314 1321 3351; x_wconf 89' lang='lat' dir='ltr'>tione</span> <span class='ocrx_word' id='word_1_812' title='bbox 1350 3307 1532 3357; x_wconf 86' lang='lat' dir='ltr'>spiritali,</span> <span class='ocrx_word' id='word_1_813' title='bbox 1563 3313 1628 3350; x_wconf 86' lang='lat' dir='ltr'>pro</span> <span class='ocrx_word' id='word_1_814' title='bbox 1652 3297 1855 3348; x_wconf 85' lang='lat' dir='ltr'>peccatrice</span> <span class='ocrx_word' id='word_1_815' title='bbox 1881 3294 1976 3333; x_wconf 85' lang='lat' dir='ltr'>vita,</span> <span class='ocrx_word' id='word_1_816' title='bbox 1994 3290 2092 3336; x_wconf 85' lang='lat' dir='ltr'>iusta</span> <span class='ocrx_word' id='word_1_817' title='bbox 2110 3289 2206 3332; x_wconf 82' lang='lat' dir='ltr'>vita,</span> <span class='ocrx_word' id='word_1_818' title='bbox 2234 3294 2271 3324; x_wconf 82' lang='lat' dir='ltr'>et</span> 
     </span>
     <span class='ocr_line' id='line_1_114' title="bbox 1223 3352 2269 3420; baseline -0.025 -12"><span class='ocrx_word' id='word_1_819' title='bbox 1223 3382 1290 3420; x_wconf 86' lang='lat' dir='ltr'>pro</span> <span class='ocrx_word' id='word_1_820' title='bbox 1312 3371 1408 3416; x_wconf 87' lang='lat' dir='ltr'>justa</span> <span class='ocrx_word' id='word_1_821' title='bbox 1421 3396 1430 3412; x_wconf 92' lang='lat'>,</span> <span class='ocrx_word' id='word_1_822' title='bbox 1451 3370 1574 3403; x_wconf 90' lang='lat' dir='ltr'>sancta</span> <span class='ocrx_word' id='word_1_823' title='bbox 1595 3371 1638 3397; x_wconf 86' lang='lat' dir='ltr'>ac</span> <span class='ocrx_word' id='word_1_824' title='bbox 1659 3357 1820 3407; x_wconf 83' lang='lat' dir='ltr'>perfecta</span> <span class='ocrx_word' id='word_1_825' title='bbox 1843 3352 2066 3392; x_wconf 85' lang='lat' dir='ltr'>exhibeatur,</span> <span class='ocrx_word' id='word_1_826' title='bbox 2093 3353 2269 3395; x_wconf 82' lang='lat' dir='ltr'>quatenus</span> 
     </span>
     <span class='ocr_line' id='line_1_115' title="bbox 1223 3409 2270 3470; baseline -0.027 1"><span class='ocrx_word' id='word_1_827' title='bbox 1223 3435 1259 3470; x_wconf 93' lang='lat' dir='ltr'>in</span> <span class='ocrx_word' id='word_1_828' title='bbox 1281 3429 1487 3470; x_wconf 88' lang='lat' dir='ltr'>sanctuario</span> <span class='ocrx_word' id='word_1_829' title='bbox 1506 3421 1649 3460; x_wconf 89' lang='lat' dir='ltr'>Domini</span> <span class='ocrx_word' id='word_1_830' title='bbox 1669 3419 1774 3464; x_wconf 84' lang='lat' dir='ltr'>digne</span> <span class='ocrx_word' id='word_1_831' title='bbox 1790 3412 1924 3451; x_wconf 86' lang='lat' dir='ltr'>Christi</span> <span class='ocrx_word' id='word_1_832' title='bbox 1944 3409 2116 3447; x_wconf 85' lang='lat' dir='ltr'>altaribus</span> <span class='ocrx_word' id='word_1_833' title='bbox 2133 3414 2171 3446; x_wconf 88' lang='lat' dir='ltr'>et</span> <span class='ocrx_word' id='word_1_834' title='bbox 2191 3419 2270 3455; x_wconf 83' lang='lat' dir='ltr'>my-</span> 
     </span>
    </p>
   </div>
   <div class='ocr_carea' id='block_1_26' title="bbox 1223 3469 2266 3585">
    <p class='ocr_par' dir='ltr' id='par_1_30' title="bbox 1223 3469 2266 3585">
     <span class='ocr_line' id='line_1_116' title="bbox 1223 3469 2058 3529; baseline -0.031 1"><span class='ocrx_word' id='word_1_835' title='bbox 1223 3491 1347 3529; x_wconf 85' lang='lat' dir='ltr'>steriis</span> <span class='ocrx_word' id='word_1_836' title='bbox 1367 3486 1500 3524; x_wconf 90' lang='lat' dir='ltr'>divinis</span> <span class='ocrx_word' id='word_1_837' title='bbox 1519 3490 1627 3518; x_wconf 87' lang='lat' dir='ltr'>verus</span> <span class='ocrx_word' id='word_1_838' title='bbox 1646 3476 1770 3514; x_wconf 86' lang='lat' dir='ltr'>Levita</span> <span class='ocrx_word' id='word_1_839' title='bbox 1790 3471 1905 3520; x_wconf 87' lang='lat' dir='ltr'>possit</span> <span class='ocrx_word' id='word_1_840' title='bbox 1927 3469 2058 3517; x_wconf 83' lang='lat' dir='ltr'>aptari.</span> 
     </span>
     <span class='ocr_line' id='line_1_117' title="bbox 1271 3528 2266 3585; baseline -0.022 0"><span class='ocrx_word' id='word_1_841' title='bbox 1271 3549 1316 3585; x_wconf 84' lang='lat' dir='ltr'>Et</span> <span class='ocrx_word' id='word_1_842' title='bbox 1350 3546 1414 3582; x_wconf 81' lang='lat' dir='ltr'>tali</span> <span class='ocrx_word' id='word_1_843' title='bbox 1441 3543 1578 3579; x_wconf 71' lang='lat' dir='ltr'>Lei-itas</span> <span class='ocrx_word' id='word_1_844' title='bbox 1605 3549 1667 3585; x_wconf 87' lang='lat' dir='ltr'>pro</span> <span class='ocrx_word' id='word_1_845' title='bbox 1700 3534 1832 3571; x_wconf 81' lang='lat' dir='ltr'>cunctis</span> <span class='ocrx_word' id='word_1_846' title='bbox 1854 3530 2092 3579; x_wconf 69' lang='lat' dir='ltr'>primoyenuis</span> <span class='ocrx_word' id='word_1_847' title='bbox 2113 3528 2266 3575; x_wconf 72' lang='lat' dir='ltr'>filioram</span> 
     </span>
    </p>
   </div>
   <div class='ocr_carea' id='block_1_27' title="bbox 1196 3587 2257 3648">
    <p class='ocr_par' dir='ltr' id='par_1_31' title="bbox 1196 3587 2257 3648">
     <span class='ocr_line' id='line_1_118' title="bbox 1196 3587 2257 3648; baseline -0.023 -4"><span class='ocrx_word' id='word_1_848' title='bbox 1196 3598 1205 3608; x_wconf 79' lang='lat'>&#39;</span> <span class='ocrx_word' id='word_1_849' title='bbox 1222 3605 1354 3648; x_wconf 81' lang='lat' dir='ltr'>Israel,</span> <span class='ocrx_word' id='word_1_850' title='bbox 1374 3609 1413 3638; x_wconf 77' lang='lat' dir='ltr'>ut</span> <span class='ocrx_word' id='word_1_851' title='bbox 1434 3600 1586 3637; x_wconf 80' lang='lat' dir='ltr'>serviant</span> <span class='ocrx_word' id='word_1_852' title='bbox 1610 3595 1695 3631; x_wconf 76' lang='lat' dir='ltr'>mihi</span> <span class='ocrx_word' id='word_1_853' title='bbox 1721 3603 1783 3640; x_wconf 81' lang='lat' dir='ltr'>pro</span> <span class='ocrx_word' id='word_1_854' title='bbox 1811 3590 1894 3637; x_wconf 69' lang='lat' dir='ltr'>filiis</span> <span class='ocrx_word' id='word_1_855' title='bbox 1911 3588 2026 3626; x_wconf 72' lang='lat' dir='ltr'>Israel</span> <span class='ocrx_word' id='word_1_856' title='bbox 2046 3589 2085 3623; x_wconf 85' lang='lat' dir='ltr'>in</span> <span class='ocrx_word' id='word_1_857' title='bbox 2105 3587 2257 3623; x_wconf 78' lang='lat' dir='ltr'>taberna-</span> 
     </span>
    </p>
   </div>
   <div class='ocr_carea' id='block_1_28' title="bbox 1223 3649 2267 3775">
    <p class='ocr_par' dir='ltr' id='par_1_32' title="bbox 1223 3649 2267 3775">
     <span class='ocr_line' id='line_1_119' title="bbox 1223 3649 2248 3714; baseline -0.023 -6"><span class='ocrx_word' id='word_1_858' title='bbox 1223 3669 1299 3708; x_wconf 84' lang='lat' dir='ltr'>culo</span> <span class='ocrx_word' id='word_1_859' title='bbox 1322 3665 1459 3714; x_wconf 67' lang='lat' dir='ltr'>[sederis</span> <span class='ocrx_word' id='word_1_860' title='bbox 1479 3667 1510 3698; x_wconf 81' lang='lat' dir='ltr'>et</span> <span class='ocrx_word' id='word_1_861' title='bbox 1531 3665 1626 3696; x_wconf 84' lang='lat' dir='ltr'>orent</span> <span class='ocrx_word' id='word_1_862' title='bbox 1646 3667 1709 3705; x_wconf 84' lang='lat' dir='ltr'>pro</span> <span class='ocrx_word' id='word_1_863' title='bbox 1726 3656 1775 3692; x_wconf 86' lang='lat' dir='ltr'>eis</span> <span class='ocrx_word' id='word_1_864' title='bbox 1789 3681 1799 3699; x_wconf 90' lang='lat'>,</span> <span class='ocrx_word' id='word_1_865' title='bbox 1818 3664 1860 3689; x_wconf 86' lang='lat' dir='ltr'>ne</span> <span class='ocrx_word' id='word_1_866' title='bbox 1879 3653 1924 3689; x_wconf 75' lang='lat' dir='ltr'>sit</span> <span class='ocrx_word' id='word_1_867' title='bbox 1942 3652 1980 3688; x_wconf 86' lang='lat' dir='ltr'>in</span> <span class='ocrx_word' id='word_1_868' title='bbox 1998 3649 2126 3698; x_wconf 74' lang='lat' dir='ltr'>populo</span> <span class='ocrx_word' id='word_1_869' title='bbox 2143 3649 2248 3697; x_wconf 69' lang='lat' dir='ltr'>playa</span> 
     </span>
     <span class='ocr_line' id='line_1_120' title="bbox 1223 3712 2267 3775; baseline -0.02 -7"><span class='ocrx_word' id='word_1_870' title='bbox 1223 3732 1252 3769; x_wconf 81' lang='lat' dir='ltr'>si</span> <span class='ocrx_word' id='word_1_871' title='bbox 1278 3727 1355 3766; x_wconf 78' lang='lat' dir='ltr'>ausi</span> <span class='ocrx_word' id='word_1_872' title='bbox 1377 3725 1508 3775; x_wconf 57' lang='lat' dir='ltr'>fuerint</span> <span class='ocrx_word' id='word_1_873' title='bbox 1531 3719 1693 3758; x_wconf 82' lang='lat' dir='ltr'>accedere</span> <span class='ocrx_word' id='word_1_874' title='bbox 1715 3715 1761 3754; x_wconf 80' lang='lat' dir='ltr'>ad</span> <span class='ocrx_word' id='word_1_875' title='bbox 1783 3712 2043 3759; x_wconf 72' lang='lat' dir='ltr'>sanctuarium,</span> <span class='ocrx_word' id='word_1_876' title='bbox 2063 3715 2102 3750; x_wconf 79' lang='lat' dir='ltr'>et</span> <span class='ocrx_word' id='word_1_877' title='bbox 2121 3713 2267 3749; x_wconf 61' lang='lat' dir='ltr'>wiern.</span> 
     </span>
    </p>
   </div>
  </div>
 </body>
</html>
