2540 4016
48 122 57 125 V
107 147 194 187 un

856 149 1089 189 connum.
1111 151 1157 190 m
1180 152 1353 192 unnim
1375 155 1513 195 RUTH.

2147 174 2238 215 1218

109 223 294 274 magistris
328 232 520 272 synagogae
551 223 726 269 ostendit,
756 228 934 272 quatenus
962 235 1152 272 cognosce-
1167 228 1202 270 Α
1216 227 1346 274 pletum
1362 234 1425 264 est.
1446 229 1553 266 Illum
1568 236 1697 278 oportet
1713 243 1876 280 erescere,
1900 247 1955 275 me
1984 247 2097 280 am...
2114 245 2237 284 mm„-

109 297 193 324 rent
213 295 317 323 suam
343 284 603 328 infirmitatem,
633 290 673 320 et·
696 285 791 331 quod
813 285 884 331 ipsi
902 295 1007 331 agere
1036 287 1156 330 nequi-

107 350 205 390 rent,
225 345 272 381 ad
303 345 563 392 perficiendum
591 352 679 379 vero
707 343 849 380 medico
877 344 1151 380 committerent.

109 405 213 444 Unde
230 409 269 441 et
286 404 324 441 in
338 405 531 452 Evangelio
546 403 692 450 legitur,
716 404 813 449 quod
831 403 907 450 ipse
919 403 1092 440 Dominus
1105 404 1155 441 le-

106 474 234 513 prosos
258 474 281 501 a
308 474 348 501 se
366 464 590 501 mundandos
621 464 667 500 ad
691 463 897 499 sacerdotes
915 463 1072 509 primum
1101 463 1155 500 ire

105 526 332 574 praeceperit,
351 529 388 562 et
405 523 535 561 offerre
553 534 683 561 munus
709 524 804 570 quod
828 524 996 570 praecepit
1016 522 1154 569 Moyses

106 587 145 624 in
164 585 411 624 testimonium
435 585 532 630 illis;
555 585 617 631 qui
634 594 716 621 cum
734 584 888 629 abirent,
904 583 1026 621 statim
1046 593 1152 621 mun-

105 652 181 688 dati
188 655 281 700 ‚sunt
297 649 397 698 (Luc.
414 650 520 698 xvu).

490 691 640 761 CAPUT
671 722 764 760 xm.

105 785 208 830 Quod
227 781 300 832 ipse
327 785 445 821 nolens
471 796 588 820 coram
619 783 759 820 testibus
790 784 863 819 suis
877 782 1025 818 solvebat
1048 782 1148 818 ltomo

167 832 438 868 calceamentum
456 842 558 867 snum
576 830 618 866 de
635 831 734 877 pede,
756 837 788 866 et
808 829 952 865 tradidit
974 829 1083 864 Booz.

152 892 269 940 (lum.)
295 893 341 928 At
368 892 427 928 ille
457 891 751 938 respondittqu
782 901 904 937 ayrum
925 900 1050 926 emam.
1084 886 1149 923 Cui

103 952 192 988 dixit
212 952 310 988 Booz
325 961 336 986 .·
355 951 503 994 Quando
524 950 647 985 emeris
663 960 783 996 aqram
799 949 841 984 de
855 959 961 984 manu
978 947 1144 990 mulieris,

102 1011 198 1047 Ruta
215 1022 348 1058 qnoque
366 1009 606 1051 Moabitidem,
623 1019 699 1054 quoe
718 1017 807 1042 uxor
821 1007 975 1052 defuncti
994 1007 1073 1053 fuit,
1089 1007 1148 1042 de-

101 1070 159 1106 bes
177 1070 345 1115 accipere,
370 1073 407 1102 ut
427 1068 570 1103 suscites
591 1077 715 1102 nomen
743 1067 924 1113 propinqui
948 1067 997 1102 tui
1016 1054 1052 1102 in
1078 1067 1148 1102 11ae-

1220 287 1289 330 Qai
1317 288 1360 323 de
1389 299 1526 324 sarsum
1550 293 1652 335 venit,
1675 303 1787 339 „super
1806 304 1920 331 omnes
1940 306 2002 335 eet.
2028 302 2096 346 Qui
2122 311 2172 342 ω
2196 307 2240 346 de

1220 350 1328 389 terra,
1354 347 1516 384 de·terra
1537 355 1600 392 est,
1633 356 1666 385 et
1696 349 1739 386 de
1756 357 1848 388 terra
1866 352 2015 400 loquitur
2029 358 2146 406 (loon.
2165 366 2236 413 ιιι).

1220 403 1375 441 Cedebat
1391 416 1476 454 ergo
1494 408 1650 445 loannes
1681 409 1837 454 Christo,
1856 414 1940 458 quia
1969 414 2044 461 eius
2064 419 2240 466 dignitatis

1218 463 1445 509 privilegium
1466 465 1564 502 nullo
1582 467 1687 503 modo
1706 467 1772 503 sibi
1796 472 1991 515 usurpavit.
2015 474 2115 512 Cedit
2129 483 2164 514 et
2186 481 2241 518 lex

1218 527 1323 558 vetus
1347 521 1551 568 Evangelio,
1570 526 1654 570 quia
1674 535 1898 572 nequaquam
1917 530 2065 568 salutem
2086 537 2239 580 gentium

1218 591 1284 618 sua
1310 581 1483 617 industria
1500 582 1639 619 efficere
1665 585 1802 629 potuit:
1819 586 1890 622 Lex
1912 589 2020 633 enim,
2046 597 2086 626 ut
2113 593 2242 633 Paulus

1219 647 1386 686 testatur,
1423 642 1646 688 subintravit,
1675 651 1712 679 ut
1747 646 1935 684 abundaret
1975 650 2157 697 delictum;
2188 657 2243 691 ubi

1216 709 1334 738 autem
1372 702 1559 739 abundavit
1593 704 1753 741 delictum
1769 732 1779 749 ,
1818 709 2106 753 superabundavit
2135 716 2244 758 qratia

1217 762 1335 809 (Rom.
1354 762 1404 810 v).
1427 762 1640 808 Reprobatio
1658 765 1800 810 quidem
1827 766 1867 802 sn
1887 770 2120 814 praecedentis
2145 783 2243 809 man-

1217 821 1290 857 dati
1304 827 1449 868 propter
1462 822 1703 859 infirmitatem
1722 823 1810 869 ejus,
1831 831 1867 861 et
1888 826 2114 864 inutilitatem
2128 841 2135 864 :
2148 829 2245 865 Nihil

1215 881 1307 916 enim
1326 881 1371 916 ad
1386 882 1572 927 perfectum
1586 883 1731 918 adduxit
1747 883 1801 919 lex
1817 883 1917 931 (Heb.
1934 886 2012 932 vn).
2031 887 2246 926 introductio

1215 951 1301 978 vero
1318 941 1476 978 melioris
1493 943 1582 988 spei,
1597 953 1660 988 per
1678 953 1784 989 quam
1801 945 2040 989 proximamus
2060 947 2104 982 ad
2120 947 2243 993 Deum,

1215 1002 1343 1038 collata
1380 1007 1435 1039 est
1467 1002 1570 1039 nobis
1599 1012 1663 1049 per
1681 1004 1832 1050 gratiam
1855 1005 1996 1041 Domini
2023 1007 2135 1043 nostri
2162 1006 2245 1044 Jesu

1216 1061 1362 1098 Christi.

100 1129 249 1166 reditate
266 1138 344 1163 sua.
363 1126 431 1169 Qui
449 1125 654 1172 respondit:
669 1125 760 1160 Cedo
773 1124 854 1169 jure
868 1125 1146 1171 propinquitatis,
1165 1113 1197 1152 Β
1263 1133 1332 1169 1150
1352 1134 1443 1168 enim
1464 1139 1536 1169 erat
1554 1144 1629 1169 mog
1657 1135 1846 1181 antiquum
1870 1136 1908 1171 in
1926 1136 2038 1174 lsrael
2062 1138 2151 1174 ime,-
2168 1150 2246 1185 pro-

101 1199 209 1236 neque
231 1187 323 1224 enim
345 1185 581 1232 posteritatem
605 1182 749 1229 familiae
780 1193 865 1218 meoe
895 1182 1006 1218 delere
1021 1183 1125 1218 debeo
1134 1194 1146 1225 ‚-

99 1254 138 1283 ιιι
157 1256 233 1282 meo
251 1251 346 1281 utere
369 1243 561 1290 privileqio,
584 1253 651 1288 quo
675 1252 730 1276 me
747 1242 891 1277 libenter
906 1253 1023 1277 carere
1042 1242 1148 1292 profi-

100 1312 186 1342 teor.
209 1304 358 1349 Quando
376 1313 442 1349 per
458 1302 535 1347 agri
554 1301 783 1347 emptionem,
818 1301 940 1336 uxoris
968 1300 1072 1336 simul
1092 1310 1148 1336 co-

99 1365 321 1413 pulationem
335 1363 490 1409 emptori
519 1362 695 1409 praedixit,
727 1361 941 1409 significavit
957 1361 1051 1407 quod
1074 1371 1144 1396 non

101 1427 170 1463 alia
191 1431 246 1463 est
263 1425 443 1472 possessio
461 1424 589 1471 plebis,
610 1434 717 1470 quam
736 1424 915 1469 copulatio
929 1423 1145 1459 Ecclesiaein

100 1486 262 1534 spiritale
295 1486 500 1533 conjugium
537 1485 683 1529 Christi,
706 1485 766 1530 qui
798 1494 930 1520 nomen
960 1485 1144 1530 antiquum

99 1548 166 1594 filii
183 1548 261 1591 Dei,
279 1548 374 1594 quod
394 1547 597 1583 habuerunt
618 1546 732 1582 sancti
758 1546 803 1581 ab
821 1546 936 1589 initio,
956 1547 1047 1582 sieut
1063 1546 1146 1591 legi-

101 1608 217 1644 turin
235 1607 380 1650 Genesi,
400 1606 495 1653 quod
524 1606 699 1642 vidissent
731 1605 794 1642 lilii
821 1605 884 1642 Dei
912 1605 1004 1642 filias
1029 1606 1145 1642 homi-

99 1678 200 1712 num,
222 1678 265 1704 eo
290 1667 383 1713 quod
413 1672 533 1703 essent
551 1666 710 1712 pulchrae
727 1665 828 1713 (Gen.
857 1666 933 1712 vi);
959 1672 995 1701 et
1016 1665 1142 1710 Adam,

99 1728 245 1774 scripsit.
257 1728 388 1771 Lucas,
410 1727 520 1764 fuisse
538 1727 651 1763 filium
668 1727 731 1763 Dei
747 1726 845 1774 (Luc.
861 1727 925 1773 vi).
949 1727 1024 1763 Hoc
1042 1726 1145 1763 Chri-

99 1796 176 1827 stus
195 1790 231 1826 in
253 1790 413 1826 Ecclesia
435 1790 595 1837 gentium
613 1798 678 1835 per
698 1789 849 1835 gratiam
869 1798 969 1824 suam
996 1788 1144 1824 suscita-

99 1852 163 1887 vit.
188 1851 289 1888 Unde
319 1851 448 1897 legitur
471 1851 508 1887 in
534 1851 729 1897 Evangelio
752 1849 914 1892 loannis,
940 1849 1023 1894 quia
1041 1855 1141 1895 quot-

99 1920 181 1962 quot
213 1920 519 1961 receperunteum‚
545 1913 639 1949 dedit
662 1913 710 1949 eis
742 1917 943 1958 potestatem
959 1910 1050 1955 filios
1078 1909 1143 1944 Dei

99 1974 191 2021 fieri,
211 1968 265 2010 leis
282 1975 341 2020 qui
360 1973 503 2008 credunt
521 1972 559 2007 in
576 1973 714 2008 nomine
736 1972 826 2018 ejus,
841 1973 898 2017 qui
915 1981 982 2005 non
997 1980 1039 2005 em
1063 1980 1146 2004 san«

98 2032 275 2080 fiinibus,
303 2042 411 2076 neque
434 2041 475 2065 ex
494 2030 668 2065 voluntate
684 2030 799 2065 carnis
828 2040 935 2075 neque
960 2040 1002 2064 ex
1024 2028 1142 2063 volnu-

101 2099 173 2129 tate
188 2091 265 2133 viri,
282 2090 341 2125 sed
361 2100 401 2124 ea„
419 2088 489 2124 Deo
511 2089 583 2123 nati
597 2095 675 2123 sunt
692 2088 811 2135 (Joan.
833 2091 874 2134 1).
893 2089 967 2124 lloc
981 2099 1066 2134 ergo
1085 2099 1147 2125 no-

102 2162 187 2190 men
206 2151 242 2186 in
260 2149 465 2185 nationibus
482 2148 679 2193 Decalogus
697 2149 798 2194 legis,
816 2148 898 2183 licet
919 2148 1053 2183 multos
1067 2157 1148 2193 pro-

102 2211 236 2257 selytos
255 2210 319 2245 sub
339 2217 378 2244 se
398 2207 559 2250 haberet,
580 2207 651 2242 ullo
671 2207 776 2243 modo
796 2206 970 2242 suscitare
990 2216 1060 2241 non
1084 2216 1147 2250 po-

102 2273 183 2308 tuit.
202 2271 272 2306 Sed
290 2273 479 2315 postquam
497 2268 595 2303 venit
614 2266 795 2313 plenitudo
814 2267 985 2312 temporis
1002 2277 1072 2311 quo
1086 2267 1146 2301 de-

102 2331 215 2378 fungi,
236 2331 305 2366 hoc
329 2335 396 2373 cst,
428 2328 522 2364 finiri
542 2328 655 2374 legem
688 2326 864 2362 ordinatio
892 2326 1145 2371 omnipotentis

103 2392 168 2428 Dei
190 2391 411 2433 decreverat,
434 2395 474 2424 ut
493 2389 568 2434 ipse
586 2388 724 2424 veniret
739 2387 1022 2423 benedictionem
1042 2388 1143 2429 dans,

104 2453 166 2498 qui
194 2457 276 2487 ante
295 2451 410 2498 legem
440 2450 549 2493 dedit,
569 2449 745 2489 veraciter
758 2448 875 2485 effecit
891 2454 943 2491 ut,
968 2449 1026 2483 ubi
1044 2454 1146 2483 antea

106 2513 237 2547 dictum
251 2517 315 2554 est,
335 2522 403 2545 non
417 2509 510 2556 plebs
528 2520 606 2544 mea
622 2519 693 2551 vos,
717 2509 764 2543 ibi
783 2513 987 2543 vocarentur
999 2506 1064 2551 filii
1082 2506 1146 2541 Dei

106 2573 172 2609 vivi
187 2571 283 2619 (ose.
305 2571 345 2618 1).
364 2570 402 2606 Si
423 2575 543 2605 autem
563 2570 640 2605 haec
669 2570 777 2605 verba
809 2569 853 2604 ad
869 2568 1040 2603 Joanncm
1058 2578 1147 2613 prae—

106 2641 292 2668 cursorem
316 2630 456 2666 Domini
479 2629 658 2673 retulcris,
688 2629 848 2665 invenies
864 2638 943 2663 euin
962 2629 1145 2664 cedentem

106 2692 248 2728 Christo
263 2690 344 2736 jure
370 2689 661 2736 propinquitatis,
692 2689 775 2734 quia
796 2689 851 2724 his
870 2688 988 2723 verbis
1017 2688 1146 2723 similia

106 2754 143 2790 in
171 2752 361 2798 Evangelio
382 2751 513 2787 dixisse
544 2750 683 2796 probat.
714 2749 803 2784 Nam
833 2750 899 2784 iste
929 2749 1148 2794 propinquus

106 2813 301 2850 historicus
329 2811 418 2847 dixit
435 2811 480 2846 ad
510 2810 604 2845 Booz
625 2821 632 2845 τ
655 2808 746 2844 Cedo
758 2809 839 2854 jure
855 2808 1146 2854 propinquitatis;

1216 1193 1376 1239 pinques,
1405 1193 1435 1228 si
1455 1193 1590 1238 quando
1616 1193 1704 1228 alter
1721 1193 1820 1228 alten
1841 1205 1903 1229 suo
1924 1195 2006 1240 jure
2031 1197 2184 1241 cedebat,
2210 1205 2246 1234 ut

1219 1259 1306 1288 esset
1337 1253 1441 1297 firma
1476 1253 1659 1295 concessio,
1679 1252 1827 1288 solvebat
1853 1253 1953 1288 homo
1982 1254 2246 1292 calceamentum

1214 1321 1327 1353 suum,
1357 1316 1387 1345 et
1408 1310 1513 1345 dabat
1535 1311 1691 1356 proximo
1714 1322 1776 1346 suo
1795 1312 1884 1347 :ltoc
1915 1318 1989 1348 erat
2014 1314 2244 1351 testimonium

1214 1369 1375 1404 cessionis
1389 1369 1425 1404 in
1442 1368 1567 1404 Israel.
1586 1369 1680 1405 Discit
1698 1381 1776 1416 erqo
1791 1370 1999 1417 propinquus
2016 1371 2110 1407 Booz
2126 1373 2243 1409 :Tolle

1214 1431 1612 1477 calceamentum-‘quod
1642 1431 1758 1466 statim
1789 1431 1887 1466 solvit
1917 1431 1958 1466 de
1987 1432 2068 1477 pede
2097 1444 2173 1468 suo.
2200 1433 2245 1470 Et

1214 1492 1297 1537 quid
1316 1493 1372 1527 hic.
1390 1502 1454 1537 per
1473 1491 1751 1527 calceamentum
1783 1491 1852 1527 nisi
1868 1491 2028 1528 velamen
2055 1493 2241 1538 mysterio-

1213 1561 1292 1587 rum
1322 1551 1519 1597 intelligere
1546 1551 1756 1596 possumus?
1784 1550 1858 1586 Lex
1881 1560 1965 1596 ergo
1987 1551 2031 1587 de
2056 1552 2145 1597 pede
2175 1562 2239 1588 suo

1213 1611 1491 1647 calceamentum
1507 1610 1611 1646 solvit
1627 1615 1664 1646 et
1678 1610 1818 1646 Christo
1834 1609 1951 1653 dedit;
1967 1610 2050 1655 quia
2066 1610 2242 1647 velamen·

1213 1676 1288 1706 tum
1307 1676 1613 1707 sacramentorum
1633 1670 1670 1705 in
1691 1679 1884 1715 progressu
1904 1669 2032 1705 littcrae
2053 1679 2117 1715 per
2134 1670 2244 1716 magi-

1212 1739 1305 1768 stros
1327 1742 1411 1768 suos
1430 1733 1474 1767 ad
1493 1731 1709 1766 intellectum
1739 1730 1868 1775 populo
1891 1729 2149 1765 manifestando
2165 1739 2244 1774 per-

1212 1793 1342 1828 ducere
1380 1801 1449 1827 non
1479 1791 1617 1836 potnit;
1651 1790 1713 1826 sed
1740 1789 1967 1834 Redemptori
2002 1794 2122 1824 nostro
2148 1789 2242 1823 hunc

1211 1853 1383 1888 honorem
1403 1851 1533 1894 attulit,
1561 1850 1642 1895 quia
1667 1848 1711 1884 ab
1734 1849 1824 1894 ipso,
1845 1854 1881 1883 et
1900 1858 1968 1883 non
1990 1848 2034 1882 ab
2057 1847 2138 1890 alio,
2167 1847 2243 1883 haec

1212 1912 1325 1959 gratia
1362 1911 1535 1957 speranda
1570 1915 1606 1945 et
1634 1909 1861 1954 adipiscenda
1891 1907 2055 1943 omnihus
2079 1906 2241 1953 gentibus

1212 1971 1291 2007 suit.
1310 1970 1464 2007 Joannes
1484 1979 1567 2015 crgo
1593 1979 1664 2004 non
1689 1968 1769 2010 sibi,
1786 1968 1849 2003 sed
1866 1966 2008 2002 Christo
2027 1965 2244 2002 calceamen-

1214 2039 1288 2069 tum
1304 2031 1517 2073 vindicavit;
1536 2031 1619 2076 quia
1643 2040 1714 2065 non
1732 2028 1811 2071 sibi,
1834 2028 1895 2064 sed
1908 2027 1977 2074 ipsi
2002 2035 2163 2072 sponsam
2182 2034 2244 2060 no-

1214 2094 1424 2129 bilissimam
1450 2097 1653 2136 competere
1682 2089 1866 2124 intellexit.
1891 2087 1991 2124 Unde
2018 2093 2055 2121 ct
2084 2095 2123 2120 se
2155 2083 2246 2119 indi-

1215 2161 1324 2197 gnum
1341 2151 1477 2186 solvere
1493 2150 1570 2194 ejus
1585 2148 1863 2183 calceamentum
1880 2143 2072 2188 perhibuit.
2088 2142 2245 2186 Denique

1214 2211 1298 2254 quia
1326 2209 1500 2244 Joannem
1529 2207 1691 2242 homines
1712 2205 1889 2241 Christum
1917 2212 1997 2238 esse
2021 2207 2245 2248 putaverunt,

1214 2268 1308 2314 quod
1326 2269 1419 2302 idem
1436 2266 1591 2301 Joannes
1606 2269 1722 2309 negat,
1741 2269 1837 2298 recte
1857 2272 1894 2297 se
1913 2263 2093 2306 indignum
2109 2271 2186 2296 csse
2201 2261 2244 2296 ad

1213 2329 1417 2366 solvendam
1435 2326 1624 2371 corrigiam
1643 2324 1718 2368 ejus
1733 2321 1960 2357 calceamenti
1983 2320 2184 2361 denuntiat;
2201 2329 2244 2355 ac

1213 2390 1243 2425 si
1263 2393 1382 2434 aperte
1401 2387 1516 2422 dicat:
1535 2385 1607 2430 Ego
1631 2381 1878 2428 Redemptoris
1896 2380 2044 2425 vestigia
2064 2378 2242 2414 denudare

1214 2461 1284 2486 non
1306 2449 1420 2491 valeo,
1441 2447 1523 2493 quia
1541 2446 1658 2492 sponsi
1680 2454 1808 2480 nomen
1835 2442 1921 2478 mihi
1955 2440 2152 2476 immeritus
2171 2449 2241 2474 non

1214 2515 1361 2551 usurpo.
1393 2503 1493 2547 Quod
1512 2509 1630 2537 tamon
1660 2498 1805 2544 intelligi
1828 2503 1862 2533 ct
1889 2497 1992 2531 aliter
2007 2500 2133 2541 potest.
2157 2494 2244 2537 Quis

1213 2568 1307 2604 cnim
1325 2566 1473 2606 nesciat,
1495 2563 1588 2608 quod
1608 2562 1844 2598 calceamenta
1869 2569 1910 2594 ex
1932 2557 2080 2593 mortuis
2108 2556 2242 2591 anima-

1213 2629 1305 2664 libus
1335 2626 1443 2662 l'lant?
1461 2625 1498 2660 ln
1528 2633 1634 2659 carne
1659 2630 1743 2656 vcro
1772 2619 1941 2654 Dominus
1961 2617 2118 2656 veniens,
2142 2614 2245 2660 quasi

1213 2690 1390 2726 calccatus
1410 2685 1586 2732 apparuit,
1605 2683 1665 2728 qui
1695 2682 1730 2716 in
1751 2679 1935 2715 divinitate
1961 2687 2024 2712 sna
2053 2674 2241 2710 morticina

1213 2758 1346 2788 nostrae
1368 2746 1605 2794 corruptionis
1625 2742 1829 2787 assumpsit.
1849 2740 1948 2776 Unde
1961 2739 2066 2774 etiam
2084 2746 2146 2782 per
2162 2735 2245 2770 Pro-

1214 2814 1357 2859 phetam
1379 2809 1464 2844 dicit
1485 2806 1551 2841 :In
1575 2805 1767 2838 Idumoeam
1784 2799 1963 2836 extendam
1982 2796 2252 2832 calceamentum.

108 2883 215 2920 neque
238 2872 329 2907 enim
359 2870 593 2917 posteritatem
626 2867 769 2914 familiae
794 2878 878 2902 meae
898 2867 1009 2902 delere
1027 2868 1143 2910 debeo,
1163 2883 1198 2922 D
1215 2883 1325 2909 meum
1345 2868 1457 2918 (Psal.
1484 2866 1597 2912 mx).
1617 2865 1686 2900 Per
1704 2862 1892 2898 ldumaeam
1909 2859 2036 2904 quippe
2053 2854 2243 2903 gentilium,

107 2942 145 2972 tu
164 2944 239 2970 meo
255 2938 350 2968 utere
366 2930 556 2978 privilegio,
583 2940 650 2977 qao
675 2939 727 2963 me
743 2927 888 2963 libenter
909 2939 1025 2963 carere
1043 2928 1148 2974 profi-

107 3001 207 3038 teor;
237 2997 273 3030 et
294 2992 451 3029 loannes
479 2988 747 3027 sciscitantibus
765 2998 784 3023 a
803 2998 843 3024 se
869 2988 984 3025 turbis
1001 2989 1044 3025 de
1073 2989 1149 3033 cJ'ns

106 3056 323 3104 baptismate
347 3051 545 3098 respondit,
567 3050 689 3087 dicens
709 3061 718 3084 ι
736 3047 811 3094 qu
830 3047 964 3096 baptizo
982 3049 1018 3083 in
1036 3059 1148 3094 aqna;

108 3118 242 3155 medius
256 3122 371 3153 autem
392 3119 542 3152 vestrum
558 3114 664 3157 stetit,
677 3123 778 3159 quem
798 3123 855 3148 vos
872 3122 940 3147 non
954 3111 1150 3155 scitis:ipse

109 3185 158 3215 est
175 3178 234 3225 qui
256 3182 331 3224 post
359 3186 412 3211 nte
438 3180 598 3210 venturus
622 3178 684 3214 est,
706 3172 765 3218 qui
783 3177 861 3206 ante
881 3181 933 3205 me
954 3170 1066 3215 factus
1084 3174 1147 3211 est,

110 3240 210 3287 cnjus
244 3249 312 3274 non
336 3246 413 3272 sum
441 3236 566 3281 dignus
583 3239 622 3268 at
646 3232 778 3267 solvam
810 3229 994 3276 corriqiam
1020 3228 1152 3264 calcea-

110 3302 216 3341 menti
233 3300 353 3348 (Joan.
373 3298 414 3345 ι).
436 3297 482 3333 Et
506 3295 604 3338 alibi,
635 3292 891 3330 altercantibus
910 3291 1020 3337 ipsius
1043 3289 1152 3326 Joan-

113 3365 170 3403 nis
188 3356 372 3409 discipulis
388 3370 470 3396 cum
483 3358 615 3395 Judaeis
631 3357 675 3393 de
687 3355 937 3402 purificatione
950 3352 1058 3387 dixit:
1071 3351 1152 3385 Νοη

112 3430 222 3475 potest
238 3424 339 3459 homo
365 3420 518 3464 accipere
535 3416 747 3465 quidquam,
776 3413 842 3448 nisi
858 3410 961 3457 suerit
981 3409 1013 3443 ei
1032 3407 1152 3441 datum

113 3487 157 3525 de
185 3483 283 3522 eoelo.
302 3481 376 3528 Ipsi
396 3490 455 3515 vos
483 3477 569 3514 milti
587 3475 818 3513 testimonium
850 3469 1042 3518 perhibetis,
1063 3465 1153 3512 quod

115 3548 263 3586 dixerim
278 3554 290 3579 .·
308 3544 382 3591 qu
401 3551 469 3577 non
486 3549 564 3574 mm
585 3537 758 3579 Christus,
772 3533 831 3570 sed
846 3531 927 3579 quia
940 3529 1063 3564 missus
1077 3536 1154 3592 sum

116 3613 197 3645 ante
221 3605 335 3642 ittam.
362 3601 430 3646 Qui
450 3599 549 3635 habet
567 3607 730 3643 sponsam
754 3602 897 3641 sponsus
924 3595 994 3630 est,·
1024 3594 1154 3621 amicus

118 3673 235 3707 autem
253 3663 386 3712 sponsi,
413 3661 473 3709 qui
502 3663 570 3695 stat
588 3661 620 3692 et
648 3655 748 3691 audit
774 3665 866 3696 eum,
888 3649 1013 3698 qaudio
1031 3645 1155 3705 pandet

119 3734 259 3773 promer
281 3735 397 3765 vocem
411 3721 552 3766 saonen·
571 3719 634 3756 noc
660 3726 740 3763 erqo
770 3714 936 3763 gaudium
960 3719 1074 3748 meam
1091 3706 1155 3743 iin-

1215 2943 1279 2979 pcr
1310 2931 1588 2967 calceamentum
1617 2933 1702 2959 vero
1725 2925 1905 2966 assumpta
1929 2915 2125 2953 mortalitas
2153 2912 2247 2948 desi·

1217 2997 1356 3040 gnatur.
1391 2989 1429 3025 ln
1453 2988 1642 3023 ldumaeam
1667 2992 1750 3028 crgo
1774 2979 1944 3016 Dominus
1973 2975 2246 3011 calceamentum

1219 3063 1256 3088 sc
1268 3050 1459 3087 extendere
1475 3044 1604 3082 asserit
1622 3041 1704 3087 quia
1729 3040 1811 3074 dum
1832 3045 1895 3083 per
1922 3043 2063 3070 carnem
2085 3030 2245 3076 gentibus

1219 3110 1384 3152 innotuit,
1406 3106 1506 3152 quasi
1522 3104 1677 3141 calceata
1695 3100 1738 3134 ad
1762 3107 1826 3132 nos
1855 3092 2020 3127 divinitas
2038 3088 2144 3123 venit.
2174 3086 2242 3121 Sed

1221 3172 1326 3217 hujus
1352 3165 1608 3205 incarnationis
1630 3156 1833 3204 mysterium
1854 3153 2025 3187 humanus
2044 3146 2166 3182 oculus
2180 3153 2242 3190 pe-

1223 3238 1366 3270 netrare
1395 3239 1466 3266 non
1500 3223 1644 3262 sufficit;
1673 3215 1883 3259 investigare
1916 3210 2010 3245 enim
2045 3207 2243 3243 nullatenus

1222 3298 1340 3341 potest
1359 3284 1531 3335 quomodo
1559 3281 1766 3323 corporatur
1779 3271 1937 3311 verbum,
1958 3266 2131 3314 quomodo
2148 3273 2242 3299 sum-

1223 3362 1301 3388 mus
1337 3353 1372 3382 ει
1406 3342 1604 3379 vivificator
1639 3333 1792 3379 Spiritus
1831 3330 1924 3364 intra
1951 3333 2090 3362 uterum
2118 3323 2242 3359 man-is

1197 3419 1199 3421 ’
1223 3409 1413 3444 animatur,
1434 3396 1608 3446 quomodo
1624 3394 1731 3429 etiam
1752 3391 1783 3426 is
1802 3388 1861 3435 qui
1877 3386 2015 3423 initium
2033 3393 2102 3419 non
2122 3381 2239 3422 hahet,

1221 3463 1341 3503 existit
1358 3466 1394 3497 et
1421 3455 1638 3501 concipitur;
1665 3449 1815 3495 corrigia
1832 3455 1916 3491 ergo
1942 3440 2168 3480 calceamenti
2187 3443 2241 3474 est

1220 3525 1371 3570 ligatura
1394 3514 1566 3563 mysterii.
1589 3511 1744 3547 loannes
1762 3507 1882 3551 itaque
1900 3498 2036 3539 solvere
2052 3497 2240 3563 corrigiam

1221 3576 1451 3619 calceamenti
1476 3573 1552 3618 eius
1573 3581 1642 3607 non
1661 3568 1767 3609 valet,
1787 3565 1868 3611 quia
1895 3557 2149 3597 incarnationis
2163 3564 2240 3600 ejus

1220 3637 1426 3686 mysterium
1443 3642 1509 3669 nec
1523 3632 1598 3677 ipsc
1612 3626 1822 3670 investigare
1842 3618 1981 3660 sufficit,
1998 3617 2056 3662 qui
2071 3615 2163 3651 hanc
2175 3620 2241 3659 per

1219 3697 1413 3748 prophetiae
1441 3692 1604 3740 spiritum
1626 3687 1776 3735 agnovit.
1797 3680 1887 3727 Quid
1910 3683 1964 3715 est
1986 3685 2070 3722 ergo
2094 3673 2239 3712 dieue:
