2540 4016
1026 37 1043 54 Ο

293 159 362 198 655

291 291 438 333 dicitur,
454 289 539 336 quia
562 288 734 325 nimirum
755 287 944 334 Scriptura
975 288 1067 335 legis
1095 293 1132 324 et
1158 287 1351 334 propheta-

290 362 384 395 rum,
404 361 470 399 per
487 350 609 387 omnia
627 350 675 386 ad
703 349 858 396 gratian
877 349 1060 394 Evangelii
1083 349 1245 395 respicit,
1264 349 1350 386 huic

289 412 458 450 videlieet
486 410 732 448 testimonium
762 410 990 456 perhibens:
1014 415 1051 446 et
1083 420 1150 456 per
1181 411 1276 447 hanc
1310 421 1349 447 se

289 484 396 517 sensu
411 472 559 519 spiritali
579 470 808 507 revelandam
831 480 912 506 esse
930 470 1151 516 significans.
1182 469 1349 518 Fecitque

288 535 407 571 Aaron
434 539 467 569 et
488 532 651 578 imposuit
686 530 847 566 lucernas
877 541 982 576 super
1017 530 1279 575 candelabrum,
1310 538 1348 567 ut

286 599 497 642 proeceperat
516 592 686 627 Dominus
705 589 833 637 Moysi.
853 590 1026 627 Lucernae
1044 597 1194 638 septem,
1210 598 1347 638 septem

287 661 371 693 sunt
387 656 480 691 dona
498 653 655 699 Spiritus
681 652 811 695 sancti,
829 662 910 698 quae
931 657 967 688 et
986 652 1024 687 in
1043 653 1194 688 Domino
1212 652 1349 688 redem-

286 723 390 764 ptore
408 722 532 753 nostro
557 719 685 752 cuncta
715 723 857 759 semper
880 719 1160 758 manserunt,sset
1183 715 1219 749 in
1239 723 1350 749 mem-

288 777 364 814 bris
383 777 461 824 ejus
478 786 488 811 z
509 777 578 812 hoc
608 780 663 811 est
683 775 852 811 omnibus
875 775 1015 819 electis,
1040 786 1105 822 pro
1126 776 1204 822 ejus
1224 775 1348 811 volun-

287 843 361 874 tate
379 838 569 874 distributa
599 843 696 873 sunt.
727 836 917 873 Ponuntur
934 848 1019 884 ergo
1039 838 1195 873 lucernae
1212 844 1348 883 septem

285 908 396 945 super
426 898 694 940 candelabrum,
730 898 815 943 quia
848 907 958 942 super
991 898 1254 942 redemptorem
1287 907 1347 932 no-

286 961 401 992 strum
433 957 714 1004 primogenitum
735 957 779 992 de
808 957 930 993 radice
950 956 1065 1000 Jesse,
1096 957 1258 1003 requierit
1278 957 1348 1002 spi-

284 1017 372 1053 ritus
399 1019 579 1064 sapientiae
597 1024 629 1053 et
646 1018 852 1062 intellectus,
873 1019 1015 1064 spiritus
1030 1018 1167 1054 consilii
1194 1024 1225 1053 et
1243 1018 1345 1063 forti-

283 1079 430 1123 tudinis,
460 1080 603 1125 spiritus
623 1079 777 1114 scientim
796 1084 829 1113 et
855 1079 1006 1124 pietatis,
1040 1084 1071 1113 et
1090 1077 1229 1124 replevit
1266 1089 1344 1112 eum

283 1140 427 1185 spiritus
445 1140 581 1175 timoris
603 1140 743 1175 Domfm·
762 1139 932 1186 (Jsffiffl),
965 1140 1009 1174 Et
1034 1140 1125 1175 sicut
1153 1140 1237 1175 ἢθη]
1265 1140 1340 1185 ipse
1360 1134 1391 1174 Β
1411 1138 1551 1173 parere.
1575 1130 1652 1166 Non
1683 1132 1824 1167 illicitas
1855 1133 2091 1180 cogitationes
2111 1145 2213 1171 mens
2241 1137 2415 1181 proferat,
2434 1142 2472 1173 et

283 1209 349 1244 per
379 1200 545 1235 eumdem
576 1200 735 1245 loquitur
751 1200 986 1245 prophetam:
1022 1199 1172 1246 Spiritus
1200 1200 1341 1235 Domini

283 1269 388 1305 super
421 1271 490 1303 me,
509 1272 548 1296 eo
575 1262 667 1307 quod
688 1262 827 1296 unoeerit
847 1273 901 1296 me
934 1262 1103 1297 Dominus
1128 1262 1215 1308 (Iso.
1251 1262 1339 1308 Lxl).

285 1318 388 1362 Quod
415 1325 537 1355 autem
556 1321 688 1356 dicitur
704 1327 743 1356 ut
771 1322 915 1357 luceant
938 1332 982 1357 ex
1013 1322 1177 1363 adversm
1200 1323 1267 1357 hoc
1287 1327 1342 1357 est

283 1379 379 1424 quod
399 1379 580 1425 Propheta
603 1382 863 1426 subsequenter
880 1381 1010 1426 adjecit
1031 1393 1039 1415 ;
1059 1381 1112 1414 Ad
1129 1381 1341 1415 numunian-

282 1438 364 1473 dum
388 1441 578 1475 mansuetis
596 1441 687 1475 misit
721 1452 789 1483 me,
811 1447 848 1474 nt
871 1440 1027 1475 mederer
1044 1441 1201 1474 contritis
1223 1441 1338 1483 corde,

281 1503 314 1533 et
332 1498 560 1544 proedicarem
580 1500 724 1546 captivis
745 1499 1013 1545 indulgentiam,
1039 1505 1070 1534 et
1090 1498 1218 1534 clausis
1238 1511 1339 1546 aper-

282 1558 424 1601 tionem,
444 1564 482 1593 ut
499 1559 725 1605 proedicarem
747 1572 877 1596 annum
907 1560 1112 1608 placabilem
1133 1562 1287 1605 Domini,
1309 1568 1340 1597 et

282 1617 374 1653 diem
391 1618 534 1655 ultionis
557 1619 629 1655 Deo
650 1627 768 1656 nostro
786 1621 927 1669 (loica).

331 1679 418 1715 Hoec
439 1688 555 1717 autem
581 1689 654 1718 erat
679 1683 819 1728 factura
840 1686 1057 1722 candelabri.
1086 1686 1142 1722 Ex
1163 1699 1249 1722 auro
1269 1687 1336 1722 tlu-

282 1739 356 1774 ctili
383 1746 455 1775 tam
487 1742 623 1778 medius
640 1744 743 1789 stipes
771 1756 879 1791 quam
899 1753 1022 1781 cuncta
1041 1759 1117 1793 quse
1134 1759 1175 1782 ex
1196 1755 1339 1793 utroque

282 1799 498 1836 calamorum
518 1801 625 1839 latere
646 1805 888 1849 nascebantur,
909 1807 1015 1852 juxta
1035 1808 1228 1854 exemplum
1246 1808 1338 1854 quod

282 1860 428 1895 ostendit
439 1860 609 1899 Dominus
625 1864 753 1910 Moysi,
774 1866 822 1901 ila
840 1873 1000 1913 operatus
1012 1875 1060 1903 est
1077 1868 1334 1903 candelabrum.

280 1921 443 1959 Diximus
461 1923 578 1970 ipsum
607 1926 875 1970 candelabrum,
899 1928 935 1964 id
963 1934 1033 1970 est,
1070 1929 1227 1974 stipitem
1248 1938 1337 1964 can-

284 1981 419 2019 delabri
439 1985 596 2020 medium
623 1986 668 2022 de
686 1997 757 2032 quo
785 1987 913 2023 calami
939 1990 1194 2034 procedebant,
1218 1990 1336 2025 Domi-

721 151 762 188 B.
789 149 961 195 RABANI
986 150 1134 188 MAURI
1159 149 1373 188 ARCHIEP.
1401 149 1608 188 MOGUNT.
1635 150 1827 189 OPERUM
1850 151 1972 189 PARS
1991 152 2019 189 1.

291 231 402 268 Recte
429 227 686 275 candelabrum
725 231 853 264 contra
884 226 1058 264 mensam
1078 228 1238 273 positum
1270 235 1351 262 esse
1368 202 1582 278 Aordinem
1600 227 1899 272 ecclesiasticum,
1915 228 2095 276 quomodo
2119 227 2188 265 rite
2203 229 2248 266 ad
2275 230 2470 270 sacerdotii
2492 251 2509 284 2>⁴

2400 149 2477 193 656‘

1416 287 1579 324 ordinem
1615 289 1788 326 accedere
1818 290 1944 336 possit.
1979 289 2146 328 Ostendit
2170 289 2268 327 enim
2291 293 2471 338 quomodo

1415 347 1599 393 purificari
1611 349 1777 393 debeant,
1795 355 1987 397 antequam
2003 352 2047 388 ad
2056 351 2217 387 divinum
2230 351 2470 390 ministerium

1415 410 1600 446 accedant.
1621 409 1783 446 Primum
1803 422 1866 448 eos
1888 411 1991 457 jubet
2014 412 2156 459 aspergi
2173 422 2267 459 aqua
2282 412 2470 451 lustratio-

1414 470 1483 513 nis,
1504 481 1611 516 quam
1630 481 1820 517 possumus
1838 473 2048 520 intelligere,
2069 474 2146 511 sive
2170 474 2339 521 baptismi
2354 485 2472 513 saera·
2502 524 2505 525 ⁷

1415 534 1595 572 mentum,
1629 540 1693 566 seu
1729 531 1838 566 etiam
1871 532 2114 578 lacrymarum
2152 533 2375 578 effusionem,
2405 545 2471 582 per
2503 538 2511 545 “

1414 598 1504 633 quas
1518 589 1668 624 maculae
1687 596 1920 634 peccatorum
1946 591 2016 627 rite
2037 583 2244 628 abluuntur.
2277 594 2413 630 Deinde
2429 599 2471 631 ut

1414 649 1544 684 radant
1562 658 1687 685 omnes
1701 650 1792 695 pilos
1811 651 1931 687 carnis
1949 661 2036 688 suae.
2058 652 2125 688 Pili
2142 654 2263 690 carnis
2283 660 2366 691 sunt
2379 666 2458 702 quae

1414 708 1501 744 libet
1534 709 1711 754 superflua
1746 711 1910 746 humanae
1949 713 2204 758 corruptionis.
2243 714 2311 750 Pili
2334 715 2469 760 carnis,
2526 722 2540 772 Ξ

1415 775 1497 805 sunt
1515 770 1597 805 vitae
1620 771 1752 807 veteris
1776 772 2026 818 cogitationes,
2047 784 2136 820 quas
2156 775 2208 811 sic
2228 785 2248 811 a
2275 782 2394 812 mente
2417 777 2472 813 in-
2524 779 2540 824 Ξ

1415 829 1579 869 cidimus,
1603 836 1640 865 ut
1672 831 1716 866 de
1750 832 1942 868 amissione
1965 843 2091 869 eorum
2126 835 2226 871 nullo
2244 836 2367 872 dolore
2392 836 2473 873 sati-

1413 899 1551 935 gemur.
1571 890 1694 926 Levita
1719 902 1875 937 namque
1904 900 2101 940 assumptus
2127 901 2292 931 vocatur.
2321 895 2472 942 Oportet

1413 960 1499 996 ergo
1514 961 1639 986 omnes
1662 951 1807 987 Levitas
1827 953 1917 998 pilos
1937 955 2058 991 carnis
2076 966 2149 991 suae
2179 957 2319 1000 radere,
2341 958 2426 1002 quia
2441 958 2472 994 is

1413 1011 1473 1057 qui
1495 1011 1529 1046 in
1551 1012 1732 1056 obsequiis
1764 1013 1894 1049 divinis
1925 1016 2136 1058 assumitur,
2164 1004 2270 1052 debet
2304 1021 2388 1052 ante
2406 1017 2472 1054 Dei

1412 1070 1571 1106 oculosa
1593 1072 1731 1107 cunetis
1763 1073 1883 1108 carnis
1915 1075 2193 1119 cogitationibus
2226 1078 2380 1114 mundus
2413 1088 2474 1124 ap-

1409 1190 1595 1234 pulcbram
1613 1192 1740 1227 animae
1756 1194 1923 1238 speciem,
1945 1195 2046 1238 quasi
2064 1195 2147 1240 pilis
2163 1195 2469 1234 fructificantibus
2532 1248 2540 1249 ἶ

1410 1251 1606 1287 deformem
1622 1254 1761 1289 reddat.
1793 1254 1861 1290 Sed
1879 1256 2103 1300 quantalibet
2117 1263 2156 1292 ut
2172 1257 2327 1293 diximus
2347 1266 2469 1303 quem·
2529 1276 2540 1309 j

1409 1310 1502 1354 piam
1524 1312 1638 1347 virtus
1671 1318 1806 1349 sanetae
1827 1317 2112 1352 conversationis
2138 1319 2310 1360 evexerit,
2349 1319 2468 1354 adhuc
2526 1366 2530 1367 ⁷

1409 1371 1441 1404 ei
1478 1371 1521 1405 de
1548 1378 1726 1408 vetustate
1759 1375 1918 1410 nascitur
1946 1377 2039 1420 qnod
2074 1377 2246 1413 toleratur
2273 1388 2281 1413 ε
2320 1380 2414 1415 unde
2433 1384 2470 1415 et

1409 1428 1476 1472 ipsi
1516 1429 1723 1466 Levitarum
1743 1433 1806 1477 pili
1833 1434 1910 1469 radi
1944 1438 2113 1481 praeeepti
2141 1443 2234 1480 sunt,
2256 1449 2328 1474 non
2349 1439 2465 1474 evelli.
2530 1482 2540 1486 ἶ,

1408 1486 1514 1522 Rasis
1533 1490 1667 1524 etenim
1700 1491 1782 1534 pilis
1812 1492 1849 1526 in
1879 1503 1988 1528 carne
2020 1494 2161 1530 radices
2198 1502 2401 1541 remanent,
2433 1503 2469 1534 et

1409 1554 1576 1582 creseunt
1592 1549 1723 1584 iterum
1736 1556 1775 1585 ut
1794 1549 2064 1588 rescindantur:
2083 1555 2167 1599 quia
2183 1566 2311 1603 magno
2324 1557 2469 1603 quidem

1408 1608 1524 1644 studio
1558 1609 1744 1654 superssuae
1776 1613 2011 1658 cogitationes
2043 1617 2272 1661 amputanda}
2290 1618 2467 1662 sunt,sed

1409 1673 1528 1705 tamen
1548 1680 1777 1716 nequaquam
1802 1672 1964 1710 funditus
1983 1677 2162 1722 amputari
2183 1683 2347 1723 possunt.
2368 1678 2468 1715 Sem-

1407 1740 1472 1775 per
1497 1731 1592 1767 enim
1613 1743 1698 1768 caro
1728 1734 1906 1779 superflua
1936 1742 2095 1782 generat,
2128 1748 2207 1782 quae
2237 1749 2378 1785 semper
2391 1739 2467 1786 spi-

1408 1791 1499 1826 ritus
1515 1791 1611 1828 ferro
1630 1793 1882 1830 sollicitudinis
1898 1797 2091 1832 rescindat.
2115 1797 2184 1833 Sed
2210 1799 2288 1834 haec
2313 1799 2349 1834 in
2363 1799 2467 1837 nobis

1410 1857 1493 1887 tunc
1526 1853 1691 1890 subtilius
1723 1855 1979 1901 conspicimus,
2001 1868 2084 1893 cum
2119 1859 2376 1904 speculationis
2394 1860 2467 1896 alta

1405 1919 1649 1959 penetramus.

1455 1974 1608 2021 Cumque
1627 1975 1774 2012 laverint
1795 1979 1996 2014 vestimenta
2016 1990 2079 2014 succ
2097 1985 2127 2014 et
2145 1980 2303 2022 mundati
2319 1980 2464 2026 suerint,

282 2051 368 2077 num
406 2043 622 2080 salvatorem
653 2046 854 2092 designare,
893 2048 937 2083 dc
970 2049 1070 2093 cujus
1105 2050 1218 2095 gratia
1250 2030 1665 2095 j[1sgiC!01lss¹1²b02¹8¹n
1686 2037 1728 2072 de
1761 2039 1928 2073 armentis
1959 2045 1990 2074 et
2011 2039 2238 2090 libamentum
2260 2040 2349 2085 ejus,
2369 2042 2466 2076 simi-

282 2102 456 2147 quidquid
473 2103 558 2139 boni
572 2104 706 2140 habent
719 2113 948 2152 acceperunt.
967 2109 1069 2145 Unde
1086 2110 1210 2155 ipsein
1226 2111 1339 2146 Evan-

282 2160 375 2207 gelio
391 2171 474 2197 cum
488 2162 638 2199 dixisset
657 2165 841 2211 discipulis
861 2167 956 2202 suis:
985 2168 1059 2214 qu
1075 2180 1153 2204 sum
1173 2171 1265 2213 vitis,
1281 2182 1338 2206 vos

281 2219 454 2265 palmites,
473 2223 644 2259 continuo
659 2223 844 2268 subjunxit
860 2237 869 2261 z
891 2225 991 2262 Sicut
1005 2227 1136 2273 palmes
1154 2240 1222 2263 non
1242 2231 1338 2275 ponit

282 2280 373 2326 fei-re
392 2282 546 2327 [ructum
575 2294 597 2318 a
629 2286 807 2330 semetipso
833 2286 899 2321 nisi
928 2289 1092 2322 manserit
1114 2289 1150 2323 in
1185 2289 1261 2331 vite,
1289 2289 1338 2324 sic

283 2349 345 2374 nec
360 2351 418 2375 vos
438 2341 506 2376 nisi
528 2342 565 2377 in
584 2353 637 2378 me
655 2345 853 2380 manseritis
884 2346 1003 2392 (Joan.
1020 2346 1094 2393 xv).
1112 2346 1227 2383 Omne
1242 2349 1339 2384 enim

282 2408 373 2445 opus
387 2401 607 2446 candelabri,
629 2404 697 2439 hoe
711 2409 767 2440 est
784 2409 820 2440 et
838 2405 948 2451 stipes
978 2406 1131 2450 medius,
1153 2413 1189 2443 et
1209 2409 1338 2444 calami

282 2469 327 2496 ex
347 2460 425 2505 ipso
449 2463 698 2508 procedentes,
730 2474 812 2500 cum
831 2466 927 2500 omni
949 2476 1013 2501 suo
1032 2473 1162 2503 ornatu
1181 2468 1224 2504 de
1249 2479 1337 2506 auro

282 2519 384 2563 fiunt,
403 2522 487 2568 quia
516 2528 552 2559 et
585 2524 758 2560 Dominus
792 2525 868 2571 ipse
901 2526 1108 2572 specialiter
1128 2527 1298 2564 immunis
1317 2539 1337 2565 a

281 2587 441 2626 peccato,
457 2588 566 2629 atque
588 2585 757 2631 operibus
779 2586 941 2632 Justitiae,
961 2597 1027 2633 per
1050 2589 1171 2624 omnia
1189 2589 1338 2635 praecla-

283 2653 345 2679 rus
362 2643 401 2678 in
417 2643 550 2679 mundo
570 2647 749 2691 apparuit,
771 2652 808 2683 et
830 2648 995 2683 eamdem
1019 2648 1264 2685 innocentiam
1284 2657 1338 2686 at-

286 2713 355 2749 que
385 2703 577 2748 justitiam,
611 2707 772 2742 membra
803 2707 880 2752 ejus
914 2708 951 2742 in
987 2709 1054 2744 hac
1093 2709 1239 2745 interim
1265 2710 1339 2746 vita

287 2767 460 2808 quantum
478 2763 612 2807 valent,
633 2764 841 2800 imitantur:
868 2767 905 2801 in
923 2766 1046 2803 futuro
1066 2773 1183 2804 autem
1203 2769 1340 2805 veraci-

284 2827 341 2859 ter
357 2823 424 2869 ipsi
448 2824 662 2860 adhaerendo
679 2824 883 2869 perficiunt.
904 2826 949 2861 Et
974 2832 1055 2872 apte
1083 2828 1180 2863 idem
1210 2839 1338 2864 aurum

285 2883 417 2920 ductile
430 2883 510 2919 fuit.
528 2884 664 2920 Ductile
681 2890 800 2921 autem
826 2885 988 2923 feriendo
1009 2889 1236 2933 producitur,
1254 2891 1338 2936 quia

285 2949 322 2981 et
339 2944 555 2991 Redemptor
571 2950 705 2988 noster,
738 2947 799 2991 qui
833 2957 876 2983 ex
895 2949 1130 2994 conceptione
1158 2956 1192 2986 et
1217 2952 1342 2988 nativi·
1358 2932 1393 2970 D

287 3009 363 3040 tate
381 3004 562 3051 perfectus
577 3005 672 3042 Deus
696 3011 732 3042 et
751 3007 858 3042 homo
874 3008 1025 3051 exstitit,
1042 3010 1251 3054 passionum
1272 3013 1336 3048 do-

285 3065 380 3104 lores
404 3068 567 3113 pertulit,
592 3073 630 3104 at
654 3068 709 3104 sic
730 3068 768 3104 in
794 3071 1070 3107 resurrectionis
1088 3071 1236 3117 gloriam
1255 3083 1338 3119 per-

285 3127 397 3163 venit.
415 3127 463 3163 Et
479 3139 596 3164 omnes
609 3129 669 3176 qui
687 3129 805 3165 volunt
823 3130 877 3176 pie
898 3131 1006 3166 vivere
1020 3131 1055 3166 in
1081 3131 1156 3176 illo,
1179 3144 1337 3179 persecu-

287 3187 415 3224 tionem
433 3189 615 3235 patiuntur
643 3189 678 3236 (Ι
694 3188 785 3225 Tim.
803 3189 875 3238 ιιι).
894 3189 962 3234 Qui
993 3196 1028 3227 et
1046 3192 1114 3238 ipsi
1144 3194 1246 3238 quasi
1265 3204 1336 3230 me-

287 3247 412 3284 tallum
430 3246 594 3285 feriendo
610 3248 812 3294 dilatatum,
826 3260 892 3297 per
906 3252 1086 3298 passionis
1102 3253 1340 3290 contumelias

286 3312 334 3350 ad
350 3312 630 3352 immortalitatis
652 3312 807 3361 gratiam
822 3313 1028 3360 proficiunt.

686 3373 840 3413 CAPUT
858 3375 937 3412 XV.

545 3433 595 3471 De
612 3435 854 3483 purificatione
877 3434 1093 3473 Levitarum.

337 3491 453 3540 (inin.)
479 3492 632 3532 Locutus
657 3502 708 3533 est
739 3495 910 3534 Dominus
939 3497 986 3533 ad
1021 3496 1164 3546 Moysen
1195 3498 1336 3537 dicens:

291 3549 389 3588 Tolle
406 3551 542 3589 Levitas
566 3554 609 3590 de
629 3555 741 3592 medio
759 3555 916 3603 filiorum
934 3555 1062 3602 Israel,
1087 3563 1120 3593 et
1136 3557 1336 3604 purificabis

288 3624 346 3650 eos
364 3614 554 3652 secundum
579 3616 670 3654 hunc
690 3617 807 3655 titum.
837 3618 1074 3666 Asperqantur
1096 3631 1188 3668 aqua
1206 3621 1338 3657 tustra-

291 3673 410 3720 tionis,
429 3681 462 3712 et
482 3676 610 3713 radant
638 3689 755 3714 omnes
781 3677 870 3726 pilos
889 3679 1005 3715 carnis
1037 3692 1124 3717 suoe.
1141 3681 1254 3729 Igitur
1272 3680 1338 3718 Do-

285 3733 409 3782 ,minus
433 3746 498 3791 per
513 3736 659 3788 Moysen
675 3738 766 3778 dans
778 3745 999 3790 praeceptum
1013 3740 1164 3790 Levitis,
1190 3741 1336 3790 instruit

1411 2094 1479 2129 lam
1507 2095 1579 2131 oleo
1613 2108 1845 2143 conspersam.
1881 2099 2103 2136 Vestimenta
2126 2099 2246 2136 lavare
2271 2107 2328 2137 est
2356 2111 2465 2147 opera

1410 2156 1598 2199 mundare,
1615 2164 1722 2203 atque
1737 2164 1849 2195 totam
1881 2161 2194 2197 conversationem
2211 2162 2246 2196 in
2271 2166 2466 2207 conspeetu

1409 2215 1612 2254 Divinitatis
1630 2230 1758 2264 puram
1780 2231 1938 2266 servare,
1967 2233 2033 2258 nec
2052 2233 2122 2259 non
2152 2228 2188 2259 et
2208 2233 2330 2259 eoram
2353 2222 2466 2260 oculis

1408 2279 1593 2316 hominum
1615 2282 1966 2330 irreprehensibilem
1993 2285 2176 2321 exhibere.
2210 2285 2341 2321 Bovem
2356 2285 2465 2321 etiam

1410 2340 1452 2376 de
1472 2343 1644 2379 armentis
1663 2344 1794 2380 offerre
1808 2345 1912 2390 jubet
1936 2345 2147 2391 purificatis,
2168 2351 2204 2381 et
2230 2346 2465 2381 libamentum

1409 2398 1499 2444 ejus,
1533 2402 1688 2438 similam
1709 2405 1788 2440 oleo
1813 2415 2060 2451 conspersam.
2084 2405 2178 2448 Quid
2208 2406 2244 2441 in
2273 2407 2341 2442 hoc
2359 2406 2462 2450 bove,

1408 2461 1477 2496 nisi
1499 2461 1724 2498 Dominicum
1742 2474 1888 2509 corpus,
1911 2465 1954 2499 de
1972 2465 2146 2500 armentis
2174 2466 2463 2510 patriarcharum

1407 2525 1444 2555 et
1455 2521 1713 2567 prophetarum
1726 2524 1956 2570 progenitum
1975 2525 2149 2561 debemus
2166 2525 2344 2571 accipere,
2362 2526 2465 2572 eujus

1408 2579 1617 2625 libamenta,
1652 2583 1688 2618 id
1719 2589 1789 2627 est,
1823 2585 2002 2630 passionis
2038 2592 2276 2630 sacramenta,
2314 2586 2465 2633 spiritali

1409 2639 1560 2676 scientia
1582 2646 1748 2686 tractata,
1770 2648 1878 2689 atque
1895 2645 2081 2682 intellecta
2102 2645 2280 2691 fidelibus,
2306 2647 2465 2684 saluber-

1408 2702 1500 2737 rima
1517 2708 1553 2738 et
1577 2703 1649 2740 Deo
1679 2705 1883 2750 gratissima
1904 2716 1982 2743 esse
2012 2708 2189 2744 credenda
2210 2709 2320 2745 sunt?
2338 2709 2390 2744 lta
2408 2715 2462 2745 ta-

1408 2772 1488 2798 men
1510 2763 1540 2798 si
1567 2764 1696 2800 talibus
1717 2776 1755 2801 se
1786 2768 1969 2812 mysteriis
1994 2768 2132 2812 Levita,
2167 2768 2337 2815 spiritalis
2357 2769 2463 2806 mini-

1409 2827 1485 2857 ster
1498 2824 1622 2869 utique
1642 2825 1800 2870 Domini,
1823 2827 1920 2871 intus
1941 2827 2100 2874 forisque
2116 2829 2289 2864 mundum
2315 2834 2352 2865 et
2377 2839 2462 2865 con·
2513 2823 2516 2826 ’

1410 2883 1556 2929 dignum
1591 2887 1830 2933 percipiendis
1867 2890 2072 2935 praebuerit.
2107 2889 2279 2937 Sequitur
2297 2902 2305 2927 ε
2333 2890 2461 2927 Bovem

1409 2947 1525 2977 autem
1556 2943 1703 2981 alteram
1724 2947 1766 2982 de
1786 2954 1954 2993 armento,
1971 2955 2008 2984 tu
2040 2950 2187 2996 accipies
2211 2962 2274 2997 pro
2305 2957 2459 2997 peccato.

1410 3001 1480 3038 Bos
1499 3009 1618 3040 autem
1636 3006 1727 3042 alter
1748 3009 1808 3053 qui
1837 3019 1902 3054 pro
1927 3010 2086 3056 peccatis
2112 3007 2253 3047 oblatus
2277 3017 2348 3055 est,
2364 3011 2460 3048 idem

1409 3068 1465 3099 est
1478 3065 1655 3102 mediator
1668 3067 1732 3103 Dei
1743 3074 1779 3104 et
1797 3070 1996 3114 bominum,
2017 3070 2119 3116 euJus
2136 3071 2383 3108 immolatione
2396 3082 2461 3108 no-

1407 3129 1482 3159 stra
1503 3130 1651 3170 peecata
1671 3127 1787 3163 deleta
1808 3134 1903 3165 sunt.
1934 3129 2008 3167 Nec
2035 3131 2270 3178 incongruum
2288 3131 2395 3175 alicui
2409 3131 2461 3168 vi-

1407 3184 1481 3220 deri
1501 3184 1620 3228 debet,
1639 3188 1734 3232 quod
1762 3195 1915 3235 utroque
1929 3191 2021 3227 bove
2038 3192 2263 3228 Dominicam
2290 3193 2458 3230 incarna-

1404 3243 1540 3279 tionem
1567 3245 1764 3290 significari
1784 3247 1954 3292 diximus,
1975 3249 2061 3295 quia
2078 3250 2162 3287 lieet
2186 3252 2308 3298 passio
2322 3251 2457 3290 Christi

1404 3311 1476 3336 una
1506 3302 1704 3348 eademque
1732 3305 1792 3347 sit,
1823 3305 2002 3356 duplicem
2017 3311 2194 3345 tamenin
2211 3312 2316 3348 nobis
2330 3322 2456 3358 opera-

1406 3362 1541 3399 tionem
1556 3365 1676 3410 gessit,
1699 3366 1785 3411 quia
1797 3377 1817 3402 a
1831 3369 1990 3412 peccatis
2009 3379 2076 3406 nos
2095 3370 2264 3414 expiavit,
2279 3375 2312 3406 et
2327 3370 2457 3408 sancti-

1405 3423 1608 3461 ficationem
1622 3425 1728 3462 nobis
1741 3427 1880 3463 tribuit.
1898 3427 2001 3465 Unde
2027 3434 2063 3465 et
2089 3429 2218 3466 Petrus
2233 3429 2272 3466 in
2295 3429 2456 3476 Epistola

1406 3495 1470 3521 sua
1485 3485 1570 3522 dicit
1585 3498 1594 3521 τ
1619 3485 1778 3522 Christus
1787 3487 1892 3524 semel
1907 3499 1970 3536 pro
1986 3490 2134 3536 peccatis
2151 3491 2279 3527 nostris
2297 3497 2456 3528 mortuus
2519 3540 2524 3542 -

1405 3551 1468 3590 est,
1493 3546 1612 3594 justus
1635 3557 1698 3594 pro
1719 3547 1874 3596 injustis,
1898 3553 1938 3583 ut
1957 3559 2018 3584 nos
2035 3549 2174 3596 offerret
2195 3549 2283 3587 Deo.
2305 3549 2455 3597 Mortifi-

1405 3613 1501 3644 catos
1519 3607 1656 3656 quidem
1677 3619 1791 3652 earne,
1806 3609 1993 3655 vivificatos
2015 3616 2131 3646 autem
2146 3611 2285 3658 spiritu.
2305 3609 2456 3659 Propter

1402 3671 1495 3720 quod
1523 3671 1689 3708 succincti
1714 3669 1848 3708 lumbos
1875 3671 1999 3707 mentis
2016 3676 2150 3719 vestrm,
2169 3670 2276 3708 sobrii
2309 3671 2455 3720 perfecte
2504 3669 2508 3717 j

1403 3742 1553 3791 morale,
1569 3737 1608 3775 in
1633 3745 1710 3774 eam
1733 3745 1813 3788 quoe
1839 3734 1986 3782 offertur
2001 3735 2095 3773 vobis
2110 3734 2277 3787 qratiam,
2304 3734 2453 3773 inme-
2502 3745 2505 3750 ·
