2540 4016
94 153 167 193 213

711 156 1049 195 coMMENTAmA
1074 158 1122 195 m
1145 158 1356 198 nxonuu.
1385 183 1431 191 -
1455 134 1543 203 Lis.
1571 167 1633 206 ιν.

2207 181 2279 241 w

94 234 232 273 noster,
271 231 333 277 qui
371 229 531 278 quotidie
547 226 683 267 ‘fideles
712 239 798 268 suos
834 233 960 278 gratiae
995 233 1148 269 internae
1165 233 1202 275 A
1217 237 1255 270 et
1271 235 1380 272 etiam
1416 237 1544 277 electis
1568 242 1743 293 membris
1765 243 1934 293 videlicet
1950 254 2082 299 summi
2106 240 2278 310 saeerflss-

94 292 384 337 compunctionis
399 290 601 327 accendens
621 296 784 335 renovat,
804 293 918 329 semel
937 303 1003 330 eos
1025 295 1145 331 hostia

93 351 151 387 sui
168 352 357 399 sanguinis
378 355 532 395 noctem
551 361 730 396 superans
746 353 912 389 redemit.
934 354 1006 401 Ipsi
1021 355 1148 393 fideles

92 411 156 456 qui
176 412 381 457 quotidiana
395 415 544 457 peecata
562 412 782 456 quotidianis
797 413 944 450 abluere
962 415 1145 461 precibus,

91 479 136 506 ac
149 469 319 518 lacrymis
334 471 465 515 solent,
484 471 597 508 semel
626 472 662 515 in
682 481 950 511 sacramentum
969 477 1147 521 passionis

90 532 199 575 illius,
238 532 421 569 absolutos
445 543 484 569 se
506 544 527 569 a
552 535 714 580 peccatis
740 545 820 572 esse
855 538 1025 575 omnibus
1059 549 1147 585 gau-

88 593 188 630 dent.
209 593 467 639 Deprecabitur
487 599 607 630 autem
633 606 741 642 super
767 607 880 633 cornu
897 598 1037 641 altaris,
1058 600 1143 645 quia

87 660 122 690 et
145 654 223 700 ipse
259 665 329 690 non
351 655 467 691 solum
488 656 582 692 inter
611 657 778 694 homines
813 664 1047 695 conversatus
1077 670 1143 705 pro

83 713 291 756 hominihus
323 717 452 759 oravit,
473 727 597 753 verum
630 720 741 754 etiam
768 731 862 756 nunc
891 721 936 755 ad
956 721 1141 758 dexteram

82 777 196 822 patris
214 778 250 812 in
265 778 480 817 coelestibus
514 781 657 824 sedens,
687 782 893 828 interpellat
915 791 982 827 pro
1002 781 1107 819 nobis
1127 795 1136 827 ;

81 835 117 871 in
136 838 305 875 cordibus
339 839 538 876 electorum
574 852 639 887 per
673 842 778 876 {idem
804 843 1024 886 inhabitans,
1054 844 1138 880 dum

80 907 143 935 eos
174 901 218 935 ad
249 900 515 946 deprecandum
543 903 691 945 excitat,
715 908 811 938 recte
838 904 913 949 ipse
948 904 1136 949 deprecari

80 968 261 998 narratur.
285 963 330 998 Et
350 963 501 1010 placabit
531 974 636 1009 super
657 975 696 998 eo
713 964 748 998 in
767 965 1047 1010 qenerationibus
1077 978 1135 1002 ve-

76 1024 171 1059 stris.
195 1024 364 1060 Sanctum
378 1030 578 1060 sanctorum
596 1026 661 1060 erit
675 1026 840 1062 Domino.
863 1027 986 1063 Placat
1002 1038 1134 1074 quippe

72 1083 194 1119 Aaron
214 1093 322 1128 super
354 1083 459 1119 altari
490 1084 642 1127 incensi,
666 1087 810 1131 quando
843 1093 993 1134 propter
1020 1087 1129 1134 justi-

70 1145 160 1179 tiam
182 1148 404 1186 sanctorum,
442 1154 548 1189 quam
571 1145 848 1182 intercessorem
878 1153 914 1183 et
934 1154 1128 1193 patronum
1149 1132 1181 1171 B

69 1203 280 1249 quaerimus,
301 1204 405 1238 nobis
423 1204 640 1249 propitiatur
669 1205 856 1242 Dominus.
884 1207 1046 1254 Denique
1065 1210 1130 1245 ob-

67 1274 169 1300 sesso
196 1264 241 1299 ab
262 1264 428 1301 hostibus
456 1266 633 1309 Ezechiae,
660 1272 704 1302 'et
734 1269 907 1304 auxilium
927 1269 1004 1315 ejus
1032 1272 1128 1307 invo-

66 1325 165 1361 canti
190 1325 268 1360 ait·
294 1325 338 1364 Et
362 1326 534 1362 civitatem
570 1328 660 1363 hanc
689 1328 830 1364 salvabo
851 1357 860 1372 ,
888 1336 919 1365 et
947 1338 1126 1378 proteqam

65 1396 143 1421 eam
164 1391 304 1432 propter
322 1397 391 1429 me,
414 1393 444 1422 et
465 1393 606 1434 propter
626 1389 737 1424 David
766 1401 902 1425 servum
919 1402 1032 1426 meum
1054 1391 1088 1438 (Ι
1098 1391 1125 1426 V

65 1444 153 1492 Rey.
177 1446 268 1492 xix).
295 1446 492 1483 Possumus
508 1458 594 1484 sane
616 1450 693 1485 liaec
730 1450 858 1486 altaria
878 1452 986 1487 etiam
1010 1453 1058 1488 ita
1075 1453 1127 1488 in-

65 1505 272 1550 terpretari,
304 1512 344 1541 ut
362 1517 501 1542 aeneum
537 1509 682 1553 quidem
710 1510 745 1545 in
770 1521 840 1556 quo
864 1522 994 1547 carnes
1021 1522 1123 1548 com-

64 1565 301 1611 burcbantur‚
331 1574 367 1604 et
387 1570 534 1614 sanguis
555 1570 770 1607 fundebatur
803 1573 1018 1616 hostiarum,
1042 1586 1117 1611 om-

64 1637 147 1663 nem
176 1628 282 1674 hujus
305 1631 477 1675 temporis
509 1631 709 1667 Ecclesiam
735 1634 970 1679 accipiamus,
995 1635 1122 1681 inqua

63 1688 184 1724 nullus
199 1695 255 1725 est
272 1691 408 1736 absque
427 1698 591 1737 peccato,
615 1694 757 1730 etiamsi
794 1695 902 1731 unius
922 1695 991 1730 diei
1014 1695 1122 1731 suerit

63 1751 137 1786 vita
168 1761 245 1797 eJus
265 1762 373 1797 super
405 1759 552 1788 terram.
582 1754 708 1790 Nullus
728 1755 789 1800 qui
818 1766 888 1791 non
909 1766 953 1791 ex
972 1762 1121 1801 peccato

61 1812 372 1858 praevaricationis
389 1812 475 1847 Adae
506 1814 704 1849 carnaliter
731 1821 850 1858 natus,
889 1826 1039 1852 necesse
1061 1818 1122 1853 ba-

60 1872 148 1909 beat
165 1873 202 1908 in
225 1872 372 1908 Christo
392 1875 546 1916 renasci,
567 1880 603 1910 et
629 1875 778 1920 spiritus
800 1875 878 1920 ejus
905 1878 986 1922 igne
1015 1889 1119 1913 mun-

59 1931 151 1968 dari.
174 1932 333 1969 Aureum
370 1943 455 1970 vero
485 1935 598 1971 altare
624 1936 741 1981 ipsum
760 1936 953 1972 Dominum
975 1938 1117 1984 signiti-

59 2001 142 2033 cat:
175 1997 237 2042 qui
268 1997 360 2032 miro
383 2003 491 2044 atque
529 1997 703 2034 ineffabili
729 1999 855 2035 ordine
893 2000 944 2035 ita
967 2010 1115 2036 carnem

57 2067 180 2094 veram
213 2059 324 2094 traxit
357 2069 399 2095 ex
420 2060 550 2103 Adam,
573 2066 613 2096 ut
638 2062 658 2096 a
688 2067 838 2107 peccato
864 2063 984 2098 carnis
1012 2063 1113 2107 Adae,

57 2120 236 2155 veraciter
265 2125 361 2156 esset
395 2120 582 2158 immunis.
614 2121 793 2164 Quoniam
831 2121 944 2158 altare
969 2124 1114 2168 quidem

57 2185 253 2227 utrumque
273 2192 317 2217 ex
344 2182 453 2218 unius
486 2183 719 2228 ejusdemque
749 2184 893 2230 generis
922 2184 1028 2229 lignis
1062 2184 1115 2220 sa-

57 2247 170 2285 ctum,
192 2243 254 2278 sed
279 2253 350 2278 non
365 2249 563 2290 utrumque
580 2251 658 2281 erat
685 2256 774 2281 auro
794 2252 1018 2291 coopertum.
1043 2247 1113 2283 Sed

57 2303 147 2338 etin
167 2303 235 2339 hoc
251 2303 355 2339 altari
375 2304 425 2339 nil
444 2305 588 2340 carnale
609 2305 841 2349 offerebatur,
861 2317 986 2343 verum
1005 2308 1112 2343 etiam

56 2367 219 2398 aromata
242 2369 380 2406 tantum
395 2364 643 2408 adolebantur,
674 2367 758 2411 quia
786 2367 958 2404 Dominus
985 2377 1112 2413 preces

54 2422 132 2459 sive
150 2422 330 2469 lacrymas
351 2424 553 2468 effundens,
574 2435 643 2461 non
670 2436 735 2472 pro
757 2427 830 2462 suis
849 2427 1029 2464 erratibus
1052 2429 1112 2473 qui

54 2485 275 2528 tinnierunt,
297 2486 360 2521 sed
383 2496 448 2531 pro
469 2492 590 2522 nostra
605 2488 674 2523 hoc
693 2487 807 2524 salute
823 2487 992 2524 faciebat.
1012 2489 1114 2525 Sicut

53 2545 153 2580 enim
188 2556 271 2586 arca
303 2547 396 2582 iutra
430 2547 549 2584 velum
570 2549 703 2594 posita,
723 2549 906 2585 hominem
927 2550 1110 2587 sedentem

54 2603 198 2639 Domini
219 2605 262 2639 ad
279 2605 465 2642 dexteram
500 2607 700 2652 majestatis
721 2609 756 2643 in
790 2608 944 2644 excelsis
976 2609 1111 2654 signifi-

55 2667 128 2703 cat,
151 2663 199 2698 ita
221 2663 336 2706 altare
356 2670 459 2701 extra
493 2665 612 2702 velum
645 2666 804 2711 quidem,
839 2667 902 2703 sed
922 2678 1034 2713 prope
1059 2669 1112 2708 iu-

56 2723 204 2759 troitum
240 2724 317 2770 eJ'us
338 2725 509 2769 positum,
534 2727 702 2764 eumdem
722 2728 960 2766 mediatorem
991 2730 1055 2767 Dei
1076 2737 1112 2768 et

54 2787 240 2824 hominum
261 2793 379 2833 potest
396 2788 594 2835 figuraliter
626 2790 830 2835 exprimere
849 2803 858 2827 :
884 2791 979 2828 inter
996 2793 1111 2830 bomi-

53 2857 119 2884 nes
138 2848 284 2894 quidem
317 2849 525 2887 humanitus
545 2857 837 2895 conversantem,
857 2853 919 2893 sed
947 2855 1109 2898 potentia

1218 296 1278 340 tis,
1302 298 1364 343 qui
1385 297 1422 334 in
1454 300 1583 346 spiritu
1603 307 1640 338 et
1659 303 1818 340 veritate
1840 303 1950 343 orant
1982 308 2128 350 Patrem
2147 325 2276 355 conve-

1215 355 1359 392 nienter
1384 358 1498 404 accipi
1515 365 1647 406 potest.
1679 361 1744 398 Cui
1769 367 1891 399 autem
1915 365 2047 414 melius
2065 354 2276 416 quanihuic

1215 415 1319 452 altari
1353 421 1535 465 convenit,
1568 423 1665 469 quod
1699 423 1833 460 dicitur
1865 423 2038 474 Sanctum
2068 417 2274 478 sanctorum

1214 478 1285 513 erit
1314 479 1479 525 Domino,
1516 484 1561 519 de
1597 493 1669 529 quo
1708 485 1744 521 in
1776 486 1950 524 mundum
1975 478 2152 538 nascitur,
2184 497 2275 535 dixit

1213 537 1352 585 Virgini
1374 543 1480 578 matri
1500 546 1740 593 archangelus
1759 559 1768 583 ε
1791 547 1945 598 Spiritus
1977 559 2121 590 sanctus
2155 567 2276 604 super-

1211 601 1321 636 veniet
1341 602 1375 637 in
1400 610 1433 639 te
1454 603 1554 652 (Luc.
1577 606 1619 654 ι),
1642 607 1687 643 Ει
1701 609 1854 658 reliqua,
1880 610 2068 660 Descripta
2087 611 2273 664 hucusque

1210 660 1351 700 factura
1373 662 1497 700 altaris
1533 666 1687 711 incensi,
1724 677 1891 723 superest
1925 673 2044 710 adhuc
2077 675 2273 724 descriptio

1209 720 1302 757 labri
1338 724 1444 766 aenei,
1481 725 1516 760 in
1538 736 1610 772 quo
1635 727 1799 766 lavarent
1823 742 1954 769 manus
1973 743 2059 770 suas
2079 746 2122 772 ac
2144 732 2270 783 pedes,

1207 782 1408 829 ingressuri
1447 786 1483 822 in
1514 788 1788 827 tabernaculum
1816 795 2051 840 sacerdotes;
2076 790 2267 845 sed'prae-

1206 846 1422 882 termittitur
1454 859 1565 884 unum
1589 851 1732 888 Domini
1765 854 1990 900 mandatum,
2026 859 2123 904 quod
2142 855 2180 906 et
2202 871 2270 898 nos

1203 903 1365 941 breviter
1388 912 1538 954 tangere
1569 920 1611 946 ac
1645 922 1712 957 pro
1741 914 1886 951 modulo
1921 922 2047 953 nostro
2085 904 2268 966 exponere

1202 967 1382 1002 convenit.
1405 967 1602 1015 Sequitur:

1609 1033 1761 1070 CAPUT
1795 1036 1855 1071 XI.

1199 1087 1252 1124 De
1265 1099 1305 1124 eo
1323 1090 1417 1135 quod
1434 1090 1606 1127 Dominus
1622 1093 1720 1138 jubet
1732 1095 1887 1142 ‘pretium
1908 1108 1972 1142 pro
1988 1100 2173 1138 animabus
2192 1103 2267 1140 sin-

1291 1137 1454 1182 qulorum
1473 1146 1654 1176 numerato
1671 1142 1811 1187 popula,
1829 1143 1981 1180 Domino
1997 1146 2165 1193 impendi.

1244 1209 1465 1259 Locutusque
1479 1220 1527 1248 est
1537 1213 1707 1250 Dominus
1727 1215 1773 1251 ad
1791 1215 1937 1263 Moysen
1947 1219 2089 1256 dicens:
2110 1222 2263 1266 Quando

1196 1270 1318 1307 tuleris
1334 1284 1508 1309 summam
1529 1275 1684 1320 filiorum
1702 1276 1830 1321 Israel,
1852 1279 1960 1325 juxta
1986 1293 2170 1320 numerum
2196 1286 2262 1322 da-

1196 1331 1278 1367 bunt
1298 1334 1427 1380 sinquli
1448 1338 1599 1380 pretium
1629 1349 1691 1383 pro
1723 1340 1907 1377 animabus
1933 1343 2006 1378 suis
2026 1344 2192 1391 Domino,
2230 1356 2263 1384 et

1195 1394 1342 1427 nouerit
1367 1394 1471 1439 playa
1499 1395 1534 1430 in
1559 1397 1621 1431 eis.
1661 1397 1738 1432 Hoc
1773 1406 1891 1435 (tutem
1923 1402 2021 1438 dabit
2056 1407 2169 1442 omnis
2200 1409 2261 1454 qui

1193 1453 1320 1486 transit
1356 1453 1401 1487 ad
1428 1465 1566 1497 nomen,
1602 1456 1787 1493 dimidiant
1822 1459 1899 1494 sicli
1914 1461 2021 1506 juxta
2058 1475 2260 1501 mensuram

1192 1512 1323 1559 templi.
1366 1513 1483 1550 Siclus
1507 1517 1626 1562 viqimi
1648 1518 1764 1554 obolos
1782 1520 1896 1556 habet.
1936 1522 2052 1560 Media
2071 1536 2158 1571 pars
2180 1527 2260 1563 sicli

1191 1574 1341 1610 offertur
1361 1575 1526 1612 Domino.

1237 1636 1351 1682 IIuJus
1377 1639 1550 1683 pr-,ecepti
1574 1640 1707 1676 oblitus
1727 1647 1783 1677 est
1803 1643 1915 1679 David
1929 1670 1939 1686 ,
1960 1646 2106 1690 quando
2126 1658 2253 1684 nume-

1190 1697 1284 1731 ravit
1310 1698 1498 1743 populum,
1532 1700 1686 1746 ideoque
1714 1702 1859 1749 plagam
1887 1708 2114 1743 numerando
2137 1707 2257 1744 eidem

1188 1759 1321 1804 populo
1349 1762 1524 1796 conscivit
1557 1762 1620 1806 (ΙΙ
1657 1762 1744 1810 Req.
1764 1765 1887 1810 xxiv).
1916 1766 2103 1813 Spirituali
2136 1776 2258 1807 autem

1189 1829 1296 1856 sensu
1325 1831 1465 1858 summa
1486 1822 1639 1859 liliorum
1657 1824 1782 1869 lsrael,
1805 1837 1983 1864 summam
2003 1832 2166 1868 omnium
2194 1833 2258 1869 de-

1187 1880 1307 1925 signat
1334 1882 1535 1918 electorum
1564 1895 1720 1930 quorum
1753 1888 1899 1923 nomina
1931 1891 2069 1936 scripta
2103 1899 2188 1929 sunt
2216 1894 2253 1930 in

1187 1941 1293 1983 coelo,
1331 1943 1535 1989 singulique
1567 1946 1655 1981 dant
1676 1956 1742 1992 pro
1769 1949 1958 1986 animabus
1991 1952 2066 1988 suls
2095 1955 2252 1999 pretium

1186 2001 1354 2044 Domino,
1379 2013 1462 2038 cum
1483 2005 1514 2039 ei
1542 2005 1578 2040 in
1600 2005 1704 2042 bonis
1730 2009 1901 2054 operibus
1918 2011 2091 2048 exhibent
2119 2015 2254 2052 sedulae

1186 2062 1372 2098 servitutis
1390 2064 1620 2110 obsequium.
1638 2066 1805 2113 Alioquin
1824 2068 1930 2116 playa
1948 2072 2015 2106 erit
2031 2072 2068 2107 in
2086 2073 2151 2117 eis,
2173 2085 2252 2109 cum

1184 2122 1316 2168 suerint
1342 2126 1515 2161 recensiti.
1535 2126 1624 2170 Quia
1642 2127 1813 2164 nimirum
1829 2129 1919 2166 ultio
1936 2138 2059 2168 manet
2076 2139 2251 2180 perpetua

1183 2192 1259 2227 eos,
1283 2184 1344 2229 qui
1361 2184 1519 2220 fidelium
1535 2197 1686 2224 numero
1704 2198 1776 2224 non
1796 2197 1982 2226 merentur
2001 2193 2146 2237 sociari,
2165 2205 2249 2241 per-

1182 2244 1277 2280 fecta
1306 2246 1388 2281 lidei
1413 2257 1523 2291 opera
1543 2248 1697 2285 Domino
1711 2240 1844 2287 offerre
1862 2251 2083 2298 detrectent,
2102 2256 2253 2292 dicitur-

1181 2316 1251 2352 que
1276 2307 1319 2343 de
1343 2308 1471 2344 talibus
1494 2319 1502 2343 z
1522 2309 1604 2346 Non
1623 2311 1757 2346 dabunt
1778 2312 1852 2347 Deo
1877 2313 2113 2359 placationem
2133 2329 2251 2362 suam,

1182 2380 1243 2404 nec
1261 2371 1410 2415 pretium
1430 2372 1675 2420 redemptionis
1695 2376 1823 2411 animes
1841 2387 1914 2412 suoe
1931 2376 2055 2424 (Psal.
2093 2390 2207 2416 XLvul
2222 2382 2248 2426 ).

1182 2428 1388 2476 Redemptio
1409 2433 1504 2467 enim
1525 2435 1653 2469 animae
1672 2435 1737 2470 viri
1754 2436 1886 2472 divitioe
1906 2448 1980 2472 suae
2001 2438 2124 2484 (Prov.
2144 2439 2245 2486 1111),

1181 2495 1221 2523 ut
1242 2488 1413 2526 Salomon
1444 2493 1515 2534 ait;
1550 2494 1627 2528 sive
1661 2497 1880 2540 temporales
1898 2509 1906 2531 x
1924 2497 2064 2533 scilicet
2083 2508 2166 2534 cum
2185 2510 2249 2538 eas

1180 2548 1399 2586 distribuerit
1429 2551 1630 2598 dederitque
1657 2554 1869 2599 pauperibus
1892 2565 1903 2590 .’
1931 2562 1969 2590 ut
1995 2556 2140 2602 justitia
2168 2559 2246 2604 ejtts

1180 2617 1322 2646 ntaneat
1343 2612 1381 2646 in
1407 2612 1578 2650 saecutum
1595 2614 1716 2650 sa‘culi
1745 2615 1864 2661 (Psoi.
1885 2616 1961 2664 111);
1984 2627 2048 2653 seu
2076 2619 2248 2664 spiritua-

1180 2669 1246 2712 les,
1267 2671 1335 2706 boc
1353 2677 1423 2714 est,
1451 2671 1682 2717 ipsajustitia
1699 2685 1808 2720 quam
1836 2675 1936 2719 Fecit,
1961 2677 2014 2712 vel
2038 2678 2246 2717 miserendo

1178 2731 1412 2776 pauperibus,
1431 2732 1488 2767 vel
1505 2732 1575 2769 alia
1594 2734 1689 2769 bona
1710 2733 1888 2772 faciendo.
1907 2737 2012 2778 Dabit
2028 2744 2150 2775 autem
2168 2751 2244 2775 om-

1179 2792 1233 2827 nis
1251 2793 1311 2839 qui
1328 2795 1456 2829 transit
1474 2794 1519 2831 ad
1539 2805 1664 2831 ηοηιεη
1685 2796 1872 2832 dimidium
1893 2799 1986 2843 sicli,
2009 2801 2079 2837 hoc
2092 2807 2160 2844 est,
2183 2802 2245 2841 de-

1178 2863 1258 2889 cem
1277 2854 1421 2898 obolos;
1457 2856 1551 2900 quod
1567 2866 1639 2891 non
1661 2856 1758 2893 aliud
1775 2859 1894 2904 aptius
1920 2870 2028 2905 quam
2047 2861 2245 2898 observan-

53 2909 263 2953 diviuitatis‚
283 2910 456 2947 coelorum
485 2911 660 2949 interiora
692 2919 955 2959 penetrantem.
978 2914 1108 2952 Stabat
1125 2939 1160 2978 D
1178 2914 1226 2950 tia
1254 2915 1415 2963 decalogi
1437 2916 1539 2963 legis,
1572 2917 1716 2963 anobis
1743 2918 1841 2964 valet
1867 2920 2031 2968 intelligi.
2057 2921 2126 2966 Qui
2143 2922 2241 2958 enim

53 2969 166 3006 altare
191 2970 330 3007 incensi
346 2971 384 3007 in
410 2973 618 3017 sanctuario
638 2973 699 3019 ubi
718 2978 755 3011 et
785 2975 1047 3017 candelabrum
1070 2982 1106 3012 et

51 3038 192 3073 mensa,
220 3031 305 3076 quia
319 3032 470 3070 verbnm
490 3043 574 3070 caro
609 3032 744 3071 factum
766 3039 837 3079 est,
860 3041 897 3074 et
929 3037 1106 3077 habitavit

51 3087 90 3129 in
109 3090 227 3139 nobis.
254 3089 381 3131 Stabat
399 3103 485 3132 arca
514 3094 610 3134 intra
635 3095 770 3139 velum,
802 3097 886 3142 quia
911 3097 1006 3138 idem
1037 3100 1106 3140 Da.-

51 3150 174 3190 minus
205 3150 323 3196 Iesus,
361 3159 444 3199 post
485 3156 693 3210 passiopem
727 3159 1105 3206 resurrectionemque

30 3212 154 3253 Ζιιιειιιι
183 3218 390 3259 assumptus
421 3220 478 3252 est
511 3215 549 3254 in
581 3217 725 3260 omium,
751 3223 787 3255 et
811 3219 951 3258 sedata
968 3220 1104 3261 dextris

30 3262 130 3330 :205
149 3270 267 3318 Super
286 3273 367 3320 eius
390 3283 526 3314 cornua
554 3276 681 3316 altaris
697 3277 914 3324 deprecatur
927 3279 1048 3321 Aaron
1069 3281 1106 3318 in

47 3330 226 3378 δ”ςιιίηο
254 3332 350 3377 quad
385 3333 546 3375 oblatum
573 3340 629 3378 est
656 3346 722 3382 pro
738 3343 888 3382 peccato
904 3365 913 3382 ,
932 3343 969 3378 et
987 3339 1107 3386 placat

47 3395 86 3449 ”4
154 3401 233 3435 ea.
254 3391 398 3443 quanda
417 3400 586 3440 rogantes
617 3405 683 3442 nro
699 3398 832 3444 pupulo
860 3399 940 3443 uei,
963 3400 1020 3442 vel
1037 3411 1105 3446 pro

57 3449 295 3504 {mmm
312 3453 513 3500 isnoranaa
539 3457 762 3502 moerentes,
782 3469 849 3506 per,
874 3461 1103 3508 unigenitum

109 3513 134 3536 ’ἲ
156 3526 171 3541 ¹»
210 3512 289 3560 siue
315 3523 399 3564 asse
415 3515 654 3562 adiuvandas.
683 3523 721 3560 et
744 3529 808 3566 ner
833 3526 1104 3567 sacramentum

120 3616 132 3632 ἃ
154 3608 180 3616 ,.
219 3587 223 3590 ·
259 3573 358 3620 illius
379 3575 572 3630 salvandas
607 3587 688 3624 asso
707 3579 907 3630 cautinum,
937 3586 1107 3627 mouente

144 3644 179 3677 .·
231 3643 305 3685 ,ω
327 3635 504 3683 &aaut
538 3637 610 3685 Ber
636 3639 758 3687 insum
786 3651 876 3696 ersa
907 3639 1105 3687 offeramus

170 3700 172 3703 ’
215 3696 225 3716 ³
250 3708 276 3713 ¹
332 3698 615 3755 §wat-Bao.
633 3700 671 3745 id
686 3705 758 3747 est,
793 3701 951 3757 frustum
986 3702 1102 3750 iahia-

395 3758 581 3822 witti
598 3758 692 3826 dus-
708 3761 815 3834 speci
848 3762 895 3817 de
930 3763 1100 3810 omnihus

410 3839 523 3862 tufltkw,
548 3849 550 3853 ·
575 3850 589 3862 .=
623 3847 636 3855 ’-

27 3753 37 3790 -
25 3344 37 3727 Quo—-.1⁸»m

1179 2977 1275 3013 hune
1289 2983 1387 3014 recte
1406 2978 1611 3026 intelligere
1628 2980 1727 3024 novit
1747 2991 1893 3025 omnem
1911 2983 1949 3024 in
1965 2993 2008 3020 eo
2028 2990 2065 3020 et
2083 2984 2167 3021 fidei
2188 2991 2243 3022 at-

1178 3046 1249 3083 que
1279 3038 1400 3084 operis
1429 3039 1705 3084 plenitudinem,
1743 3046 1780 3081 et
1804 3040 1936 3085 futur-:e
1961 3045 2240 3090 promissionem

1177 3098 1429 3145 retributionis
1449 3099 1570 3145 inesse
1587 3101 1769 3148 cognovit.
1786 3102 1955 3150 Denique
1972 3104 2010 3150 in
2026 3105 2156 3152 primis
2173 3107 2238 3145 tri-

1177 3162 1245 3204 bus
1264 3161 1411 3205 dilectio
1428 3162 1508 3206 Dei,
1529 3163 1566 3199 in
1594 3165 1830 3210 sequentibus
1854 3171 1992 3212 septem
2018 3166 2162 3209 dilectio.
2185 3172 2241 3203 est

1177 3223 1334 3270 proximi
1355 3224 1615 3270 comprehensa
1644 3223 1818 3270 ApostQLo
1834 3231 1927 3267 teste
1948 3239 1956 3261 :
1977 3224 2167 3268 Plenitudo,
2189 3223 2237 3270 le-

1177 3284 1230 3330 gis
1254 3290 1305 3320 est
1319 3283 1461 3323 dilectio
1480 3283 1603 3331 (Rom.
1629 3285 1732 3332 1111)·
1755 3284 1826 3324 Sed
1856 3290 1894 3327 et
1919 3285 2016 3326 aliud
2033 3293 2238 3327 sacramen-

1177 3349 1254 3387 tum
1278 3354 1507 3391 nequaquam
1534 3345 1839 3391 praetereundum,
1859 3345 1986 3386 eodem
2005 3353 2158 3389 numero
2176 3344 2238 3391 de-

1176 3405 1279 3445 nario
1297 3406 1516 3448 continetur.
1539 3405 1679 3445 Nomen
1699 3405 1796 3447 enim
1811 3403 1918 3446 Jesttss,
1942 3402 2038 3448 &liud
2065 3402 2236 3449 Hebrum-⁴3

1173 3476 1197 3506 a
1210 3467 1333 3507 littera
1350 3467 1426 3512 iad.
1446 3467 1542 3513 apud
1557 3466 1704 3507 Graecos
1718 3466 1792 3505 iata
1811 3464 1953 3515 incinit,
1974 3463 2063 3510 Qum
2082 3470 2236 3514 utraque

1176 3525 1215 3572 ia¹
1244 3535 1311 3568 sua
1338 3530 1458 3572 geute,
1492 3524 1632 3568 denarii
1657 3527 1714 3567 est.
1731 3529 1818 3578 nota
1842 3523 1998 3570 numeri,
2031 3524 2236 3573 fissamque

1175 3584 1301 3627 obolas
1326 3585 1364 3627 ia
1390 3584 1551 3630 aretium
1577 3583 1706 3627 animm
1719 3593 1795 3629 wa
1810 3583 1966 3630 Domina
1983 3584 2154 3633 nauum.
2171 3589 2235 3634 aui

1171 3645 1296 3685 lesum
1327 3644 1512 3687 christum
1542 3645 1757 3690 credemus.
1788 3645 1934 3693 sianum
1963 3647 2124 3692 nominis
2154 3647 2233 3695 aius

1171 3707 1269 3753 quod
1291 3705 1440 3745 denario
1461 3715 1615 3747 numero
1639 3706 1780 3754 incinit.
1809 3707 1849 3750 in
1878 3707 2002 3752 fronte
2028 3713 2067 3763 eq
2092 3709 2232 3757 proffi-

1170 3765 1272 3808 sione
1288 3763 1490 3812 proferunt.
1510 3765 1557 3808 Et
1574 3764 1730 3811 tautum
1749 3765 1857 3827 aium
1873 3767 1992 3816 mun
2009 3770 2230 3822 manti
