2540 4016
33 90 36 94 ,
56 65 75 89 0

32 104 127 169 {2321

601 115 870 155 ENARRATIO
893 115 1046 155 SUPER
1070 115 1511 157 DEUTERDNOMIUMJ
1511 140 1559 149 -—
1580 123 1664 160 LIB-
1690 126 1720 161 1.

2163 139 2236 177 842

32 180 139 248 3Daec
161 205 244 232 eum
269 203 309 234 se
328 195 381 232 ita
404 194 575 239 habeant,
603 193 792 230 videamus
822 193 909 239 quid
939 192 1118 239 significet
1135 197 1172 237 A
1188 198 1252 229 aut
1281 203 1375 230 unus
1407 202 1512 238 apex,
1534 205 1606 231 non
1630 199 1828 242 praeteribit
1844 203 1960 250 alege
1981 207 2095 248 donec
2112 214 2236 251 omnia

28 252 240 303 moyses,'
241 256 304 303 qui
323 256 369 292 ad
399 265 544 292 omnem
572 254 683 291 Israel
718 259 819 291 trans
850 253 1044 290 Jordanem
1076 255 1115 291 in

41 315 252 354 «solitudine
283 316 476 362 campestri
495 319 622 352 eontra
640 323 743 351 mare
759 312 939 356 Rubrum,
958 314 995 349 in
1025 313 1115 350 locis

39 376 121 422 *qui
139 381 403 423 consequenter
417 376 532 413 notati
563 379 659 419 sunt,
694 374 838 411 loeutus
863 378 931 409 est.
966 373 1114 419 Moysen

57 437 156 472 enim
178 442 305 484 typum
323 436 414 483 legis
447 436 582 473 veteris
610 435 746 472 habere
765 435 934 471 omnibus
962 433 1115 470 manife-

55 502 154 534 stum
169 502 240 541 est,
256 498 318 543 qui
336 501 437 533 trans
454 497 647 534 Jordanem
660 496 700 532 in
715 495 907 532 solitudine
921 493 1115 541 campestri

54 557 227 606 populum
248 557 382 593 docuit.
403 557 573 595 Jordanis
598 557 710 600 enim,
730 567 798 603 pro
816 566 860 593 eo
876 556 973 602 quod
992 554 1116 591 Salva-

54 623 114 656 tor
144 618 182 653 in
200 617 262 653 illo
278 617 483 664 baptizatus
502 624 572 661 est,
599 623 724 664 typum
755 621 855 654 tenet
873 615 1113 662 baptismatis.

23 710 26 711 γ
53 677 101 715 Ει
121 677 264 724 Moyses
293 682 394 713 trans
410 677 604 714 Jordanem
618 677 730 713 Israel
763 676 897 720 docuit,
927 676 1012 721 quia
1034 680 1117 711 ante

39 736 347 774 -constitutionem
372 737 605 783 baptismatis
624 742 660 773 et
680 736 771 773 Novi
792 735 1014 772 Testamenti
1035 744 1117 779 gra-

54 797 140 835 tiam
155 797 213 833 lex
233 797 392 844 priorem
422 797 593 843 populum
616 798 660 834 de
681 796 864 832 mandatis
882 794 949 830 Dei
968 794 1117 830 instruit

38 863 89 897 «ct
107 859 177 895 hoc
196 858 233 894 in
254 858 445 894 solitudine
466 859 674 903 campestri,
693 857 762 892 hoc
780 860 849 898 est,
868 854 905 890 in
927 853 1116 890 sterilitate

38 919 211 956 carnalis
243 919 374 966 plebis,
409 929 488 965 quae
522 918 721 965 spiritalem
742 913 928 951 ‘virtutum
959 913 1116 950 fructum

50 981 197 1027 gignere
222 979 423 1015 nesciebat.
458 978 594 1014 Contra
614 976 781 1011 videlicet
815 983 917 1009 mare
936 973 1113 1018 Rubrum,

49 1039 135 1086 quia
150 1039 240 1074 dura
256 1047 358 1073 mens
385 1037 624 1082 reproborum
644 1033 862 1070 ablutionem
881 1039 1115 1080 peecatorum

1167 253 1273 288 rfiant
1289 252 1433 300 (Mami.
1464 252 1516 298 v).
1539 265 1552 286 ι
1581 253 1675 296 Quid
1691 261 1812 291 autem
1835 267 1900 302 per
1914 261 2093 307 figuram·
2083 262 2236 311 innua‘nt

1183 312 1419 359 quadraginta
1429 312 1513 348 anni
1520 339 1530 356 ,
1539 312 1671 358 quibus
1684 313 1863 351 laboriose
1873 322 2040 363 peractis,
2052 326 2116 363 tilii
2126 331 2237 370 lsrael

1183 373 1230 408 ad
1271 373 1564 419 repromissionis
1604 378 1742 409 terram
1786 376 2040 415 transierunt?
2072 383 2237 428 Dicemus

1184 433 1315 479 quippe
1332 442 1399 478 per
1412 434 1479 470 hos
1497 433 1738 480 quadraginta
1757 443 1870 470 annos
1889 440 2005 473 totum
2017 441 2140 476 saeculi
2153 449 2240 483 tem.

1182 502 1251 539 pus
1271 492 1527 539 significatum,
1544 494 1582 528 in
1601 503 1672 539 quo
1691 493 1781 528 vivit
1794 493 1957 530 Ecclesia
1977 498 2044 533 sub
2060 498 2242 540 laboribus

1184 552 1516 598 tentationibusque
1535 553 1750 599 periculosis
1762 580 1772 597 ‚
1792 555 1969 600 sperando
1988 557 2085 601 quod
2102 569 2175 595 non
2189 562 2243 597 vi-

1185 613 1246 649 det
1267 623 1332 659 per
1351 614 1579 660 patientiam,
1596 624 1784 660 quousque
1808 615 1854 651 ad
1869 616 2087 661 promissam
2102 625 2245 658 aeternae

1185 672 1373 710 felicitatis
1390 674 1580 720 perveniat
1604 675 1773 721 patriam.
1798 675 1883 711 Ideo
1904 682 1940 712 et
1956 677 2131 715 Dominus
2158 690 2245 726 qua-

1186 736 1351 783 draginta
1370 735 1498 772 diebus
1525 736 1717 783 jejunavit,
1745 743 1781 773 et
1809 739 2047 787 quadraginta
2079 743 2246 780 noctibus

1185 802 1347 834 tentatus
1367 803 1424 834 εει
1442 799 1479 834 in
1498 808 1633 836 eremo.
1673 799 1812 846 Corpus
1837 800 1934 837 enim
1958 802 2048 848 ejus,
2070 805 2167 849 quod
2191 810 2247 842 est

1184 857 1346 895 Ecclesia
1362 885 1371 902 ‚
1399 868 1548 895 necesse
1566 865 1622 896 est
1650 861 1868 897 tentationes
1886 861 2102 909 laboresque
2127 865 2245 910 patia-

1185 924 1244 954 tur
1264 919 1302 955 in
1319 919 1388 956 hoc
1419 919 1565 963 saeculo,
1585 930 1773 966 quousque
1798 922 1968 958 adveniat
1987 922 2073 959 illud
2103 929 2247 971 tempus

1185 978 1246 1012 ubi
1266 984 1349 1022 post
1377 981 1597 1016 tentationes
1636 981 1810 1026 suscipiat
1828 983 2106 1021 consolationes.
2133 997 2145 1018 ι
2171 985 2246 1022 Un-

1187 1035 1339 1078 decimo,
1360 1037 1491 1082 inquit,
1510 1048 1651 1080 mense,
1669 1039 1788 1084 prima
1809 1040 1865 1076 die
1886 1043 2020 1078 mensis
2034 1042 2177 1079 loeutus
2190 1049 2247 1081 est

37 1099 86 1136 {in
104 1097 278 1145 sanguine
298 1096 434 1134 Christi
450 1095 529 1131 fieri
546 1094 644 1131 nullo
663 1094 771 1130 modo
791 1094 958 1130 credidit.
981 1107 992 1128 ι
1012 1095 1110 1130 Inter
1128 1100 1160 1138 Β
1179 1095 1320 1142 Moyses
1336 1096 1382 1132 ad
1398 1096 1491 1133 filios
1508 1097 1619 1133 Israel
1638 1099 1759 1134 omnia
1776 1110 1856 1145 quae
1869 1107 2094 1147 praeceperat
2112 1104 2146 1139 ei
2177 1104 2247 1140 Do-

35 1159 250 1202 lPharanet
267 1157 403 1204 Tophel
416 1162 452 1194 et
470 1157 595 1194 Laban
615 1162 651 1192 et
669 1156 860 1192 Haseroth.
885 1169 898 1191 ι
921 1156 1004 1192 Haec
1021 1167 1109 1202 qua-

36 1226 129 1259 =tuor
147 1221 225 1258 loca
240 1230 306 1266 per
320 1219 478 1256 nominis
495 1218 836 1264 interpretationem
864 1218 1035 1263 mysteria
1054 1217 1109 1253 di-

46 1284 131 1320 vina
150 1282 368 1331 significant.
386 1282 531 1318 Pharan
546 1287 668 1317 autem
687 1280 946 1326 interpretatur
968 1284 1107 1316 auctus.

35 1342 183 1389 'Tophel
192 1342 390 1378 insulsitas.
403 1341 529 1378 Laban
549 1340 742 1383 dealbatio,
757 1345 793 1375 ει
809 1338 986 1375 Haseroth
1003 1340 1107 1375 atria.

35 1405 124 1452 lese
145 1415 232 1452 ergo
250 1404 403 1451 populus
419 1404 476 1439 cui
494 1403 552 1439 lex
573 1403 694 1439 divina
715 1402 879 1448 exposita
898 1407 969 1445 est,
984 1406 1110 1437 anetus

35 1466 112 1502 tsuit
140 1472 213 1502 tam
245 1467 283 1502 in
306 1465 537 1501 multitudine
569 1466 758 1502 hominum
773 1492 781 1508 ,
817 1475 926 1510 quam
946 1465 1055 1500 etiam
1074 1464 1111 1499 in

36 1527 240 1563 =collatione
275 1526 365 1573 legis
403 1531 438 1562 et
472 1526 734 1572 prophetarum
749 1552 758 1569 ,
784 1535 864 1571 quae
899 1525 952 1561 eis
990 1525 1111 1560 divina

34 1585 239 1623 «elementia
269 1586 458 1634 impendit.
483 1586 555 1622 Sed
586 1585 745 1622 insulsus
782 1585 863 1629 suit,
884 1586 967 1631 quia
999 1585 1111 1621 salem

35 1649 223 1696 :spiritalis
249 1649 436 1695 sapientiae
462 1659 533 1685 non
560 1649 707 1684 amavit.
742 1648 934 1684 Dealbatus
968 1656 1111 1693 quoque

48 1710 87 1747 in
114 1711 342 1748 eaeremoniis
357 1711 449 1757 legis
466 1715 502 1746 et
525 1710 629 1746 vanis
648 1709 851 1753 munditiis,
875 1719 955 1755 quse
993 1719 1031 1744 se
1066 1719 1110 1744 ex

34 1778 225 1819 ipraeeepto
241 1772 330 1818 legis
351 1773 487 1808 habere
501 1772 683 1808 credebat.
709 1771 780 1807 Sed
800 1776 836 1806 et
857 1770 948 1806 atria
967 1770 1110 1813 merito,

36 1833 82 1869 id
96 1838 165 1877 est,
181 1834 335 1880 populus
354 1834 425 1870 dici
455 1838 589 1880 potest,
608 1833 692 1878 quia
710 1842 777 1878 per
799 1831 1007 1877 Scripturas
1023 1830 1112 1866 divi-

45 1903 112 1929 nas
136 1894 182 1930 ad
197 1894 395 1940 ,introitum
428 1893 512 1930 fidei
538 1898 687 1939 paratus
723 1892 803 1929 suit.
832 1891 931 1928 Unde
965 1891 1112 1937 plurimi

34 1963 170 1991 ·e0ru1n
190 1955 227 1989 in
242 1953 439 1990 Salvatoris
453 1954 567 1990 nostri
579 1954 736 1989 adventu
756 1962 776 1987 a
792 1952 871 1997 lege
886 1951 994 1993 docti,
1013 1957 1049 1987 ει
1066 1961 1112 1987 ex

1179 1157 1300 1193 minus
1308 1157 1567 1194 utdieereteis.
1584 1171 1596 1193 ›
1611 1159 1703 1203 Quid
1713 1166 1834 1197 autem
1843 1161 2247 1207 significatundenarius

1180 1227 1354 1254 numerus
1367 1246 1376 1262 ,
1394 1219 1469 1264 Jam
1489 1220 1736 1265 supradictum
1755 1227 1821 1258 est.
1844 1221 1915 1257 Sed
1934 1223 2002 1259 hoc
2016 1223 2247 1260 consideran-

1181 1280 1278 1322 dum,
1296 1280 1383 1325 quid
1397 1280 1524 1316 innuat
1542 1283 1695 1326 mystice
1714 1284 1808 1328 quod
1826 1283 1911 1319 dicit
1931 1284 2090 1329 ejusdcm
2112 1286 2246 1323 mensis

1180 1341 1362 1376 undecimi
1386 1342 1503 1387 prima
1526 1343 1583 1378 die
1613 1344 1774 1379 locutum
1802 1345 1916 1381 fuisse
1941 1345 2088 1392 Moysen
2119 1353 2245 1382 eontra

1179 1401 1302 1437 lsrael.
1319 1401 1432 1457 ‘Sicut
1462 1402 1559 1438 enim
1580 1403 1617 1438 in
1636 1405 1828 1441 undecimo
1849 1415 1974 1442 mense
1995 1416 2168 1451 expressa
2188 1413 2245 1444 est

1180 1462 1269 1509 legis
1290 1465 1543 1510 transgressio,
1564 1466 1617 1501 sic
1638 1466 1729 1501 evin
1748 1467 1866 1512 prima
1886 1468 1945 1503 die
1969 1469 2106 1504 mensis
2124 1469 2245 1514 pervi-

1180 1524 1228 1570 gil
1244 1522 1289 1560 'ad
1308 1526 1510 1562 docendum
1534 1527 1784 1563 demonstrata
1802 1533 1859 1564 est
1877 1529 2096 1574 legislatoris
2126 1530 2245 1566 inten-

1179 1585 1231 1620 tio
1263 1598 1271 1620 :
1305 1586 1390 1630 quia
1421 1596 1466 1622 ex
1502 1597 1572 1632 quo
1603 1587 1815 1624 inobediens
1843 1589 1996 1635 populus
2033 1590 2245 1635 accipiendo

1181 1648 1384 1693 transgredi
1417 1654 1600 1694 praecepta
1632 1659 1705 1685 non
1736 1650 1873 1693 timuit,
1893 1650 2015 1686 statim
2042 1661 2107 1696 per
2126 1651 2244 1687 lucem

1179 1709 1448 1753 praedicationis
1466 1716 1502 1746 et
1519 1710 1756 1748 correctionis
1786 1711 2007 1748 voluntatem
2028 1711 2172 1748 Domini
2192 1712 2246 1749 illi

1181 1768 1365 1804 insinuare
1382 1770 1532 1812 studuit,
1551 1775 1587 1805 et
1605 1780 1667 1806 eos
1685 1771 1868 1816 corrigere
1898 1776 2005 1816 atque
2028 1771 2074 1807 ad
2094 1772 2244 1807 meliora

1180 1839 1379 1874 provocare
1397 1830 1518 1866 verbis
1534 1836 1643 1875 atque
1666 1831 1839 1876 exemplis
1870 1831 1968 1867 nullo
1988 1832 2094 1867 modo
2123 1842 2244 1868 cessa-

1180 1888 1243 1923 vit.
1264 1900 1275 1921 ι
1294 1888 1490 1934 Postquam
1504 1890 1683 1935 percussit
1700 1890 1793 1926 Seon
1805 1901 1924 1937 regem
1932 1892 2242 1935 Amorrhaeorum,

1186 1962 1198 1983 ι
1229 1951 1290 1996 qui
1306 1950 1483 1986 habitavit
1506 1951 1542 1986 in
1562 1951 1741 1993 lhsebon,
1767 1958 1802 1987 et
1821 1952 1873 1998 Og
1889 1963 2010 1998 regem
2031 1953 2163 1996 Basan,
2180 1954 2243 1999 qui

35 2013 302 2062 'prophetarum
319 2012 476 2048 oraculis
492 2012 674 2055 instructi,
697 2021 740 2047 eo
758 2010 900 2046 facilius
916 2010 961 2046 ad
978 2011 1108 2047 credu-
1127 2004 1156 2046 C
1182 2023 1194 2044 ‹
1226 2011 1360 2047 mansit
1377 2012 1414 2046 in
1430 2011 1616 2054 Astaroth,
1637 2017 1672 2048 et
1693 2012 1729 2047 in
1749 2012 1857 2047 Edrai
1875 2018 1975 2047 trans
1994 2011 2186 2049 Jordanem
2202 2014 2239 2048 in

35 2074 184 2111 llitatem
201 2074 363 2120 ejusdem
383 2073 593 2110 mediatoris
615 2073 679 2109 Dei
713 2078 750 2108 et
771 2073 961 2108 hominum
980 2081 1108 2118 perve-

36 2136 125 2172 :nire
143 2139 350 2182 potuerunt,
373 2135 544 2182 quoniam
560 2145 644 2171 eum
663 2140 746 2171 ante
763 2134 977 2181 praedictum
997 2135 1111 2172 saeris

35 2195 178 2231 vliueris
198 2201 433 2241 agnoverant.
460 2195 563 2231 Unde
581 2195 768 2242 Philippus
791 2197 828 2232 in
845 2196 1040 2242 Evangelio
1066 2197 1111 2233 ad

46 2256 247 2293 Nathanael
269 2257 346 2293 ait:
373 2269 384 2289 ι
409 2255 523 2300 Quem
545 2257 690 2303 scripsit
720 2257 860 2303 Moyses
881 2258 918 2292 in
949 2258 1039 2304 lege,
1075 2262 1112 2293 et

36 2318 244 2366 zprophetae,
273 2319 478 2355 invenimus
499 2317 623 2355 Jesum
654 2319 767 2354 filium
794 2317 926 2364 Joseph
950 2328 971 2353 a
998 2317 1112 2353 Naza-

47 2379 142 2415 reth.
178 2379 223 2415 Et
250 2379 342 2415 dixit
375 2379 408 2415 ei
438 2379 639 2416 Nathanael
673 2389 682 2414 :
713 2379 744 2415 A
776 2379 958 2415 Nazareth
993 2384 1112 2425 potest

47 2439 186 2486 aliquid
205 2440 290 2477 boni
308 2441 415 2477 esse?
433 2440 527 2477 Dicit
559 2441 592 2477 ei
611 2441 825 2487 Philippus:
849 2440 941 2476 Veni
965 2445 1000 2475 et
1030 2439 1112 2476 vide

36 2499 168 2547 (Joan.
189 2500 230 2548 ι).
257 2515 269 2535 ι
295 2501 398 2545 Quod
422 2507 542 2537 autem
569 2502 700 2538 dieitur
738 2501 788 2538 ibi
812 2501 892 2536 auri
927 2509 1006 2536 esse
1034 2499 1113 2544 plu-

47 2563 180 2599 rimum
195 2563 257 2598 ubi
275 2563 364 2609 legis
381 2563 551 2608 repetitio
571 2563 667 2598 saeta
683 2567 752 2605 est,
775 2561 956 2606 signifieat
991 2561 1113 2597 multi-

47 2626 156 2672 plicia
177 2624 350 2671 mysteria
375 2629 411 2660 et
451 2625 661 2659 thesaurum
692 2622 894 2669 spiritalem
923 2621 1111 2668 sapientiae

49 2689 180 2726 divinae
216 2688 336 2723 inesse
355 2687 458 2723 libris
472 2686 562 2731 legis
585 2691 622 2722 et
641 2685 915 2731 prophetarum,
934 2684 1030 2730 quod
1055 2684 1112 2729 pie

50 2748 298 2796 quaerentibus
339 2752 375 2783 et
403 2748 472 2783 rite
510 2745 794 2792 intelligentibus
829 2745 965 2790 liquido
998 2748 1110 2790 patet.

52 2809 124 2846 Sed
143 2810 212 2846 hoe
233 2809 329 2855 quod
367 2808 534 2844 undecim
568 2806 693 2844 diebus
710 2807 768 2842 lex
788 2806 866 2851 ipsa
884 2814 949 2851 per
967 2804 1114 2852 Moysen

51 2869 243 2916 explanata
258 2874 334 2912 est,
351 2869 438 2914 quid
458 2867 652 2914 significat,
669 2867 740 2903 nisi
762 2866 919 2902 Judaicae
932 2865 1048 2912 plebis
1063 2865 1115 2902 la-

1186 2085 1198 2106 (
1230 2078 1327 2108 terra
1346 2072 1463 2109 Moab.
1487 2086 1498 2106 ι
1519 2062 1726 2108 Notandum
1745 2083 1887 2118 quoque
1912 2074 2022 2118 quod,
2043 2072 2246 2109 intersectis

1181 2133 1321 2169 duobus
1341 2134 1487 2179 regibus
1507 2134 1800 2169 Amorrhaeorum
1815 2161 1823 2177 ,
1847 2133 1942 2171 Seon
1973 2135 2141 2170 videlieet
2161 2146 2246 2181 rege

1182 2194 1242 2239 qui
1258 2193 1435 2229 habitavit
1453 2193 1490 2229 in
1505 2193 1684 2237 Hesebon,
1700 2198 1736 2229 et
1755 2192 1807 2239 og
1826 2204 1909 2240 rege
1929 2194 2059 2237 Basan,
2075 2194 2131 2230 lex
2147 2204 2246 2230 reca-

1180 2254 1356 2299 pitulatur
1384 2260 1420 2290 ει
1443 2254 1599 2300 populus
1632 2254 1836 2290 instruitur.
1865 2255 1984 2297 Quare
2004 2255 2112 2290 motis
2142 2265 2246 2290 sean-

1182 2313 1272 2349 dalis
1287 2313 1481 2357 universis,
1499 2321 1607 2360 atque
1622 2315 1800 2360 superatis
1816 2315 1986 2349 vitiorum
2006 2315 2132 2358 turbis,
2146 2325 2243 2350 eomn

1181 2377 1348 2419 petenter
1383 2373 1558 2409 doctrinae
1578 2374 1769 2416 insistitur,
1802 2379 1839 2409 et
1868 2373 1949 2408 fidei
1982 2373 2102 2409 lumen
2139 2374 2245 2418 digne

1182 2435 1473 2471 desiderantibus
1498 2436 1671 2480 aperitur.
1697 2436 1735 2471 ln
1755 2435 1813 2471 his
1832 2435 1977 2481 regibus
2001 2435 2083 2470 lieet
2115 2440 2149 2470 et
2184 2446 2244 2472 res

1181 2501 1281 2543 gesta
1299 2502 1529 2543 agnoscatur,
1549 2502 1669 2532 tamen
1689 2506 1754 2542 per
1770 2496 1996 2532 conditiones
2013 2497 2244 2541 virtutesque

1181 2558 1367 2594 nominum
1392 2558 1565 2603 spiritalis
1594 2557 1808 2603 significatio
1845 2563 1900 2593 est
1935 2556 2108 2602 subjecta.
2147 2557 2242 2593 Seon

1181 2627 1336 2663 namque
1365 2617 1624 2662 interpretatur
1660 2626 1806 2662 germen
1838 2616 1978 2658 inutile,
2012 2616 2067 2651 vel
2088 2616 2239 2652 tentatio

1182 2677 1385 2722 oculorum,
1405 2687 1471 2723 per
1488 2687 1598 2723 quam
1616 2676 1794 2723 figuratur
1820 2675 1997 2718 diabolus,
2017 2675 2078 2720 qui
2099 2676 2243 2711 transli-

1182 2742 1288 2785 gurat
1311 2747 1350 2774 se
1381 2737 1480 2772 velut
1516 2736 1683 2782 angelum
1717 2735 1808 2772 lueis
1829 2740 1865 2770 et
1883 2745 1947 2780 per
1983 2734 2151 2771 haeresim
2186 2736 2244 2772 vcl

1183 2799 1343 2836 schisma
1382 2798 1460 2834 veri
1500 2797 1688 2840 mentitur,
1721 2801 1762 2831 ut
1799 2794 1899 2830 sallat
1926 2795 2102 2830 incautos.
2139 2794 2245 2831 llunc

1183 2858 1399 2902 Amorrhaei,
1419 2858 1456 2894 id
1487 2862 1543 2894 est
1578 2856 1832 2899 amaricantes,
1858 2855 1991 2891 habent
2011 2864 2146 2901 regem.
2166 2853 2246 2891 Nisi

51 2941 156 2979 psum
173 2941 238 2977 per
260 2930 590 2978 transgressionem
607 2928 862 2965 mandatorum
876 2927 1061 2973 Decalogi,
1091 2938 1111 2963 a
1130 2912 1167 2952 D
1184 2920 1281 2956 enini
1299 2919 1463 2965 quaedam
1480 2918 1662 2954 simulatio
1677 2917 1842 2953 veritatis
1858 2917 2052 2963 praecedat,
2068 2926 2141 2952 non
2160 2922 2246 2953 sunt

51 2998 174 3029 monte
188 2991 358 3028 videlicet
375 2990 511 3034 Horeb,
531 3000 597 3036 per
615 2990 711 3025 viam
730 2987 864 3024 montis
880 2986 974 3032 Scir,
997 2996 1113 3033 usque

53 3053 306 3091 cadesbarne.
325 3051 411 3097 quia
425 3051 483 3087 lex
498 3051 544 3086 ab
559 3050 693 3094 Horeb,
710 3050 780 3086 hoc
793 3054 848 3086 est
865 3059 885 3085 a
896 3054 1019 3085 monte
1033 3048 1111 3092 Dei,

53 3113 262 3159 incipiebat,
294 3120 360 3158 per
390 3110 485 3154 Scir,
511 3110 548 3146 id
568 3116 624 3147 est
642 3137 652 3154 ,
677 3110 833 3156 pilosum
868 3116 905 3146 ει
927 3109 1114 3146 sordidum

52 3172 222 3210 omnibus
235 3170 333 3207 vitiis
346 3170 519 3217 populum
534 3169 754 3214 ludaeorum,
774 3170 958 3206 transiens
988 3170 1032 3206 ad
1050 3168 1114 3205 Ca—

53 3232 119 3270 des
133 3240 248 3278 usque
268 3230 382 3267 barne
399 3230 575 3277 pervenit.
602 3230 718 3266 Gades
750 3230 847 3266 enim
874 3230 1000 3273 barne,
1017 3238 1114 3266 eom-

54 3295 216 3330 mutatus
231 3290 290 3327 vel
306 3291 443 3328 electus
455 3290 512 3327 vel
524 3290 694 3327 notabilis
713 3291 987 3338 interpretatur,
1005 3289 1116 3335 signi-

57 3353 170 3391 ficans
191 3353 280 3400 legis
312 3353 450 3390 veteris
482 3352 666 3390 carnalem
702 3362 808 3389 usum
845 3352 885 3389 in
915 3351 1115 3398 spiritalem

59 3413 326 3452 observantiam
358 3423 424 3460 per
442 3413 679 3461 Evangelium
713 3423 794 3449 esse
813 3411 985 3448 nobiliter
1013 3420 1114 3447 eom-

58 3477 250 3511 mutatum.
274 3485 301 3515 t¹
317 3473 447 3511 Omnia
461 3474 574 3518 enim,
591 3480 632 3510 ut
649 3474 702 3510 ait
714 3470 922 3519 Apostolus,
949 3471 988 3506 in
1001 3469 1116 3514 figura

61 3534 319 3580 contingebant
346 3534 429 3572 illis.
453 3533 598 3582 Scripta
611 3538 696 3571 sunt
717 3537 841 3569 autem
858 3530 903 3567 ad
918 3528 1116 3566 correctio-

61 3599 336 3639 nem-matram,
361 3595 400 3632 in
419 3604 511 3642 quos
540 3593 632 3632 fines
652 3594 866 3631 saeculorum
896 3590 1120 3627 devenerunt

63 3653 100 3703 (Ι
130 3651 215 3691 Gor.
243 3653 298 3702 ῃ).
325 3668 340 3691 ι
367 3655 414 3691 Ει
430 3654 596 3692 Salvator
618 3656 656 3692 in
671 3654 876 3704 ,Evangelio
897 3653 971 3689 ait:
999 3663 1011 3685 ι
1039 3649 1118 3687 Νοιι

50 3714 149 3765 ‚veni
168 3713 457 3765 solvendegem,
467 3715 532 3752 sed
547 3715 764 3764 ammplam
783 3715 862 3754 Iota
877 3715 975 3755 enim
993 3722 1117 3755 unum,

306 3777 488 3821 Parnoi..
518 3777 664 3819 CVffl.

1180 2981 1344 3017 haeredes
1359 2979 1623 3022 amaricanteS‚
1642 2989 1716 3015 non
1731 2977 1928 3015 schismata
1947 2977 2243 3015 exacerbantium

1181 3044 1220 3080 in
1250 3042 1428 3079 Ecclesia.
1450 3042 1522 3078 Iste
1557 3051 1643 3088 ergo
1678 3051 1743 3077 rex
1763 3040 1945 3077 occiditur
1971 3039 2009 3075 in
2029 3048 2244 3083 unoquoque

1182 3105 1330 3142 homine
1350 3103 1495 3150 quando
1532 3103 1687 3150 quisque
1710 3102 1859 3138 damnat
1891 3099 2168 3138 simulationem,
2205 3102 2242 3132 et

1183 3165 1300 3212 diligit
1310 3165 1520 3206 veritatem.
1542 3163 1595 3209 Og
1619 3173 1706 3199 vero
1732 3171 1795 3196 rex
1820 3161 2079 3203 interpretatur
2099 3154 2243 3192 conclu-

1187 3227 1255 3263 sio.
1275 3225 1396 3263 Basan
1415 3224 1592 3262 confusio.
1611 3223 1649 3258 ld
1679 3221 1776 3257 enim
1794 3219 1868 3264 agit
1887 3216 2050 3252 diabolus
2071 3224 2215 3260 semper
2231 3242 2240 3258 ,

1188 3294 1228 3325 ut
1261 3289 1454 3326 concludat
1483 3288 1580 3322 viam
1609 3285 1654 3320 ad
1674 3281 1878 3322 Dominum,
1899 3278 2111 3324 opponendo
2144 3277 2242 3314 idola

1188 3361 1268 3395 sua,
1287 3361 1332 3387 ne
1346 3349 1516 3386 credatur
1532 3347 1570 3382 in
1592 3343 1788 3380 Christum.
1811 3338 2004 3376 Conclusio
2029 3338 2127 3374 enim
2153 3347 2241 3384 prae·

1186 3413 1280 3448 cedit
1298 3416 1339 3446 ut
1361 3419 1438 3450 rex,
1459 3405 1624 3442 confusio
1642 3402 1804 3448 sequitur
1825 3405 1996 3446 tanquam
2015 3399 2131 3446 plebs.
2150 3398 2241 3443 Quia

1185 3479 1277 3515 quos
1289 3469 1395 3505 modo
1409 3465 1598 3508 conclusit,
1613 3473 1658 3499 ne
1671 3460 1845 3499 credant
1835 3471 1874 3496 m
1886 3459 2085 3503 Christum,
2095 3458 2240 3506 quando

1187 3529 1394 3577 apparuerit
1409 3528 1576 3565 Christus
1596 3535 1724 3562 omnes
1740 3523 2020 3561 confundentur.
2047 3522 2241 3559 Habitassc

1187 3589 1320 3627 dicitur
1333 3593 1455 3624 autem
1474 3586 1621 3623 Seonin
1635 3585 1816 3628 llesebon,
1832 3583 1918 3630 quia
1930 3581 2110 3624 diabolus,
2137 3578 2241 3622 radix

1187 3650 1348 3687 omnium
1389 3647 1587 3690 vitiorum,
1625 3642 1902 3690 cogitationibus
1945 3650 1984 3676 se
2017 3638 2242 3678 intermiscet

1189 3709 1368 3754 humanis,
1389 3713 1426 3746 et
1443 3713 1563 3745 mente
1588 3705 1697 3752 cingit
1711 3702 2014 3748 sollicitudinibus
2032 3698 2237 3747 superfluis,

1871 3763 1922 3803 07
