2540 4016
61 188 134 226 249

698 179 1034 222 EXPOSITIONES
1059 179 1106 217 IN
1130 179 1396 219 LEVITICUM.
1420 199 1469 208 -—
1490 181 1579 219 Lm.
1603 181 1632 219 Ι.

2178 185 2252 225 25⁰

61 267 148 305 Hoec
174 267 261 303 dicit
276 266 447 302 Dominus
472 262 686 300 exercituum
712 259 808 296 Deus
838 259 978 296 Israel:
996 258 1033 294 H
1035 258 1113 294 olo-
1132 261 1170 301 A
1185 265 1245 296 tur
1262 259 1382 305 angeli
1399 259 1436 295 in
1454 259 1548 296 coelo
1567 268 1678 305 super
1696 269 1770 296 uno
1787 266 1980 306 peccatore
1996 266 2248 310 poenitentiam

60 334 280 365 eaustomata
297 334 411 363 vestra
428 324 546 360 addite
562 323 712 359 victimis
737 322 874 365 vestris,
896 326 928 356 et
945 319 1115 356 comedite

60 400 198 432 carnes,
216 389 300 436 quia
321 397 390 422 non
403 396 480 421 sum
493 384 630 420 locutus
644 383 801 430 patribus
830 382 966 424 vestris,
997 387 1029 416 et
1045 391 1116 416 non

59 450 207 497 proecepi
225 450 274 485 eis
289 448 325 484 in
340 447 396 483 die
410 458 480 494 qua
499 446 605 482 eduxi
631 456 691 481 vos
715 444 758 479 de
772 450 867 480 ter-ra
883 442 1045 490 AEqypfi,
1073 442 1116 477 de

59 510 160 546 verbo
193 508 532 546 holocaustomatum
566 511 599 541 et
615 505 836 541 victimarum
869 503 1015 551 (Jerem.
1033 501 1114 549 vn).

59 569 144 614 Sed,
170 570 324 615 inquies,
345 570 422 604 haee
439 569 483 604 de
498 567 629 613 quibus
649 567 846 612 loquimur,
867 565 945 610 ipse
965 564 1117 600 manda-

58 632 110 667 vit
122 631 182 677 qui
200 636 236 668 et
254 635 375 677 negat.
392 629 436 665 Et
455 639 520 665 cur
535 633 643 674 negat
660 637 740 674 quae
756 626 1004 662 mandaverat.
1022 623 1118 659 Cur?

57 691 142 735 quia
160 690 398 726 intentionem
411 688 548 725 datoris
564 688 600 723 hi
610 688 672 734 qui
687 691 1119 733 acceperunttransgres-

57 751 86 787 si
103 756 198 787 sunt.
233 751 323 787 Cum
350 751 448 786 enim
482 755 578 786 esset
597 749 739 786 subtilis
767 754 802 784 ει
824 748 929 784 valde
953 747 1118 783 sublimis

57 811 126 855 lex,
150 816 186 847 et
206 821 287 847 cum
304 818 452 858 propter
469 821 532 848 eos
550 812 729 847 absconsa
750 815 845 846 esset
869 810 904 844 in
924 807 1118 852 superficie

54 873 199 916 litterae,
228 879 406 919 quatenus
422 878 691 919 perscrutantes
708 882 787 907 eam
808 871 1003 911 discerent,
1034 878 1117 904 cum

55 934 157 980 prius
173 945 258 970 suos
273 935 528 971 emendassent
540 942 680 969 sensus.
697 932 791 977 Ergo
806 936 843 966 et
853 941 948 966 nunc
963 930 1118 965 aliorum

55 994 335 1040 intelligibilium
358 991 598 1038 quorumdam
630 995 666 1025 et
681 989 950 1024 rationabilium
974 988 1115 1024 sacrifi-

54 1055 191 1090 ciorum
211 1053 404 1099 imaginem
423 1052 629 1088 describere
657 1051 831 1086 Dominus
848 1050 994 1096 Moysen
1023 1059 1117 1095 prae-

53 1115 148 1160 cepit
166 1127 174 1148 ε
200 1119 236 1149 ει
264 1114 491 1159 apertissime
531 1113 608 1148 haec
633 1123 712 1158 quae
749 1112 882 1148 dicitur
915 1112 1114 1154 revocatio,

1183 325 1323 366 agente.
1345 318 1462 355 Homo
1481 329 1568 366 ergo
1589 319 1659 356 iste
1676 319 1739 366 qui
1764 319 1924 366 perierat
1943 327 1980 357 et
2002 323 2172 363 inventus
2188 332 2247 364 est

1183 380 1351 426 quoniam
1367 380 1458 416 nihil
1475 380 1604 417 habuit
1621 381 1779 427 propriae
1806 380 2020 417 substantiae
2052 386 2146 428 quod
2161 386 2249 423 offe-

1183 445 1252 484 ret,
1272 446 1403 478 cuncta
1422 452 1579 488 namque
1598 442 1878 489 dilapidaverat,
1899 443 2027 479 vivens
2048 443 2250 492 luxuriose,

1184 502 1322 539 invenit
1352 503 1463 539 istum
1490 503 1660 547 vitulum,
1680 504 1826 540 coelitus
1846 503 1992 550 quidem
2012 504 2163 541 missum
2186 506 2249 543 sed

1184 575 1229 602 ex
1252 567 1546 613 patriarcharum
1561 567 1703 610 ordine,
1725 572 1762 603 ει
1781 567 1957 603 connexis
1987 577 2034 603 ex
2067 567 2251 604 Abraham

1185 627 1458 675 generationum
1490 628 1784 664 successionibus
1800 627 2006 663 venientem
2019 654 2029 670 ,
2057 633 2094 663 et
2114 627 2252 665 idcirco

1186 700 1258 726 nou
1276 690 1366 726 dixit
1383 689 1544 733 vitulum,
1567 694 1604 725 et
1623 690 1737 733 siluit,
1758 696 1798 726 ut
1822 691 1991 726 videatur
2004 690 2140 726 vitulus
2173 691 2256 737 qui-

1185 761 1327 797 cunque
1346 751 1628 794 mandatus,sed
1643 750 1845 786 vitulamen:
1864 750 1985 794 bobus,
1999 751 2032 786 id
2048 756 2117 794 est,
2137 761 2181 786 ex
2194 761 2257 797 pa-

1185 811 1429 847 triarcharum
1442 811 1678 858 generatione
1688 812 1908 854 venientem,
1922 812 1982 848 hic
1996 818 2052 848 est
2070 812 2255 848 masculus

1186 873 1266 909 sine
1285 874 1439 909 macula.
1461 874 1642 910 Masculus
1661 884 1747 910 vere
1779 880 1847 918 est,
1870 875 1931 920 qui
1952 880 2141 920 peceatum
2159 876 2256 921 quod

1186 938 1242 967 est
1268 932 1433 969 semineae
1452 933 1660 980 fragilitatis
1677 935 1832 981 ignorat.
1866 934 1974 971 Solus
1993 946 2080 981 ergo
2103 936 2162 972 ille
2179 947 2256 972 ma-

1186 992 1431 1035 sculus,solus
1450 994 1527 1029 sine
1547 995 1688 1030 macula
1699 995 2043 1040 est,quipeccatum
2062 1005 2133 1031 non
2154 995 2254 1040 fecit,

1185 1064 1253 1089 nec
1271 1054 1373 1090 dolus
1407 1054 1575 1091 inventus
1592 1061 1648 1090 est
1674 1056 1710 1090 in
1729 1066 1793 1091 ore
1813 1055 1904 1100 ejus.
1929 1057 1971 1091 Et
1992 1058 2053 1102 qui
2082 1063 2255 1104 acceptus

1186 1119 1312 1150 contra
1347 1114 1537 1149 Dominum
1577 1114 1728 1150 offertur
1770 1115 1815 1150 ad
1838 1116 1974 1151 ostium
2013 1117 2252 1152 tabernaculi.

53 1176 361 1223 dispensationem
393 1176 588 1222 quamdam
621 1175 819 1211 verborum
841 1175 898 1210 vel
929 1184 1050 1210 rerum
1071 1174 1116 1209 ad
1135 1169 1167 1208 Β
1186 1173 1239 1210 Ad
1270 1175 1403 1210 ostium
1439 1174 1660 1211 tabernaculi
1694 1185 1766 1211 non
1794 1181 1850 1211 est
1882 1176 1977 1211 intra
2001 1177 2133 1212 ostium
2154 1204 2163 1220 ‚
2193 1177 2258 1214 sed

52 1238 238 1284 superiora
265 1237 535 1283 respicientium
565 1236 696 1272 innuit.
736 1235 808 1272 Sed
842 1236 938 1271 unde
966 1236 1010 1271 ad
1030 1245 1116 1271 eum

52 1299 226 1335 Dominus
242 1298 415 1344 loquitur,
430 1298 473 1333 de
489 1297 723 1334 tabernaculo
739 1296 877 1333 scilicet
897 1295 1116 1332 testimonii:

51 1360 208 1407 primum
224 1359 369 1405 quidem
392 1359 436 1395 de
453 1359 545 1395 coelo
559 1386 568 1401 ‚
588 1359 669 1404 quia
691 1359 728 1394 in
744 1359 828 1406 ipso¹
840 1358 1005 1393 habitare
1023 1356 1119 1393 Deus

53 1419 267 1456 affirmatur.
297 1420 434 1455 Deinde
452 1419 724 1455 tabernaculum
742 1418 941 1455 testimonii
959 1427 1119 1463 praesen-

53 1487 125 1517 tem
142 1482 359 1527 scripturam
376 1481 625 1527 intelligimus,
641 1481 810 1526 quoniam
831 1480 934 1525 quasi
952 1479 1119 1514 taberna-

55 1543 171 1578 culum
189 1543 368 1588 quoddam
385 1548 478 1584 erat,
495 1552 578 1578 cum
596 1550 638 1576 ea
663 1552 743 1587 quae
760 1541 972 1577 dicebantur
994 1539 1121 1586 imagi-

55 1614 119 1639 nes
152 1604 226 1639 sive
263 1603 385 1649 figurae
419 1603 648 1648 sequentium
683 1602 942 1648 mysteriorum
973 1604 1118 1642 essent,

54 1670 201 1710 propter
231 1664 326 1709 quod
357 1662 633 1699 tabernaculum
675 1661 874 1698 testimonii
914 1661 1116 1696 dicebatur.

56 1724 194 1761 Horum
221 1730 342 1761 autem
363 1734 572 1760 sermonum
600 1723 877 1759 tabernaculum
903 1721 1116 1764 testimonii,

56 1787 259 1823 suturarum
280 1796 401 1821 rerum
421 1790 476 1821 est
507 1784 783 1820 indubitabilem
808 1783 861 1819 eis
896 1782 1006 1818 fidem
1027 1792 1119 1828 prae-

57 1854 168 1884 stans.
193 1847 284 1891 Quid
304 1853 424 1881 autem
440 1844 540 1887 dicit,
560 1849 622 1880 aut
635 1846 680 1880 ad
701 1854 791 1889 quos
802 1843 912 1888 jussit
927 1844 941 1878 ?
955 1843 1010 1879 Ad
1026 1843 1120 1879 filios

56 1907 221 1943 videlicet
249 1905 359 1942 lsrael
381 1906 424 1942 de
449 1906 581 1952 quibus
599 1915 680 1941 eum
711 1905 771 1950 qui
789 1904 994 1940 voluntaria
1024 1906 1119 1940 dona

51 1967 243 2010 offerebat,
271 1967 314 2003 de
331 1966 447 2002 bobus
474 1966 531 2002 vel
559 1966 602 2002 de
621 1966 749 2001 ovibus
769 1964 901 2001 offerre
931 1965 1116 2012 praecepit.

54 2029 108 2066 Ex
125 2035 278 2074 utroque
306 2028 454 2063 animali
473 2027 530 2063 vel
546 2027 712 2072 jumento
741 2027 899 2064 similem
921 2027 1117 2074 designans

55 2091 251 2134 hominem,
262 2090 323 2137 qui
334 2090 424 2126 nihil
433 2090 625 2132 acuminis,
637 2100 754 2135 neque
763 2090 808 2124 ad
818 2089 987 2124 virtutem
999 2098 1118 2134 neque

57 2153 102 2187 ad
122 2152 295 2188 malitiam
325 2151 446 2194 habet,
467 2151 530 2187 sed
549 2151 707 2187 trahitur
727 2151 772 2186 ab
790 2150 873 2186 alio.
900 2150 1006 2186 Tales
1034 2155 1120 2186 sunt

57 2213 170 2249 boves
190 2218 226 2248 et
239 2223 338 2249 oves.
357 2212 474 2248 Nimis
494 2212 589 2249 enim
612 2214 657 2248 ad
679 2223 825 2248 manum
843 2218 928 2249 sunt
946 2217 1116 2248 consueta

60 2274 243 2318 animalia,
264 2279 300 2310 ει
325 2283 387 2310 eos
417 2274 478 2320 qui
499 2284 541 2310 ea
558 2274 707 2310 trahunt
726 2273 831 2310 facile
861 2274 1063 2320 sequentia,
1083 2279 1120 2310 et

58 2343 247 2384 propterea
265 2347 335 2373 non
360 2337 522 2372 omnium
553 2338 629 2373 haee
646 2347 798 2372 munera
829 2337 892 2372 sed
910 2335 1119 2372 Judaeorum

58 2398 283 2434 solummodo
304 2407 384 2434 csse
403 2403 566 2443 possunt.
589 2397 643 2433 Illi
671 2397 767 2433 enim
790 2397 899 2433 etiam
925 2397 956 2433 si
973 2396 1120 2432 virtutis

58 2458 193 2505 aliquid
226 2469 298 2494 non
331 2464 528 2504 operantur
559 2458 691 2494 sufficit
722 2458 774 2494 eis
816 2458 939 2504 inique
969 2457 1120 2493 minime

57 2521 214 2568 operari.
242 2520 376 2557 Verum
392 2521 476 2566 quia
502 2520 765 2567 intelligibilem
785 2519 980 2565 quemdam
1007 2516 1121 2554 Israel

58 2583 266 2625 didicimus,
284 2593 438 2628 eumque
454 2581 715 2628 intelligibilem
730 2580 1047 2616 circumcisionem
1061 2587 1122 2613 ve-

59 2649 260 2685 nerantem,
280 2642 583 2689 quemadmodum
603 2641 736 2676 Paulus
751 2641 826 2675 ait:
846 2640 929 2675 Non
950 2639 1042 2674 enim
1061 2638 1121 2684 qui

59 2708 96 2744 in
116 2707 301 2753 manifesto
319 2707 482 2750 Judaeus,
503 2718 564 2743 nec
596 2718 637 2742 ea
659 2716 736 2753 quoe
757 2705 875 2752 palam
895 2705 932 2740 in
952 2714 1055 2739 carne
1071 2708 1122 2738 est

60 2769 291 2811 circumcisio,
310 2767 370 2804 sed
401 2768 459 2814 qui
478 2768 514 2803 in
533 2767 681 2810 occulto,
706 2774 738 2802 et
763 2765 982 2802 circumcisio
1005 2763 1121 2799 cordis

59 2830 97 2866 in
109 2830 249 2878 spiritu,
277 2841 347 2866 non
365 2829 495 2873 littera,
517 2829 618 2875 cujus
642 2828 724 2864 laus
744 2839 814 2864 non
834 2838 876 2863 ea:
906 2826 1120 2868 hominibus,

61 2890 120 2926 sed
139 2901 181 2926 ex
211 2890 285 2925 Deo
308 2895 358 2925 est
381 2888 498 2938 (Rom.
519 2888 575 2936 ιι),
596 2889 630 2924 ei
662 2888 872 2935 spiritaliter
909 2887 1120 2933 praedictam

60 2949 384 2997 legis'sanctionem
400 2953 610 2995 coaptemus
627 2960 635 2983 :
653 2947 781 2991 Homo,
803 2947 933 2993 inquit,
950 2947 1009 2993 qui
1020 2946 1122 2982 obtu-

62 3010 140 3047 lerit
154 3019 196 3047 etc
216 3011 309 3047 vobis
336 3010 487 3047 hostiam
507 3010 550 3045 de
569 3009 766 3056 pecoribus,
797 3009 834 3043 id
854 3014 916 3050 est,
938 3008 980 3043 dc
1011 3007 1119 3042 bobus

43 3077 94 3108 -et
102 3072 219 3108 ovibus
234 3072 385 3119 offerens
402 3071 562 3107 victimas
579 3079 591 3104 .·
609 3070 640 3105 si
661 3069 905 3105 holocaustum
921 3069 997 3115 ejus
1009 3068 1117 3114 fuerit

63 3132 191 3169 oblatio
211 3144 252 3169 ac
272 3133 315 3168 de
341 3137 513 3174 armento,
533 3129 730 3166 masculum
748 3129 1015 3165 immaculatum
1031 3129 1119 3174 offe-

45 3211 47 3214 ·
65 3197 115 3229 ret
132 3193 178 3228 ad
195 3193 321 3229 ostium
332 3190 549 3228 tabernaculi
563 3190 753 3226 testimonii
767 3190 813 3225 ad
827 3189 1041 3237 placandum
1053 3189 1121 3224 sibi

65 3252 266 3297 Dominum,
284 3259 354 3290 etc.
377 3253 448 3301 (Ex
470 3251 651 3299 Oriqene.)
677 3251 753 3288 Hoc
767 3252 806 3287 in
823 3250 903 3288 loeo
937 3250 1121 3286 hominem

41 3322 172 3366 mem
194 3315 387 3363 appellavit
415 3320 452 3351 et
480 3314 636 3361 primum
662 3313 698 3348 in
730 3312 897 3349 omnibus
925 3311 1046 3358 posuit
1076 3310 1123 3346 ad

45 3372 289 3426 ιΜοπεῐιᾱιιηι
330 3384 462 3411 munus
496 3373 582 3416 Deo,
617 3371 892 3418 intelligendum
917 3380 997 3406 esse
1015 3378 1123 3406 omne

45 3431 50 3467 l
69 3423 263 3494 mianum
287 3434 445 3471 arbitror
463 3442 601 3480 genus,
624 3437 660 3469 et
681 3433 798 3479 ipsum
830 3431 903 3467 dici
934 3431 1119 3466 hominem

154 3494 401 3533 holocaustum
421 3493 550 3531 offerat
570 3492 721 3529 vitulum
742 3501 787 3527 ex
805 3490 921 3527 bobus
941 3489 1019 3525 sine
1044 3499 1122 3524 rna-

43 3563 52 3591 t
45 3506 254 3614 ‘waste
269 3561 391 3594 autem
408 3555 545 3593 vitulus
563 3554 642 3592 sine
660 3552 802 3590 macula
822 3551 904 3587 vide
927 3550 958 3586 si
973 3558 1046 3586 non
1061 3548 1122 3585 ille

271 3621 326 3654 est
351 3615 486 3653 vitulus
502 3643 513 3660 ,
531 3625 640 3662 quem
657 3619 762 3662 pater
781 3623 848 3660 pro
878 3619 1048 3657 regresso
1077 3619 1122 3647 ac

187 3671 192 3673 ’
227 3715 238 3722 ,Δ
251 3674 327 3717 snit
346 3677 409 3715 illo
427 3677 490 3724 qui
516 3677 676 3724 perierat
695 3676 798 3720 filio,
822 3675 957 3722 quique
978 3682 1125 3711 omnem

278 3774 290 3780 ..
326 3734 336 3777 f
358 3778 364 3783 ,
410 3735 882 3786 dthpidaverat,1ugulav1t,
892 3739 929 3772 et
937 3733 1024 3771 fecit
1033 3741 1123 3769 con-

78 3793 216 3834 vivium
234 3772 407 3840 m
427 3801 468 3836 οι
483 3797 645 3836 laetitiam
665 3796 806 3843 habuit,
825 3797 880 3836 ita
897 3799 941 3835 ut
955 3795 1125 3835 laetaren-

1187 1242 1291 1273 extra
1334 1238 1480 1273 ostium.
1523 1238 1637 1273 Extra
1681 1238 1812 1274 ostium
1846 1239 1980 1274 etenim
2027 1238 2095 1273 suit
2134 1238 2255 1284 Jesus,

1187 1300 1247 1345 qui
1268 1300 1304 1335 in
1319 1310 1383 1335 sua
1404 1300 1550 1346 propria
1569 1301 1669 1336 venit
1692 1307 1728 1336 et
1757 1301 1811 1337 sui
1835 1311 1917 1336 eum
1936 1311 2008 1337 non
2023 1306 2252 1346 receperunt.

1186 1362 1265 1398 Non
1308 1369 1364 1398 est
1402 1373 1488 1409 ergo
1525 1364 1711 1409 ingressus
1759 1363 2033 1399 tabernaculum
2076 1363 2165 1399 illud
2208 1363 2254 1399 ad

1187 1424 1283 1468 quod
1313 1429 1464 1459 venerat
1484 1451 1493 1466 ,
1535 1425 1598 1460 sed
1617 1425 1661 1460 ad
1685 1425 1819 1460 ostium
1844 1424 1921 1469 eJ‘us
1948 1425 2093 1461 oblatus
2113 1429 2168 1461 est
2187 1425 2252 1461 ho-

1188 1484 1389 1520 locaustum
1409 1511 1418 1527 ,
1446 1485 1507 1531 qui
1534 1490 1637 1520 extra
1670 1491 1789 1521 castra
1824 1496 1954 1532 passus
1987 1491 2044 1522 est
2066 1498 2074 1521 z
2094 1496 2178 1521 nam
2215 1490 2253 1521 et

1188 1544 1238 1580 illi
1261 1545 1347 1580 mali
1368 1545 1485 1580 coloni
1507 1546 1713 1581 venientem
1741 1546 1856 1581 lilium
1875 1546 2149 1592 patrisfamilias
2184 1545 2255 1591 eJe-

1188 1612 1318 1642 cerunt
1336 1606 1434 1642 foras
1450 1612 1553 1642 extra
1564 1607 1706 1644 vincam
1719 1613 1755 1642 et
1764 1608 1989 1643 occiderunt.
2009 1607 2085 1643 Hoc
2096 1612 2151 1643 est
2166 1617 2254 1654 ergo

1189 1669 1283 1715 quod
1302 1667 1453 1704 offertur
1472 1668 1517 1703 ad
1532 1668 1669 1704 ostium
1681 1667 1920 1710 tabernaculi,
1942 1672 2112 1713 acceptus
2127 1673 2255 1702 eontra

1189 1730 1396 1765 Dominum.
1410 1729 1453 1764 Et
1471 1729 1559 1775 quid
1575 1735 1648 1764 tam
1671 1734 1858 1775 acceptum
1876 1738 1984 1774 quam
2000 1728 2121 1764 hostia
2149 1727 2254 1764 Chri-

1189 1791 1236 1826 sti
1255 1790 1316 1836 qui
1332 1790 1491 1836 seipsum
1509 1790 1722 1826 obtulitDeo
1737 1789 1806 1824 :Et
1824 1796 1906 1824 tunc
1925 1790 2102 1835 imponent
2112 1800 2255 1824 manum

1188 1862 1304 1894 suant,
1321 1851 1451 1896 inquit,
1467 1862 1573 1897 super
1593 1856 1697 1896 caput
1719 1851 1858 1893 hostire,
1879 1855 1910 1884 et
1934 1849 2146 1895 jugulabunt
2165 1850 2256 1884 vitu-

1189 1912 1262 1947 lum
1283 1918 1405 1947 contra
1425 1913 1631 1955 Dominum,
1650 1918 1683 1947 et
1701 1912 1845 1958 offerent
1866 1911 1932 1956 filii
1951 1910 2072 1945 Aaron
2093 1910 2257 1945 sacerdo-

1190 1978 1238 2007 tes
1257 1973 1491 2018 sanquinem,
1514 1978 1544 2007 et
1564 1972 1744 2018 effundent
1772 1972 1979 2018 sanquinem
2010 1971 2055 2006 ad
2076 1970 2188 2006 altare
2217 1971 2254 2007 in

1190 2033 1338 2068 circuitu
1347 2033 1501 2079 quodest
1514 2032 1560 2068 ad
1577 2033 1705 2068 ostium
1727 2032 1945 2068 tabernaculi
1955 2033 2156 2068 testimonii
2179 2033 2248 2067 Po-

1138 2077 1167 2119 C
1190 2100 1260 2131 test
1279 2096 1423 2141 quidem
1444 2095 1559 2130 videri
1578 2095 1703 2131 obhoc
1714 2095 1849 2131 dictum
1867 2095 1962 2140 quod
1973 2095 2015 2129 de
2025 2093 2108 2129 liliis
2127 2093 2250 2129 Aaron

1187 2163 1292 2193 erant
1310 2157 1416 2194 Anna
1433 2162 1470 2195 ει
1489 2157 1671 2203 Caiphas‚
1692 2162 1728 2193 et
1747 2157 1870 2193 caeteri
1892 2166 2018 2192 omnes
2035 2155 2097 2201 qui
2129 2155 2250 2191 cousi-

1187 2219 1276 2264 lium
1295 2224 1445 2264 agentes
1464 2219 1656 2255 adversum
1677 2216 1802 2253 lesum
1821 2217 2151 2263 pronuntiaverunt
2169 2225 2253 2251 eum

1189 2289 1291 2315 reum
1322 2279 1463 2322 mortis,
1498 2283 1534 2314 et
1572 2277 1776 2313 effuderunt
1799 2277 2013 2322 sanguinem
2050 2276 2128 2323 ejus
2156 2276 2256 2312 circa

1187 2343 1312 2378 basem
1332 2341 1458 2376 altaris
1482 2339 1707 2376 tabernaculi
1731 2338 1946 2374 testimonii.
1966 2337 2018 2373 Ibi
2038 2336 2172 2372 etenim
2192 2335 2249 2372 ef-

1187 2401 1350 2438 funditur
1369 2401 1515 2447 sanguis
1533 2400 1592 2435 ubi
1604 2405 1683 2436 erat
1697 2405 1733 2435 et
1749 2399 1864 2434 altare
1877 2404 1914 2433 ει
1930 2398 2028 2433 basis
2044 2397 2136 2442 ejus,
2157 2395 2252 2431 sicut

1189 2463 1312 2509 etipse
1322 2462 1497 2497 Dominus
1505 2461 1594 2497 dixit
1608 2473 1615 2496 :
1630 2461 1721 2503 Quin
1738 2471 1806 2495 non
1821 2459 1912 2504 capit
1923 2459 2036 2504 perire
2044 2456 2248 2503 prophetam

1188 2530 1287 2559 extra
1317 2521 1543 2557 Hierusalem
1567 2520 1669 2568 (Luc.
1696 2519 1792 2566 xm).
1808 2519 1935 2554 Posuit
1949 2528 2034 2564 ergo
2047 2522 2083 2552 et
2103 2526 2253 2552 manum

1190 2594 1291 2620 suam
1308 2593 1416 2629 super
1433 2587 1540 2628 caput
1553 2580 1669 2624 vituli,
1692 2580 1759 2615 hoc
1776 2584 1833 2615 est
1848 2584 1999 2624 peccata
2018 2577 2163 2623 generis
2180 2578 2249 2612 hu-

1188 2645 1287 2680 mani
1322 2643 1496 2689 imposuit
1532 2652 1641 2687 super
1671 2645 1780 2686 caput
1817 2650 1920 2676 suum
1941 2651 1948 2674 :
1973 2640 2049 2685 ipse
2070 2643 2124 2674 est
2154 2639 2252 2674 euim

1190 2710 1299 2753 caput
1335 2703 1499 2750 corporis
1534 2701 1707 2738 Ecclesiae
1731 2710 1818 2736 suae.
1842 2698 1913 2735 Sed
1934 2704 1971 2734 et
1998 2699 2067 2734 hoc
2098 2698 2254 2733 sortasse

1189 2779 1261 2804 non
1277 2767 1355 2803 sine
1371 2775 1480 2801 causa
1498 2763 1560 2806 fit,
1581 2763 1665 2809 quia
1697 2771 1780 2798 cum
1798 2759 1966 2806 superius
1995 2758 2167 2794 dixisset:
2191 2767 2253 2803 ap-

1189 2827 1341 2875 plicabit
1361 2835 1444 2862 eum
1474 2824 1519 2860 ad
1548 2822 1683 2859 ostium
1708 2819 1932 2857 tabernaculi
1967 2817 2177 2859 testimonii,
2214 2816 2252 2851 in

1189 2886 1452 2935 posterioribus
1468 2884 1600 2931 repetit
1619 2889 1656 2919 et
1674 2883 1806 2919 iterum
1827 2880 1924 2922 dicit,
1945 2879 1991 2915 ad
2011 2878 2139 2920 altare,
2156 2876 2252 2923 qu‘od

1190 2955 1245 2987 est
1283 2949 1328 2985 ad
1362 2948 1493 2985 ostium
1531 2943 1755 2982 tabernaculi
1794 2940 2012 2983 testimonii;
2037 2939 2140 2985 quasi
2175 2948 2249 2974 non

1192 3010 1356 3047 eumdem
1386 3008 1504 3044 locum
1523 3016 1628 3043 suum
1646 3004 1772 3041 eadem
1792 3001 2003 3038 narratione
2026 2999 2139 3050 semel
2159 2998 2254 3034 desi-

1191 3081 1322 3118 gnasse
1341 3068 1535 3110 sufficeret,
1559 3066 1629 3102 nisi
1649 3065 1732 3111 quia
1751 3063 1844 3100 forte
1863 3063 1933 3099 hoc
1953 3060 2104 3106 intelligi
2123 3058 2252 3100 voluit,

1193 3132 1287 3177 quod
1319 3129 1469 3176 sanguis
1490 3127 1576 3163 Jesu
1595 3136 1668 3162 non
1701 3125 1818 3161 solum
1836 3125 1873 3159 in
1894 3121 2093 3159 Jerusalem
2117 3119 2253 3156 effusus

1192 3197 1248 3234 est
1267 3190 1326 3228 ubi
1356 3194 1436 3226 erat
1459 3189 1574 3224 altare
1593 3194 1628 3224 et
1647 3186 1745 3222 basis
1778 3185 1867 3231 ejus,
1908 3188 1946 3219 et
1979 3178 2251 3217 tabernaculum

1190 3250 1417 3293 testimonii,
1436 3250 1500 3286 sed
1519 3254 1556 3285 ει
1571 3248 1668 3294 quod
1688 3253 1884 3291 supernum
1903 3242 1992 3278 illud
2024 3240 2138 3275 altare
2154 3236 2252 3282 quod

1190 3318 1247 3349 est
1264 3313 1301 3347 in
1321 3310 1447 3353 coelis,
1469 3309 1531 3346 ubi
1562 3307 1722 3343 Ecclesia
1742 3303 2014 3350 primitivorum
2047 3302 2120 3340 est,
2154 3297 2251 3333 idem

1190 3374 1267 3421 ipse
1298 3372 1444 3419 sanguis
1479 3369 1703 3416 asperserit,
1739 3366 1834 3401 sicut
1860 3367 1897 3398 et
1929 3358 2104 3406 apostolis
2137 3356 2245 3393 dicit:

1191 3435 1284 3479 Quia
1302 3432 1498 3480 pacificavit
1523 3441 1584 3477 per
1601 3427 1807 3473 sanquinem
1826 3422 1941 3458 crucis
1971 3430 2046 3456 suae
2069 3419 2140 3455 sive
2168 3429 2247 3465 quae

1185 3493 1222 3528 in
1237 3499 1331 3529 terra
1346 3497 1427 3528 sunt
1439 3491 1512 3527 sive
1528 3498 1606 3535 quae
1620 3488 1657 3522 in
1670 3480 1973 3530 coetis(Golos.1).
1996 3479 2036 3517 Si
2053 3481 2109 3517 vis
2127 3485 2249 3516 autem

1187 3552 1280 3589 scire
1297 3551 1392 3597 quod
1415 3549 1547 3596 duplex
1574 3546 1694 3582 hostia
1718 3544 1758 3580 in
1774 3553 1819 3580 ea
1834 3541 1902 3578 tuit
1924 3541 2144 3578 conveniens
2168 3545 2245 3575 ter-

1187 3611 1365 3648 restribus
1382 3613 1422 3646 et
1434 3613 1518 3655 apta
1533 3605 1755 3648 coelestibus,
1775 3602 1970 3651 Apostolus
1997 3601 2044 3638 ad
2076 3600 2250 3637 Hebraeos

1189 3672 1352 3709 scribens
1370 3669 1469 3712 dicit,
1506 3678 1572 3715 per
1589 3666 1757 3704 velamen
1778 3693 1789 3711 ,
1806 3665 1844 3702 id
1861 3670 1919 3702 est
1932 3691 1942 3708 ,
1961 3671 2110 3700 carnem
2129 3670 2246 3704 suam,

1189 3737 1226 3768 et
1245 3731 1379 3768 iterum
1400 3756 1411 3773 ,
1440 3727 1596 3764 interius
1611 3726 1776 3764 velamen
1814 3725 2080 3772 interpretatur
2107 3721 2243 3759 coelum

1178 3787 1288 3840 quod
1326 3787 1572 3839 penetraverit
1587 3785 1718 3834 lesus,
1744 3790 1786 3827 et
1807 3785 1960 3828 assistat
1997 3793 2095 3824 nunc
2127 3778 2251 3840 vtum-i
