2540 4016
73 262 94 267 '⁷
119 280 197 315 em;
214 275 251 306 et
264 279 343 316 quae
354 278 420 316 per
435 276 579 314 aquam,
589 275 655 312 per
669 273 811 310 aquam.
829 259 1120 306 uniuscujusque

70 324 154 370 'nim
165 339 254 377 opus
271 328 376 376 quale
387 327 535 373 sitignis
545 323 724 373 probabit.
734 322 933 369 Propterea
946 330 1032 367 ergo
1043 320 1094 355 ait
1107 331 1115 354 ε

97 402 147 427 aec
173 396 224 427 est
249 388 460 436 justificatio
493 386 577 434 leqis
604 395 709 433 quam
739 382 918 419 constituit
945 380 1118 417 Dominus

100 452 187 498 oysi.
210 451 359 491 Aurum,
390 455 422 486 et
442 454 637 496 arpentum,
663 452 695 482 et
716 450 960 487 oeramentum,
988 448 1021 478 et
1047 442 1119 488 fer-

143 539 154 556 ,
173 518 204 547 et
220 510 416 558 plumbum,
435 516 467 546 et
490 517 669 553 stannum,
695 507 806 543 omnis
823 517 876 542 res
892 515 970 553 quoe
991 502 1119 540 transit

83 584 120 611 er
134 573 264 619 ignem,
279 570 495 606 transducite
517 581 579 616 per
602 570 717 616 iqnem
737 574 769 604 et
786 566 1026 603 mundabitur.
1050 563 1118 600 Sed

76 645 97 670 n
112 643 203 679 aqua
218 630 475 678 purificationis
499 630 778 677 purificabuntur
797 628 927 664 onmia.
950 627 1121 670 Quaecun—

84 704 126 729 ue
146 703 216 727 non
232 696 417 726 transeunt
443 701 505 737 per
533 691 663 737 iqnem,
686 689 883 726 transibunt
899 699 960 735 per
977 697 1118 734 aquam.

55 753 109 790 Et
129 751 289 789 lavabitis
306 752 512 787 vestimenta
538 757 653 787 vestra
677 751 734 787 die
760 751 923 797 septima,
946 755 978 784 et
996 747 1121 782 mundi

51 814 171 857 seritis,
193 819 225 849 et
244 818 321 859 post
341 813 415 848 ltaec
441 812 628 848 introibitis
655 813 692 848 in
724 818 852 847 castra.
887 810 998 845 Vides
1028 818 1119 853 quo-

5 895 10 902 ·
52 873 169 911 modo
187 873 440 920 purificatione
455 873 592 919 indiget
610 873 729 908 omnis
745 871 804 917 qui
826 869 955 906 exierit
970 868 1014 905 de
1028 878 1121 914 11136-

53 935 110 972 uio
129 936 212 971 vitae
230 934 350 981 hujus.
372 934 474 979 Quod
499 935 530 970 si
554 934 606 970 ita
634 940 704 976 est,
737 938 777 968 ut
804 930 939 976 aliquid
967 930 1120 965 audeam

53 995 184 1031 ‹dicere
203 995 402 1032 secundum
419 993 617 1039 Scripturae
634 991 900 1034 auctoritatem,
921 989 1040 1026 omnis
1059 989 1122 1036 qui

0 1089 1 1092 ,
54 1055 141 1091 161111
159 1055 203 1090 116
218 1054 288 1089 1136
302 1053 377 1087 vita
396 1063 468 1087 non
493 1056 612 1098 potest
632 1061 712 1087 esse
730 1050 898 1086 mundus.
923 1050 1122 1087 Considera

52 1113 160 1150 16111111
176 1112 366 1159 diligenter
385 1110 474 1157 quid
500 1110 636 1146 indicet
662 1109 825 1146 historiae
852 1115 987 1146 textus.
1016 1110 1123 1146 Exie-

53 1178 151 1210 1111111
167 1172 227 1208 isti
244 1181 406 1218 pugnare
420 1181 486 1218 pro
502 1170 587 1207 filiis
607 1170 732 1214 lsrael,
761 1169 1022 1206 interfecerunt
1047 1169 1122 1204 Ma-

51 1234 231 1271 sdianitas.
254 1231 515 1268 interficientes
546 1237 667 1267 autem
695 1241 770 1274 605,
805 1236 979 1276 quantum
999 1230 1044 1266 ad
1067 1230 1123 1266 hi-

0 1325 5 1335 ,
52 1294 183 1332 istoriae
201 1293 364 1330 ordinem
390 1297 530 1338 spectat
551 1297 588 1328 et
607 1292 764 1328 litteram
784 1291 888 1338 legis,
910 1291 1124 1337 placuerunt

0 1346 2 1350 ’
52 1355 151 1398 lDeo,
177 1354 399 1390 voluntatem
424 1363 581 1398 namque
610 1353 675 1389 Dei
705 1352 970 1399 impleverunt;
1000 1357 1122 1388 tamen

52 1415 132 1451 11106
158 1414 236 1460 11150
262 1414 358 1459 quod
378 1413 630 1449 interfecerint
664 1413 906 1456 adversaries,
945 1413 1122 1448 immundi

51 1473 231 1509 «dicuntur
265 1472 407 1516 effecti3
438 1478 474 1508 et
500 1479 697 1518 propterea
729 1473 862 1508 dicitur
893 1471 937 1508 ad
969 1472 1124 1508 e0s2Et

0 1577 8 1586 ι
51 1531 223 1569 :lavabitis
238 1534 441 1568 vestimenta
459 1539 574 1568 vestra
589 1533 644 1568 die
658 1534 860 1579 septima,et
876 1533 996 1569 mundi
1011 1533 1122 1577 eritis,

0 1629 7 1654 a
51 1600 95 1630 ⁴et
111 1601 188 1641 post
210 1597 284 1630 lzcec
300 1595 487 1629 introibitis
502 1596 538 1630 in
555 1602 685 1630 castra.
705 1595 799 1641 Ergo
818 1595 855 1631 lii
873 1595 934 1640 qui
948 1600 1121 1642 pugnant,

0 1679 6 1716 ¹
50 1663 129 1700 2pro
149 1663 192 1689 60
212 1653 290 1699 11150
317 1654 413 1699 quod
434 1655 661 1701 contigerant
693 1656 815 1691 hostes
841 1655 1061 1699 immundos,
1088 1661 1124 1691 et

0 1750 5 1764 ²
63 1714 159 1761 quod
187 1714 371 1760 congressi
404 1721 488 1750 sunt
515 1721 641 1750 contra
671 1726 732 1752 eos
765 1722 800 1752 et
828 1717 1021 1753 habuerint
1042 1727 1124 1752 eum

63 1775 117 1812 eis
133 1781 334 1819 certamen,
361 1776 486 1822 polluti
503 1783 598 1812 sunt.
626 1778 669 1813 Et
698 1789 764 1824 ego
786 1789 873 1825 ergo
894 1780 1004 1815 etiam
1027 1779 1124 1826 cogi-

0 1875 2 1880 ,
63 1836 222 1873 tationes
251 1837 457 1874 immundas
482 1844 518 1873 et
543 1838 659 1874 malas
685 1849 775 1884 quas
797 1839 895 1875 cordi
915 1840 1022 1875 modo
1043 1850 1124 1886 sug-

0 1886 2 1897 ’
62 1898 170 1945 gerit,
201 1898 259 1935 vel
287 1899 462 1945 repellere
488 1900 675 1937 venientes
702 1900 759 1936 vel
784 1901 966 1947 ingressas
994 1911 1124 1937 necare

61 1956 161 1993 intra
185 1969 257 2000 me,
288 1969 334 1994 ne
353 1960 399 1995 ad
415 1959 582 1995 effectum
601 1961 827 2006 perveniant,
851 1971 998 2006 operam
1015 1961 1120 1996 dabo.

63 2017 133 2062 Qui
157 2027 257 2061 vero,
288 2018 356 2054 etsi
379 2019 519 2055 calcare
540 2026 691 2066 potuero
717 2027 826 2067 caput
845 2021 1026 2065 draconis,
1054 2022 1123 2058 hoc

60 2078 141 2125 ipso
170 2084 290 2115 tamen
305 2080 416 2126 pollui
435 2091 493 2116 me
510 2087 546 2117 et
564 2081 746 2127 inquinari
776 2092 923 2118 necesse
951 2087 1020 2126 est,
1049 2093 1121 2129 quo

61 2148 144 2175 eum
165 2145 201 2176 et
221 2142 282 2186 qui
302 2141 460 2187 pollutus
478 2148 514 2178 et
532 2143 742 2188 inquinatus
770 2149 837 2187 est,
869 2144 1009 2180 calcare
1035 2154 1122 2180 con-

64 2201 176 2237 tendi.
199 2202 245 2238 Et
258 2212 321 2238 ero
341 2203 486 2248 quidem
513 2204 652 2247 beatus,
686 2205 769 2250 quia
797 2205 940 2241 calcare
959 2216 1042 2241 eum
1061 2215 1123 2252 po-

60 2261 137 2303 tui;
161 2260 368 2297 immundus
389 2269 510 2298 tamen
543 2273 622 2299 sum
647 2268 683 2299 et
712 2264 882 2310 pollutus,
915 2265 975 2309 qui
1002 2265 1120 2310 pollu-

62 2324 139 2356 tum
162 2321 313 2367 contigi,
333 2327 369 2357 et
387 2322 431 2358 oh
456 2322 525 2358 1106
541 2322 795 2368 purificatione
813 2333 911 2370 egeo.
929 2324 1068 2360 Idcirco
1086 2330 1122 2361 et

62 2381 236 2418 nimirum
253 2382 440 2429 Scriptura
457 2384 558 2427 dicit,
576 2385 659 2430 quia
675 2395 781 2421 1161110
795 2387 949 2422 mundus
965 2396 984 2421 a
1001 2386 1120 2422 sorde.

63 2442 197 2480 Omnes
227 2454 313 2491 ergo
342 2446 595 2490 purificatione
617 2447 934 2493 indigemus‚.i1n0
952 2447 1124 2493 purifica-

63 2503 235 2542 tionibus.
266 2504 385 2540 Multae
412 2506 508 2542 enim
532 2511 569 2542 et
589 2507 741 2543 diversae
773 2517 839 2543 nos
871 2513 1021 2543 manent
1052 2518 1122 2552 pu-

63 2564 297 2602 rificationes.
334 2565 406 2602 Sed
436 2568 588 2612 mystica
619 2568 698 2603 haee
729 2573 812 2602 sunt
846 2574 882 2603 et
911 2567 1120 2603 ineffabilia.

63 2623 152 2668 Quis
166 2624 264 2659 enim
284 2624 388 2660 nobis
408 2634 581 2660 enarrare
600 2626 734 2670 poterit
750 2635 831 2670 quae
851 2633 936 2662 sunt
953 2627 1123 2671 purifica-

63 2684 181 2720 tiones
200 2694 280 2730 quae
303 2690 480 2730 parantur
499 2683 610 2719 Paulo
628 2684 685 2720 vel
707 2685 829 2728 Petro,
862 2686 918 2722 vel
952 2686 1031 2722 aliis
1059 2687 1123 2723 110-

63 2755 144 2781 rum
165 2745 355 2787 similibus,
379 2746 441 2791 qui
459 2751 598 2781 tantum
621 2753 886 2792 pugnaverunt,
917 2753 972 2784 101
996 2754 1122 2794 gentes

64 2805 286 2849 deleverunt,
315 2811 416 2842 tauta
448 2806 577 2851 spolia,
611 2811 664 2843 tot
682 2807 805 2843 hostes
831 2813 1120 2853 prostraverunt,

63 2871 118 2902 tot
144 2866 348 2912 triumphos
375 2872 566 2912 coeperunt
584 2880 591 2903 :
611 2868 671 2914 qui
702 2869 863 2905 cruentis
895 2872 1061 2906 manibus
1080 2871 1123 2906 de

62 2927 162 2965 caede
190 2928 350 2965 hostium
382 2929 534 2965 redeunt
566 2929 765 2977 :gquorum
799 2940 863 2976 pes
900 2931 1034 2968 tinctus
1066 2937 1123 2968 est

63 2987 103 3025 in
127 2989 324 3036 sanguine,
356 2994 394 3026 et
421 3000 551 3026 manus
579 3000 663 3027 suas
692 2990 858 3027 laverunt
882 2991 920 3028 in
945 2992 1123 3039 sanguine

63 3047 323 3094 peccatorum?
366 3047 633 3085 Interfecerunt
675 3051 807 3097 quippe
850 3051 887 3086 in
933 3052 1123 3089 matutinis

61 3115 190 3144 omnes
221 3111 432 3152 peccatores
468 3113 588 3152 terrae,
618 3114 655 3145 et
686 3110 879 3157 imaginem
909 3120 1035 3147 eorum
1061 3122 1123 3148 ex-

62 3169 353 3206 terminaverunt
380 3169 424 3205 de
449 3169 598 3206 civitate
617 3171 774 3207 Domini.
795 3173 971 3209 vicerunt
990 3173 1124 3220 quippe

63 3235 102 3266 et
141 3234 375 3276 peremerunt
418 3230 580 3267 diversas
623 3232 827 3269 daemonum
864 3239 1002 3280 gentes.
1045 3234 1123 3271 Nisi

64 3290 162 3326 enlm
187 3289 360 3326 vicissent
386 3300 468 3335 eas,
500 3300 572 3327 non
603 3293 806 3338 potuissent
836 3304 967 3340 capere
995 3305 1039 3331 ex
1072 3295 1125 3332 eis

66 3350 241 3396 captivos,
276 3360 423 3387 omnem
454 3352 551 3388 hunc
581 3353 807 3390 credentium
844 3365 1050 3399 numerum,
1089 3362 1127 3392 et

66 3410 264 3456 perducere
295 3421 359 3449 eos
387 3412 431 3448 ad
459 3413 700 3450 obedientiam
728 3414 867 3452 Christi
900 3421 936 3452 et
971 3417 1125 3453 subdere

67 3480 132 3508 605
149 3469 235 3518 iugo
254 3472 333 3518 ejus
353 3474 470 3519 suavi,
489 3480 527 3511 61
549 3475 736 3522 imponere
756 3477 808 3512 eis
827 3486 918 3512 onus
937 3476 1014 3521 ejus
1032 3477 1122 3512 leve.

68 3529 156 3575 Quis
170 3542 258 3580 ergo
270 3533 322 3571 ita
335 3534 466 3571 beatus
480 3539 550 3579 est,
567 3536 631 3583 qui
648 3537 818 3573 succedat
834 3536 886 3572 eis
906 3536 944 3572 in
962 3535 1018 3571 his
1033 3545 1124 3581 prae-

70 3589 145 3635 liis,
168 3597 206 3628 et
220 3593 414 3630 interliciat
442 3604 569 3632 omnes
595 3595 823 3639 Madianitas‚
854 3601 891 3633 et
906 3595 1126 3642 justificetur

72 3661 116 3687 ex
149 3653 322 3699 sanguine
354 3656 505 3692 eorum?
538 3656 760 3703 Sanguinem
791 3658 889 3693 6111111
922 3658 1125 3694 daemonum

72 3709 225 3747 fundere
249 3711 396 3759 dicitur,
416 3715 479 3761 qui
495 3716 604 3762 eripit
623 3726 686 3753 605
705 3718 836 3763 quibus
854 3717 904 3753 illi
929 3717 1124 3754 dominan-

49 3790 52 3794 -
73 3774 147 3806 tur.
178 3768 374 3810 Lavabitur
403 3779 524 3813 autem
549 3775 595 3814 ab
623 3777 693 3815 1106
715 3777 892 3824 sanguine
909 3783 947 3816 61
961 3778 1127 3826 purifica-

526 187 884 228 ENARRATIONES
908 186 954 224 IN
979 186 1154 225 LIBRUM
1177 185 1489 225 NUMERORUM.
1515 206 1564 214 -
1587 188 1674 226 Lm.
1697 191 1758 228 lv.

1137 262 1174 301 Α
1189 259 1288 296 1111111·
1306 261 1345 296 111
1360 269 1473 307 regno
1492 260 1570 303 Dei,
1599 266 1640 296 ut
1664 262 1878 306 purificatus
1907 271 1945 302 et
1970 274 2122 312 mundus
2150 205 2235 316 33?-

1186 325 1267 355 ctus
1287 320 1404 366 possit
1426 319 1564 366 ingredi
1581 325 1744 356 sanctam
1761 322 1944 359 civitatem
1961 326 2040 371 Dei,
2057 337 2235 377 aperiente

1185 378 1256 415 sibi
1272 380 1404 415 ostium
1424 379 1509 416 Jesu
1525 379 1671 416 Christo
1690 380 1842 417 Domino
1865 388 2003 427 nostro,
2021 386 2093 423 imo
2109 393 2171 434 qui
2184 402 2240 432 est

1185 442 1223 473 et
1251 437 1386 473 ostium
1417 439 1578 475 civitatis
1613 438 1727 485 ipsius
1757 439 1834 476 Dei.
1872 439 2069 487 Sequitur:
2090 445 2243 495 Cumque

1186 497 1412 532 accessissent
1431 498 1604 544 principes
1624 498 1796 533 exercitus
1819 499 1865 534 ad
1885 499 2044 546 Moysen,
2065 508 2099 538 et
2115 505 2245 543 tribuni

1186 556 1475 603 centurionesque
1503 557 1668 593 dixerunt
1692 568 1705 594 .·
1727 558 1804 594 Nos
1828 560 1917 595 servi
1943 561 1995 596 tui
2013 564 2246 602 recensuimus

1187 629 1371 654 numerum
1397 624 1634 665 pugnatorum
1661 629 1747 665 quos
1774 619 1960 656 habuimus
1980 620 2043 656 sub
2059 632 2167 658 manu
2187 635 2249 660 no-

1187 688 1274 726 stra,
1291 687 1324 717 et
1347 693 1389 718 ne
1408 693 1500 718 unus
1518 681 1659 728 quidem
1675 681 1799 728 defuit.
1822 680 1874 717 Ob
1893 682 1984 718 hanc
2004 694 2147 719 causam
2165 685 2249 730 offe-

1188 744 1298 779 rimus
1330 743 1369 779 in‘
1400 742 1558 779 donariis
1591 742 1736 779 Domini
1772 742 1904 791 sinquli
1940 743 2034 790 quod
2059 744 2097 779 in
2124 744 2247 791 prceda

1189 806 1269 842 auri
1291 805 1469 852 potuimus
1489 804 1660 848 invenire,
1685 803 1906 850 periscelides
1928 810 1961 840 et
1983 804 2160 849 armillas,
2186 817 2251 841 an-

1188 865 1290 902 nulos
1307 871 1339 902 et
1361 864 1550 909 dextralia,
1576 875 1617 900 ac
1646 863 1878 908 muraenulas,
1905 870 1944 900 ut
1970 864 2164 912 depreceris
2184 876 2248 912 pro

1189 927 1286 962 nobis
1314 926 1519 962 Dominum.
1545 923 1848 972 Susceperuntque
1873 924 2011 971 Moyses
2037 930 2069 960 et
2097 924 2252 960 Eleazar

1188 986 1351 1021 sacerdos
1370 996 1471 1021 omne
1488 994 1616 1021 aurum
1639 985 1678 1020 in
1697 984 1841 1020 diversis
1865 985 2041 1031 speciebus
2057 985 2173 1032 pondo
2197 996 2251 1021 se-

1190 1043 1302 1079 decim
1328 1043 1441 1079 millia
1462 1045 1694 1090 septingentos
1714 1044 1970 1090 quinquaqinta
1990 1044 2108 1087 siclos,
2138 1056 2160 1080 a
2183 1045 2249 1080 tri-

1193 1102 1293 1138 bunis
1319 1108 1352 1139 et
1382 1102 1657 1138 centurionibus.
1694 1101 1941 1149 Unusquisque
1974 1105 2068 1140 enim
2094 1104 2186 1150 quod
2215 1104 2253 1140 in

1191 1164 1313 1210 proeda
1331 1170 1512 1211 rapuerat,
1538 1175 1642 1200 suum
1662 1170 1752 1200 erat.
1773 1163 1822 1199 Et
1838 1170 2037 1212 susceptum
2057 1165 2252 1201 intulerunt

1191 1224 1229 1259 in
1255 1223 1525 1260 tabernaculum
1548 1224 1750 1267 testimonii,
1782 1230 1852 1261 etc.
1884 1224 1965 1261 Alia
1996 1231 2118 1262 autem
2144 1226 2254 1263 editio

1191 1283 1244 1319 sic
1264 1284 1401 1320 habet:
1423 1283 1652 1320 Accesserant
1669 1284 1715 1319 ad
1740 1283 1886 1330 Moysen
1906 1296 2023 1321 omnes
2041 1287 2102 1332 qui
2126 1288 2254 1322 consti-

1192 1344 1259 1378 tuti
1281 1350 1381 1379 erant
1406 1345 1580 1390 principes
1606 1355 1669 1390 per
1692 1344 1803 1380 tribus
1829 1346 1867 1380 in
1885 1346 2054 1390 exercitu,
2076 1346 2206 1382 tribuni
2221 1353 2253 1383 et

1192 1406 1427 1448 centuriones,
1448 1411 1479 1441 et
1497 1405 1663 1441 dixerunt
1692 1406 1738 1441 ad
1764 1406 1937 1453 Moysen:
1958 1406 2035 1443 Nos
2059 1408 2158 1454 pueri
2182 1407 2254 1444 col-

1192 1468 1336 1514 leqimus
1371 1479 1545 1503 summam
1569 1468 1723 1503 virorum
1750 1468 1957 1504 bellatorum
1982 1475 2195 1514 nostrorum,
2220 1476 2253 1507 et

1192 1540 1261 1564 non
1278 1530 1441 1564 dissensit
1462 1539 1505 1564 ex
1521 1529 1620 1564 nobis
1634 1529 1832 1575 quisquam.
1851 1528 1898 1564 Et
1916 1529 2105 1566 obtulimus
2126 1542 2252 1568 munus

1191 1591 1342 1626 Domino
1355 1617 1364 1634 ,
1390 1590 1624 1637 unusquisque
1639 1590 1691 1625 vir
1709 1590 1939 1636 quodcunque
1956 1591 2099 1634 invenit,
2118 1603 2175 1626 vas
2193 1603 2254 1627 au·

1192 1662 1303 1695 reum,
1315 1658 1470 1698 torquem
1490 1657 1551 1686 aut
1565 1650 1721 1698 phialam
1738 1662 1897 1694 auream,
1911 1658 1973 1686 aut
1987 1651 2172 1695 annulum,
2190 1659 2252 1687 aut

1192 1711 1363 1756 dextrale,
1388 1718 1448 1747 aut
1475 1711 1688 1756 catenulam,
1715 1712 1762 1747 ad
1787 1711 2047 1758 propitiandum
2070 1723 2133 1758 pro
2155 1712 2254 1748 nobis

1193 1784 1311 1808 coram
1341 1773 1506 1808 Domino.
1533 1773 1599 1810 Est
1625 1782 1712 1818 ergo
1740 1773 1930 1809 diversitas
1952 1772 2066 1809 multa
2085 1773 2121 1809 in
2139 1783 2182 1810 60
2199 1783 2255 1810 or-

1192 1834 1288 1877 dine,
1313 1835 1374 1880 qui
1397 1835 1592 1871 bellatores
1613 1835 1854 1881 appellantur.
1886 1834 1958 1871 Sed
1982 1841 2020 1872 et
2044 1836 2138 1872 inter
2157 1836 2254 1882 ipsos

1191 1896 1356 1933 imbelles
1393 1903 1448 1933 est
1486 1898 1721 1934 nihilominus
1759 1898 1882 1944 aliqua
1918 1896 2138 1933 differentia.
2178 1896 2254 1933 Nee

1192 1957 1289 1992 enim
1318 1957 1385 2003 ipsi
1412 1958 1600 2003 :equaliter
1617 1965 1652 1994 et
1673 1969 1745 1995 uno
1770 1958 1899 1995 ordine
1924 1968 2049 1995 omnes
2072 1958 2255 2006 appellan-

1193 2022 1252 2053 tur
1270 2018 1446 2054 imbelles.
1463 2018 1618 2063 Quidam
1634 2020 1731 2055 enim
1752 2020 1801 2055 ita
1818 2019 1983 2055 imbelles
2005 2024 2089 2055 sunt
2104 2026 2144 2055 ut
2162 2030 2256 2056 nun-

1141 2058 1170 2100 C
1193 2089 1302 2124 quam
1319 2079 1459 2125 possint
1483 2079 1562 2115 fieri
1579 2080 1788 2123 bellatores,
1811 2080 1846 2115 id
1868 2085 1937 2122 est,
1964 2079 2087 2116 senilis
2103 2086 2204 2123 36135,
2220 2085 2256 2116 61

1190 2142 1309 2177 01111115
1336 2141 1515 2178 femineus
1544 2152 1663 2184 sexus,
1685 2147 1721 2178 et
1737 2142 1896 2178 conditio
1919 2141 2075 2178 servilis.
2100 2141 2257 2178 Ρ1161·1115

1190 2214 1277 2240 vero
1302 2210 1391 2241 aetas
1414 2205 1464 2240 ita
1486 2204 1642 2240 imbellis
1666 2210 1735 2248 est,
1764 2209 1804 2240 ut
1825 2214 1926 2250 spem
1945 2209 2048 2251 gerat
2067 2203 2257 2249 aliquando

1191 2264 1271 2300 fieri
1291 2266 1471 2302 bellatrix.
1494 2266 1641 2303 Scilicet
1657 2277 1740 2302 cum
1759 2267 1961 2303 occurrerit
1979 2267 2017 2303 in
2037 2267 2156 2303 virum
2174 2277 2257 2313 per-

1192 2325 1339 2368 fectum,
1365 2326 1401 2361 in
1424 2337 1634 2362 mensuram
1663 2327 1794 2369 aetatis,
1815 2334 1901 2362 tunc
1924 2336 1996 2361 11011
2014 2327 2129 2362 50111111
2146 2325 2257 2362 116113-

1193 2391 1290 2421 tores
1314 2396 1359 2420 ex
1385 2386 1507 2431 pueris
1528 2386 1621 2429 fieri,
1650 2387 1713 2422 sed
1732 2392 1768 2422 et
1787 2386 1823 2421 in
1841 2396 2019 2422 summam
2038 2386 2255 2422 bellatorum

1191 2445 1317 2481 venire
1335 2455 1375 2481 se
1392 2450 1541 2490 sperant
1558 2451 1594 2482 et
1612 2456 1693 2482 esse
1710 2446 1828 2489 electi,
1856 2452 1893 2482 et
1910 2446 1947 2481 in
1966 2445 2154 2482 duodecim
2172 2445 2256 2481 mil-

1192 2505 1286 2541 libus
1302 2505 1501 2549 numerari,
1529 2505 1586 2540 vel
1602 2506 1713 2541 etlam
1733 2506 1791 2542 his
1809 2506 1974 2552 praeferri
1993 2512 2028 2542 et
2047 2516 2127 2543 esse
2149 2508 2254 2552 prin«

1194 2567 1291 2612 cipes
1323 2566 1535 2602 electorum.
1567 2566 1765 2603 Considera
1795 2577 1891 2602 nunc
1917 2568 2108 2613 praesentis
2132 2568 2254 2605 saeculi

1193 2631 1343 2668 statum,
1375 2631 1411 2661 et
1439 2626 1521 2662 vide
1556 2626 1677 2661 omnia
1714 2625 1816 2662 bellis
1854 2626 2006 2672 repleta,
2039 2637 2255 2674 omnemque

1195 2688 1391 2723 humanam
1414 2687 1525 2722 vitam
1543 2687 1783 2723 invisibilibus
1799 2687 1932 2734 praeliis
1959 2693 1997 2723 et
2018 2687 2255 2734 impugnatio-

1192 2748 1299 2784 nibus
1321 2748 1529 2784 daemonum
1548 2748 1761 2794 perurgeri3
1782 2748 1819 2783 in
1838 2747 1970 2794 populo
1988 2758 2074 2784 vero
2092 2748 2156 2785 Dei
2174 2760 2254 2787 esse

1193 2810 1369 2854 quosdam
1399 2810 1448 2845 ita
1482 2810 1674 2852 robustos,
1706 2809 1776 2845 lide
1807 2815 1967 2845 armatos
1987 2815 2022 2846 et
2042 2810 2251 2855 virtutibus,

1193 2876 1233 2905 ut
1257 2870 1451 2906 adversum
1470 2869 1676 2915 hujusmodi
1695 2870 1862 2907 homines
1878 2871 2038 2916 quotidie
2054 2871 2148 2908 bella
2166 2882 2252 2908 con-

1194 2930 1332 2974 ficiant,
1364 2936 1401 2967 et
1426 2940 1569 2976 semper
1588 2931 1626 2966 in
1646 2931 1837 2977 procinctu
1863 2932 2002 2977 positos
2033 2942 2105 2968 non
2138 2933 2254 2970 solum

1194 2991 1424 3037 semetipsos,
1452 2991 1515 3027 sed
1532 2996 1568 3027 et
1588 2996 1739 3028 eaeteros
1766 2992 1827 3038 qui
1854 2992 1911 3028 vel
1936 3003 2001 3039 per
2029 3003 2168 3037 sexum,
2199 2994 2255 3031 vel

1192 3063 1258 3099 per
1273 3058 1434 3096 aetatem,
1458 3052 1516 3088 vel
1532 3062 1597 3098 per
1612 3052 1800 3090 servitutis
1826 3053 2069 3090 conditionem
2096 3064 2255 3100 pugnare

1193 3123 1266 3149 non
1298 3117 1463 3158 possunt,
1494 3113 1539 3149 ab
1566 3113 1725 3150 hostium
1759 3119 1929 3150 tueantur
1958 3114 2110 3156 insidiis,
2145 3114 2254 3150 verbo

1194 3173 1369 3209 doctrinae
1398 3184 1461 3210 eos
1494 3174 1732 3220 exemploque
1761 3174 1845 3208 vitae
1872 3179 1909 3208 et
1929 3173 2249 3208 commonitionum

1193 3234 1385 3270 sedulitate
1416 3235 1632 3275 munientes,
1655 3235 1684 3269 si
1707 3239 1827 3268 tamen
1854 3242 1925 3266 non
1949 3232 2040 3267 desit
2057 3231 2110 3267 eis
2133 3231 2248 3275 fides;

1197 3298 1272 3333 sive
1289 3297 1386 3333 enim
1406 3296 1613 3338 bellatores,
1640 3295 1716 3330 sive
1746 3293 1921 3335 imbelles,
1956 3293 2176 3338 impossibile
2193 3299 2249 3330 est

1196 3357 1331 3394 salvari
1352 3357 1429 3392 sine
1448 3355 1517 3391 fide
1536 3366 1545 3398 ;
1568 3355 1663 3390 inter
1682 3354 1778 3398 ipsos
1796 3358 1914 3387 tamen
1942 3352 2137 3389 bellatores
2164 3363 2246 3391 6556

1197 3419 1372 3454 duntaxat
1391 3416 1451 3461 qui
1471 3415 1627 3450 militant
1645 3414 1730 3448 Deo.
1760 3412 1956 3449 Considera
1983 3413 2073 3450 alios
2097 3415 2147 3451 ita
2168 3425 2249 3453 esse

1195 3477 1396 3522 expeditos,
1414 3480 1454 3509 ut
1467 3473 1575 3508 nullis
1594 3483 1632 3509 56
1650 3472 1836 3518 implicent
1849 3474 1996 3511 omnino
2013 3475 2247 3513 saecularibus

1195 3535 1365 3581 negotiis,
1385 3539 1423 3568 ut
1444 3533 1588 3579 placere
1608 3533 1747 3579 possint
1773 3533 1806 3569 ei
1830 3534 1890 3580 qui
1918 3544 1957 3571 se
1980 3537 2157 3582 probavit,
2184 3538 2248 3574 sed

1196 3598 1231 3633 in
1258 3596 1334 3641 lege
1354 3595 1415 3630 Dei
1441 3594 1606 3629 meditari
1629 3594 1686 3630 die
1709 3605 1751 3630 ae
1771 3601 1888 3632 noete.
1907 3595 1968 3632 1511
1989 3607 2074 3644 ergo
2099 3598 2159 3642 qui
2179 3598 2248 3634 bu-

1192 3654 1393 3702 juseemodi
1412 3658 1509 3695 sunt,
1534 3663 1672 3688 summa
1693 3653 1904 3690 bellatorum
1925 3655 2164 3702 appellantur.
2180 3656 2243 3693 lsti

1195 3721 1278 3753 sunt
1293 3715 1352 3762 qui
1372 3714 1449 3750 auri
1460 3713 1653 3760 plurimum
1672 3715 1862 3760 pugnando
1879 3721 2066 3761 ceperunt,
2084 3721 2123 3752 61
2139 3724 2247 3752 0111116

1197 3786 1324 3816 aurum
1351 3780 1460 3822 atquc
1488 3779 1751 3818 ornamentum,
1789 3775 1864 3814 sive
1891 3775 2035 3823 63111115,
2062 3775 2138 3814 sive
2162 3775 2246 3813 bra-

1140 1155 1172 1194 B
