2540 4016
52 114 94 167 Ῐῖι

1 257 4 260 .
43 222 60 258 s

45 302 83 336 ‘s
108 310 284 348 ·tudinem
311 308 412 346 sinai
429 307 549 355 prima
565 307 623 344 die
641 305 739 344 tertii
766 305 904 342 mensis
931 304 1054 340 addita
1073 309 1109 340 et

55 375 63 378 “
85 383 117 409 ϊ
133 371 304 408 undecim
318 380 464 408 menses
480 368 672 406 continuos
688 364 925 404 construendi
942 365 1109 400 taberna-

60 432 138 477 ιιΙί,
157 438 194 469 et
213 431 384 469 docendae
406 430 495 477 legis
510 428 626 477 gratia
638 427 788 464 minime
807 426 972 463 relictam
991 437 1000 460 :
1020 435 1110 471 qua-

81 504 135 531 ιιι
152 492 322 530 videlicet
342 491 535 529 duodecim
558 490 804 533 mansionum,
825 498 956 524 novem
975 486 1110 524 solum-

65 573 67 587 ι
89 554 159 592 odo
179 553 272 590 liber
298 552 415 589 Exodi
447 553 663 589 nominatim
695 550 924 598 exprimens,
957 553 1108 587 caeteras

3 640 6 645 .
40 623 127 651 .res
144 611 212 650 suh
230 612 365 648 deserti
386 611 466 655 Sin,
483 613 580 658 quod
596 622 677 648 esse
696 611 829 648 dicitur
849 611 946 646 inter
958 609 1052 645 Elim
1071 614 1110 645 et

0 704 2 711 ,
40 683 54 703 *1
64 671 166 717 -inai‚
180 672 359 709 vocabulo
374 672 573 708 indiscrete
587 672 778 719 praeteriit.
791 671 982 707 Secundus
993 679 1109 706 annus

80 732 302 779 mplectitur
331 732 542 768 mansiones
564 732 693 779 viginti
721 737 758 767 et
775 741 906 773 unam,
923 729 1054 775 quibus
1070 727 1108 764 in

0 799 2 807 “
47 792 176 829 rdine
193 791 358 828 historiae
377 792 519 828 eunctis
536 791 785 827 indifferenter
810 789 877 825 sub
903 785 1108 823 solitudinis

38 853 195 889 “haran
224 852 372 888 nomine
408 852 701 898 comprehensis,
719 850 836 896 prima
855 847 971 884 solum
993 851 1029 881 et
1047 855 1106 881 se-

56 913 167 949 unda
203 918 240 949 et
260 912 401 955 ultima,
421 913 490 948 hoe
513 917 569 948 est
590 910 755 956 sepulcra
779 904 1081 951 concupiscentiae
1095 932 1104 948 ,

51 981 54 984 ·
82 973 227 1010 aseroth
248 978 284 1009 et
304 972 436 1014 Gades,
469 981 534 1007 suo
564 970 838 1014 distinguuntur
867 975 911 1001 ex
939 964 1103 1007 nomine;

43 1033 113 1068 ‘ed
134 1033 171 1067 in
192 1032 359 1076 catalogo
380 1030 610 1065 mansionum
633 1028 771 1072 pariter
787 1035 913 1061 omnes
936 1030 1024 1070 quot
1039 1035 1105 1059 nu-

5 1130 9 1136 „
38 1107 39 1110 ¹
58 1107 61 1110 ·
85 1100 148 1127 ero
163 1089 312 1132 fuerint,
333 1088 391 1125 vel
408 1097 479 1133 quo
494 1087 652 1127 nomine,
674 1085 866 1131 diligenter
884 1083 1102 1119 ostenditur.

79 1161 207 1187 uarum
235 1150 354 1197 prima
386 1149 550 1191 mansio,
573 1148 642 1183 hoc
660 1151 716 1183 est
742 1146 907 1192 sepulcra
935 1144 1106 1190 concupi·
1125 1136 1156 1175 B

65 1212 205 1255 centiae,
227 1210 385 1247 secundo
403 1219 530 1246 mense
550 1207 711 1253 ejusdem
733 1207 881 1243 secundi
902 1206 986 1241 anni
1005 1206 1104 1242 vicc-

66 1271 138 1308 imo
174 1272 331 1308 seeundo
369 1270 427 1306 die
462 1269 598 1305 mensis
635 1267 798 1304 introita.
831 1279 842 1300 ‹
876 1267 980 1302 Anno
1009 1267 1106 1302 enim

43 1349 45 1351 ·
65 1331 203 1369 ecundo
216 1358 226 1375 ,
251 1336 292 1367 ut
311 1330 501 1376 Scriptura
523 1329 630 1371 dicit,
657 1338 783 1364 mense
802 1327 961 1364 secundo
977 1355 985 1370 ,
1006 1329 1103 1363 vice-

43 1392 138 1430 imo
166 1393 224 1429 die
252 1392 405 1434 mensis,
435 1394 630 1426 moverunt
663 1394 784 1425 castra
813 1389 856 1424 de
880 1389 1024 1424 deserto
1046 1388 1105 1423 Si-

58 1454 130 1490 tai:
155 1459 192 1489 ct
218 1453 412 1495 recubuit,
432 1451 569 1497 inquit,
598 1451 713 1487 nubes
737 1451 774 1486 in
803 1450 997 1486 solitudine
1015 1450 1107 1485 Pha-

0 1524 5 1540 ὲ
54 1524 126 1551 fan.
161 1513 392 1558 Profectique
435 1516 518 1547 sunt
566 1511 612 1547 de
649 1516 773 1546 monte
809 1510 973 1553 Domini,
1007 1510 1105 1545 viam

3 1583 8 1590 ’
53 1572 156 1608 trium
189 1572 355 1614 dierum,
382 1571 499 1607 donec
531 1571 699 1607 venirent
724 1571 770 1607 ad
792 1571 912 1607 locum
943 1572 1104 1607 mansio-

58 1633 122 1677 tis,
152 1643 231 1679 quae
249 1633 371 1680 populi
400 1643 529 1669 carnes
551 1633 741 1679 AEgyptias
765 1633 1028 1677 desiderantis,
1051 1643 1107 1670 se-

3 1728 7 1736 ,
69 1695 253 1731 ulcrorum
284 1695 588 1740 concupiscentiae
627 1705 760 1731 nomen
799 1697 938 1742 accepit
962 1695 1027 1743 (N
1031 1707 1102 1731 um.

37 1754 96 1802 ι).
122 1769 134 1789 ι
162 1755 296 1792 Ultima
328 1760 448 1791 autem
486 1756 615 1791 harum
645 1756 806 1798 mansio,
847 1757 882 1791 id
907 1762 964 1792 est
989 1756 1104 1793 Gades

3 1853 6 1858 ,
57 1823 156 1864 {uoto
177 1818 236 1855 die
251 1819 309 1855 vel
323 1829 448 1855 mense
469 1818 629 1865 ejusdem
655 1820 738 1855 anni
763 1820 810 1855 sit
828 1820 1008 1866 ingressa,
1033 1832 1105 1857 non

47 1880 203 1924 llicitur3
225 1881 288 1917 sed
308 1886 430 1918 tamen
447 1882 531 1927 qnia
548 1883 678 1928 etipsa
699 1883 733 1917 in
753 1882 945 1918 solitudine
960 1882 1104 1918 Pharan

36 1940 139 1983 2i1a,
167 1941 253 1986 qnia
284 1941 411 1977 eodem
441 1951 537 1977 anno
563 1941 685 1977 addita
709 1942 837 1985 suerit,
858 1952 930 1978 non
947 1947 1100 1978 tacetur.

46 1999 69 2011 “
96 2000 228 2046 riptum
251 2005 307 2036 est
324 2000 422 2036 enim
441 2012 448 2035 ε
475 2012 487 2033 ι
513 2001 558 2036 Ει
577 2000 731 2046 populus
750 2011 823 2037 non
841 2007 898 2038 est
914 2007 1034 2037 motus
1059 2002 1103 2037 de

54 2071 123 2098 'oco
154 2061 236 2105 illo,
270 2061 385 2097 donec
410 2066 579 2097 revocata
605 2067 661 2098 est
685 2061 810 2097 Maria.
840 2062 1103 2108 Profectusque

2 2149 9 2165 .-
45 2127 99 2159 ·nst
127 2122 171 2158 de
199 2122 392 2165 Haseroth,
426 2121 508 2158 fixis
537 2122 705 2158 tentoriis
725 2122 762 2158 in
780 2123 925 2158 deserto
941 2122 1100 2167 Pharan,

0 2213 1 2220 ,
57 2182 106 2219 tbi
138 2182 279 2218 locutus
306 2187 362 2218 est
391 2182 567 2218 Dominus
592 2182 748 2218 dicens:
773 2182 877 2219 Mitte
909 2183 1008 2219 viros
1041 2184 1103 2229 qui

47 2242 274 2279 ιιιείᾱειθιιι
307 2247 443 2278 terram
469 2242 642 2278 Chanaan
679 2242 807 2290 (Num.
839 2243 922 2290 xn).
956 2256 969 2278 ι
1000 2243 1104 2287 Quod

8 2339 10 2342 ,
36 2330 37 2334 ,
57 2313 92 2342 te
109 2304 276 2351 proxima
292 2310 375 2350 post
391 2303 571 2340 Haseroth
589 2305 777 2340 mansione
789 2305 930 2350 Jussum
951 2303 1104 2340 factum-

70 2375 115 2402 ue
132 2370 290 2411 putetur,
309 2365 371 2401 sed
391 2365 513 2411 potius
543 2365 768 2412 intelligatur
792 2365 829 2400 in
850 2365 978 2401 ultima
991 2392 1001 2408 ,
1023 2376 1103 2411 quae

4 2461 7 2465 Α
62 2426 110 2462 ub
123 2425 268 2461 Pharan
281 2425 485 2462 solitudinis
502 2426 648 2462 nomine
663 2427 868 2462 continetur
894 2426 1101 2471 impletum,

67 2486 228 2523 ideamus
241 2487 338 2534 quod
351 2486 634 2533 infrascriptum
651 2494 719 2524 est.
736 2487 960 2533 Reversique
979 2486 1102 2532 explo-

64 2553 185 2584 atores
199 2554 306 2584 terrae
318 2553 402 2594 post
416 2550 657 2594 quadraginta
672 2549 749 2584 dies
761 2559 906 2584 omnem
917 2548 1101 2595 regionem

3 2646 5 2653 y
48 2608 255 2651 tircuitam,
287 2613 467 2643 venerunt
494 2608 539 2643 ad
573 2607 722 2654 Moysen
753 2614 790 2643 et
819 2609 967 2652 Aaron,
992 2614 1028 2644 et
1056 2609 1102 2644 ad

53 2677 188 2705 omnem
208 2673 344 2704 coetum
363 2668 523 2704 filiorum
542 2668 654 2703 lsrael
674 2668 711 2703 in
731 2668 914 2704 desertum
933 2669 1098 2713 Pharan,

54 2730 140 2775 (uod
154 2735 210 2766 est
229 2729 265 2765 in
281 2728 409 2765 Gades.
428 2728 500 2765 Sed
514 2729 551 2764 in
567 2729 848 2765 Deuteronomio
867 2729 1010 2777 Moyses
1024 2730 1100 2776 ipsc

6 2808 9 2809 ⁷
53 2792 202 2838 oquitur
221 2792 377 2838 populo:
404 2804 415 2825 ‹
442 2792 604 2837 Cumque
623 2792 816 2828 venissetis
838 2792 875 2827 in
900 2792 1099 2830 Gadesbar-

4 2887 7 2896 ,
57 2859 113 2895 te,
143 2851 217 2887 dixi
245 2851 348 2888 vobis
379 2863 386 2886 :
423 2851 584 2887 Venistis
619 2852 664 2887 ad
692 2858 851 2888 montem
875 2852 1096 2896 Amorrhaei,

53 2921 153 2947 uem
181 2910 352 2948 Dominus
378 2913 474 2948 Deus
496 2917 616 2949 vester
636 2912 786 2949 daturus
803 2920 861 2950 est
875 2915 992 2951 vobis.
1010 2914 1100 2952 Vide

69 2988 77 3005 ·-
122 2984 181 3012 am
206 2985 316 3022 quain
344 2975 518 3012 Dominus
546 2975 641 3012 Deus
668 2981 752 3013 tuus
767 2976 867 3017 dabit
880 2977 961 3021 tibi,
976 2987 1099 3014 ascen-

58 3050 86 3067 ν,
119 3040 155 3073 et
185 3036 331 3083 posside
361 3045 454 3072 eam.
493 3036 539 3072 Et
573 3037 781 3074 accessistis
808 3038 855 3074 ad
883 3048 943 3074 me
970 3048 1099 3075 omnes

8 3117 10 3122 -
52 3111 95 3129 Ἰι
131 3106 152 3134 e
189 3096 332 3132 dixistis
365 3108 373 3131 :
409 3095 510 3132 Mitte
540 3096 639 3134 viros
672 3098 734 3143 qui
765 3098 999 3135 considerent
1025 3104 1099 3135 ter-

4 3191 7 3196 ff
97 3172 114 3189 0·
138 3184 149 3202 ,
184 3162 254 3194 etc.
280 3170 293 3192 ›
317 3157 420 3202 Quod
445 3162 568 3194 autem
598 3159 765 3195 eamdem
790 3160 1020 3197 mansionem
1039 3171 1097 3198 se-

10 3230 12 3236 ’
39 3215 80 3261 ’μ
102 3218 164 3256 ·do
191 3228 286 3256 anno
317 3219 535 3267 egressionis
556 3219 601 3256 de
618 3219 775 3267 AEgypto
795 3221 965 3266 adierint,
988 3233 1009 3258 a
1027 3233 1099 3269 qua

79 3274 83 3278 ’
95 3289 167 3318 :sen
179 3285 332 3328 peceato
344 3282 640 3319 murmurationis
658 3287 756 3319 retro
770 3284 918 3328 reverti,
930 3294 972 3321 ac
987 3285 1100 3322 multo

44 3357 47 3360 ·
72 3348 210 3388 mpore
226 3351 292 3389 per
310 3341 494 3379 desertum
513 3343 595 3390 vagi
618 3352 743 3379 errare
760 3348 797 3379 et
817 3343 954 3390 passim
970 3344 1100 3382 cadere

58 3417 63 3435 ι
85 3399 278 3448 umerum,
304 3408 458 3442 testatur
481 3404 626 3452 Moyses
649 3405 686 3441 in
709 3405 1016 3451 consequentibus
1041 3405 1098 3442 di-

57 3479 127 3496 m:
161 3463 306 3513 (lntn.):
333 3477 346 3501 ι
370 3466 524 3504 Sedistis
554 3466 592 3503 in
623 3466 854 3504 Cadesbarne
873 3466 988 3502 multo
1008 3471 1098 3502 tem·-

58 3537 63 3554 ·
81 3539 85 3553 ι
122 3539 148 3560 ι.
167 3522 396 3572 Profectique
412 3526 510 3571 inde,
530 3527 696 3563 venimus
711 3527 749 3563 in
766 3526 996 3563 solitudinem
1018 3535 1099 3572 quae

57 3583 328 3624 uniti-emate
345 3587 524 3631 Rubrum,
544 3588 637 3625 sicut
651 3589 741 3625 mihi
755 3588 896 3625 dixerat
909 3587 1096 3624 Dominus.

46 3648 49 3650 '
79 3649 96 3680 t
111 3640 343 3684 circuivimus
356 3654 516 3685 montem
531 3647 614 3685 Scir
630 3649 738 3697 longo
752 3654 928 3695 tempore.
949 3661 961 3682 »
985 3647 1029 3683 Et
1043 3648 1098 3683 in-

62 3719 67 3736 ·
119 3715 128 3739 ε
143 3715 156 3737 ι
163 3699 319 3750 Tempus
328 3711 453 3744 autem
459 3718 532 3754 quo
541 3708 805 3745 ambulavimus
815 3709 860 3745 de
868 3708 1100 3745 cadesbarne

64 3780 109 3796 ·-1
146 3773 168 3803 e
195 3763 242 3803 ad
260 3769 457 3806 torrentem
475 3769 592 3807 zared
638 3769 791 3816 triginta
818 3775 903 3808 octo
920 3779 1098 3808 annorum

570 166 838 206 ENARRATIO
861 166 1014 205 SUPER
1038 165 1452 204 DEUTERONOMIUM.
1477 187 1526 194 —
1548 169 1635 206 LlB.
1661 172 1689 207 1.

83 247 86 253 ’
119 248 194 285 'ma
219 246 346 295 quinta
378 244 488 292 primi
514 243 651 282 mensis
683 243 909 290 ingressam,
940 241 1106 277 ultimam
1123 242 1160 282 A
1176 241 1259 286 suit,
1276 243 1391 279 donec
1409 249 1687 280 consumeretur
1707 246 1826 282 omnis
1845 252 2028 292 generatio
2038 255 2228 296 hominum

2158 182 2227 219 85⁰

1176 303 1392 341 bellatorum
1412 304 1458 342 de
1485 304 1639 349 castris,
1659 305 1754 341 sieut
1780 305 1967 350 juraverat
1996 311 2181 354 Dominus.
2208 332 2224 355 ι

1177 365 1295 400 Zared
1313 371 1435 401 autem
1450 375 1583 402 nomen
1601 375 1674 402 non
1691 371 1748 402 est
1768 367 1967 404 mansionis
1979 395 1989 412 ,
2006 371 2049 406 de
2063 372 2134 410 illis
2148 377 2228 414 dieo

1178 425 1419 472 quadraginta
1438 428 1592 471 duabus,
1612 427 1676 463 sed
1691 436 1823 462 nomen
1838 429 2026 472 torrentis,
2047 431 2093 467 ad
2108 440 2232 478 quem,

1177 488 1271 525 sicut
1302 488 1341 524 in
1367 487 1610 524 Numerorum
1636 488 1821 524 volumine
1846 488 1990 535 legitur,
2020 495 2232 537 trangressa

1176 549 1348 586 vicesima
1375 553 1503 585 octava
1530 548 1719 585 mansione
1745 549 1892 585 nomine
1918 548 2099 585 Jeabarim
2128 561 2235 588 vene-

1176 613 1272 645 runt.
1298 607 1414 652 Quem
1433 608 1701 654 relinquentes,
1722 608 1860 654 inquit,
1882 593 2130 645 casframetati
2151 616 2236 647 sunt

1178 675 1305 707 contra
1326 670 1451 706 Arnon
1484 679 1565 716 quae
1594 675 1650 706 est
1679 670 1717 706 in
1751 670 1916 713 deserto,
1937 674 1974 706 et
1996 669 2182 716 prominet
2199 671 2237 707 in

1176 731 1310 767 finibus
1322 730 1524 766 Amorrhaei
1543 740 1552 765 :
1569 730 1664 776 quod
1680 730 1959 778 quadragesimo
1976 740 2071 766 anno
2091 735 2233 777 gestum

1174 791 1287 827 fuisse
1319 801 1391 828 non
1408 791 1509 828 latet.
1547 791 1615 836 Qui
1649 791 1815 827 videlicet
1852 794 1967 827 annus
1998 791 2233 838 quadragesi-

1174 863 1268 896 mus,
1286 853 1321 889 id
1336 859 1402 897 est,
1418 859 1454 889 et
1469 854 1631 897 ultimus,
1648 854 1868 901 longissimae
1882 864 1946 900 per
1966 854 2150 890 desertum
2167 854 2235 890 viae

1175 915 1384 950 mansiones
1416 915 1578 951 continet
1619 913 1874 950 Numerorum.
1914 915 2074 958 Quarum
2114 915 2233 960 prima

1174 976 1315 1011 mansio
1332 986 1462 1021 magno
1476 981 1531 1011 cst
1546 976 1670 1011 labore
1687 977 1855 1021 repetita,
1877 977 2006 1012 eadem
2025 977 2103 1022 ipsa
2118 976 2233 1012 Gades

1175 1034 1310 1069 deserti
1332 1034 1415 1077 Sin,
1438 1045 1547 1079 quam
1565 1040 1649 1070 ante
1678 1035 1828 1081 triginta
1847 1042 1930 1071 octo
1961 1046 2094 1078 annos,
2114 1042 2155 1071 ut
2182 1037 2235 1071 di-

1177 1100 1274 1130 ctum
1299 1101 1373 1138 est,
1402 1095 1506 1141 culpa
1527 1097 1838 1140 praevaricationis
1870 1098 2055 1142 exigente,
2082 1102 2166 1142 post
2196 1107 2235 1132 sc

1176 1157 1314 1193 reversi
1338 1157 1579 1203 reliquerant3
1601 1158 1645 1193 de
1665 1168 1734 1203 qua
1754 1159 1803 1193 ita
1825 1158 2004 1202 scriptum
2025 1163 2082 1194 cst
2102 1170 2109 1192 :
2135 1170 2148 1191 ‹
2171 1158 2237 1193 Ve-

1174 1224 1378 1263 nernntquc
1405 1218 1468 1254 filii
1490 1218 1599 1254 lsrael
1622 1224 1658 1255 et
1688 1220 1806 1255 omnis
1836 1219 2027 1254 multitudo
2052 1220 2087 1254 in
2114 1219 2236 1255 deser-

1174 1285 1252 1315 tum
1270 1279 1333 1314 Sin
1350 1290 1474 1316 mense
1489 1281 1608 1326 primo
1626 1292 1633 1315 :
1651 1286 1687 1316 et
1706 1281 1837 1316 mansit
1866 1280 2016 1326 populus
2038 1281 2073 1315 in
2093 1280 2209 1317 Gades
2223 1307 2233 1324 ,

1174 1344 1391 1384 mortuaque
1409 1346 1464 1375 est
1491 1341 1540 1376 ibi
1559 1340 1684 1383 Maria,
1711 1347 1747 1377 et
1767 1342 1906 1387 sepulta
1937 1342 1973 1376 in
1995 1342 2122 1378 codem
2139 1342 2232 1378 loco.

1174 1399 1337 1445 Cumque
1354 1400 1531 1445 indigeret
1546 1401 1698 1447 populus
1715 1411 1805 1447 aqua
1818 1428 1827 1444 ,
1851 1402 2017 1437 coierunt
2038 1402 2231 1438 adversum

1174 1461 1320 1507 Moysen
1343 1468 1378 1497 et
1397 1461 1534 1505 Aaron,
1556 1468 1643 1505 etc„
1660 1476 1672 1496 i>
1691 1473 1806 1508 usque
1822 1464 1866 1498 ad
1883 1464 1933 1505 id,
1947 1463 2042 1508 quod
2058 1464 2234 1509 scriptum

1174 1527 1228 1557 est
1246 1533 1254 1556 :
1279 1534 1290 1554 ‹
1315 1521 1398 1558 llaec
1414 1526 1468 1557 est
1486 1532 1579 1567 aqua
1595 1522 1908 1566 contradictionis,
1927 1521 2134 1568 ubijurgati
2151 1527 2236 1558 sunt

1174 1582 1238 1618 filii
1258 1583 1369 1618 Israel
1402 1589 1529 1620 contra
1559 1583 1750 1619 Dominum
1763 1611 1772 1626 ,
1794 1589 1830 1619 et
1858 1583 2104 1619 sanctificatus
2122 1590 2178 1620 est
2197 1585 2235 1619 in

1174 1643 1226 1679 eis
1246 1643 1371 1691 (Num.
1396 1644 1471 1690 xx).
1498 1657 1510 1678 ι
1532 1644 1809 1690 Notandumqnc
1823 1646 1919 1690 quod
1936 1646 2102 1681 eamdem
2119 1645 2235 1681 Gades

1174 1709 1210 1739 et
1230 1704 1264 1739 in
1279 1705 1422 1741 deserto
1431 1705 1576 1741 Pharan
1591 1716 1685 1748 esse,
1702 1713 1737 1742 et
1753 1706 1787 1741 in
1803 1707 1946 1742 deserto
1963 1706 2026 1742 Sin
2045 1706 2233 1752 Scriptura

1174 1766 1279 1801 sitam
1314 1766 1425 1802 refert
1442 1777 1450 1802 :
1472 1767 1567 1802 unde
1606 1767 1785 1813 conjectio
1819 1768 1947 1811 datur,
1985 1768 2021 1803 in
2059 1774 2234 1804 consueto

1173 1837 1274 1863 more
1294 1827 1456 1863 locorum
1475 1834 1615 1874 partem
1635 1830 1724 1864 semi
1745 1829 1905 1872 Pharan,
1924 1829 1985 1865 ubi
2014 1829 2131 1866 Gades
2152 1835 2230 1871 est,

1173 1887 1378 1933 specialiter
1398 1888 1462 1923 Sin
1483 1889 1722 1934 appellat-anu
1746 1890 1808 1925 Sin
1832 1895 1968 1933 autem,
1990 1900 2062 1925 non
2080 1890 2157 1936 ipsa
2178 1895 2233 1926 est

1173 1947 1287 1984 Gades
1306 1959 1414 1994 quam
1434 1957 1516 1985 mox
1536 1955 1764 1996 transgresso
1781 1950 1873 1985 mari
1886 1950 2010 1986 Rubro
2027 1950 2120 1985 inter
2138 1949 2230 1986 Elim

1173 2014 1210 2044 et
1229 2008 1328 2044 Sinai
1344 2009 1605 2055 pertransiere,
1626 2010 1689 2045 sed
1708 2010 1778 2044 alia
1796 2019 1948 2054 prorsus
1967 2009 2121 2055 aliisque
2137 2008 2233 2053 apud

1173 2068 1343 2105 Hebraeos
1373 2070 1506 2114 scripta
1532 2068 1735 2105 elementis.
1765 2068 1929 2104 Secunda
1955 2078 2042 2104 vero
2069 2068 2233 2113 ejusdem

1173 2129 1440 2175 quadragesimi
1479 2129 1563 2164 anni
1603 2135 1701 2164 mota
1742 2135 1798 2165 est
1833 2129 1871 2164 in
1903 2133 2025 2166 monte
2062 2128 2159 2173 Hor,
2196 2128 2233 2163 in

1173 2199 1244 2235 quo
1265 2177 1435 2226 occubuit
1458 2189 1579 2226 Aaron
1606 2189 1725 2235 prima
1743 2190 1801 2226 die
1821 2190 1938 2235 quinti
1957 2190 2091 2226 mensis
2105 2217 2114 2233 ‚
2135 2189 2232 2225 ultra

1173 2250 1392 2294 campestria
1424 2249 1549 2292 Moab,
1571 2259 1680 2294 super
1700 2249 1893 2286 Jordanem
1914 2255 2039 2285 contra
2065 2249 2230 2292 Jericbo‚

1172 2308 1234 2344 ubi
1254 2308 1577 2344 Deuteronomium
1610 2310 1832 2345 meditantes
1859 2314 2088 2352 manserunt,
2116 2319 2232 2354 usque

1172 2370 1256 2405 dum
1268 2375 1350 2415 post
1363 2375 1518 2406 mortem
1535 2369 1663 2415 Moysi,
1679 2369 1788 2405 Josue
1807 2370 1911 2413 duce,
1928 2370 2044 2415 prima
2060 2371 2117 2406 die
2132 2380 2229 2406 men-

1172 2429 1222 2465 sis
1239 2429 1396 2472 decimi,
1416 2429 1512 2465 sicca
1540 2428 1640 2465 ssuvii
1666 2429 1835 2465 „Iordanis
1864 2430 2043 2475 profunda
2075 2432 2229 2468 transie-

1172 2494 1268 2525 runt.
1285 2489 1393 2524 Fiunt
1409 2499 1495 2534 ergo
1513 2500 1639 2526 omnes
1658 2491 1866 2527 mansiones
1893 2491 2001 2536 primi
2026 2492 2111 2527 anni
2132 2492 2223 2528 ‹lno-

1171 2550 1304 2593 dccim;
1323 2549 1484 2593 secundi,
1503 2550 1630 2596 viginti
1650 2556 1686 2586 et
1707 2561 1800 2591 una;
1823 2550 1955 2593 ultimi,
1977 2556 2013 2586 et
2032 2552 2108 2596 ipsa
2125 2552 2222 2588 vice-

1170 2611 1262 2647 sima
1281 2611 1410 2655 prima,
1434 2621 1514 2657 qua}
1529 2617 1586 2647 est
1603 2611 1738 2655 Gades;
1760 2618 1797 2648 et
1816 2612 1895 2648 aliae
1916 2622 2069 2656 novem,
2091 2613 2126 2648 id
2145 2619 2199 2649 cst
2214 2641 2223 2657 ,

1170 2671 1276 2707 simul
1292 2681 1432 2715 omnes,
1455 2672 1694 2718 quadraginta
1713 2673 1806 2708 duae.

1584 2748 1734 2784 CAPUT
1755 2748 1811 2785 Vl.

1170 2807 1444 2855 Recapitulatio,
1466 2810 1639 2855 quomodo
1673 2809 1810 2855 Moyses
1844 2811 1975 2847 miseric
2010 2813 2150 2849 nuntios
2180 2818 2226 2849 ad

1296 2855 1386 2891 Seon
1408 2867 1520 2902 reqem
1538 2856 1688 2899 Esebon,
1706 2864 1737 2892 et
1755 2856 1806 2903 09
1828 2869 1939 2904 reqem
1956 2859 2089 2895 Busan.

1219 2918 1338 2965 (lma.)
1364 2931 1375 2951 ‹
1399 2917 1479 2953 Misi
1514 2928 1599 2964 ergo
1632 2920 1777 2955 nuntios
1814 2921 1858 2956 de
1893 2921 2086 2958 solitudine
2107 2922 2224 2959 Cade-

1176 2990 1189 3012 ‹
1215 2979 1329 3021 moth,
1366 2979 1410 3014 ad
1443 2977 1565 3014 Schon
1599 2988 1723 3025 regem
1761 2979 1940 3023 Hesebon,
1975 2982 2096 3018 verbis
2126 2983 2224 3028 paci-

1175 3053 1187 3074 «
1214 3039 1292 3076 ficis
1312 3039 1461 3076 dicens:
1486 3039 1736 3076 Transibimus
1755 3050 1820 3086 per
1846 3046 1984 3077 terram
2012 3047 2131 3085 tuam,
2153 3054 2220 3088 pu-

1175 3113 1188 3135 «
1212 3101 1306 3137 blica
1331 3100 1539 3147 gradiemur
1556 3101 1627 3136 via.
1653 3100 1730 3137 Non
1754 3101 2015 3137 declinabimus
2040 3112 2156 3146 neque
2177 3103 2222 3138 ad

1175 3174 1188 3196 ‹
1213 3163 1420 3205 dexteram,
1450 3171 1567 3208 neque
1596 3161 1641 3197 ad
1675 3160 1872 3196 sinistram.
1899 3158 2077 3195 Alimenta
2103 3161 2221 3205 pretio

1175 3236 1187 3257 ‹
1212 3222 1327 3260 vende
1341 3223 1459 3266 nobis,
1471 3228 1510 3258 ut
1520 3231 1719 3258 vescamur.
1732 3219 1871 3263 Aquam
1882 3219 2033 3264 pecunia
2043 3219 2170 3262 tribue,
2184 3226 2222 3256 et

1175 3297 1187 3318 ‹
1212 3285 1264 3321 sic
1281 3284 1458 3321 bibemus.
1482 3283 1636 3318 Tantum
1656 3285 1709 3314 est
1726 3285 1764 3314 ιιι
1780 3279 1884 3313 nobis
1901 3279 2078 3314 concedas
2099 3284 2218 3315 trans-

1175 3359 1187 3380 ι
1213 3346 1325 3388 ἰιιιιιι,
1354 3345 1446 3380 sicut
1471 3342 1634 3377 fecerunt
1660 3338 1722 3373 [ilii
1753 3338 1866 3379 Esau,
1896 3338 1957 3383 qui
1987 3338 2153 3375 habitant
2182 3341 2218 3376 in

1174 3418 1186 3439 ‹
1211 3405 1354 3448 ⁴Seir‚et
1368 3401 1530 3438 Moabitae
1542 3400 1603 3445 qui
1618 3403 1804 3433 morantur
1820 3398 1856 3433 in
1865 3397 1928 3440 Ar,
1940 3399 2148 3445 etreliqua»
2165 3401 2221 3437 Di-

1169 3467 1287 3502 ximus
1303 3473 1388 3509 ergo
1409 3460 1572 3507 superius
1595 3458 1691 3504 quod
1713 3458 1833 3494 Sehon
1853 3457 2076 3504 significaret
2090 3461 2219 3498 diabo-

1168 3527 1257 3568 lum,
1275 3523 1335 3570 qui
1353 3527 1409 3558 est
1429 3529 1576 3568 germen
1594 3519 1738 3561 inutile,
1758 3519 1815 3555 vel
1838 3519 1946 3555 arbor
1966 3520 2212 3565 infructuosa,

1169 3588 1244 3624 sive
1259 3584 1386 3620 elatus.
1406 3580 1514 3617 lsrael
1534 3589 1634 3626 ergo,
1650 3580 1711 3625 qui
1728 3589 1793 3625 per
1810 3579 1888 3625 ejus
1907 3585 2042 3617 terram
2059 3582 2217 3618 transire

1167 3647 1322 3687 volebat,
1334 3642 1514 3689 significat
1526 3639 1928 3687 plebemChristianam‚
1945 3650 2024 3686 quae
2039 3650 2104 3687 per
2117 3642 2216 3679 viam
2228 3666 2247 3682 ,-

1168 3707 1291 3744 mundi
1326 3705 1402 3740 vuit
1434 3702 1600 3738 transire.
1633 3699 1804 3736 Transire
1831 3700 1997 3737 volumus
2023 3711 2090 3748 per
2114 3702 2218 3740 hune'

1167 3764 1353 3809 mundum,
1365 3767 1404 3800 ut
1418 3761 1606 3809 pervenire
1616 3758 1797 3807 possimus
1815 3759 1862 3797 ad
1879 3765 2018 3800 terram
2031 3765 2212 3811 sanctam,
