2540 4016
322 205 392 244 839

764 202 806 239 B.
833 203 1004 240 RABANI
1028 196 1175 242 MAURI
1195 199 1410 243 ARCHIEP.
1437 204 1644 244 MOGUNT.
1670 205 1864 244 OPERUM
1885 205 2007 244 PARS
2033 207 2062 243 1.

2412 204 2484 243 840

318 281 362 317 ad
390 276 495 322 hujus
531 275 614 312 libri
645 277 851 314 enodandas
886 280 1102 325 quaestiones
1138 290 1360 316 assumerem
1383 287 1418 325 Α
1433 281 1578 327 respicit
1595 282 1632 317 in
1649 282 1740 318 coelo
1756 283 1844 318 etin
1864 287 1961 317 terra
1976 306 1986 323 ,
2019 277 2242 324 suscitatque
2273 277 2318 314 de
2339 278 2486 324 pulvere

317 334 534 371 facultatem.
563 332 648 370 Haec
679 341 800 370 autem
831 346 912 382 quae
934 338 1077 372 noviter
1105 347 1126 372 a
1161 337 1366 383 legislatore

314 396 449 431 inserta
481 394 619 439 reperi,
639 393 762 439 divina
781 396 897 441 gratia
913 397 1087 443 largiente
1101 424 1110 440 ,
1134 406 1200 442 pro
1224 398 1366 433 modulo

313 454 428 492 nostri
448 454 632 500 ingenioli,
647 455 1002 503 quantulumcunque
1015 457 1210 504 explanare
1228 460 1364 495 curavi.

314 514 631 551 Deuteronomium
650 524 806 560 quoque,
835 521 875 551 ut
900 516 1029 553 beatus
1059 518 1298 566 Hieronymus
1329 520 1366 555 in

313 575 467 622 quadam
503 574 654 621 epistola
679 585 742 610 sua
774 576 819 611 ad
849 577 1004 613 amicum
1036 578 1101 622 ait,
1123 581 1279 616 secunda
1312 585 1367 616 est

312 637 383 679 lex,
405 641 442 671 et
471 635 687 681 evangelicae
702 635 789 681 legis
806 636 1070 684 praefigurati03
1097 639 1220 684 sieque
1239 649 1280 675 ea
1298 640 1365 675 ha-

312 697 374 734 bet
407 706 486 742 quae
519 696 642 741 priora
670 702 767 739 sunt,
789 703 827 732 ut
857 703 977 734 tamen
1005 709 1098 734 nova
1130 699 1202 734 sint
1229 699 1363 734 omnia.

316 758 540 803 Quapropter
555 757 631 793 haec
665 767 725 793 res
742 767 892 803 operosa
910 759 1045 805 indiget
1063 759 1239 795 solutione
1266 770 1274 792 ε
1296 758 1367 793 sei-

314 817 397 853 licet
435 819 529 863 quod
563 818 611 853 ita
642 818 879 855 historialiter
911 820 1125 856 ordinentur
1160 825 1299 862 vetera,
1329 823 1368 854 ut

316 878 526 923 spiritaliter
555 879 674 914 omnia
689 879 981 916 demonstrentur
998 891 1103 925 nova,
1127 887 1162 917 et
1183 882 1270 927 legis
1304 891 1369 925 per

316 939 467 985 figuram
490 938 659 985 patefecit
678 940 798 975 littera
827 950 905 985 quae
925 951 1027 976 sacer
1045 941 1229 987 Evangelii
1250 945 1369 975 textus

313 999 350 1035 in
365 1009 404 1035 se
421 1001 582 1035 continet
602 1006 844 1036 sacramenta.
867 1001 980 1043 Unde,
1016 1007 1141 1037 sancte
1161 1001 1287 1043 frater,
1307 1006 1369 1035 tuo

313 1060 357 1095 de
375 1061 446 1096 hoc
463 1061 618 1095 maxime
634 1061 835 1106 indigemus
850 1061 1029 1106 adJutorio
1046 1074 1054 1096 :
1078 1067 1256 1106 quatenus
1275 1060 1369 1106 apud

314 1121 599 1166 omnipotentem
617 1120 761 1156 Patrem
776 1122 945 1166 precibus
964 1122 1118 1157 assiduis
1139 1122 1310 1166 impetres
1328 1126 1367 1155 ut

311 1237 452 1273 litatem
486 1237 618 1281 facere,
643 1238 717 1283 ejus
735 1239 969 1283 opitulatione
1009 1241 1112 1277 nobis
1145 1241 1365 1286 conferatur,

312 1297 374 1342 qui
394 1297 456 1332 dat
481 1298 647 1333 omnibus
668 1298 866 1341 affluenter,
888 1305 923 1335 et
937 1311 1008 1336 non
1031 1301 1272 1347 improperat;
1289 1304 1368 1348 qui-

313 1365 382 1400 que
420 1356 456 1390 in
487 1356 679 1400 Evangelio
710 1357 875 1393 fidelibus
906 1360 978 1394 suis
1015 1361 1180 1405 promisit
1218 1363 1365 1397 dicens:

322 1425 334 1445 ‹
362 1413 491 1454 Petite,
525 1418 560 1448 et
579 1413 722 1448 dabitur
754 1415 875 1457 vobis;
894 1417 1055 1460 quaerite,
1086 1423 1122 1453 et
1157 1418 1367 1461 invenietis;

317 1482 329 1504 t
357 1471 506 1517 pulsate,
540 1476 576 1506 et
594 1472 775 1517 aperietur
800 1473 913 1508 vobis.
934 1474 1059 1510 Omnis
1079 1477 1175 1510 enim
1197 1477 1258 1521 qui
1279 1477 1369 1521 petit

317 1544 329 1565 ‹
357 1532 502 1578 accipit,
520 1538 557 1568 et
587 1534 647 1578 qui
666 1535 958 1579 quaeritinvenit,
978 1544 1013 1573 et
1040 1538 1197 1583 pulsanti
1232 1540 1368 1586 aperie-

317 1604 329 1625 «
361 1597 433 1627 tur.
466 1606 477 1626 ›
506 1592 643 1628 idcirco
660 1600 779 1629 autem
809 1597 1068 1641 postulationes
1099 1599 1252 1644 imploro
1275 1606 1368 1645 tuas,

315 1653 399 1698 quia
434 1654 574 1689 meritis
595 1655 709 1691 sacris
738 1656 817 1693 illas
845 1659 918 1694 Deo
947 1661 1214 1706 acceptissimas
1248 1663 1370 1698 credo.

314 1713 493 1749 Caeterum
509 1720 630 1750 autem
644 1727 709 1753 nos
728 1728 793 1763 pro
811 1719 879 1754 hoc
909 1720 985 1765 ipso
1008 1722 1175 1766 precibus
1195 1723 1280 1759 licet
1299 1734 1371 1759 non

316 1774 516 1821 condignis,
539 1780 659 1812 tamen
691 1778 1128 1826 humillimisinsistimus,
1149 1785 1373 1830 postulantes

315 1838 356 1868 ut
371 1844 548 1880 supernus
573 1837 710 1873 arbiter
725 1839 786 1884 qui
805 1839 843 1874 in
871 1841 952 1877 altis
971 1842 1123 1887 habitat,
1154 1850 1190 1880 et
1224 1845 1375 1881 humilia

1434 351 1601 387 egenum,
1625 347 1663 378 et
1699 343 1743 378 de
1763 347 1920 378 stercore
1955 338 2061 384 erigit
2088 348 2282 384 pauperem
2298 364 2308 382 ,
2329 337 2486 383 aliquam

1433 400 1648 446 particulam
1680 402 1853 436 donorum
1880 408 2028 434 suorum
2042 399 2201 435 muneris
2232 398 2288 435 sui
2320 398 2488 446 largitate

1434 461 1537 496 nobis
1555 460 1751 496 concedere
1766 459 1946 504 dignetur,
1962 463 2002 494 ut
2016 457 2093 504 ejus
2107 458 2294 494 servitium
2311 457 2348 493 in
2362 457 2488 494 Eccle-

1435 519 1489 554 sia
1506 525 1631 555 sancta
1651 528 1714 553 sua
1742 517 1786 552 ad
1808 517 1920 563 ipsius
1949 517 2090 553 laudem
2107 522 2143 553 et
2156 523 2316 554 nostram
2335 517 2488 554 salutem

1434 579 1579 624 explere
1599 577 1795 628 possimus.
1817 577 1910 613 Ecce
1930 577 2040 614 habes
2058 577 2343 614 Pentateuchum
2356 577 2484 624 Moysi,

1435 643 1474 672 ut
1493 637 1639 682 petisti,
1672 647 1752 672 cum
1787 637 1969 683 mysteriis
1995 637 2070 673 suis
2098 638 2248 683 spiritali
2262 638 2401 674 calamo
2425 638 2489 674 ali-

1436 695 1646 741 quantulum
1678 695 1897 741 explicatum
1921 708 1928 731 :
1950 696 2080 742 quibus
2096 697 2254 742 quinque
2267 698 2401 741 verbis,
2433 698 2487 733 lo-

1435 756 1497 802 qui
1517 766 1556 791 se
1572 755 1764 802 Apostolus
1782 756 1820 791 in
1853 756 2005 792 ecclesia
2025 756 2200 802 gloriatur
2219 756 2254 802 (1
2278 755 2360 791 Cor.
2395 757 2484 802 x1v).

1435 818 1521 853 Esto
1539 818 1620 863 pius
1644 822 1825 853 scrutator
1839 817 1944 862 legis,
1965 822 2002 854 et
2020 818 2170 854 devotus
2185 825 2376 855 exsecutor
2397 829 2488 864 prae-

1436 884 1620 924 ceptorum
1644 878 1819 915 Altissimi
1839 891 1846 913 :
1870 883 1910 914 ut
1930 879 2024 914 sicut
2042 879 2079 914 in
2097 879 2223 915 ordine
2242 889 2405 922 consors,
2438 879 2486 914 ita

1436 945 1473 975 et
1503 946 1713 984 cooperator
1739 941 1788 975 sis
1821 945 2029 976 sanctorum
2066 939 2322 985 apostolorum.
2353 939 2490 975 Memor
2523 931 2540 979 ζ

1437 1008 1514 1039 esto
1533 1003 1690 1039 doctoris
1707 1004 1866 1050 gentium
1888 1010 1924 1040 et
1951 1004 2165 1041 hortationis
2181 1015 2252 1050 qua
2273 1003 2490 1050 discipulum

1437 1066 1618 1102 instruens
1637 1067 1686 1102 ait
1716 1076 1724 1101 :
1759 1079 1771 1100 ‹
1807 1066 1966 1111 Praecipe
1996 1067 2073 1101 haec
2091 1073 2127 1101 et
2147 1066 2248 1102 doce.
2268 1066 2382 1101 Nemo
2401 1065 2488 1100 ado-

1443 1137 1455 1158 «
1483 1125 1692 1160 lescentiam
1722 1129 1821 1159 tuam
1853 1129 2073 1166 contemnat,
2093 1123 2155 1159 sed
2175 1124 2377 1169 exemplum
2412 1128 2490 1158 esto
2527 1124 2531 1137 ³

312 1179 411 1223 quod
430 1189 496 1214 nos
517 1179 622 1224 jubes
648 1182 783 1215 inertes
802 1181 846 1215 ad
868 1185 968 1215 tuam
997 1186 1033 1216 et
1054 1182 1099 1217 ad
1126 1187 1271 1218 tuorum
1288 1178 1367 1217 'uti-
1387 1189 1418 1227 Β
1441 1196 1453 1216 ι
1483 1183 1641 1219 fidelium
1665 1184 1700 1218 in
1719 1184 1844 1226 verbo,
1868 1183 1904 1218 in
1933 1184 2222 1227 conversatione,
2238 1184 2274 1218 in
2296 1183 2488 1226 charitate,

1441 1255 1454 1277 ι
1485 1243 1521 1278 in
1538 1242 1607 1278 fide
1632 1269 1640 1285 ,
1662 1243 1698 1277 in
1717 1243 1895 1278 castitate.
1916 1242 2007 1277 Dum
2037 1243 2142 1278 venio
2172 1242 2314 1278 attende
2345 1242 2491 1278 lectioni

1442 1314 1454 1335 ‹
1484 1308 1520 1337 et
1558 1302 1754 1337 hortationi
1793 1303 1978 1338 doctrinm.
2011 1302 2090 1338 Noli
2122 1303 2302 1349 negligere
2336 1302 2491 1348 gratiam

1441 1375 1453 1395 ‹
1484 1363 1615 1407 quaein
1635 1368 1670 1397 te
1689 1368 1756 1405 est,
1779 1369 1912 1408 quanta
1930 1368 1984 1398 est
2001 1363 2063 1398 tibi
2083 1373 2148 1408 per
2165 1363 2389 1409 prophetiam
2411 1372 2492 1397 cum

1443 1433 1454 1453 ε
1484 1421 1711 1465 impositione
1742 1431 1912 1456 manuum
1939 1423 2153 1467 presbyteri.
2191 1422 2274 1458 Haec
2302 1421 2490 1463 meditare,

1446 1493 1456 1513 ι
1482 1481 1519 1516 in
1547 1481 1626 1515 istis
1646 1486 1736 1523 esto,
1752 1485 1792 1515 ut
1807 1479 1988 1524 profectus
2020 1485 2102 1516 tuus
2117 1481 2328 1517 manifestus
2348 1483 2395 1517 sit
2414 1492 2492 1517 om·
2523 1495 2526 1497 “

1446 1553 1458 1574 ι
1489 1541 1607 1576 nibus.
1629 1540 1785 1575 Attcnde
1806 1541 1869 1575 tibi
1888 1545 1923 1576 et
1938 1540 2124 1583 doctrinae,
2142 1541 2237 1576 insta
2257 1542 2292 1576 in
2313 1541 2397 1577 illis.
2418 1542 2494 1577 Hoc

1445 1613 1458 1634 ι
1489 1601 1586 1636 enim
1605 1599 1765 1644 faciens,
1797 1606 1833 1636 et
1855 1606 1888 1636 te
1912 1600 2027 1646 ipsum
2064 1600 2201 1636 salvum
2226 1601 2350 1644 facies,
2376 1606 2411 1637 et
2434 1611 2495 1636 eos

1449 1675 1460 1696 ‹
1490 1663 1550 1708 qui
1571 1668 1605 1698 te
1625 1663 1786 1698 audiunt.
1819 1676 1831 1698 ›
1857 1663 1941 1699 Haec
1974 1668 2010 1699 te
2045 1663 2164 1699 facere
2196 1671 2230 1699 et
2250 1664 2424 1709 perlicere
2450 1664 2496 1699 ad

1445 1728 1545 1758 tuam
1565 1728 1601 1758 et
1622 1723 1665 1758 ad
1686 1723 1880 1758 multorum
1903 1722 2056 1758 salutem
2077 1723 2250 1758 concedat
2274 1722 2492 1758 Altissimus.

1445 1784 1545 1826 Vale,
1564 1790 1686 1819 sancte
1699 1784 1819 1827 Pater,
1837 1783 2022 1830 Maurique
2031 1784 2083 1820 tui
2097 1784 2136 1820 in
2148 1784 2261 1821 sacris
2276 1784 2496 1820 orationibus

1446 1854 1590 1890 semper
1604 1854 1742 1881 memor
1760 1849 1852 1881 esto.

1308 2004 1503 2045 INCIPIT

486 2099 1032 2183 ENARRATIO
1090 2109 1388 2187 SUPER
1445 2114 2302 2194 DEUTERONOMIUM.

1153 2317 1352 2370 LIBER
1388 2321 1667 2374 PRIMUS.

669 2488 822 2527 CAPUT
841 2489 1035 2526 PRIMUM.

325 2566 436 2602 Verba
454 2563 570 2611 Moysi
587 2575 664 2610 quae
696 2564 831 2600 locutus
862 2571 911 2600 est
930 2565 975 2599 cd
996 2564 1109 2600 lsrael
1129 2570 1226 2600 trans
1244 2565 1376 2602 Jorda-

367 2624 444 2647 ncm
475 2613 511 2646 in
534 2611 723 2647 solitudine
752 2612 962 2658 campestri,
991 2617 1067 2657 post
1099 2612 1376 2657 intersectionem

368 2658 458 2694 Seon
474 2665 504 2693 et
518 2657 583 2704 09,
606 2669 724 2703 reglum
743 2658 1043 2694 Amorrhaeorum.

371 2745 471 2793 (Car.
493 2744 536 2792 ι.)
560 2756 572 2777 ‹
593 2745 677 2779 Haec
692 2750 775 2780 sunt
795 2747 905 2782 verba
922 2745 1152 2791 quaeloeutus
1169 2752 1224 2784 est
1235 2747 1376 2794 Moyses

326 2818 338 2840 α
369 2805 413 2840 ad
432 2814 575 2840 omnem
608 2803 718 2838 lsrael
745 2807 845 2838 trans
875 2803 1088 2848 Jordanem,
1116 2806 1153 2841 in
1185 2806 1376 2842 solitudine

326 2880 338 2901 ι
369 2867 577 2912 campestri,
593 2870 718 2902 contra
738 2875 837 2901 mare
854 2866 1030 2910 Rubrum,
1060 2868 1153 2903 iuter
1181 2867 1323 2904 Pharan
1340 2873 1376 2904 et

326 2939 338 2960 ‹
367 2926 515 2971 Tophel‚
526 2926 691 2962 etLaban
702 2930 737 2961 et
745 2925 936 2967 Haseroth‚
947 2928 1007 2962 ubi
1017 2928 1094 2962 auri
1104 2933 1158 2963 est
1166 2929 1373 2974 plurimum,

327 2998 340 3019 ‹
371 2986 539 3021 undecim
569 2985 696 3020 diebus
720 2986 762 3020 de
781 2984 900 3021 Horeb
915 2996 981 3031 per
998 2987 1094 3021 viam
1121 2989 1254 3024 montis
1281 2989 1374 3034 Scir,

327 3058 339 3080 ι
369 3055 482 3091 usque
515 3045 560 3080 ad
594 3045 839 3086 cadesbarne,
874 3047 1148 3092 quadragesimo
1171 3059 1277 3093 anno,
1311 3061 1376 3085 un-

327 3120 341 3140 ι
367 3107 507 3143 decimo
544 3117 680 3150 mense,
710 3107 827 3153 primo
856 3107 912 3142 die
942 3109 1089 3144 mensis.
1119 3124 1130 3144 ›
1155 3111 1376 3157 Principium

322 3177 408 3214 ergo
435 3167 538 3203 istius
568 3167 652 3203 libri
684 3167 945 3212 quodammodo
968 3168 1092 3205 titulus
1123 3171 1264 3207 videtur
1297 3182 1377 3209 esse

324 3234 432 3274 atque
452 3229 559 3264 index
583 3228 693 3264 totius
729 3228 868 3273 operis,
902 3228 986 3274 quia
1017 3239 1209 3275 personam
1243 3231 1377 3266 indicat

323 3288 473 3325 factoris
492 3293 528 3324 et
544 3298 635 3334 opus
655 3287 806 3331 sactum,
837 3287 1015 3333 simulque
1033 3288 1153 3324 locum
1183 3295 1219 3324 et
1237 3294 1377 3335 tempus

324 3359 395 3396 quo
410 3349 479 3385 hoc
498 3348 634 3385 factum
652 3349 699 3385 sit
717 3348 1002 3394 comprehendit.
1029 3347 1131 3385 Unde
1156 3358 1230 3384 non
1262 3348 1378 3384 solum

324 3409 440 3454 ipsum
461 3419 593 3445 nomen
614 3409 717 3452 libri,
740 3409 803 3444 sed
826 3409 937 3444 etiam
958 3409 1176 3455 principium
1195 3409 1285 3445 Novi
1314 3408 1378 3445 Te-

325 3470 494 3506 stamenti
525 3471 640 3516 gratia
672 3471 910 3507 demonstrat.
934 3469 1026 3506 Nam
1043 3470 1374 3514 Deuteronomium‚

325 3531 422 3578 quod
456 3533 612 3568 secunda
644 3532 702 3569 lex
735 3531 864 3569 Latine
889 3532 1165 3578 interpretatur,
1201 3531 1380 3578 significat

323 3590 570 3638 Evangelium,
597 3593 693 3639 quod
710 3598 792 3639 post
812 3592 1056 3630 conditionem
1087 3591 1230 3629 Veteris
1251 3591 1377 3628 Testa-

324 3653 437 3689 menti
457 3652 583 3690 eadem
616 3658 842 3691 sacramenta
868 3654 1066 3691 secundum
1092 3651 1291 3700 spiritalem
1322 3652 1378 3690 in-

325 3711 507 3749 tellectum
526 3713 647 3750 omnia
681 3714 833 3761 mystice
874 3713 1022 3760 exponit
1056 3718 1165 3760 atque
1195 3713 1376 3760 explanat.

318 3764 434 3822 'Liber
449 3783 535 3820 ergo
555 3774 824 3813 Deuteronomii
841 3776 1007 3823 repetitio
1025 3779 1083 3813 est
1099 3774 1378 3823 praecedentium

1393 3386 1484 3442 Din
1501 3410 1611 3442 terra.
1635 3404 1696 3441 Sic
1724 3410 1760 3441 et
1787 3405 1826 3441 in
1842 3405 1934 3442 libro
1952 3405 2019 3442 Job
2049 3406 2126 3452 ipse
2151 3404 2218 3441 Job
2250 3405 2288 3441 in
2317 3405 2495 3453 principio

1335 2541 1338 2542 ⁷
1395 2496 1424 2537 C
1446 2500 1603 2540 quatuor
1615 2496 1788 2534 librorum
1807 2498 1916 2546 legis;
1937 2510 2022 2536 nam
2044 2501 2127 2537 dum
2146 2501 2180 2536 in
2198 2510 2237 2537 sc
2250 2501 2415 2547 proprias
2446 2502 2497 2538 illi

1446 2555 1632 2592 continent
1658 2568 1800 2602 causas,
1821 2559 1890 2595 iste
1907 2566 2027 2596 tamen
2055 2561 2204 2606 replicat
2229 2562 2362 2597 omnia.
2381 2561 2497 2597 Habet

1445 2623 1564 2653 autem
1583 2624 1619 2654 et
1639 2619 1715 2665 ipse
1741 2621 1885 2666 proprie
1910 2622 2187 2658 innumerabilia
2213 2627 2455 2666 sacramenta,
2477 2632 2498 2658 e

1446 2677 1575 2723 quibus
1594 2688 1636 2714 ea
1664 2689 1744 2724 quae
1767 2680 1888 2716 divina
1907 2681 2021 2727 gratia
2056 2682 2254 2718 secundum
2289 2682 2498 2728 praeceden-

1446 2739 1535 2774 tium
1551 2739 1701 2775 Patrum
1719 2741 1814 2777 dicta
1833 2752 1898 2778 nos
1919 2753 2026 2788 posse
2057 2743 2290 2786 concesserit,
2310 2753 2376 2789 pro
2395 2753 2497 2778 exer·
2525 2771 2529 2775 t

1445 2800 1531 2836 citio
1560 2800 1705 2837 lectoris
1736 2802 1927 2848 explanare
1961 2803 2213 2849 disposuimus.
2251 2815 2263 2836 ι
2295 2802 2378 2837 Haec
2413 2806 2497 2838 sunt

1444 2861 1567 2905 verba,
1601 2862 1730 2907 inquit,
1763 2874 1842 2909 quae
1869 2864 2008 2901 locutus
2026 2870 2081 2901 est
2099 2864 2238 2911 Moyses
2275 2864 2319 2899 ad
2350 2874 2495 2900 omnem

1443 2921 1566 2957 lsrael.
1594 2934 1605 2955 ›
1637 2921 1704 2958 Hic
1737 2924 1881 2968 quidam
1915 2925 2146 2969 quaerendum
2177 2923 2378 2966 aestimant,
2413 2931 2497 2958 cum

1444 2983 1586 3030 Moyses
1602 2983 1768 3020 conditor
1785 2985 1889 3021 istius
1902 2985 1986 3021 libri
2004 2985 2236 3031 dignoscitur,
2257 2983 2435 3030 quomodo
2453 2984 2498 3019 de

1445 3054 1483 3081 se
1503 3045 1606 3089 quasi
1626 3045 1670 3080 de
1689 3046 1802 3082 altero
1818 3046 1951 3083 reserat
1971 3056 1980 3081 :
2000 3046 2087 3082 dicit
2103 3047 2199 3082 enim
2215 3046 2331 3092 ipsum
2349 3045 2496 3091 Moysen

1444 3105 1604 3141 locutum
1637 3116 1716 3142 esse
1751 3108 1863 3143 verba
1898 3108 1988 3143 haee.
2022 3106 2093 3143 Sed
2114 3106 2297 3143 sciendum
2321 3110 2377 3142 est
2402 3104 2498 3151 quod

1445 3165 1557 3200 moris
1587 3171 1642 3201 est
1663 3166 1879 3211 scriptorum
1899 3176 2010 3202 sacrae
2037 3166 2198 3202 historiae
2227 3166 2271 3202 de
2295 3164 2497 3210 semetipsis

1445 3226 1548 3271 quasi
1567 3226 1611 3261 de
1643 3227 1756 3262 altero
1788 3227 1938 3262 referre.
1963 3227 2063 3262 Unde
2089 3227 2126 3262 in
2144 3226 2237 3262 libro
2254 3225 2494 3261 Numerorum

1446 3285 1540 3320 idem
1570 3285 1711 3331 Moyses
1740 3287 1789 3321 ita
1819 3287 1964 3332 scripsit
1997 3299 2005 3321 :
2031 3287 2119 3322 Erat
2150 3287 2245 3322 enim
2276 3287 2416 3332 Moyses
2439 3287 2502 3322 vit·

1445 3346 1658 3382 mitissimus
1694 3356 1802 3391 super
1830 3357 1955 3382 omnes
1981 3347 2146 3383 homines
2171 3347 2232 3391 qui
2262 3347 2497 3383 morabantur

1445 3466 1566 3512 operis
1585 3465 1640 3502 sui
1661 3465 1760 3509 dicit,
1785 3477 1797 3499 t
1812 3463 1877 3500 Vir
1899 3469 1978 3500 erat
1991 3465 2029 3500 in
2049 3469 2147 3500 terra
2163 3464 2238 3501 Hus
2253 3464 2399 3500 nomine
2411 3464 2494 3500 Job.

1444 3526 1492 3562 Et
1509 3531 1590 3562 erat
1613 3525 1670 3562 vir
1686 3525 1746 3562 ille
1765 3524 1916 3571 simplex
1943 3535 1986 3560 ac
2003 3529 2124 3561 rectus
2156 3529 2193 3560 et
2209 3524 2340 3560 timens
2367 3523 2495 3566 Deum,

1444 3593 1482 3625 et
1497 3587 1670 3625 recedens
1689 3597 1710 3623 a
1735 3586 1843 3623 malo.
1873 3599 1886 3620 ι
1916 3585 2011 3633 (Iob.
2035 3585 2078 3633 1.)
2099 3585 2193 3622 Hinc
2221 3590 2258 3621 et
2282 3583 2438 3620 loannes
2457 3582 2497 3619 in

1442 3649 1637 3697 Evangelio
1672 3659 1737 3686 suo
1755 3649 1800 3685 de
1831 3658 1870 3685 se
1903 3648 1978 3684 ait:
2005 3661 2017 3682 ‹
2048 3648 2116 3684 Hic
2132 3652 2188 3684 est
2209 3645 2405 3692 discipulus

1443 3709 1690 3747 testimonium
1705 3709 1921 3756 perhibetde
1933 3710 1990 3746 his
2006 3714 2043 3746 et
2056 3708 2298 3755 scripsitbaec,
2311 3709 2349 3744 et
2361 3705 2451 3744 scim

1444 3771 1531 3820 quia
1545 3781 1675 3808 verum
1689 3775 1746 3809 est
1762 3771 2008 3809 testimonium
2025 3771 2117 3819 ejus.
2135 3781 2154 3807 τ
2180 3768 2304 3817 (Ioan.
2321 3766 2406 3815 ult.)

2527 3028 2540 3060 4
