2540 4016
62 155 123 212 '65
718 157 1055 201 counuurAmA
1080 156 1128 194 nv
1153 152 1365 194 uxonun.
1392 171 1438 179 -
1463 151 1550 188 Lm.
1577 152 1622 188 11.
2214 157 2263 196 66

73 252 163 300 ptios
197 250 314 295 enim,
340 258 427 297 quos
462 253 554 282 nune
585 241 723 286 videtis,
779 247 999 286 nequaquam
1035 233 1132 270 ultra
1149 231 1239 276 Ain
1267 227 1499 276 profundum,
1522 231 1560 262 et
1579 225 1733 271 reliqua.
1769 225 1914 261 Dictum
1946 234 2002 264 est
2030 241 2139 277 supra
2163 223 2262 279 quod

74 312 232 348 videbitis
262 321 370 358 usque
402 308 439 344 in
478 304 727 352 sempiternum
745 328 755 346 ,
777 306 848 337 etc.
871 296 1003 345 (Exod.
1037 293 1127 340 xlv).

75 372 148 421 [Ex
184 366 410 419 Auqustino.]
443 363 632 410 Quomodo
670 359 882 407 accipienda
921 360 1006 394 sunt
1053 355 1131 390 haee

72 436 198 479 verba,
218 442 302 471 cum
319 429 478 467 viderint
498 431 627 475 postea
642 424 817 462 Israelitae
842 419 1032 468 AEgyptios
1048 417 1063 453 ἱ)
1083 426 1130 452 an

71 499 156 545 quia
174 494 247 538 isti,
266 491 329 540 qui
346 497 431 527 tunc
450 489 647 530 videbant,
681 496 754 522 non
787 493 850 520 eos
875 480 1028 518 ulterius
1054 487 1130 513 non

71 559 238 594 viderunt
253 579 263 597 ‚
296 551 383 598 quia
402 555 438 586 et
457 549 510 586 illi
527 553 612 585 sunt
642 545 779 583 mortui
799 571 808 588 ,
836 543 898 590 qui
930 548 1130 584 conseque-

69 619 200 656 bantur
220 625 230 652 ε
249 620 286 652 et
301 614 362 651 isti
380 622 520 655 omnes,
541 609 792 656 unusquisque
807 606 866 642 die
883 603 1013 641 mortis
1030 600 1129 638 suae‘?

67 679 159 716 Nam
175 676 312 724 posteri
340 684 467 712 eorum
499 672 670 709 viderunt
687 674 855 716 posteros
876 666 1034 702 illorum.
1052 662 1128 698 An-

66 750 140 776 non
169 748 232 775 eos
256 736 428 774 videbitis
458 735 554 771 sicut
578 732 686 769 hodie
707 758 717 775 ‚
752 726 1025 773 intelligendum
1045 723 1128 760 est?

66 801 146 837 Non
179 799 276 836 sicut
311 797 421 834 hodie
444 798 706 842 persequentes
742 789 923 831 inimicos,
959 791 996 823 et
1027 789 1128 820 tanto

64 865 147 908 post
177 870 243 897 vos
277 859 419 906 agmine
453 857 655 897 venientes,
689 858 729 887 ut
768 850 916 886 omnino
952 847 1052 883 nulla
1080 845 1127 882 sit

65 921 232 969 quaestio,
253 930 321 956 nec
335 919 380 955 de
398 922 534 954 aeterno
566 920 731 960 tempore
755 911 854 957 quod
882 910 943 945 hic
969 907 1093 954 posuit
1115 933 1125 950 ,

65 983 150 1029 quia
168 987 205 1018 et
220 981 251 1018 si
266 979 441 1017 videbunt
453 986 493 1013 se
509 976 634 1021 utique
648 980 813 1020 tempore
827 968 1123 1011 resurrectionis,

64 1054 138 1081 non
155 1043 207 1079 sic
222 1040 394 1078 videbunt
407 1038 532 1083 utique
552 1040 593 1072 ut
614 1035 734 1073 hodie.
755 1033 828 1080 (Ex
846 1028 1028 1078 Oriqene.)
1052 1027 1125 1064 Sed

64 1103 208 1140 interim
249 1101 383 1137 elamat
422 1098 564 1145 Moyses
606 1097 651 1132 ad
686 1094 895 1132 Dominum.
934 1089 1177 1155 QuomodoB

63 1162 222 1200 elamat?
241 1160 345 1196 Nulla
361 1158 439 1205 ejus
458 1168 530 1194 vox
550 1157 723 1194 clamoris
750 1155 898 1191 auditur
914 1180 924 1196 ,
946 1158 982 1188 et
1003 1157 1126 1186 tamen

63 1222 151 1259 dicit
169 1220 213 1256 ad
232 1230 315 1256 eum
332 1220 427 1255 Deus
446 1231 453 1253 :
477 1217 571 1262 Quid
587 1216 721 1252 clamas
736 1215 782 1250 ad
798 1226 851 1250 me
868 1215 883 1249 ‚⁹
899 1212 1018 1249 Velim
1033 1211 1129 1247 scire

62 1280 243 1328 quomodo
274 1278 391 1315 sancti
420 1278 498 1314 sine
531 1287 621 1313 voce
654 1277 812 1312 clamant
851 1274 896 1309 ad
917 1273 1125 1308 Dominum.

61 1342 256 1390 Apostolus
273 1342 379 1378 docet
396 1338 530 1388 (Galat.
551 1338 600 1386 ιν)
615 1365 624 1382 ,
641 1338 726 1384 quia
743 1337 838 1372 Deus
854 1335 950 1370 dedit
964 1333 1128 1380 spiritum

62 1403 152 1440 Filii
167 1404 222 1440 sui
238 1404 276 1439 in
295 1401 458 1438 cordibus
475 1401 620 1443 nostris,
639 1398 865 1440 clamantem,
884 1395 983 1430 Abba
1003 1393 1125 1428 Pater.

62 1465 108 1502 Et
125 1465 264 1501 addidit
284 1477 292 1499 ε
316 1463 397 1509 Ipse
416 1461 569 1508 Spiritus
590 1457 790 1505 interpellat
822 1468 884 1503 pro
903 1455 1001 1490 nobis
1016 1453 1127 1500 qemi-

62 1525 154 1561 tibus
187 1522 495 1560 inenarrabilibus.
530 1521 573 1556 Et
607 1520 740 1555 iterum
777 1517 898 1563 (Rom.
930 1515 1009 1560 vin)
1029 1526 1036 1549 ε
1060 1513 1130 1556 Qut

63 1590 181 1621 autem
207 1588 386 1618 scrutatur
412 1581 520 1616 corda
542 1607 551 1623 ,
573 1579 637 1615 scit
659 1578 742 1623 quid
758 1575 937 1611 desiderat
959 1573 1126 1620 Spiritus,

62 1645 146 1692 quia
167 1643 359 1679 secundum
379 1641 492 1676 Deum
524 1639 676 1686 postulat
702 1649 764 1683 pro
786 1636 929 1672 sanctis.
955 1634 1014 1670 Sic
1042 1644 1129 1680 ergo

64 1704 316 1751 interpellante
334 1701 471 1748 Spiritu
492 1705 618 1736 saneto
639 1699 734 1744 apud
753 1698 866 1733 Deum
889 1724 898 1739 ,
924 1706 989 1742 per
1016 1694 1128 1730 silen-

64 1767 156 1804 tium
185 1769 392 1802 sanctorum
419 1762 557 1797 clamor
582 1761 741 1796 auditur.
771 1760 815 1795 Et
832 1759 919 1804 quid
936 1763 1017 1804 post
1034 1758 1129 1793 hoc?

61 1827 214 1864 Jubetur
229 1825 370 1870 Moyses
387 1823 490 1868 virga
505 1827 697 1868 percutere
715 1831 830 1864 mare,
849 1826 890 1855 ut
908 1819 1128 1866 ingredienti

61 1887 194 1936 populo
213 1886 278 1922 Dei
299 1885 463 1922 dehiscat
493 1890 530 1920 et
560 1884 691 1926 cedat,
722 1893 764 1919 ac
791 1882 972 1918 voluntati
999 1882 1128 1917 divinae

61 1948 322 1985 elementorum
362 1943 583 1980 famulentur
604 1943 778 1988 obsequia
797 1969 806 1985 ‚
844 1947 880 1977 ct
914 1951 1017 1987 aquae
1047 1951 1127 1987 quae

64 2010 287 2046 timebantur
300 2035 309 2051 ‚
331 2008 459 2043 dextra
478 2006 640 2051 laevaque
663 2004 810 2040 famulis
829 2003 892 2040 Dei
913 2014 1041 2039 murus
1074 2001 1126 2038 ef-

62 2069 176 2114 fectae,
195 2079 266 2104 non
286 2067 403 2104 solum
422 2066 624 2112 perniciem
643 2065 830 2107 nesciant,
850 2065 914 2100 sed
936 2069 973 2100 et
1006 2063 1126 2099 muni-

62 2141 145 2168 men
154 2129 361 2166 exhibeant.
374 2127 566 2173 Sequitur:
580 2126 737 2174 Cumque
758 2126 967 2162 extendisset
986 2125 1125 2172 Moyses

62 2199 207 2224 manum
230 2199 333 2234 super
361 2198 458 2223 mare
474 2214 483 2230 ‚
510 2186 653 2222 abstulit
675 2186 765 2221 illud
786 2186 958 2221 Dominus
975 2213 983 2229 ‚
1017 2187 1125 2231 flante

62 2255 162 2286 vento
180 2248 369 2285 vehementi
396 2254 427 2283 et
448 2248 563 2283 urenti
583 2253 657 2283 tota
677 2253 790 2291 noete,
810 2253 842 2282 et
860 2247 961 2282 vertit
989 2247 1026 2281 in
1057 2247 1125 2282 sie-

63 2319 157 2353 cum,
174 2314 243 2345 etc.
269 2307 362 2352 Quid
388 2312 443 2343 est
462 2307 608 2354 Moysen
634 2317 782 2343 manum
803 2307 999 2342 extendere
1017 2316 1126 2352 super

63 2380 179 2414 mare,
198 2369 268 2405 nisi
289 2369 403 2405 solam
423 2369 539 2415 legem
560 2378 626 2415 per
653 2368 878 2415 Scripturam
899 2369 1127 2405 demonstra-

65 2439 118 2474 re,
140 2430 177 2465 in
198 2429 302 2474 aquis
322 2428 489 2464 effectum
509 2438 589 2464 esse
609 2428 738 2464 divinae
753 2429 954 2473 potentiae?
974 2428 1126 2464 Abstulit

64 2490 152 2526 illud
172 2490 342 2526 Dominus
363 2491 470 2535 flante
489 2495 587 2525 vento
609 2490 798 2525 vehementi
829 2496 860 2524 et
881 2490 998 2525 urenti
1014 2517 1023 2532 ,
1064 2490 1126 2526 illo

63 2552 190 2597 utique
205 2557 314 2587 vento
334 2551 378 2587 de
395 2561 467 2596 quo
488 2551 525 2586 in
545 2551 694 2597 psalmis
723 2551 860 2587 dietum
881 2556 937 2586 est
956 2563 963 2585 :
988 2551 1034 2586 In
1051 2551 1126 2596 spi-

66 2615 135 2648 ritu
160 2612 349 2648 vehementi
377 2618 533 2646 conteres
558 2623 659 2646 naves
686 2610 829 2645 learsis
849 2610 964 2657 (Psal.
996 2609 1124 2655 nvn).

66 2673 111 2709 Et
140 2673 176 2708 in
196 2672 347 2708 Actibus
378 2671 624 2717 apostolorum
649 2671 823 2717 scriptum
852 2677 906 2707 est
936 2672 1031 2716 quod
1066 2681 1126 2706 re-

66 2732 319 2769 cumbentibus
349 2731 387 2766 in
419 2731 606 2767 coenaculo
647 2731 735 2767 Sion
777 2731 964 2778 discipulis
998 2732 1034 2766 in
1070 2732 1128 2768 die

66 2793 311 2835 Pentecostes‚
330 2791 441 2827 subito
457 2791 572 2837 sactus
591 2797 641 2826 est
656 2802 763 2827 sonus
784 2792 826 2826 de
844 2791 943 2835 coelo,
960 2798 1128 2839 tanquam

66 2854 209 2900 spiritus
248 2853 476 2896 vehementis,
517 2859 549 2888 et
583 2852 734 2899 implerit
765 2859 875 2888 totam
900 2853 1041 2888 clomicm
1069 2854 1127 2888 ubi

1201 290 1369 327 columna
1390 287 1486 335 ignis
1505 291 1543 323 et
1562 286 1670 323 nubis
1687 285 1910 333 significaret
1936 287 2054 332 ipsum
2088 291 2263 330 Mediato-

1198 360 1277 387 rem
1291 349 1356 385 Dei
1382 354 1419 386 et
1435 348 1629 384 hominum
1644 373 1655 391 ,
1683 346 1858 384 blandum
1884 345 1995 392 justis
2013 374 2023 392 ,
2063 353 2262 390 terribilem

1197 413 1453 460 peccatoribus
1470 438 1480 455 ,
1511 409 1723 447 fulcientem
1741 410 1823 456 pios
1840 414 1878 446 et
1896 409 2179 448 interficientem
2192 415 2263 451 im-

1196 475 1289 521 pios.
1310 474 1406 521 Ergo
1421 472 1545 519 vigilia
1562 472 1758 516 matutina,
1788 473 1933 518 quando
1954 471 2121 510 Salvator
2140 480 2263 512 noster

1197 536 1442 582 triumphator
1457 534 1588 570 mortis
1609 534 1656 570 ab
1675 532 1802 570 inferis
1828 535 2043 579 ascendens,
2063 538 2265 574 resurrexit

1198 597 1235 633 in
1252 597 1368 644 gloria
1383 624 1393 641 ,
1415 597 1510 633 bene
1530 596 1668 632 dictum
1687 600 1743 632 est
1762 596 1859 642 quod
1882 596 1920 632 in
1938 597 2064 644 vigilia
2083 599 2263 637 matutina

1197 658 1370 694 Dominus
1388 657 1570 704 aspiciens
1584 667 1695 702 super
1707 662 1829 693 castra
1844 655 2101 704 AEgyptiorum
2120 668 2188 704 per
2202 670 2265 697 co-

1196 718 1358 754 lumnam
1376 718 1470 766 ignis
1485 722 1521 754 et
1538 717 1645 754 nubis
1658 744 1669 761 ‚
1698 716 1880 753 interfecit
1900 717 2102 753 exercitum
2121 728 2261 756 eorum.

1196 779 1381 817 Interfeeit
1390 780 1524 826 quippe
1533 779 1736 817 exercitum
1754 779 1999 826 spiritualium
2008 780 2264 828 AEgyptiorum

1197 852 1280 877 cum
1304 851 1392 878 vero
1417 840 1623 884 Pharaone,
1647 840 1792 886 quando
1814 841 1998 877 diabolum
2018 846 2055 878 et
2089 842 2264 881 satellites

1196 901 1289 946 ejus,
1308 911 1390 935 cum
1406 906 1484 936 tota
1500 900 1683 946 spirituali
1700 900 1864 947 nequitia
1879 906 1916 938 et
1930 902 2163 940 multitudine
2180 914 2266 951 pec-

1196 965 1363 996 catorum
1394 961 1432 995 in
1461 960 1565 1006 aquis
1599 961 1871 1007 spiritualibus,
1900 962 1964 999 ubi
1983 964 2174 1002 credentes
2198 976 2266 1013 per

1196 1019 1473 1056 similitudinem
1497 1020 1628 1056 mortis
1657 1019 1736 1065 ejus
1757 1020 1934 1068 baptizati
1960 1033 1982 1058 a
1999 1030 2117 1061 morte
2134 1035 2265 1071 pecca-

1196 1087 1319 1119 torum
1345 1087 1569 1129 resurgunt,
1609 1082 1807 1119 submersit
1839 1088 1878 1119 et·
1905 1087 2043 1120 aeterno
2075 1086 2265 1124 damnavit

1197 1143 1374 1187 interitu;
1397 1151 1465 1179 nec
1494 1143 1548 1179 eis
1577 1152 1685 1179 veros
1711 1142 1909 1187 Israelitas,
1930 1144 1992 1190 qui
2014 1145 2266 1191 praedestinati

1198 1211 1282 1241 sunt
1302 1205 1348 1241 ad
1375 1205 1490 1240 vitam
1519 1210 1711 1248 aeternam,
1734 1205 1801 1241 sub
1823 1215 1889 1242 sua
1911 1211 2093 1252 potestate
2112 1208 2266 1247 ulterius

1197 1266 1480 1310 habet-elicebit,
1493 1267 1577 1312 quia
1598 1277 1689 1312 quos
1708 1267 1939 1313 praescientia
1948 1268 2070 1305 divina
2079 1270 2266 1315 praedesti-

1197 1329 1311 1371 navit,
1331 1329 1397 1364 hos
1418 1333 1453 1364 et
1474 1329 1642 1371 vocavit3
1660 1333 1695 1364 et
1717 1339 1809 1374 quos
1830 1330 1986 1374 vocavit,
2005 1330 2086 1367 illos
2106 1337 2142 1367 et
2158 1331 2267 1378 justi-

1198 1390 1319 1426 ficavit
1338 1402 1346 1425 ε
1370 1400 1460 1436 quos
1480 1396 1602 1426 autem
1626 1389 1853 1435 justificavit,
1878 1391 1959 1428 illos
1976 1398 2014 1428 et
2031 1393 2261 1440 glorificavit.

1245 1449 1544 1497 Fuyientibusque
1563 1450 1760 1496 AEqyptiis,
1781 1459 2010 1488 occurrerunt
2031 1465 2143 1500 aquae,
2161 1460 2192 1490 et
2207 1455 2265 1491 in-

1199 1511 1302 1547 volvit
1330 1522 1388 1546 eos
1415 1511 1588 1546 Dominus
1614 1512 1650 1546 in
1681 1512 1807 1548 mediis
1832 1513 2019 1558 fluctibus;
2052 1526 2266 1563 reversaeque

1197 1578 1279 1607 sunt
1315 1583 1428 1618 aquoe,
1452 1577 1485 1606 et
1512 1578 1722 1618 operuerunt
1754 1583 1880 1608 currus
1912 1579 1946 1608 et
1983 1575 2113 1621 equites
2150 1577 2266 1612 cuncti

1196 1633 1368 1668 exereitus
1399 1632 1615 1676 Pharaonis,
1643 1633 1703 1678 qui
1730 1640 1907 1679 sequentes
1946 1634 2095 1680 inqressi
2121 1636 2266 1682 suerunt

1196 1704 1306 1728 mare.
1322 1693 1377 1728 Ne
1395 1704 1487 1728 unus
1502 1694 1643 1740 quidem
1662 1694 1835 1740 superfuit
1856 1706 1898 1730 ea:
1913 1696 1974 1731 eis.
1995 1696 2067 1744 (Eat
2083 1697 2264 1747 mipene.)

1197 1755 1347 1802 Cogitur
1367 1755 1465 1791 enim
1497 1754 1628 1791 {luctus
1648 1755 1685 1791 in
1707 1757 1895 1793 cumulum
1914 1785 1923 1800 ‚
1946 1764 1983 1794 ct
2014 1759 2110 1795 unda
2140 1760 2177 1796 in
2209 1772 2267 1798 se-

1196 1817 1386 1862 metipsam
1425 1826 1594 1862 repressa
1639 1823 1815 1854 curvatur
1835 1846 1846 1862 ,
1886 1819 2105 1858 soliditatem
2137 1823 2266 1870 recipit

1196 1877 1316 1922 liquor
1334 1905 1342 1920 ‚
1366 1883 1402 1913 et
1421 1877 1538 1913 solum
1570 1879 1683 1914 maris
1718 1880 1852 1915 arescit
1873 1881 1910 1916 in
1933 1882 2134 1927 pulverem.
2155 1883 2266 1920 Boni⁴

1197 1942 1310 1974 tatem
1336 1937 1400 1974 Dei
1436 1939 1614 1974 creatoris
1633 1940 1806 1986 intellige,
1831 1941 1861 1976 si
1892 1942 2071 1979 voluntati
2099 1944 2177 1989 eJ'us
2202 1947 2266 1982 ob-

1197 2006 1405 2047 temperes;
1436 2002 1467 2038 si
1500 2002 1616 2048 legem
1656 2001 1733 2047 ejiis
1772 2004 1952 2048 sequaris,
1988 2005 2067 2051 ipsa
2099 2007 2163 2043 tibi
2191 2009 2265 2046 ele-

1197 2069 1321 2101 menta
1342 2065 1453 2100 etiam
1474 2070 1602 2100 contra
1624 2066 1680 2101 sui
1699 2070 1870 2101 naturam
1896 2067 2034 2103 servire
2067 2071 2263 2115 compellit.

1195 2125 1284 2162 Filii
1305 2132 1422 2162 autem
1440 2127 1555 2162 Israel
1569 2134 1797 2174 perrexerunt
1822 2140 1883 2174 per
1913 2130 2066 2166 medium
2091 2132 2174 2167 sicci
2190 2144 2267 2169 ma-

1195 2190 1259 2234 ris,
1286 2195 1319 2225 et
1355 2201 1456 2236 aquae
1483 2190 1532 2226 eis
1558 2196 1659 2226 erant
1685 2192 1787 2238 quasi
1813 2203 1876 2238 pro
1903 2203 2003 2227 muro
2026 2204 2048 2228 a
2081 2193 2214 2230 dextris
2234 2200 2267 2231 et

1195 2262 1217 2286 a
1245 2250 1411 2286 sinistris.
1430 2250 1560 2286 Audivi
1578 2261 1599 2286 a
1618 2251 1816 2297 majoribus
1837 2252 2008 2289 traditum
2031 2254 2126 2300 quod
2144 2255 2181 2290 in
2196 2255 2266 2291 ista

1196 2312 1422 2360 digressione
1444 2314 1556 2349 maris
1573 2313 1724 2360 singulis
1742 2314 1946 2360 quibusque
1973 2315 2139 2352 tribubus
2151 2316 2264 2353 Israel

1196 2374 1347 2420 singulae
1381 2385 1560 2420 aquarum
1579 2374 1776 2411 divisiones
1802 2375 1906 2411 factae
1930 2375 2017 2420 sint,
2048 2381 2084 2411 et
2114 2377 2263 2422 propria

1195 2434 1391 2479 unicuique
1425 2434 1534 2470 tribui
1573 2435 1609 2469 in
1638 2435 1732 2470 mari
1772 2440 1898 2480 aperta
1944 2435 1992 2471 sit
2034 2436 2091 2471 via
2109 2462 2118 2478 ,
2155 2435 2266 2482 idque

1196 2494 1338 2530 ostendi
1370 2505 1414 2529 ex
1448 2505 1491 2530 eo
1521 2495 1617 2540 quod
1651 2495 1689 2529 in
1708 2494 1858 2539 psalmis
1891 2495 2066 2540 scriptum
2086 2500 2169 2531 est:
2194 2496 2266 2540 Qui

1196 2553 1311 2588 divisit
1334 2564 1430 2587 mare
1452 2551 1614 2587 Rubrum
1632 2553 1669 2587 in
1688 2553 1875 2588 divisiones
1897 2554 2012 2601 (Psal.
2032 2555 2179 2602 cxxxv),
2199 2566 2265 2602 per

1197 2613 1291 2657 quod
1310 2613 1432 2657 plures
1453 2611 1651 2648 divisiones
1669 2612 1845 2648 docentur
1863 2612 1983 2657 sactae,
1999 2625 2069 2650 non
2084 2626 2169 2651 una.
2192 2616 2264 2653 Sed

1196 2677 1233 2708 et
1250 2683 1314 2717 per
1333 2673 1402 2708 hoe
1423 2673 1518 2718 quod
1548 2673 1694 2716 dicitur,
1725 2673 1782 2708 Ibi
1814 2673 2004 2720 Benjamin
2032 2676 2199 2721 juvenior
2225 2679 2263 2713 in

1196 2739 1351 2779 stupore.
1368 2733 1553 2779 Principes
1577 2733 1690 2778 Juda,
1712 2734 1817 2770 duces
1834 2746 1956 2770 eorum
1974 2738 2174 2784 :principes
2193 2737 2263 2775 Za-

1198 2795 1315 2838 bulon,
1333 2796 1506 2841 principes
1528 2795 1756 2842 Nepltthalim
1776 2796 1891 2845 (Psal.
1921 2797 2033 2846 van)
2050 2826 2058 2840 ‚
2082 2799 2264 2836 nihilomi-

1197 2867 1265 2892 nus
1305 2857 1499 2902 unicuique
1532 2857 1641 2893 tribui
1675 2858 1845 2904 proprius
1876 2860 2083 2895 enumerari
2119 2861 2264 2897 videtur

66 2921 165 2952 erant
181 2914 350 2959 sedentes,
381 2920 414 2950 et
431 2920 671 2962 apparuerunt
691 2914 763 2950 illis
782 2915 974 2962 dispertitoe
998 2915 1127 2962 linquoe
1144 2922 1181 2962 Ι)
1199 2915 1401 2962 ingressus.
1425 2916 1510 2952 Haec
1530 2927 1550 2952 a
1569 2916 1772 2963 majoribus
1794 2919 1987 2955 observata
2004 2919 2042 2955 in
2064 2919 2263 2967 Scripturis

67 2983 233 3031 tanquam
253 2978 358 3025 iqui-s,
380 2977 536 3024 seditque
554 2987 660 3024 super
678 2976 835 3023 singulos
853 2987 985 3020 eorum,
1009 2982 1046 3013 et
1070 2987 1127 3013 re-

66 3037 165 3084 liqua
195 3039 287 3085 (Act.
307 3038 364 3085 11).
384 3037 543 3074 Abstulit
568 3047 655 3084 ergo
674 3037 850 3073 Dominus
882 3047 985 3073 mare
1018 3036 1127 3074 flante

61 3103 176 3136 'vento
193 3099 403 3137 vehementi
421 3104 459 3136 et
477 3099 599 3135 urenti
621 3103 712 3137 tota.
726 3103 834 3134 nocte
853 3125 862 3142 ,
895 3102 933 3133 et
956 3098 1066 3134 vertit
1087 3099 1126 3133 in

58 3158 203 3197 'siceum
217 3188 226 3204 ‚
261 3171 343 3197 cum
374 3170 440 3206 per
470 3170 577 3196 omne
598 3165 739 3206 tempus
760 3159 867 3195 istius
889 3159 972 3194 vitae
989 3186 998 3202 ‚
1029 3159 1127 3205 quod

60 3214 141 3258 liwx
157 3221 337 3268 significat
353 3249 362 3265 ,
390 3221 548 3268 Spiritus
579 3221 697 3257 sancti
722 3221 838 3268 gratia
856 3231 969 3267 aquas
989 3221 1128 3267 baptis-

130 3280 178 3316 tis
207 3280 382 3317 meabiles
410 3280 642 3318 credentibus
676 3281 784 3324 facit,
818 3285 859 3316 ut
882 3280 953 3317 illis
972 3291 1038 3327 per
1065 3291 1127 3318 eas

138 3336 341 3379 ‘senatibus
357 3342 402 3379 de
424 3342 603 3388 spirituali
617 3341 775 3390 AEgypto
795 3343 832 3378 in
851 3347 986 3379 terram
1004 3353 1129 3390 repro-

121 3400 266 3454 nis,
285 3403 447 3440 hostium
479 3404 518 3440 in
547 3403 675 3440 eodem
699 3404 879 3441 elemento
904 3405 1129 3451 subsequens

162 3467 265 3516 5tu1·
279 3463 477 3515 exercitus.
497 3462 647 3501 Necnon
663 3469 701 3500 et
720 3464 780 3500 illa
799 3464 890 3500 hora
907 3465 1040 3508 noetis,
1057 3474 1128 3510 qua

170 3525 334 3581 ,⁸1¹3ss
347 3525 465 3564 saeuis
484 3530 556 3572 est,
572 3526 666 3564 bene
682 3526 849 3573 congruit
867 3526 989 3563 divino
1008 3526 1128 3564 sacra-

175 3589 219 3641 fif
234 3581 335 3624 Nm
349 3587 514 3635 sequitur
535 3599 544 3624 τ
562 3587 762 3625 Advenerat
785 3587 902 3635 viqilia
923 3589 1098 3624 matutina
1115 3599 1128 3626 .·

191 3655 193 3657 ·
317 3642 412 3686 ciens
428 3647 601 3687 Dominus
618 3659 723 3697 super
741 3655 857 3685 eastra
875 3648 1128 3697 AEqyptiorum

227 3753 230 3760 ι
259 3714 286 3750 Γ,.
316 3702 478 3755 “ffiyinis'
507 3704 691 3764 etv‘nubis,
726 3708 903 3756 interfecit
921 3701 1126 3747 exercitum

319 3773 348 3812 s
365 3773 367 3775 ’
386 3771 398 3781 “
423 3777 446 3793 ν
494 3761 592 3808 rotas
623 3777 794 3807 curruum
808 3797 819 3816 ‚
858 3761 1128 3819 serebanturque

1200 2979 1331 3015 divinis
1350 3006 1358 3022 ‚
1393 2979 1603 3026 religiosum
1628 2980 1766 3016 credidi
1794 2991 1867 3017 non
1893 2986 2029 3017 tacere.
2058 2981 2151 3026 Quid
2177 2992 2263 3030 ergo

1199 3051 1266 3078 nos
1293 3040 1466 3077 docemur
1495 3051 1562 3087 per
1580 3042 1658 3077 haee
1680 3051 1761 3088 quae
1782 3040 1860 3087 jam
1883 3043 2051 3088 superius
2071 3042 2230 3080 diximus
2251 3071 2261 3087 ‚

1199 3102 1261 3147 qui
1283 3101 1332 3137 sit
1350 3102 1387 3137 in
1406 3101 1464 3137 his
1482 3101 1648 3147 Apostoli
1673 3111 1803 3138 sensus
1819 3102 1834 3137 ?
1851 3102 2076 3149 Baptismum
2104 3103 2173 3139 hoc
2196 3113 2263 3138 no-

1198 3163 1314 3199 minat
1333 3163 1369 3198 in
1391 3163 1539 3210 Moysen
1558 3169 1850 3200 consummatum
1868 3164 1905 3200 in
1925 3165 2022 3200 nube
2041 3170 2076 3200 et
2093 3165 2130 3199 in
2150 3163 2258 3206 mari,

1196 3229 1237 3260 ut
1262 3232 1299 3260 et
1332 3229 1370 3259 tu
1399 3224 1462 3270 qui
1493 3224 1693 3270 baptizaris
1723 3225 1762 3260 in
1782 3225 1927 3261 Christo
1954 3225 1992 3260 in
2013 3234 2105 3269 aqua
2125 3228 2162 3258 et
2180 3222 2262 3269 Spi-

1197 3284 1270 3320 ritu
1290 3289 1416 3320 sancto
1440 3283 1535 3320 scias
1552 3283 1725 3320 insectari
1746 3288 1872 3330 postea
1889 3282 2091 3329 AEgyptios‚
2114 3285 2152 3316 et
2165 3281 2260 3318 velle

1198 3348 1234 3379 te
1269 3353 1442 3381 revocare
1468 3336 1521 3378 ‘ad
1543 3343 1733 3379 servitium
1767 3353 1872 3379 suum
1892 3354 1901 3376 :
1923 3346 2085 3376 rectores
2119 3340 2257 3378 scilieet

1197 3403 1306 3451 hujus
1333 3404 1460 3440 mundi
1490 3409 1527 3440 et
1561 3403 1767 3450 spirituales
1798 3401 1992 3446 nequitiaS,
2011 3401 2143 3448 quihus
2173 3408 2258 3441 ante

1198 3465 1417 3509 deservisti,
1442 3475 1523 3511 quae
1553 3467 1730 3501 conantur
1748 3461 1894 3507 quidem
1927 3461 2101 3510 insequi,
2124 3464 2190 3502 sed
2216 3470 2257 3502 tu

1196 3524 1387 3560 descendis
1413 3525 1452 3560 in
1489 3532 1643 3568 aquam,
1674 3525 1712 3557 et
1741 3520 1866 3558 evadis
1887 3521 2081 3560 incolumis
2098 3551 2108 3568 ,
2146 3530 2255 3571 atque

1196 3583 1328 3619 ablutis
1345 3582 1513 3618 sordibus
1531 3585 1761 3627 peecatorum
1779 3607 1789 3624 ,
1810 3581 1921 3619 homo
1937 3593 2052 3620 novus
2072 3583 2256 3629 ascendis,

1197 3648 1346 3691 paratus
1381 3642 1428 3678 ad
1460 3640 1679 3678 cantandum
1710 3641 1892 3680 canticum
1917 3653 2065 3680 novum.
2093 3642 2256 3692 AEgyptii

1197 3716 1284 3743 vero
1302 3709 1393 3752 -post
1415 3709 1453 3740 te
1471 3703 1706 3750 insequentes
1734 3699 2050 3752 demergentur'in
2066 3705 2252 3752 abyssum,

1191 3759 1341 3808 'etiamsi
1374 3766 1542 3806 videntur
1574 3775 1704 3814 rogare
1731 3763 1876 3814 Jesum,
1915 3776 1964 3806 ne
2005 3775 2070 3807 eos
2103 3766 2252 3808 interim
