2540 4016
301 124 393 164 1055

745 120 788 158 B.
812 118 985 159 RABANI
1008 118 1156 158 MAURI
1179 116 1394 156 ARCHIEP.
1420 116 1627 158 MOGUNT.
1654 119 1846 159 OPERUM
1870 118 1990 158 PARS
2013 119 2042 158 1.

347 196 465 244 (lain.)
489 207 503 230 ‹
521 195 646 243 ltaque
673 196 855 244 percussit
879 205 943 232 eos
961 191 1088 233 omnes
1107 195 1230 239 Josue,
1250 195 1300 232 ita
1313 199 1354 231 ut
1371 198 1408 238 A
1423 205 1553 233 currus
1571 197 1730 245 Ephrem
1743 203 1781 235 et
1805 208 1939 246 equum
1958 207 2004 236 ex
2022 194 2222 234 Jerusalem
2243 199 2306 234 :et
2333 194 2414 234 idco
2426 197 2480 235 vi-
2513 230 2516 235 .

333 257 450 294 nullas
463 265 508 292 ex
518 256 572 292 eis
585 256 786 293 dimitteret
798 254 986 300 reliquias.
1001 254 1103 291 Fecit
1115 254 1211 291 sicut
1222 263 1358 301 praece-

302 329 317 352 «
334 321 438 364 perat
455 315 490 352 ei
509 316 685 353 Dominus
707 329 716 352 :
737 326 850 363 equos
868 325 993 352 eorum
1013 313 1259 358 subnervavit,
1279 323 1360 351 cur-

303 390 316 412 «
336 386 470 423 rusque
481 376 680 413 combussit
713 376 809 424 igni;
843 384 1082 422 reversusque
1105 374 1228 412 statim
1262 373 1360 420 cepit

302 449 316 472 ι
332 438 439 481 Asor,
468 442 505 473 et
521 446 643 484 regem
662 436 741 484 ejus
759 437 939 484 percussit
954 436 1086 484 gladio.
1110 448 1124 472 ι
1148 436 1358 474 Mandatum

299 499 431 536 dicitur
447 508 469 533 a
485 498 560 534 Deo
579 497 704 533 datum
723 497 769 534 ad
793 495 916 534 Jesum
935 501 976 533 ut
991 502 1227 545 posteaquam
1242 506 1357 543 expu-

300 564 445 606 gnasset
458 568 585 596 omnes
598 559 722 595 hostes
742 559 909 604 superius
924 563 1155 602 memoratos,
1174 558 1263 595 nulli
1275 568 1359 604 par-

299 627 409 663 ceret,
434 621 497 658 sed
529 631 641 666 equos
679 630 805 657 eorum
835 621 1086 657 subnervaret.
1122 619 1226 657 Unde
1260 618 1359 655 velut

298 683 508 719 mandatum
532 681 676 718 Domini
697 681 850 728 implens
873 681 992 727 Jesus,
1013 681 1100 718 fecit
1115 681 1208 716 sicut
1224 689 1359 726 praece-

298 743 352 790 pit
371 743 404 779 ei
430 742 618 778 Dominus.
650 741 690 777 In
719 752 789 788 quo
807 742 927 789 primo
944 742 1106 778 omnium
1140 740 1292 776 dicimus
1314 739 1359 775 ad

301 813 364 839 eos
383 803 445 849 qui
459 802 584 839 volunt
602 803 801 838 secundum
815 803 974 839 litteram
989 807 1130 838 tantum
1153 802 1230 838 haec
1255 801 1360 838 intcl-

300 862 375 910 ligi,
392 861 476 909 quia
492 862 522 898 si
542 861 686 908 quidem
709 861 944 908 superfuisset
967 862 1098 909 aliquis
1117 872 1159 898 ex
1178 863 1356 904 hostibus,

300 934 524 970 consequens
541 923 731 960 videbatur
746 934 858 970 equos
879 923 1108 966 subnervari,
1133 932 1179 958 ne
1197 927 1360 958 uteretur

300 985 353 1021 eis
372 986 433 1030 qui
452 995 490 1021 se
518 984 697 1020 convertit
716 984 761 1019 ad
785 983 919 1030 fugam.
938 983 1041 1019 Nunc
1059 992 1146 1019 vero
1163 993 1247 1019 cum
1263 983 1361 1019 diea-

300 1051 360 1081 tur
383 1046 503 1082 nullus
518 1046 664 1082 relictus
683 1055 763 1081 esse
788 1046 848 1090 qui
865 1046 1021 1091 spiraret
1038 1045 1075 1080 in
1096 1045 1275 1088 hostibus,
1295 1055 1360 1080 cur

1428 258 1558 295 dentur
1582 260 1670 296 mihi
1689 260 1782 297 asini
1801 261 1962 307 quidem,
1981 264 2023 296 ut
2039 257 2209 303 diximus,
2236 257 2390 305 figuram
2407 266 2481 296 ser·
2512 248 2525 290 ἐ

1423 330 1512 358 vare
1526 331 1653 375 eorum
1668 323 1730 369 qui
1747 333 1793 359 ex
1817 322 1983 370 gentibus
1998 320 2162 364 credunt,
2184 329 2292 367 super
2314 328 2408 366 quos
2424 327 2489 356 εει
2512 331 2522 368 g

1425 381 1522 420 disse
1548 383 1719 420 scribitur
1734 383 1922 420 Dominus.
1943 381 2038 428 Equi
2058 389 2147 418 vero
2164 380 2226 427 qui
2242 379 2489 417 exterminan-
2513 427 2524 432 μ

1425 446 1496 487 tur,
1514 448 1552 479 et
1569 452 1712 486 currus,
1725 442 1879 489 figuram
1895 447 2022 479 tenere
2034 441 2167 478 horum
2180 439 2258 487 qui,
2273 439 2312 476 in
2323 438 2486 477 eoelesti-
2519 458 2522 464 ·

1424 503 1493 540 bus
1508 503 1632 550 positi,
1649 512 1715 549 per
1744 502 1932 539 lasciviam
1964 506 2002 538 et
2026 501 2231 548 superbiam
2256 500 2483 544 deciderunt,
2514 516 2517 518 -

1426 564 1570 610 quando
1587 563 1646 598 vel
1664 563 1710 598 ad
1723 562 1814 598 filias
1831 562 2019 599 hominum
2036 560 2340 608 concupiscendas
2355 565 2486 596 semet-
2519 579 2523 581 -

1426 625 1524 670 ipsos
1559 624 1765 660 incentores
1785 624 2033 670 praebuerunt,
2055 629 2092 660 et
2125 623 2239 660 secuti
2269 628 2354 659 sunt
2382 621 2485 658 illum

1426 685 1488 731 qui
1506 685 1595 721 dixit
1615 697 1624 720 ε
1650 697 1663 719 ι
1687 685 1826 720 Ponam
1857 695 1966 731 super
1990 685 2122 721 nubem
2139 685 2260 721 sedem
2288 692 2423 726 meam,
2447 674 2502 719 et*

1427 757 1490 783 ero
1520 747 1648 783 similis
1672 746 1859 783 Altissimo
1878 745 1969 794 (Isa.
1991 745 2080 794 xiv).
2101 759 2114 781 ι
2135 746 2222 782 Inde
2241 743 2408 781 fortassis
2428 746 2485 780 est
2513 738 2525 777 ’ἶ

1427 807 1522 854 quod
1542 812 1578 843 et
1596 807 1777 852 Propheta
1794 807 1882 843 dicit
1901 816 1911 842 t
1932 819 1945 841 ‹
1963 806 2090 842 Falsus
2108 810 2164 842 est
2182 814 2296 851 equus
2317 804 2363 840 ad
2389 802 2486 840 salu·
2525 800 2528 802 “

1428 875 1500 904 tem
1519 866 1634 915 (Psal.
1662 867 1792 915 xxxn).
1817 882 1828 901 ι
1853 868 1900 903 Ει
1921 868 2052 904 iterum
2085 866 2173 902 dicit
2207 866 2252 901 de
2278 865 2337 900 his
2365 862 2486 909 quiin

1428 928 1650 964 daemonibus
1681 928 1912 964 confidebant
1931 940 1939 964 :
1962 939 1974 961 t
2004 927 2048 962 Hi
2083 927 2120 962 in
2141 925 2307 963 curribus
2327 929 2364 961 ει
2390 923 2429 960 hi
2448 923 2487 960 in

1428 988 1544 1033 equis,
1560 998 1627 1024 nos
1648 995 1767 1023 autem
1789 988 1825 1023 in
1859 988 2006 1023 nomine
2032 986 2174 1022 Domini
2207 985 2271 1021 Dei
2288 983 2413 1021 'nostri
2432 983 2488 1019 in-

1426 1048 1633 1084 vocabimus
1672 1047 1799 1095 (Psal.
1838 1047 1937 1094 xix).
1963 1060 1974 1081 ι
2011 1046 2134 1091 Neque
2167 1045 2263 1081 enim
2294 1053 2422 1080 currus
2451 1048 2489 1079 et

299 1105 409 1140 etiam
437 1105 519 1150 equi
548 1104 760 1141 subnervari
784 1104 970 1148 jubentur,
990 1105 1050 1150 qui
1069 1105 1193 1150 utique
1217 1105 1298 1139 usui
1325 1109 1362 1140 et
1380 1098 1411 1137 B
1430 1120 1544 1156 equus
1579 1110 1651 1145 000
1690 1108 1903 1145 contulisset
1945 1113 2120 1153 quantum
2162 1106 2206 1142 ad
2248 1104 2488 1141 invocandum

301 1165 502 1200 ministerio
519 1170 687 1210 poterant
704 1174 784 1200 esse
804 1165 1026 1201 victoribus?
1045 1166 1107 1201 Vis
1130 1171 1251 1201 autem
1267 1164 1360 1202 scire

300 1225 384 1270 quia
401 1224 521 1260 solent.
535 1225 705 1260 Israelita}
722 1224 828 1269 hujus
848 1226 899 1261 rei
915 1231 951 1260 et
966 1226 1130 1262 utilitatis
1147 1227 1281 1262 habere
1299 1236 1361 1262 cu-

299 1295 391 1328 ram,
424 1290 460 1320 et
487 1284 636 1320 devictis
667 1285 845 1326 hostibus,
868 1286 911 1320 ad
939 1296 1022 1321 suos
1052 1296 1140 1322 usus
1173 1296 1361 1322 reservare

297 1344 480 1390 jumenta3
502 1344 539 1378 in
556 1343 723 1379 Numeris
742 1344 892 1388 legimus
913 1345 1087 1389 scriptum
1107 1355 1116 1379 :
1140 1357 1151 1378 <x
1178 1345 1245 1388 Qui
1278 1356 1361 1381 cum

302 1414 347 1440 ex
365 1409 544 1450 praecepto
560 1403 623 1439 Dei
642 1404 904 1449 processissent
922 1414 1082 1450 pugnare
1098 1405 1272 1440 adversus
1288 1405 1363 1440 Ma-

299 1464 468 1508 dianitas‚
488 1465 639 1501 devictis
671 1465 847 1508 hostibus,
869 1465 1005 1511 aliquot
1040 1466 1151 1502 millia
1178 1467 1361 1503 asinorum

301 1526 346 1562 de
367 1526 487 1572 praeda
508 1525 667 1561 bostium
682 1531 931 1570 reservarunt,
951 1527 1025 1562 suis
1056 1528 1180 1563 usibus
1197 1528 1362 1574 profutu-

302 1595 363 1621 ros
389 1584 517 1633 (Num.
539 1585 661 1632 xxx1);
684 1596 752 1622 nec
784 1588 931 1624 omnino
951 1587 1110 1623 refertur
1128 1589 1176 1624 ibi
1205 1590 1288 1635 quia
1309 1589 1362 1625 in-

302 1646 514 1683 terfecerint
531 1647 667 1691 asinos,
690 1648 854 1684 hostibus
868 1649 1060 1695 superatis.
1073 1649 1145 1685 Nos
1160 1660 1245 1696 ergo
1260 1650 1361 1686 Scri-

301 1712 446 1754 pturam
467 1713 628 1744 sanctam
652 1709 865 1755 sibimetipsi
891 1709 1135 1753 conferentes,
1159 1716 1195 1747 et
1214 1711 1361 1758 spirita-

301 1768 395 1804 libus
429 1769 604 1815 spiritalia
636 1776 903 1816 comparantes,
936 1771 1166 1818 requiramus
1199 1772 1286 1819 quid
1317 1773 1364 1809 sit

302 1828 399 1874 quod
420 1829 463 1864 de
483 1829 595 1865 asinis
632 1830 776 1875 quidem
796 1841 867 1868 non
887 1836 944 1868 εει
976 1832 1151 1879 scriptum
1170 1832 1254 1878 quia
1275 1833 1362 1869 sub-

302 1889 443 1923 nervati
462 1894 557 1933 sunt,
579 1901 645 1926 nec
676 1890 954 1928 Madianitarum
986 1893 1100 1939 spolia
1130 1899 1166 1930 et
1189 1893 1362 1930 animalia

303 1949 517 1997 interempta
542 1951 722 1997 dicuntur,
755 1954 818 1990 sed
849 1953 1030 2000 profuisse
1049 1955 1258 1992 israeliticis
1287 1957 1363 1993 usi-

302 2010 383 2046 bus.
401 2011 452 2047 De
472 2012 551 2049 istis
581 2020 701 2050 autem
732 2016 793 2061 qui
826 2026 897 2052 non
920 2016 1102 2053 habebant
1132 2019 1269 2062 asinos,
1299 2019 1362 2055 sed

303 2079 436 2115 equos,
456 2073 619 2118 praecipit
652 2074 729 2119 ipse
747 2075 919 2111 Dominus
947 2081 984 2111 et
1010 2077 1124 2112 dicit:
1146 2078 1267 2123 Equos
1302 2088 1363 2115 eo-

303 2141 383 2166 rum
398 2133 639 2176 subnervatis,
658 2134 753 2178 quod
768 2139 803 2169 et
814 2134 931 2177 lesus,
949 2135 1042 2171 sicut
1057 2146 1077 2171 a
1092 2136 1245 2173 Domino
1260 2147 1363 2173 man-

305 2192 471 2237 dabatur,
504 2194 672 2240 explevit.
691 2194 865 2232 Putamus
894 2196 971 2233 haec
987 2197 1162 2234 accidisse
1194 2198 1362 2241 fortuitu,

305 2257 345 2287 ut
359 2253 441 2298 equi
457 2254 605 2290 hostiles
619 2254 929 2300 interimerentur,
949 2262 985 2292 et
1001 2258 1093 2294 asini
1111 2259 1364 2295 servarentur?

305 2318 341 2348 et
373 2313 407 2347 in
429 2314 619 2359 praeceptis
648 2314 710 2350 Dei
726 2314 877 2351 fortuita
910 2316 1030 2362 aliqua
1063 2317 1286 2354 arbitramur
1314 2319 1365 2355 in-

303 2372 449 2409 cidere?
463 2372 518 2409 An
534 2374 677 2421 dignius
692 2375 835 2411 videtur
850 2381 889 2411 ut
906 2382 1075 2423 putemus
1106 2379 1222 2425 magis
1251 2379 1287 2415 in
1309 2380 1364 2417 his

309 2434 535 2482 Scripturam
553 2437 744 2484 mysticum
768 2438 904 2485 aliquid
931 2440 1114 2477 indicare?
1141 2441 1302 2488 Denique
1329 2448 1367 2479 et

306 2494 370 2530 filii
390 2494 500 2532 lsrael
517 2506 702 2543 nunquam
722 2498 826 2545 equis
851 2499 907 2535 usi
939 2499 1050 2536 fuisse
1071 2501 1300 2547 referuntur;
1331 2508 1368 2540 et

306 2554 364 2590 lex
382 2556 470 2591 nihil
493 2556 537 2593 de
550 2557 666 2603 equis,
686 2558 750 2594 sed
764 2559 808 2595 de
825 2559 937 2596 asinis
954 2562 1116 2606 mandat,
1136 2568 1177 2598 ut
1192 2568 1276 2609 pote
1290 2564 1367 2600 ani·

307 2615 462 2652 malibus
479 2626 559 2663 quae
590 2619 634 2653 ad
653 2618 830 2656 humanos
846 2620 990 2657 labores
1005 2622 1185 2668 juvandos
1205 2629 1241 2660 et
1256 2634 1367 2661 onera

308 2684 433 2711 eorum
468 2679 644 2722 portanda
674 2679 842 2715 videntur
871 2681 1052 2717 existere:
1074 2683 1159 2728 equi
1178 2693 1265 2719 vero
1290 2694 1368 2720 ma-

309 2735 363 2781 gis
394 2735 439 2771 ad
467 2736 651 2771 hominum
682 2739 943 2783 perditionem;
968 2742 1036 2778 hoc
1057 2743 1153 2778 enim
1185 2749 1242 2779 est
1272 2744 1367 2790 quod

308 2806 374 2843 per
393 2806 455 2833 eos
484 2797 520 2833 in
553 2798 686 2843 praeliis
716 2800 867 2844 geritur,
887 2801 1010 2838 lascivi
1042 2809 1160 2840 motus
1180 2805 1314 2840 animal
1333 2811 1369 2842 ct

311 2857 476 2902 superbae
495 2859 649 2894 cervicis
669 2860 858 2906 accipitur.
877 2861 968 2897 Sunt
982 2872 1067 2909 crgo
1084 2865 1177 2900 asini
1197 2864 1367 2912 frequen-

310 2924 366 2954 ter
389 2920 426 2954 in
447 2920 635 2966 Scriptura
657 2923 747 2958 etin
773 2928 857 2969 typo
885 2924 1045 2969 gentium
1071 2926 1192 2970 positi,
1219 2927 1312 2962 sicut
1330 2933 1367 2963 et

311 2979 477 3014 Salvator
509 2982 665 3016 ostendit
697 2991 805 3027 super
840 2983 982 3018 asinum
1005 2985 1149 3028 sedens,
1182 2996 1365 3032 nunquam

310 3044 432 3075 autem
461 3049 554 3086 equo
569 3041 698 3076 sedens
725 3041 893 3077 refertur.
913 3041 983 3077 Sed
1003 3048 1039 3078 et
1068 3053 1150 3080 cum
1171 3045 1366 3092 discipulos

310 3102 422 3138 mittit
438 3103 484 3139 ad
504 3103 711 3140 solvendam
727 3104 864 3140 asinam
885 3110 922 3140 et
940 3105 1077 3151 pullum
1097 3107 1219 3152 asinae,
1241 3110 1366 3147 dicens

309 3163 363 3199 eis
386 3175 395 3198 :
419 3174 432 3196 ι
455 3162 493 3199 Si
509 3163 590 3209 quis
613 3174 678 3200 vos
710 3165 1003 3213 interrogaverit,
1021 3168 1127 3205 dicite
1147 3171 1231 3215 quia
1248 3171 1366 3208 Domi-

310 3235 380 3262 nus
397 3235 488 3271 opus
506 3235 548 3261 ea
571 3225 682 3262 habet
717 3225 860 3273 (Manli.
876 3227 975 3275 xx1);
999 3241 1012 3263 ›
1030 3233 1067 3265 et
1101 3230 1229 3266 sedens
1260 3241 1369 3276 super

312 3295 392 3322 eam
413 3285 612 3332 ingreditur
630 3284 845 3330 Jerusalem,
875 3292 912 3322 et
937 3298 1122 3334 nunquam
1144 3298 1277 3336 equum
1308 3300 1368 3327 se-

311 3346 404 3384 dens
419 3347 604 3393 ingressus
623 3357 702 3383 esse
721 3347 865 3384 dicitur.
887 3347 958 3384 Sed
974 3353 1011 3384 et
1033 3351 1210 3396 propheta
1229 3352 1272 3388 de
1290 3351 1368 3398 ipso

312 3406 364 3443 ita
376 3407 688 3453 pronuntiaverat,
713 3407 810 3454 quod
825 3408 955 3445 sedens
971 3409 1073 3445 asino
1091 3409 1233 3446 veniret
1250 3410 1294 3447 ad
1310 3409 1370 3446 Je-

312 3466 484 3511 rusalem,
505 3467 627 3503 dicens
645 3479 653 3503 :
676 3479 689 3502 ‹
714 3468 807 3505 Ecce
825 3478 891 3505 rex
905 3474 987 3506 tuus
1000 3476 1226 3515 mansuetus,
1240 3472 1369 3509 sedens

313 3537 422 3573 super
444 3526 628 3574 subjugale
656 3527 781 3576 (Zach.
809 3529 876 3578 lx).
899 3542 912 3564 ι
940 3531 984 3566 Ει
1009 3530 1145 3576 pullum
1166 3531 1277 3569 asinae
1303 3542 1370 3569 no-

313 3587 459 3630 vellum,
477 3593 515 3623 et
543 3588 801 3625 exterminabit
826 3599 955 3626 currus
982 3589 1152 3636 Ephrem,
1172 3596 1208 3627 et
1235 3601 1367 3638 equum

314 3656 359 3683 ex
376 3647 588 3685 Jerusalem.
611 3649 720 3686 Vides
742 3660 828 3697 ergo
848 3650 933 3697 quia
956 3651 1154 3687 secundum
1183 3652 1367 3699 prophetae

1429 1176 1640 1217 exspectat3
1670 1171 1733 1206 scd
1761 1171 1885 1215 utique
1913 1170 1983 1205 hoc
2008 1168 2167 1204 ostendit
2194 1167 2279 1212 quia
2307 1167 2401 1202 sicut
2422 1175 2489 1202 nos
2538 1169 2540 1210 ξ

1429 1232 1640 1267 invocamus
1673 1231 1786 1265 Deum
1816 1238 1956 1270 verum,
1976 1228 2026 1262 ita
2056 1231 2093 1262 et
2118 1226 2169 1262 illi
2202 1227 2370 1262 invocant
2402 1235 2488 1261 cur·
2538 1247 2540 1273 3

1429 1302 1493 1327 rus
1530 1297 1566 1326 et
1601 1300 1727 1335 equos,
1762 1289 1797 1324 id
1828 1293 1896 1330 est,
1927 1286 2122 1330 daemones,
2155 1296 2246 1332 qnos
2269 1285 2489 1322 invocabant

1430 1356 1556 1398 gentes
1593 1350 1663 1386 illae
1701 1358 1782 1395 quae
1829 1348 2020 1384 adversum
2059 1347 2170 1383 lsrael
2217 1346 2350 1383 bellum
2387 1355 2490 1394 gere-

1430 1413 1532 1447 bant.

1479 1469 1597 1516 (inin.)
1632 1481 1645 1503 ‹
1667 1468 1761 1505 Asor
1781 1468 1878 1504 enim
1900 1467 2099 1514 antiquitus
2116 1468 2212 1504 inter
2231 1467 2355 1504 omnia
2377 1477 2489 1515 regna

1435 1544 1447 1566 t
1488 1531 1566 1566 haec
1597 1530 1841 1577 principatum
1873 1530 2032 1566 tenebat.
2068 1528 2325 1574 Percussitque
2361 1536 2489 1565 omnes

1435 1603 1447 1625 t
1479 1591 1620 1627 animas
1645 1601 1724 1637 quse
1753 1590 1802 1627 ibi
1831 1591 2078 1627 morabantur.
2108 1589 2187 1626 Non
2214 1589 2351 1627 dimisit
2369 1589 2406 1625 in
2436 1588 2491 1626 eis

1435 1665 1447 1686 α
1471 1652 1564 1688 ullas
1584 1652 1768 1697 reliquias,
1789 1653 1851 1688 sed
1874 1661 1989 1698 usque
2011 1650 2056 1686 ad
2094 1650 2380 1687 internecionem
2410 1648 2491 1685 uni-

1435 1726 1447 1748 «
1477 1724 1582 1750 versa
1611 1714 1792 1751 vastavit.
1824 1714 2012 1759 ipsamque
2051 1713 2179 1749 urbem
2208 1710 2410 1749 combussit
2436 1710 2491 1747 in-

1436 1787 1448 1809 «
1479 1776 1623 1819 cendio,
1656 1780 1693 1811 et
1711 1785 1839 1812 omnes
1855 1785 1921 1822 per
1947 1774 2139 1811 circuitum
2160 1774 2341 1816 civitates,
2368 1781 2491 1819 reges-

1435 1849 1448 1871 «
1477 1847 1547 1882 que
1566 1846 1690 1872 earum
1710 1836 1827 1882 cepit,
1849 1841 1886 1872 et
1908 1840 2051 1872 caetera.
2076 1848 2088 1869 ι
2114 1834 2220 1871 Jabin
2236 1844 2322 1871 vero
2339 1843 2402 1870 rex
2422 1832 2490 1869 fuit

1431 1896 1560 1940 Assur,
1579 1895 1695 1932 Assur
1712 1901 1834 1933 autem
1867 1896 1947 1933 aula
1972 1897 2244 1943 interpretatur,
2267 1895 2360 1931 sicut
2380 1904 2490 1940 supra

1427 1955 1504 2001 jam
1518 1961 1705 1991 ostensum
1719 1960 1788 1991 est.
1805 1955 1889 1992 Haec
1903 1961 1959 1992 est
1977 1962 2096 1991 autem
2111 1955 2226 1992 Assur
2237 1965 2317 2002 quae
2331 1955 2491 1990 omnium

1381 1996 1410 2037 C
1432 2016 1562 2052 horum
1579 2025 1774 2060 regnorum
1791 2015 1956 2051 obtinere
1982 2016 2115 2050 dicitur
2133 2015 2377 2060 principatum
2395 2025 2403 2048 ε
2428 2012 2489 2058 qui
2512 2058 2521 2067 ἱ

1431 2075 1642 2121 intelligitur
1661 2075 1829 2120 princeps
1852 2074 1958 2119 hujus
1993 2075 2131 2117 mundi,
2146 2083 2303 2120 regnans
2331 2073 2368 2109 in
2386 2072 2467 2108 aula
2480 2098 2491 2116 ,

1432 2135 1468 2170 id
1489 2140 1543 2170 est
1562 2143 1670 2180 super
1688 2139 1823 2169 terram
1838 2161 1847 2177 ‚
1869 2134 1939 2177 vel,
1960 2134 2056 2179 quod
2086 2133 2203 2178 magis
2223 2138 2293 2176 est,
2326 2132 2364 2168 in
2395 2131 2491 2168 vitiis

1432 2195 1575 2238 carnis;
1597 2195 1661 2230 sed
1677 2200 1713 2230 et
1730 2194 1891 2230 omnium
1913 2194 2057 2230 illorum
2074 2203 2215 2239 regum,
2243 2203 2396 2240 quorum
2416 2192 2491 2229 vim

1433 2256 1631 2292 secundum
1657 2256 1847 2293 nominum
1869 2266 2015 2293 suorum
2050 2255 2387 2302 interpretationem
2414 2253 2490 2301 iam

1434 2322 1518 2353 ante
1535 2317 1781 2363 exposuimus,
1809 2322 1846 2353 et
1865 2318 1925 2363 qui
1943 2317 1988 2352 ab
2005 2317 2090 2353 Jesu
2110 2317 2279 2354 dicuntur
2294 2314 2490 2352 interfecti.

1434 2377 1595 2421 Quorum
1614 2388 1680 2414 nos
1701 2377 1747 2424 (si
1769 2383 1867 2414 recte
1886 2379 1951 2414 sub
1967 2377 2053 2414 Jesu
2073 2378 2164 2414 duce
2182 2376 2395 2423 militamus)
2428 2375 2492 2413 de·-

1431 2439 1560 2476 bemus
1593 2438 1630 2474 in
1649 2437 1919 2483 nobismetipsis
1953 2437 2139 2474 abscidere
2162 2437 2265 2479 vitia,
2286 2440 2323 2472 et
2342 2439 2491 2482 accepto

1434 2497 1587 2545 spiritali
1602 2496 1738 2544 gladio,
1759 2497 1979 2533 subnervare
1997 2506 2142 2533 omnem
2162 2497 2364 2543 equitatum
2379 2494 2491 2531 istum

1432 2557 1674 2604 pessimorum
1707 2556 1897 2599 vitiorum;
1928 2556 1993 2593 sed
2017 2562 2053 2593 et
2085 2566 2215 2593 currus
2234 2556 2406 2592 debemus
2441 2555 2487 2592 in·

1435 2619 1599 2661 cendcre,
1626 2618 1662 2655 id
1687 2622 1765 2661 est,
1783 2626 1927 2654 omnem
1952 2627 1974 2653 a
1999 2616 2103 2654 nobis
2129 2617 2344 2663 arrogantiae
2359 2621 2397 2653 et
2419 2614 2477 2651 ela

1434 2679 1545 2716 tionis
1565 2679 1731 2726 spiritum
1751 2688 1932 2723 resecare,
1951 2684 1989 2715 et
2019 2679 2114 2715 ultra
2131 2688 2204 2714 non
2235 2678 2272 2715 in
2292 2677 2410 2725 equis,
2428 2686 2492 2714 ne-

1435 2750 1505 2786 que
1539 2741 1574 2776 in
1607 2741 1719 2777 armis
1732 2768 1741 2783 ,
1762 2741 1823 2777 sed
1859 2739 1896 2775 in
1927 2740 2073 2776 nomine
2106 2740 2245 2776 Domini
2279 2739 2394 2775 nostri
2426 2738 2492 2775 Dei

1435 2801 1657 2837 invocemus.
1682 2801 1867 2845 Quomodo
1886 2806 2005 2837 autem
2025 2801 2063 2837 in
2086 2800 2354 2846 nobismetipsis
2394 2808 2492 2836 com-

1435 2860 1593 2906 plebitur
1608 2866 1643 2896 et
1662 2861 1731 2898 hoc
1750 2861 1846 2906 quod
1866 2861 1999 2898 dicitur
2016 2873 2025 2897 ε
2048 2873 2060 2894 ‹
2084 2860 2162 2896 Non
2176 2860 2378 2896 dimittatur
2396 2859 2492 2897 ullus

1436 2921 1497 2966 qui
1516 2921 1694 2967 respiret?
1718 2935 1730 2955 »
1754 2922 1955 2959 Videndum
1980 2921 2116 2968 est’qui
2145 2921 2192 2957 sit
2210 2921 2272 2967 qui
2297 2930 2344 2957 ne
2377 2920 2493 2967 respi-

1436 2993 1519 3018 rare
1537 2983 1683 3028 quidem
1701 2994 1765 3029 per
1793 2988 2011 3029 praeceptum
2036 2982 2179 3019 Domini
2195 2982 2355 3028 jubetur.
2380 2982 2491 3019 Verbi

1437 3053 1561 3087 causa,
1589 3043 1620 3079 si
1642 3043 1695 3079 ira
1722 3044 1925 3080 ascenderit
1946 3044 1983 3079 in
2017 3053 2079 3079 cor
2107 3052 2241 3087 meum,
2262 3046 2383 3089 potest
2411 3041 2491 3079 fieri

1436 3111 1477 3141 ut
1493 3115 1604 3152 opera
1622 3104 1767 3151 quidem
1784 3104 1978 3140 iracundiae
1997 3114 2071 3140 uon
2100 3102 2280 3149 impleam,
2303 3102 2361 3138 vel
2392 3106 2491 3138 metu

1438 3165 1647 3208 deterritus,
1664 3165 1721 3201 vel
1741 3165 1851 3200 etiam
1865 3164 1976 3200 futuri
1987 3163 2113 3210 judicii
2133 3163 2261 3198 timore
2278 3162 2489 3206 'cohibitus;

1436 3227 1500 3262 sed
1525 3236 1611 3268 non,
1641 3225 1771 3270 inquit,
1793 3225 1862 3259 hoe
1889 3223 2020 3259 sufficit
2041 3235 2050 3258 ε
2081 3222 2259 3267 agendum
2277 3221 2343 3256 tibi
2370 3221 2490 3266 potius

1435 3288 1490 3320 est
1509 3288 1687 3329 quatenus
1702 3293 1747 3318 ne
1782 3282 1859 3328 ipsa
1891 3281 2036 3326 quidem
2068 3279 2263 3316 commotio
2292 3278 2489 3315 iracundiae

1434 3345 1553 3382 locum
1568 3345 1700 3381 habeat
1716 3343 1812 3379 intra
1831 3347 1887 3387 te;
1921 3342 1952 3379 si
1988 3342 2086 3378 enim
2113 3341 2316 3378 effervescit
2347 3342 2490 3379 animus

1436 3412 1473 3443 et
1498 3406 1749 3449 conturbatur,
1776 3404 1919 3442 etiamsi
1939 3413 2012 3440 non
2036 3403 2269 3450 compleverit
2289 3413 2392 3451 opus,
2410 3404 2488 3451 ipsa

1437 3471 1558 3504 tamen
1571 3466 1796 3514 perturbatio
1810 3466 1981 3502 indecens
2003 3471 2059 3502 est
2073 3467 2106 3502 ei
2122 3466 2183 3512 qui
2198 3467 2264 3503 sub
2281 3465 2366 3503 lesu
2397 3465 2490 3502 mili-

2377 114 2472 157 1056
2514 134 2527 139 -

1436 3534 1490 3566 tat
1523 3529 1626 3565 duce.
1669 3526 1842 3564 Similiter
1873 3532 1910 3563 et
1934 3526 1977 3563 de
2002 3526 2304 3573 concupiscentiae
2320 3525 2425 3569 vitio,
2450 3530 2488 3562 et
2535 3547 2540 3558 2

1436 3592 1481 3628 de
1500 3590 1654 3627 tristitiae
1683 3589 1893 3635 caeterisque
1925 3589 2086 3626 omnium
2105 3587 2331 3643 sentiendum
2343 3591 2420 3631 est3
2441 3586 2488 3624 de
2509 3578 2518 3582 ’

1434 3653 1564 3700 quibus
1583 3652 1723 3689 cunctis
1748 3652 1798 3687 ita
1826 3652 2002 3706 agendum
2033 3655 2090 3688 est
2117 3650 2291 3698 discipulo
2320 3649 2420 3694 Jesu,
2445 3645 2521 3686 ut!

315 3709 530 3746 sententiam
545 3737 555 3756 ,
580 3710 642 3758 qui
674 3721 781 3759 super
812 3712 954 3750 asinum
978 3713 1080 3751 sedet
1110 3714 1367 3753 exterminavit
1400 3737 1415 3756 0
1431 3712 1524 3752 nihil
1541 3713 1671 3751 horum
1688 3712 1835 3750 omnino
1848 3712 1886 3750 in
1900 3711 1978 3762 eius
1995 3711 2105 3751 corde
2121 3711 2299 3760 respiret;
2318 3721 2365 3749 ne
2391 3685 2522 3801 rorte!

2499 3801 2540 4016 ,Ι

2533 3601 2540 3626 l
