2540 4016
66 177 135 213 257

699 172 1035 213 EXPOSITIONES
1059 172 1106 211 IN
1132 172 1399 212 LEVtthtJM.
1427 193 1473 201 —
1498 174 1592 212 un..
1611 175 1641 212 1.

2176 184 2249 224 258

66 253 171 297 dotis,
191 263 339 300 quorum
361 263 451 289 unus
477 250 572 288 tollet
590 250 760 300 puqittum
777 251 917 299 plenum
939 250 1063 287 similos
1090 254 1122 285 et
1140 251 1176 291 A
1191 255 1388 296 operatur;
1408 249 1486 286 haec
1504 249 1636 295 quippe
1653 247 1813 287 maxime
1841 250 1970 289 animae
1991 254 2180 300 passiones
2193 268 2252 295 sa..

66 314 133 350 olei
154 326 195 350 ac
219 320 328 350 totum
348 315 442 358 thus,
463 320 494 350 et
515 319 618 360 ponet
646 313 847 349 memoriale
867 324 971 360 super
993 314 1117 356 altare,

64 377 102 413 in
122 378 263 413 odorem
282 377 524 412 suavissimum
561 376 725 412 Domino.
757 375 859 419 Quod
890 382 1007 411 autem
1039 375 1122 411 reli-

66 450 173 485 quum
196 439 303 485 suerit
318 438 360 473 de
383 437 572 483 sacrificio,
591 437 656 472 erit
672 436 791 472 Aaron
808 443 840 472 et
857 436 1012 482 filiorum
1029 436 1119 482 ejus,

67 497 237 534 Sanctum
252 504 452 534 sanctorum
466 497 508 532 de
518 496 750 532 oblationibus
765 496 920 532 Domini.
943 496 1121 540 Quartum

66 566 208 603 autem,
233 560 351 595 anima
371 559 526 596 offerens
544 559 761 595 sacrificium
792 559 836 594 de
857 558 974 595 simila
999 559 1123 594 Eccle-

67 620 129 656 siae
157 620 343 656 catholicae
376 620 527 666 figuram
558 620 778 666 pronuntiat,
813 630 892 665 quae
924 628 966 654 ex
993 628 1124 654 conve-

65 680 247 716 nientibus
268 680 440 716 membris
470 681 572 726 quasi
606 680 722 716 simila
743 690 788 715 ex
816 679 940 715 multis
971 679 1124 715 creden-

66 739 155 775 tium
190 740 312 785 granis
333 740 483 776 collecta
503 745 576 782 est,
601 745 636 775 et
653 739 760 786 Legis
792 744 828 774 et
846 737 1122 783 Evangeliorum

66 800 159 837 mola
177 800 272 836 inter
290 801 448 837 litteram
464 808 499 838 et
518 802 683 848 spiritum
710 805 889 846 separata,
907 809 972 844 per
992 809 1123 843 aquam

65 862 175 898 etiam
194 863 424 909 baptismatis
457 864 625 906 adunata,
654 862 859 898 chrismatis
890 860 969 896 oleo
990 870 1122 905 perun-

65 912 136 964 cta,
160 923 275 958 sancti
298 923 454 969 Spiritus
481 923 564 968 igne
603 922 770 963 solidata,
799 931 864 965 per
883 919 1123 955 humilitatem

65 983 235 1028 spiritus,
269 984 342 1020 Deo
371 984 488 1019 hostia
514 983 659 1028 placens
679 981 819 1017 effecta.
853 980 943 1024 Quia
964 981 1122 1015 animam

67 1048 181 1079 totum
207 1043 388 1079 hominem
424 1042 591 1088 appellat,
632 1042 864 1078 manifestum
898 1047 952 1078 est
980 1052 1023 1077 ex
1055 1042 1122 1078 hoc

64 1104 159 1149 quod
178 1104 240 1146 ait,
268 1103 383 1139 slmilu
406 1105 469 1139 erit
490 1104 566 1150 ejus
587 1103 728 1140 oblatio.
761 1104 891 1139 Anima
906 1109 1026 1140 autem
1042 1104 1119 1150 ipsa

62 1173 128 1210 per
148 1174 186 1200 se
204 1165 383 1210 quomodo
404 1165 562 1202 deferret
580 1165 814 1209 oblationem,
842 1176 948 1212 quam
973 1176 1122 1203 necesse

62 1227 196 1263 habeat
224 1227 433 1272 deprecans,
455 1233 491 1262 et
512 1227 556 1262 ad
573 1227 641 1263 hoc
656 1227 779 1273 utique
799 1228 1042 1264 necessarium
1059 1228 1122 1263 ha-

62 1287 165 1323 beret
181 1286 420 1322 ministerium
439 1288 615 1333 corporis,
637 1287 726 1322 nihil
750 1288 920 1325 novitatis
941 1290 999 1324 hic
1019 1288 1123 1324 affert

63 1356 194 1383 sermo.
215 1346 304 1382 Nam
324 1352 360 1382 et
373 1347 457 1382 alibi
476 1347 634 1382 animam
654 1358 747 1392 saepc
768 1348 908 1394 Moyses
927 1354 1040 1384 toturn
1059 1349 1124 1384 ho—

62 1407 196 1444 minem
221 1408 427 1454 appellavit,
450 1408 560 1444 veluti
588 1419 670 1444 cum
690 1419 813 1445 eorum
830 1410 890 1455 qui
910 1410 945 1445 in
966 1410 1123 1455 AEgypto

64 1468 326 1504 descenderunt
343 1479 531 1504 numerum
552 1469 716 1514 digerens
733 1470 806 1504 ait:
833 1469 976 1506 Cuncta}
996 1471 1124 1505 animae

63 1541 141 1575 quse
156 1531 321 1576 inyressae
340 1538 419 1565 sunt
442 1542 519 1566 cum
537 1531 646 1566 Jacob
660 1533 697 1566 in
716 1531 922 1577 AEqyptum,
943 1538 974 1566 et
995 1533 1123 1578 eqressz'

65 1598 144 1627 sunt
165 1592 206 1627 de
237 1593 425 1637 semoribus
452 1592 563 1635 illius,
598 1593 726 1638 ubsque
757 1593 924 1628 uxoribus
953 1593 1120 1637 filiorum,

63 1654 282 1700 septuaqinca
302 1654 371 1688 duo
392 1653 522 1700 (Eoeod.
540 1652 619 1700 xit).
653 1653 723 1689 Sed
739 1660 773 1690 et
791 1654 906 1690 Lucas
925 1665 1006 1690 cum
1023 1654 1123 1690 Pauli

63 1716 247 1762 navigium
273 1715 426 1751 Romam
449 1715 566 1751 euntis
587 1715 818 1758 describeret,
854 1716 930 1750 ait:
969 1715 1123 1750 Eramus

64 1785 180 1814 autem
196 1788 311 1812 omnes
341 1778 467 1812 animoe
485 1778 521 1811 in
539 1777 618 1812 navi
633 1777 791 1812 ducentae
823 1779 1043 1824 septuaginta
1062 1789 1123 1814 sex

62 1839 157 1887 (Act.
180 1838 307 1887 xxvn).

108 1901 322 1936 Intuendum
353 1905 409 1936 est
425 1904 545 1935 autem
574 1909 620 1935 ne
641 1898 791 1935 forsitan
808 1898 966 1934 animam
986 1899 1022 1935 in
1053 1900 1123 1935 hoc

60 1960 139 1998 loco
158 1962 326 2008 gentilem
344 1962 492 1998 dixisset
512 1962 718 2004 homine1n;
738 1962 821 2007 quia
843 1962 938 1997 enim
957 1962 1122 2007 superius

61 2022 145 2059 filiis
161 2023 271 2060 Israel
286 2034 327 2059 ea
345 2034 424 2070 quae
443 2024 572 2060 suntin
591 2025 764 2070 sanguine
779 2024 955 2060 sacrificia
972 2025 1117 2061 dicens:

60 2082 229 2129 Loquere,
259 2083 322 2127 ait,
350 2083 433 2129 filiis
449 2084 562 2119 Israel
578 2094 589 2118 .·
621 2084 734 2119 Homo
751 2086 809 2131 qui
827 2085 987 2120 obtulerit
1002 2097 1044 2121 ex
1058 2098 1117 2122 vo-

63 2144 112 2179 bis
140 2145 287 2180 hostiam
317 2145 465 2181 Domino
483 2146 524 2181 de
542 2147 736 2193 pecoribus,
756 2147 791 2181 id
811 2153 877 2189 ese,
899 2147 940 2182 de
962 2147 1067 2183 bobus
1086 2155 1117 2184 et

63 2204 192 2248 ovibus,
210 2205 329 2250 offeret
349 2206 505 2241 victimas
525 2205 647 2254 (Levit.
667 2208 717 2254 1);
741 2208 799 2243 hic
820 2208 920 2252 illud,
943 2210 1039 2254 quod
1058 2220 1120 2245 ex-

62 2270 118 2301 tra
136 2266 346 2312 sanguinem
377 2273 445 2310 est,
480 2268 697 2304 sacrificium
735 2269 861 2304 similae
888 2270 1117 2316 praecipiens,

62 2328 265 2364 necessarie
288 2339 359 2363 non
377 2328 480 2370 dixit,
501 2329 602 2364 bomo
623 2341 665 2365 ex
683 2331 787 2372 vobis,
809 2331 882 2372 sed,
907 2332 1026 2367 anima
1040 2344 1119 2368 cum

62 2389 222 2425 obtulerit
253 2389 474 2434 oblationem,
512 2392 683 2435 animam,
716 2392 887 2438 gentilem
911 2394 1116 2438 nominans,

61 2452 145 2498 quia
169 2452 343 2488 animales
357 2459 460 2489 erant
476 2453 587 2499 prins,
614 2459 649 2489 et
668 2455 728 2500 qui
751 2465 823 2491 non
845 2457 1047 2502 potuissent
1065 2458 1119 2492 in-

61 2514 221 2560 telligere
247 2525 288 2550 ea
307 2525 386 2560 quae
406 2520 489 2551 sunt
515 2516 676 2562 spiritus,
701 2523 948 2553 verumtamen
969 2524 1120 2554 vocatur

62 2573 106 2608 ad
130 2573 361 2617 oblationem,
389 2575 583 2611 miserante
615 2586 696 2611 eum
718 2577 816 2621 justo
835 2578 908 2613 Deo
925 2584 1033 2624 atque
1055 2590 1120 2624 per

64 2634 402 2671 condescensionem
428 2636 588 2671 salvante
608 2649 615 2670 ε
644 2647 724 2672 cum
744 2648 811 2683 pro
831 2641 991 2684 peccatis
1009 2642 1119 2677 sacri-

63 2693 144 2730 ficia
162 2694 319 2740 disponit
336 2705 417 2730 eum
433 2697 493 2740 qui
511 2706 578 2732 nec
595 2706 698 2732 ovem
719 2699 840 2742 habet,
870 2709 936 2736 nec
957 2711 1116 2746 capram,

63 2757 222 2790 turtures
254 2755 311 2790 vel
345 2755 460 2801 pullos
490 2756 735 2793 columbarum
760 2758 891 2795 offerre
921 2763 1116 2807 praecepit;

62 2814 124 2859 qui
150 2820 270 2850 autem
302 2826 369 2851 nec
399 2817 467 2852 hoc
495 2817 618 2859 habet,
639 2818 794 2854 similam
814 2830 896 2855 eum
933 2822 1049 2857 sancit
1067 2822 1119 2858 os-

62 2874 170 2913 ferre.
204 2876 282 2913 Non
301 2877 398 2913 enim
426 2876 501 2922 jam
535 2887 579 2914 ex
599 2881 782 2925 operibus,
817 2887 856 2917 ut
876 2888 958 2928 pote
983 2894 1119 2930 pauper

1188 316 1264 354 nat,
1287 311 1365 347 haec
1393 310 1503 347 etiam
1531 309 1810 356 intelligibilium
1843 311 2030 349 oculorum
2050 323 2152 352 curat
2168 317 2251 354 vul-

1189 380 1290 414 nera,
1308 370 1499 408 absolvens
1518 371 1563 406 ab
1581 370 1796 417 ignorantia,
1826 375 1934 417 atque
1953 381 1999 408 ex
2011 382 2055 408 ea
2073 384 2153 419 quae
2165 385 2253 414 vere

1189 436 1245 467 est
1259 431 1449 477 aegritudo,
1465 432 1500 468 id
1521 437 1577 468 est
1593 442 1638 468 ex
1656 438 1822 478 peccato,
1839 432 2021 480 lacrymas
2039 437 2254 474 accedentes

1189 492 1317 528 salvat.
1352 493 1437 530 Post
1471 493 1551 529 haec
1585 493 1720 539 pugillo
1750 493 1877 530 tollere
1903 492 2007 538 jubet
2023 494 2198 538 similam,
2218 495 2256 533 id

1190 558 1257 597 est,
1289 553 1360 589 fide
1398 554 1588 590 scientiam
1623 555 1685 591 Dei
1710 555 2028 601 comprehendere,
2061 567 2127 603 per
2140 556 2258 604 pugil-

1189 614 1263 651 lum
1284 615 1380 651 enim
1405 616 1464 652 hic
1481 615 1589 652 fidem
1607 617 1799 664 significat,
1818 624 2014 666 aperteque
2027 621 2187 656 ostendit
2213 621 2256 657 il-

1190 676 1261 712 lam
1278 686 1359 713 esse
1374 677 1564 712 scientiam
1592 677 1668 714 sive
1685 679 1928 725 cognitionem
1946 680 2008 716 Dei
2029 681 2182 717 Domino
2197 691 2258 718 ac-

1191 742 1344 783 ceptam,
1366 748 1474 784 quam
1498 738 1587 775 fides
1599 740 1904 786 comprehendere
1922 747 2054 788 potest,
2076 749 2112 778 et
2132 752 2256 789 quem-

1191 798 1381 835 admodum
1400 800 1459 845 qui
1480 799 1615 846 pugillo
1633 800 1712 846 plus
1729 802 1803 837 vult
1821 803 2143 849 comprehendere,
2163 805 2255 842 nihil

1189 858 1347 904 proficit,
1367 866 1479 897 totum
1502 863 1634 908 quippe
1651 864 1811 901 decurrit
1829 867 1873 902 'et
1891 867 2000 910 cadit,
2020 873 2128 914 atque
2145 869 2256 905 inuti-

1189 918 1274 954 liter
1294 920 1447 965 laborat,
1480 924 1533 959 sic
1565 935 1735 962 mensura
1768 927 1832 963 Dei
1864 929 2025 966 scientiae
2058 930 2147 967 fides
2172 938 2254 968 est:

1191 977 1338 1014 Credere
1365 983 1458 1016 enim
1477 991 1623 1029 oportet,
1659 987 1711 1022 sic
1736 987 1868 1024 Paulus
1889 989 1953 1034 ait,
1972 991 2032 1037 qui
2049 992 2182 1027 accedit
2209 992 2254 1028 ad

1189 1039 1302 1076 Deum
1331 1042 1455 1088 (Hebr.
1479 1044 1545 1091 xi).
1584 1046 1629 1081 Et
1658 1052 1699 1082 ut
1727 1048 1892 1085 dicamus
1926 1051 2112 1088 breviter:
2146 1053 2258 1089 Omne

1189 1103 1281 1148 quod
1299 1114 1368 1139 non
1399 1110 1449 1140 eat
1466 1117 1508 1140 ea:
1531 1107 1613 1152 fide,
1646 1116 1827 1153 peccatum
1861 1117 1924 1155 est,
1948 1113 2042 1148 sicut
2076 1114 2190 1150 isdem
2212 1115 2257 1150 ad

1141 1157 1172 1196 B
1191 1162 1374 1200 Romanos
1392 1166 1550 1211 scripsit,
1586 1168 1733 1206 intende
1754 1177 1874 1207 autem
1901 1173 1985 1218 quia
2004 1183 2086 1209 cum
2105 1174 2185 1210 oleo
2199 1173 2259 1220 ju-

1188 1223 1250 1259 bet
1269 1224 1426 1260 similam
1465 1228 1608 1273 accipi,
1640 1230 1868 1275 apertissime
1900 1232 2166 1280 eleemosynam
2189 1243 2258 1270 nos

1189 1282 1312 1320 faeere
1331 1285 1478 1322 volens:
1504 1289 1605 1332 Date,
1630 1289 1749 1336 inquit
1766 1291 1952 1336 Dominus,
1974 1293 2255 1341 eleemosynam,

1190 1352 1226 1381 et
1244 1357 1330 1383 ecce
1344 1349 1465 1384 omnia
1481 1351 1614 1386 munda
1630 1358 1737 1388 erunt
1757 1354 1872 1390 vobis.
1893 1354 2000 1391 Jtibet
2015 1362 2136 1392 autem
2151 1367 2257 1392 omne

1191 1408 1274 1443 thus
1295 1409 1330 1443 in
1359 1410 1493 1456 pugillo
1523 1413 1641 1456 sumi3
1676 1423 1797 1458 omne,
1831 1417 1973 1460 quare?
1994 1417 2079 1462 quia
2116 1427 2258 1463 semper

1191 1475 1334 1514 oportet
1350 1480 1477 1514 orare,
1504 1473 1582 1509 sine
1600 1475 1870 1513 intermissione
1890 1479 2026 1524 gratias
2045 1490 2163 1527 agere,
2185 1481 2257 1518 sic-

1190 1534 1230 1564 ut
1249 1529 1380 1567 Paulus
1400 1532 1462 1567 ait.
1489 1532 1559 1570 Sed
1584 1536 1665 1581 quis
1684 1542 1740 1573 est
1760 1538 1822 1583 qui
1852 1538 1890 1574 in
1916 1540 2052 1586 pugillo
2074 1542 2180 1584 tollit,
2202 1551 2256 1577 se-

1191 1591 1347 1626 cundum
1371 1591 1606 1641 Septuaginta
1637 1607 1710 1632 non
1731 1598 1831 1642 dicit,
1852 1606 1892 1635 ut
1919 1600 2082 1637 absolute
2100 1601 2255 1638 offeren-

1191 1657 1263 1687 tem
1285 1653 1518 1700 signiticaret.
1543 1655 1749 1693 Secundum
1774 1658 1988 1696 Hebraicam
2020 1668 2141 1699 autem
2161 1664 2257 1699 veri-

1191 1719 1301 1749 tatem
1317 1741 1325 1757 ,
1355 1716 1538 1760 sacerdos,
1564 1717 1599 1753 id
1619 1724 1688 1762 est,
1710 1730 1803 1756 unus
1834 1721 1989 1758 filiorum
2013 1723 2147 1767 Aaron,
2166 1723 2259 1759 tollit

1190 1777 1364 1823 pugillum
1395 1778 1543 1823 plenum
1577 1781 1704 1816 similae
1737 1788 1773 1818 et
1804 1783 1875 1819 olei
1893 1790 1929 1820 et
1950 1790 2064 1821 totum
2086 1786 2184 1829 thus,
2214 1796 2258 1822 ac

1189 1843 1297 1881 ponet
1320 1839 1529 1875 memoriale
1563 1851 1671 1887 super
1705 1843 1836 1887 altare,
1859 1845 1895 1880 in
1915 1846 2063 1882 odorem
2085 1848 2258 1884 suavissi-

1189 1907 1288 1932 mum
1303 1898 1469 1935 Domino.
1494 1900 1582 1937 Esse
1604 1908 1724 1939 autem
1744 1905 1841 1941 hunc
1874 1907 2102 1943 sacerdotem
2133 1907 2255 1944 Jesum

1189 1958 1360 2003 didicisti,
1395 1961 1496 2005 cujus
1526 1961 1643 1998 officio
1666 1975 1733 2000 nos
1751 1965 1869 2002 hostia
1889 1973 1992 2013 grata
2011 1970 2148 2005 erimus
2168 1970 2254 2008 Deo.

1190 2019 1251 2064 qui
1269 2030 1334 2056 nos
1353 2022 1518 2066 perducit
1537 2024 1581 2059 ad
1596 2026 1936 2071 contemplationem
1953 2028 2031 2064 Dei.
2055 2028 2127 2076 (Ex
2143 2029 2256 2076 Hesy-

1190 2080 1297 2128 clu‘o.)
1318 2081 1396 2127 lpse
1410 2082 1507 2118 enim
1526 2084 1695 2120 sacrificii
1715 2087 1924 2123 memoriale
1951 2088 1987 2124 in
2008 2089 2147 2126 coelesti
2165 2091 2254 2127 offe-

1187 2146 1244 2176 ret
1261 2141 1380 2177 altari.
1414 2142 1623 2180 Memoriale
1639 2151 1759 2182 autem
1777 2148 1993 2194 cognitionis
2015 2150 2077 2186 Dei
2097 2152 2256 2196 perfecta

1187 2202 1339 2238 scientia
1360 2211 1429 2248 est,
1452 2204 1554 2250 cujus
1575 2217 1721 2253 semper
1740 2219 1921 2246 memores
1940 2212 2091 2255 erimus,
2112 2216 2256 2259 quando

1187 2264 1265 2310 ejus
1295 2276 1448 2312 capaces
1480 2267 1672 2313 fuerimus,
1709 2281 1790 2316 quae
1824 2283 2010 2319 nunquam
2042 2275 2256 2318 destruitur,

1187 2327 1362 2371 quae‘eam
1382 2340 1462 2375 quae
1480 2341 1576 2366 nunc
1591 2336 1659 2374 est,
1686 2342 1759 2368 non
1778 2338 1814 2368 ut
1842 2335 2062 2370 contrariam
2085 2337 2254 2379 destruit,

1187 2386 1248 2422 sed
1269 2395 1410 2433 partem
1428 2400 1509 2425 eam
1529 2391 1717 2427 minimam
1746 2403 1825 2428 esse
1846 2403 1912 2438 per
1934 2404 2036 2430 suam
2063 2395 2256 2441 plenitudi-

1187 2458 1269 2483 nem
1287 2454 1481 2493 monstrat,
1494 2453 1693 2488 secundum
1711 2454 1806 2498 quod
1822 2453 1958 2488 dictum
1978 2459 2033 2490 est
2053 2466 2060 2489 :
2083 2455 2141 2490 Ea:
2159 2462 2256 2492 barte

1187 2509 1484 2553 coqnoscimus,et
1501 2522 1544 2545 ex
1560 2518 1658 2557 parte
1676 2514 1922 2559 prophetamus
1938 2525 1951 2556 ;
1970 2526 2049 2550 cum
2067 2522 2182 2551 autem
2200 2528 2255 2552 ve-

1187 2570 1277 2604 nerit
1296 2570 1388 2615 quod
1422 2571 1613 2617 perfectum
1631 2579 1703 2615 est,
1726 2574 1955 2608 evacuabitur
1974 2575 2067 2621 quod
2093 2587 2136 2611 ex
2153 2583 2253 2623 parte

1186 2631 1285 2678 est(1
1307 2629 1388 2666 Cor.
1411 2631 1506 2678 xm).
1527 2632 1572 2667 Et
1592 2633 1772 2678 quomodo
1791 2635 2037 2678 evacuabitur,
2064 2636 2161 2674 clare
2177 2649 2254 2674 ma-

1186 2693 1335 2729 nifestat
1368 2694 1550 2730 subdens:
1594 2694 1760 2731 Videmus
1797 2707 1888 2732 nunc
1915 2709 1977 2743 per
2007 2700 2185 2745 speculum
2215 2702 2251 2737 in

1186 2755 1382 2800 wniymate,
1403 2762 1484 2790 tunc
1502 2762 1616 2791 autem
1634 2756 1724 2802 facie
1737 2757 1784 2793 ad
1798 2758 1936 2803 faciem.
1958 2759 2064 2796 Nunc
2083 2773 2251 2808 cognosco

1186 2825 1228 2850 ex
1246 2821 1357 2860 parte,
1385 2821 1466 2850 tunc
1486 2827 1707 2862 cognoscam,
1729 2818 1820 2852 sicut
1838 2825 1870 2854 et
1887 2821 2044 2865 cognitus
2061 2832 2152 2857 sum.
2175 2822 2251 2859 Hoc

1186 2877 1405 2913 sacrificium
1424 2878 1574 2913 odorem
1594 2878 1849 2914 suavissimum
1871 2881 2076 2918 necessarie
2097 2882 2251 2920 Domino

61 2936 269 2980 virtutibus,
308 2938 371 2973 sed
404 2938 476 2974 sola
495 2937 558 2974 Dei
579 2940 783 2984 cognitione
815 2942 987 2978 salvatur.
1019 2943 1121 2981 Licet
1136 2959 1172 2999 D
1190 2938 1374 2985 legislator
1394 2939 1597 2986 appellavit·
1630 2940 1728 2977 Odor
1750 2942 1847 2977 essim
1869 2943 1905 2978 i'ss
1924 2945 1997 2981 Deo
2014 2950 2070 2981 est
2095 2947 2251 2993 cognitio

63 3002 183 3033 autem
210 2997 274 3033 Dei
295 2997 452 3044 cognitio
473 2998 598 3034 salutis
622 2999 780 3044 gentium
811 3001 1027 3047 principium
1059 3005 1116 3047 sit,

63 3057 320 3104 superfundere
341 3063 460 3094 tamen
492 3059 616 3094 similae
635 3059 755 3095 oleum
773 3065 810 3095 et
840 3061 923 3098 thus
944 3073 1118 3110 superpo-

63 3115 264 3165 nere'opus
298 3119 486 3162 hahemus,
521 3126 561 3155 ut
593 3120 746 3166 gratiam
780 3120 844 3157 Dei
879 3123 1119 3171 eleemosynis

64 3180 287 3227 orationique
307 3182 619 3218 commisceamus.
652 3182 736 3219 Haec
764 3183 860 3220 enim
891 3191 1042 3230 possunt
1075 3188 1119 3223 de

65 3241 155 3279 ooelo
170 3241 234 3278 Dei
251 3242 469 3279 sententiam
491 3242 710 3292 [scientiam]
731 3244 935 3291 profligare.
971 3247 1035 3283 His
1054 3258 1119 3285 au·-

65 3303 138 3337 tem
169 3302 271 3338 testis
302 3307 358 3339 est
376 3303 576 3347 Cornelius,
610 3305 656 3340 ad
678 3316 786 3352 quem
816 3307 1039 3346 descendens
1075 3310 1120 3346 de

66 3361 156 3414 ptblo
167 3365 314 3411 angelus
331 3364 441 3401 dixit:
462 3364 618 3411 Corneli,
637 3369 812 3405 orationes
835 3376 905 3406 tuce
923 3377 954 3406 et
974 3370 1120 3407 eleemo-

69 3420 167 3475 ήκω
181 3425 408 3462 ascenderunt
438 3427 484 3463 ad
514 3427 624 3464 Deum
654 3427 747 3476 (Act.
769 3429 820 3478 x).
855 3431 1040 3475 Quomodo
1056 3443 1119 3468 au-

70 3480 145 3533 1911
169 3483 212 3531 ,in
231 3486 335 3522 thure
353 3486 551 3532 accipiatur
581 3489 712 3533 oratio,
738 3500 903 3536 quaerens
937 3491 1015 3537 eius
1044 3492 1118 3527 vim

80 3541 90 3547 ’
109 3544 113 3545 ’
176 3549 370 3592 uitansque
383 3547 571 3594 cognoscis
587 3560 597 3592 ;
625 3550 677 3585 uti
696 3550 829 3597 quippe
849 3561 892 3587 eo
911 3556 1039 3588 contra
1059 3552 1118 3588 in-

143 3601 146 3607 '
195 3607 218 3611 ”
234 3607 421 3653 passiones
437 3608 567 3645 medici
594 3609 726 3655 solent,
743 3611 1004 3658 oculorumque
1020 3612 1122 3659 aegri-

135 3714 137 3719 .
180 3670 386 3714 euram
417 3673 456 3706 et
481 3669 512 3707 si
543 3670 624 3716 quis
642 3671 851 3715 incendens,
885 3672 1025 3710 fumum
1043 3671 1121 3719 ejus

76 3702 460 3783 sufflamen-infit
475 3730 688 3773 aecedentes
705 3731 822 3769 0011118
847 3741 894 3769 ex
910 3732 1122 3769 infirmitate

75 3774 271 3832 lacum&
282 3774 364 3829 bt
390 3789 520 3829 eodum
533 3793 645 3835 1110110
661 3793 781 3832 oratio
798 3803 944 3842 quoquo
961 3795 1120 3842 plurima

1191 3000 1267 3035 sive
1293 3000 1443 3035 scientia
1462 3001 1539 3047 ejus
1551 3028 1561 3044 ,
1582 3006 1618 3036 et
1634 3012 1679 3037 ne
1697 3002 1766 3038 hoc
1786 3003 1927 3039 dubites
1945 3005 2055 3041 habet
2077 3007 2146 3043 hoc
2162 3018 2252 3053 quo-

1191 3069 1260 3105 que
1273 3059 1424 3095 Paulum
1442 3062 1716 3098 veracissimum
1733 3067 1884 3099 testem:
1901 3064 1974 3101 Deo
1988 3067 2099 3110 enim,
2116 3067 2248 3113 inquit,

1191 3122 1346 3167 gratias,
1372 3122 1435 3167 qui
1453 3132 1596 3169 semper
1615 3123 1813 3170 triumphat
1844 3136 1910 3162 nos
1931 3126 1966 3162 in
1985 3126 2129 3164 Christo
2148 3128 2248 3172 Jesu‚

1190 3187 1227 3217 et
1253 3182 1400 3218 odorem
1431 3183 1567 3219 notitiae
1586 3194 1660 3220 suae
1693 3186 1900 3222 manifestat
1931 3198 1996 3234 per
2014 3199 2079 3224 nos
2097 3190 2132 3224 in
2152 3190 2249 3225 omni

1188 3242 1281 3280 loco.
1308 3244 1401 3280 Ecce
1418 3244 1564 3280 interim
1582 3247 1783 3291 cognovisti
1806 3248 1953 3283 odorem
1970 3249 2109 3289 notitia,
2132 3249 2195 3284 sed
2213 3255 2250 3286 et

1189 3299 1322 3339 bonum
1340 3304 1488 3340 odorem
1513 3305 1549 3340 in
1570 3305 1874 3350 subsequentibus
1889 3306 1985 3348 audi,
2010 3306 2093 3351 quia
2114 3306 2250 3344 Christi

1189 3365 1300 3400 bouus
1319 3365 1407 3401 odor
1421 3376 1542 3401 sumus
1560 3366 1599 3401 in
1617 3366 1670 3401 his
1685 3366 1746 3412 qui
1764 3366 1853 3401 salvi
1869 3366 1980 3410 fiunt,
2010 3373 2043 3402 et
2060 3368 2096 3403 in
2113 3368 2168 3404 his
2189 3371 2248 3416 qui

1186 3432 1332 3471 pereunt
1364 3425 1422 3473 (ΙΙ
1446 3426 1527 3461 Cor.
1549 3425 1605 3473 11).
1645 3425 1782 3461 Deinde
1803 3425 1890 3461 dicit
1908 3425 2122 3472 legislator:
2146 3428 2249 3473 Quod

1187 3492 1304 3521 autem
1322 3486 1493 3532 reliquum
1507 3486 1613 3531 suerit
1633 3485 1676 3520 de
1692 3484 1881 3530 sacrificio,
1896 3487 1961 3522 erit
1976 3487 2098 3525 Aaron
2113 3496 2145 3525 et
2159 3491 2249 3536 filio-

1187 3558 1267 3582 rum
1279 3548 1370 3592 ejus,
1387 3546 1558 3583 Sanctum
1571 3551 1773 3581 sanctorum
1787 3545 1831 3582 de
1844 3546 2080 3587 oblationibus
2088 3550 2246 3589 Domini.

1187 3596 1375 3653 Reliquum
1387 3606 1440 3642 ait
1457 3607 1502 3642 de
1526 3606 1588 3642 illa
1603 3605 1765 3652 perfecta
1792 3611 1831 3644 et
1851 3607 1890 3645 in
1908 3609 2012 3646 coelis
2034 3611 2247 3649 abscondita

1186 3674 1294 3715 atque
1303 3668 1462 3714 reposita
1478 3668 1516 3704 in
1532 3667 1679 3706 Christo
1692 3668 1844 3706 seientia
1858 3669 1940 3707 sive
1950 3671 2079 3708 notitia
2092 3671 2159 3709 :In
2170 3673 2247 3720 ipso

1185 3731 1279 3767 em'm
1287 3735 1369 3766 sunt
1382 3730 1538 3766 thesauri
1547 3730 1728 3779 saptentiae
1738 3731 1937 3768 εισι-10111110
1946 3732 2141 3774 absconditi
2149 3733 2242 3782 (Cot,

1185 3792 1248 3843 n);
1267 3790 1441 3830 Sanctum
1459 3795 1668 3830 sanctorum
1682 3795 1739 3830 est
1757 3792 1804 3830 de
1820 3792 2064 3832 oblationibus
2074 3794 2244 3844 Domini;
