2540 4016
807 0 938 83 ‘y'

282 199 354 241 445

275 331 359 373 mici
373 329 605 376 cogitationes
622 326 826 371 ignorantes
851 325 954 371 justi,
978 325 1072 361 sicut
1088 325 1140 360 ait
1161 323 1318 369 Aposto—

275 392 331 431 lus
345 399 358 425 .-
378 389 461 428 Non
477 389 566 426 enim
583 388 782 432 iquoramus
798 385 1023 431 cogitationes
1043 385 1132 430 ejus.
1155 384 1320 422 Scientes

275 457 393 491 autem
413 460 474 487 eas
506 449 550 484 ab
578 446 630 482 eis
655 454 695 480 se
723 444 943 487 custodiunt,
977 444 1040 480 sed
1067 444 1147 481 illos
1175 445 1317 491 quidem

274 510 500 558 intelligibilis
529 511 649 543 nostra
668 510 779 549 terra,
799 506 944 542 visitata
971 517 991 542 a
1019 506 1093 542 Deo
1109 517 1175 552 per
1195 507 1319 543 Salva-

274 573 362 610 toris
377 571 562 605 adventum
578 566 747 609 evomuit,
764 576 850 612 ergo
867 572 903 602 et
915 576 978 602 eos
990 577 1133 612 quoque
1147 567 1318 613 intelligi·

272 631 354 666 bilis
378 634 472 663 terra
503 626 671 661 abhorret
687 630 724 660 et
745 633 886 662 emovet
904 626 996 662 illos.
1027 626 1105 663 Non
1125 627 1220 663 enim
1243 628 1319 673 jam

271 689 307 724 in
330 687 512 724 hominum
530 685 711 730 portione,
740 685 804 722 sed
822 686 858 723 in
877 686 1078 722 daemonum
1097 687 1318 722 ordinabun-

272 754 342 790 tur,
364 746 555 793 perdentur
584 744 679 780 enim
708 755 832 780 eorum
861 746 1003 781 animae.
1031 746 1107 781 Hoc
1133 751 1253 781 autem
1283 745 1318 780 in

271 809 430 856 gehenna
446 807 496 850 sit,
513 806 572 841 ubi
591 805 748 841 maxime
765 805 864 840 locus
883 811 919 841 et
935 816 1014 841 sors
1031 806 1232 841 daemonum
1250 810 1317 840 est.

271 869 370 913 Quod
397 865 599 903 manifestat
619 864 785 901 Christus
817 865 967 900 dicens:
997 865 1170 900 Discedite
1198 877 1217 900 α
1249 876 1318 908 me,

272 929 456 971 maledicti,
482 928 517 962 in
544 928 657 973 iqnem
685 932 865 968 αἰενηιιηι,
892 925 952 971 qui
986 931 1130 971 paratus
1163 931 1212 960 est
1242 926 1322 960 dia-

271 989 347 1026 bolo
363 995 395 1025 et
414 987 543 1034 angelis
565 988 640 1033 ejus
665 986 808 1031 (Manli.
833 985 931 1031 xxv).

318 1048 493 1084 Custodite
506 1047 671 1083 mandata
690 1058 765 1082 mea
780 1055 791 1080 .·
808 1045 926 1081 Nolite
941 1045 1056 1091 facere
1070 1056 1148 1092 quoe
1164 1045 1319 1091 fecerunt

271 1109 306 1144 ln·
327 1109 384 1155 qui
404 1108 543 1154 suerunt
561 1114 638 1143 ante
661 1118 737 1149 vos,
758 1113 789 1142 et
808 1117 849 1142 ne
870 1106 1076 1152 polluamini
1094 1106 1130 1141 in
1149 1107 1198 1142 eis
1215 1117 1226 1141 .·
1243 1106 1320 1152 Εῃο

271 1170 440 1206 Dominus
449 1169 540 1204 Deus
555 1175 674 1204 vester.
696 1167 766 1215 (Ex
785 1167 985 1213 Ilesychio.)
1005 1166 1097 1202 Vere
1114 1167 1149 1202 in
1167 1167 1317 1209 duobus,
1339 1169 1370 1207 B

272 1230 326 1266 vel
352 1229 463 1266 tribus
492 1229 640 1265 testibus
665 1229 772 1263 stabit
800 1238 905 1264 omne
935 1227 1097 1263 verbum.
1120 1226 1194 1262 Hoc
1221 1227 1315 1262 euim

273 1288 456 1335 legislator
474 1288 687 1324 confirmare
704 1287 827 1323 volens
855 1287 897 1323 de
923 1287 1074 1328 eisdem,
1102 1297 1184 1322 ecce
1212 1285 1318 1322 tertio

273 1348 466 1395 praecepit:
487 1347 533 1382 Et
558 1347 738 1389 custodite,
759 1347 886 1391 inquit,
908 1346 1075 1394 mandata
1094 1356 1195 1387 mecm
1215 1345 1320 1380 nolite

273 1407 386 1452 facere
403 1419 478 1453 quoe
495 1407 649 1453 fecerunt
661 1407 698 1443 Ιιὶ
716 1407 773 1453 qui
792 1406 931 1451 suerunt
948 1413 1028 1441 arete
1044 1417 1127 1449 vos;
1147 1411 1187 1441 ut
1200 1411 1321 1441 osteu-

275 1467 335 1505 dai
352 1467 435 1514 quia
451 1478 522 1504 non
545 1468 700 1504 hominis
719 1467 921 1514 cujuslibet,
944 1468 1007 1503 sed
1026 1467 1138 1512 ipsius
1154 1466 1218 1502 Dei
1238 1472 1322 1502 sunt

1092 1650 1290 1700 LIBER
1344 1647 1621 1702 SEXTUS.

620 1824 770 1862 CAPUT
789 1824 982 1862 PRIMUM.

324 1884 374 1920 De
384 1883 541 1920 custodia
559 1891 809 1932 praeceptorum
825 1892 856 1921 et
873 1886 1108 1921 observatione
1124 1885 1273 1921 sabboti.

322 1944 461 1991 (anl‘r.
483 1943 573 1991 xlx.)
594 1944 747 1981 Locutus
770 1952 819 1981 est
839 1945 1008 1980 Dominus
1035 1945 1079 1979 ad
1104 1945 1246 1990 Moysen
1272 1945 1326 1979 di-

277 2016 354 2040 cens
374 2014 384 2038 .·
403 2004 558 2051 Loquere
583 2005 627 2040 ad
648 2016 783 2040 omnem
808 2011 930 2040 coetum
956 2004 1112 2049 filiorum
1138 2004 1271 2047 Israel,
1294 2011 1325 2039 et
1347 2023 1374 2063 C

275 2063 368 2102 dices
387 2064 431 2099 ad
450 2074 505 2099 eos
520 2072 531 2098 .·
548 2063 668 2100 Sancti
687 2070 806 2107 estote,
826 2064 908 2110 quia
928 2070 958 2098 et
979 2075 1039 2110 eqo
1058 2070 1199 2099 sanctus
1225 2075 1301 2099 sum
1316 2091 1324 2106 ,

278 2124 447 2162 Dominus
465 2125 561 2161 Deus
578 2131 686 2162 vester
702 2135 714 2160 .·
732 2128 966 2173 unusquisque
986 2134 1120 2173 patrem
1134 2135 1166 2164 et
1181 2135 1328 2165 manem

278 2196 379 2227 suam
408 2186 550 2230 timeat;
580 2186 723 2222 sabbata
749 2198 825 2222 mea
850 2189 1040 2231 custodite;
1067 2200 1127 2234 eqo
1159 2189 1328 2225 Dominus

279 2246 375 2282 Deus
389 2252 508 2282 vester.
534 2246 652 2282 Nolite
671 2248 820 2283 converti
830 2249 876 2283 ad
894 2248 1004 2292 idola,
1024 2260 1084 2284 nec
1102 2250 1184 2284 deos
1200 2251 1329 2295 confla-

279 2305 356 2342 tiles
386 2306 522 2352 facietis
553 2306 646 2342 vobis
657 2317 671 2350 ;
707 2318 766 2353 eqo
800 2307 985 2344 Dominus.
1020 2307 1092 2354 (Ex
1126 2308 1330 2354 Hesychia.)

281 2365 392 2403 Recte
408 2367 729 2403 sanctificationem
747 2369 955 2414 praeposuit,
977 2369 1062 2415 quia
1076 2369 1195 2405 omnis
1214 2370 1330 2404 virtu-

281 2424 327 2462 tis
345 2430 400 2461 est
423 2426 467 2462 ad
495 2426 791 2470 fundamentum,
820 2438 926 2473 quam
957 2429 1039 2473 quia
1064 2429 1195 2465 sectari
1216 2429 1333 2466 modis

278 2487 447 2524 omnihus
466 2493 622 2534 oportet,
643 2488 827 2535 legislator
846 2490 1053 2534 ostendeus,
1076 2491 1332 2527 convenienter

281 2549 331 2585 ait
350 2548 502 2588 :Sancti
531 2555 652 2594 estote,
685 2550 767 2596 quia
797 2557 939 2586 sanctus
967 2562 1027 2596 eqo
1057 2562 1134 2587 sum
1160 2551 1332 2589 Dominus

280 2611 372 2648 Deus
393 2619 517 2657 vester,
538 2613 575 2650 id
595 2618 666 2658 est,
693 2613 724 2651 si
750 2614 852 2651 vobis
876 2614 996 2660 placet
1010 2614 1155 2661 placere
1177 2616 1250 2651 Deo
1271 2622 1334 2652 aut

281 2673 407 2708 adesse
438 2673 539 2709 vobis
566 2683 670 2717 eum,
694 2673 750 2710 vel
774 2674 889 2720 magis
910 2685 990 2711 esse
1018 2686 1100 2711 cum
1131 2686 1176 2713 eo
1206 2677 1334 2722 vultis,

282 2730 346 2768 Dei
376 2732 472 2767 enim
506 2733 699 2778 praesentia
727 2739 764 2770 et
791 2733 995 2779 conjunctio
1025 2747 1151 2773 omnes
1177 2747 1197 2772 a
1231 2739 1334 2775 vohis

284 2789 435 2827 insidias
472 2791 725 2838 laesionemque
775 2801 956 2839 removet,
1010 2798 1334 2835 sanctificationem

283 2850 559 2897 consequimini.
585 2851 739 2895 Sanctus
760 2858 879 2889 autem
899 2854 1067 2901 coniungi
1085 2857 1246 2901 profanis
1263 2869 1336 2895 non

668 185 671 188 ’
695 191 736 227 Β.
763 188 931 227 ΒΑΒΑΜ
957 187 1103 226 mum
1126 185 1340 225 ARCHIEP.
1368 184 1575 224 MOGUNT.
1603 183 1797 225 ornauit
1821 186 1943 223 PARS
1966 186 1994 223 Ι.

278 272 376 314 irrisi
402 274 486 307 sunt
515 269 561 306 ab
582 268 636 303 eis
660 270 696 302 et
718 269 945 303 recesserunt
965 277 974 301 :
995 275 1111 310 neque
1129 265 1226 300 enim
1251 262 1322 299 ini·
1339 262 1377 304 A
1392 263 1583 299 mandatax
1604 263 1667 308 qui
1685 263 1864 309 quomodo
1881 262 2036 298 debeant
2053 258 2312 307 custodium

1963 55 1986 72 Ο

1949 86 1983 118 0

1386 327 1541 367 tantum,
1558 323 1620 359 sed
1637 328 1673 359 et
1693 333 1802 369 opere
1818 323 2026 360 incarnatus
2041 331 2108 368 per
2126 330 2229 358 suam
2245 311 2360 360 unffi

1386 382 1521 418 tionem
1550 383 1720 425 ostendit,
1741 386 1781 418 ut
1797 391 1870 418 non
1889 381 2062 418 faciamus
2081 387 2199 418 autem
2216 380 2340 425 omnia

1385 442 1550 479 fecerunt
1577 443 1614 479 hi
1633 443 1695 488 qui
1719 442 1865 479 suerunt
1890 447 1974 479 ante
2003 453 2081 479 nos.
2105 441 2176 479 Sed
2207 442 2290 478 vide
2306 443 2440 489 quihus

1384 508 1597 549 praesentem
1606 503 1829 539 sanctionem
1839 503 2067 539 confirmavit
2075 501 2195 538 verbis
2210 514 2218 537 ε
2233 501 2287 538 Ne
2295 501 2438 549 pollua-

1384 564 1471 598 mini
1486 562 1598 605 ineis,
1616 563 1699 608 quia
1713 573 1774 608 eqo
1789 573 1866 598 sum
1876 562 2046 598 Dominus
2060 562 2155 598 Deus
2171 568 2300 605 vester:
2315 571 2442 600 omnes

1386 632 1453 658 nos
1477 633 1498 657 a
1516 622 1714 667 pollutione
1731 623 1909 658 mundare
1924 623 2063 666 volens,
2085 623 2169 668 quia
2185 623 2345 669 imagine
2359 623 2442 670 eius

1385 681 1598 718 circumdati
1619 692 1757 724 sumus,
1784 686 1821 717 et
1841 682 1975 727 polluta
1995 681 2140 727 quidem
2164 692 2207 717 ea
2227 692 2249 718 a
2274 682 2437 729 qualibet

1386 753 1511 779 earum
1545 752 1623 788 quae
1659 742 1780 777 vetitae
1815 749 1898 778 sunt
1937 742 2113 778 malarum
2149 749 2186 779 et
2219 743 2441 780 nefariarum

1387 803 1528 838 actione
1559 802 1762 838 necessario
1788 802 1969 846 irascitur,
1993 804 2124 839 munda
2153 809 2275 840 autem
2293 815 2442 841 conser-

1387 869 1471 899 vata
1490 863 1670 899 intantum
1690 863 1820 908 placet,
1842 868 1882 898 ut
1909 863 2019 899 etiam
2040 863 2216 900 inhabitet
2247 865 2285 900 in
2312 865 2438 908 nobis;

1387 924 1483 969 quod
1507 922 1716 959 manifestat
1745 922 1879 958 Paulus
1908 927 2115 968 utrumque,
2150 923 2197 958 ait
2227 923 2325 958 enim
2357 923 2439 959 sic:

1389 983 1541 1019 Nescitis
1565 985 1730 1030 quoniam
1759 984 1922 1030 templum
1939 985 2004 1020 Dei
2033 986 2136 1028 estis,
2165 991 2196 1020 et
2215 985 2358 1031 spiritus
2377 984 2444 1020 Dei

1388 1044 1523 1080 habitat
1551 1046 1587 1079 in
1609 1045 1729 1080 vobis?
1755 1044 1960 1092 Quicunque
1987 1057 2067 1092 erqo
2091 1045 2256 1092 templum
2281 1045 2345 1081 Dei
2369 1046 2442 1082 vio-

1389 1102 1525 1146 laverit,
1559 1104 1732 1149 disperdet
1762 1104 1862 1140 illum
1898 1105 2005 1141 Deus.
2046 1105 2223 1152 Templum
2256 1106 2347 1141 enim
2377 1106 2443 1141 Dei

1389 1169 1548 1199 εαηεῑιιοη
1567 1170 1638 1206 est,
1658 1164 1751 1210 quod
1771 1164 1851 1199 estis
1875 1176 1930 1200 vos
1952 1165 1986 1212 (Ι
2006 1164 2087 1201 Cor.
2115 1166 2183 1212 ιιι).
2209 1166 2445 1202 Consumma-

1391 1228 1465 1258 tam
1494 1233 1579 1269 ergo
1617 1223 1942 1259 sanctificationem
1973 1225 2230 1268 custodientes,
2263 1230 2376 1260 totam
2407 1225 2445 1261 in

1392 1284 1496 1320 nobis
1510 1284 1684 1320 habemus
1695 1284 1952 1320 inhabitantem
1970 1284 2157 1320 Trinitatis
2171 1285 2444 1330 plenitudinem,
2516 1322 2525 1326 ,

1393 1346 1423 1382 si
1442 1351 1560 1381 tamen
1574 1346 1746 1390 templum
1759 1346 1821 1380 Dei
1833 1356 1969 1389 sumus,
1987 1346 2151 1382 videlicet
2162 1346 2294 1389 Patris,
2311 1345 2446 1382 Christi
2513 1342 2523 1380 ¹:

1393 1411 1515 1442 autem
1526 1415 1655 1451 corpus
1665 1411 1701 1441 et
1714 1406 1890 1449 membra,
1907 1411 1943 1441 et
1959 1405 2117 1452 Spiritus
2131 1410 2279 1442 sanctus
2291 1405 2328 1442 in
2342 1404 2447 1442 nobis
2513 1395 2524 1416 ξ

1395 1467 1550 1510 habitat,
1567 1467 1604 1502 in
1623 1465 1767 1502 Christo
1783 1465 1868 1503 Jesu
1882 1466 2034 1503 Domino
2050 1472 2189 1503 nostro.

1397 1827 1460 1870 tui,
1490 1831 1525 1862 et
1545 1831 1585 1862 ut
1602 1826 1761 1862 breviter
1784 1826 2042 1863 continentiam
2061 1836 2082 1862 a
2103 1826 2197 1864 malo
2224 1826 2448 1874 proeciperet,

1398 1888 1555 1924 Sabbata
1583 1901 1659 1925 mea
1683 1890 1853 1925 custodite
1885 1890 2149 1926 rationabiliter
2172 1890 2344 1934 subdidit,
2366 1891 2451 1937 quia

1397 1959 1523 1984 verum
1543 1950 1731 1986 sabbatum
1747 1956 1818 1993 est,
1842 1949 1979 1986 nullum
1996 1950 2237 1996 corruptionis
2256 1961 2346 1997 opus
2366 1960 2453 1997 ope-
2519 1986 2522 1987 γ

1398 2010 1483 2044 rari.
1502 2009 1591 2045 Nam
1611 2017 1647 2046 et
1667 2020 1772 2046 omne
1796 2021 1886 2056 opus
1906 2010 2035 2046 servile
2054 2010 2090 2046 in
2115 2011 2266 2048 sabbato
2284 2021 2356 2046 non
2374 2009 2453 2046 (ieri

1398 2068 1537 2115 Moyses
1552 2071 1735 2116 praecepit,
1755 2076 1877 2116 aperte
1892 2071 1936 2106 ab
1954 2070 2267 2116 operibusaearni&
2282 2080 2358 2116 quae
2370 2074 2455 2106 sunt

1399 2129 1605 2174 fornicatio,
1628 2131 1855 2167 immunditia
1870 2157 1880 2174 ,
1905 2135 1942 2166 et
1964 2130 2096 2166 similia
2121 2130 2194 2173 his,
2216 2138 2345 2166 cavere
2362 2139 2454 2176 prae-

1399 2190 1536 2234 cipiens
1556 2201 1651 2233 eum,
1673 2192 1735 2237 qui
1749 2191 1942 2227 sabbatum
1960 2190 2145 2226 celebrare
2164 2189 2240 2224 vult
2257 2188 2454 2225 secundum

1398 2248 1514 2294 legem
1548 2249 1706 2294 spiritus.
1748 2249 1819 2285 Sed
1846 2259 1914 2286 nec
1948 2259 2097 2285 causam
2122 2247 2262 2284 sabbati
2287 2247 2455 2293 ignorare

1400 2313 1555 2352 oportet,
1588 2308 1640 2343 sic
1671 2309 1805 2345 etenim
1825 2309 1992 2345 virtutem
2025 2309 2114 2356 legis
2139 2319 2217 2354 quae
2246 2309 2290 2344 de
2315 2313 2455 2352 eoest,

1400 2370 1570 2406 sciemus.
1604 2370 1755 2414 Quando
1782 2381 1867 2418 ergo
1885 2372 2027 2408 sabbati
2047 2372 2257 2407 mandatum
2283 2370 2457 2409 Dominus

1401 2431 1517 2474 dedit,
1547 2442 1725 2477 nusquam
1744 2433 1846 2479 prius
1873 2433 2034 2469 invenies
2058 2434 2152 2478 apud
2175 2433 2336 2468 divinam
2354 2432 2456 2469 Scri-

1401 2497 1543 2538 pturam
1561 2493 1794 2529 sabbatorum
1818 2503 1965 2536 nomen,
1997 2498 2036 2528 ut
2059 2492 2287 2528 manifestum
2302 2492 2351 2528 sit
2371 2492 2457 2538 quia

1401 2553 1588 2589 sabbatum
1619 2563 1726 2590 omne
1751 2554 1976 2590 vacationem
2007 2553 2206 2590 carnalium
2238 2558 2274 2588 et
2311 2553 2458 2589 saecula·

1401 2613 1496 2649 rium
1523 2623 1646 2649 rerum
1673 2614 1844 2659 praecepit
1864 2626 1872 2649 :
1892 2614 1988 2649 unde
2016 2622 2122 2649 omne
2142 2622 2233 2659 opus
2258 2612 2315 2649 lex
2333 2613 2458 2659 prohi-

1401 2675 1490 2710 bens
1521 2684 1601 2719 quae
1630 2674 1766 2709 iaciunt
1795 2674 1840 2710 ad
1869 2683 2015 2710 omnem
2041 2673 2202 2709 animam
2225 2678 2263 2710 et
2282 2673 2454 2718 subdidit,

1402 2744 1467 2780 per
1485 2735 1554 2770 hoc
1573 2739 1696 2779 aperte
1725 2733 1918 2769 ostendens
1947 2744 1955 2768 :
1977 2733 2062 2778 quia
2082 2743 2104 2769 a
2120 2732 2369 2780 moralibus
2387 2742 2454 2768 nos

1402 2805 1534 2831 vacare
1567 2795 1760 2837 desiderat,
1782 2799 1818 2830 et
1833 2804 1913 2839 quae
1932 2795 1977 2830 ad
1991 2794 2158 2841 juvamen
2173 2798 2258 2829 sunt
2273 2793 2403 2829 animae
2420 2798 2458 2829 et

1404 2861 1613 2902 provectum
1634 2855 1850 2900 pertinentia
1869 2855 2024 2901 operari.
2055 2854 2187 2892 Verum
2204 2854 2302 2890 enim
2322 2853 2455 2891 sabba-

284 2912 432 2958 patitur,
450 2920 640 2958 propterea
653 2912 786 2950 Paulus
801 2915 941 2951 dicebat
959 2928 967 2951 :
987 2916 1139 2952 Nescitis
1154 2919 1237 2964 quia
1251 2925 1336 2955 tem·
1353 2914 1388 2952 D
1407 2920 1482 2951 tum
1496 2919 1564 2958 est,
1588 2915 1677 2951 nihil
1704 2916 1903 2960 materiale,
1933 2916 2022 2953 nihil
2051 2916 2096 2952 ad
2118 2920 2255 2952 terram
2273 2915 2456 2952 hominem
2497 2925 2507 2951 ;
2533 2899 2540 2921 ‘⁷

284 2970 379 3019 plum
393 2971 458 3007 Dei
477 2973 570 3016 estis,
591 2979 624 3009 et
639 2973 782 3019 spiritus
799 2974 864 3010 Dei
885 2975 1019 3012 habitat
1049 2977 1087 3012 in
1112 2978 1232 3013 vobis?
1248 2979 1336 3021 Qui-

285 3041 418 3078 cunque
435 3037 551 3067 autem
570 3033 814 3079 templum2Dei
832 3035 1022 3078 violaverit,
1038 3037 1212 3084 disperdet
1237 3038 1335 3075 illum

285 3090 392 3128 Deus.
411 3091 588 3139 Templum
604 3094 696 3130 enim
721 3094 787 3129 Dei
803 3101 960 3132 sanctum
981 3103 1044 3140 est,
1065 3099 1157 3144 quod
1176 3099 1258 3134 estis
1275 3111 1335 3136 vos

285 3149 322 3201 (Ι
353 3151 435 3191 Cor.
467 3153 537 3200 lu).
566 3152 864 3200 superaedificans
891 3161 1010 3193 autem
1034 3159 1203 3194 mandata
1228 3169 1337 3205 super

286 3209 355 3246 hoc
380 3209 669 3258 fundamentum,
696 3219 800 3250 extra
818 3215 914 3260 quod
939 3226 1046 3252 nemo
1064 3222 1182 3263 potest
1202 3227 1337 3263 ponere

287 3271 386 3308 aliud
405 3284 414 3308 z
437 3270 694 3321 Unusquisque,
724 3275 789 3320 ait,
807 3281 942 3322 patrem
956 3283 989 3313 et
1011 3284 1159 3314 matrem
1172 3290 1274 3314 suam
1293 3280 1337 3315 ti-

284 3338 376 3368 meat
397 3342 409 3368 .·
429 3343 495 3381 per
518 3335 843 3379 sanctificationem
859 3337 1006 3384 quidem
1030 3348 1159 3384 puram
1178 3344 1336 3377 mentem

286 3399 371 3439 erga
389 3392 598 3434 creatorem
609 3395 800 3441 mandans,
818 3406 882 3444 per
898 3398 1072 3435 honorem
1089 3403 1209 3436 antem
1222 3400 1337 3445 patris

285 3458 325 3497 et
347 3455 471 3492 matris
489 3456 649 3504 impendi
663 3463 804 3496 naturae
814 3460 1089 3507 benignitatem,
1106 3472 1188 3509 quae
1207 3472 1338 3509 paren-

288 3512 386 3559 tibus
400 3514 590 3563 honorem,
613 3519 678 3559 sed
700 3525 738 3557 et
754 3521 921 3559 timorem
941 3522 1065 3559 deberi
1086 3533 1108 3559 a
1129 3522 1224 3567 filiis,
1244 3524 1338 3560 sicut

286 3569 462 3616 Dominus
485 3575 596 3614 dedit.
624 3578 762 3618 Deinde
789 3581 882 3630 legis
903 3582 1074 3620 mandata
1098 3583 1339 3630 recapitulare

285 3631 423 3679 volem,
443 3634 482 3674 id
495 3643 564 3682 est,
582 3648 656 3676 non
673 3641 831 3687 occides,
846 3653 921 3680 non
935 3642 1128 3689 furaberis,
1145 3656 1218 3682 non
1237 3645 1340 3683 adul·-

287 3693 436 3740 terabis,
454 3705 528 3735 nou
541 3698 755 3746 pel-iurabi&
774 3712 848 3740 non
866 3713 1028 3741 assumes
1044 3716 1176 3743 nomen
1193 3705 1336 3743 Domini

288 3749 360 3799 Ν
372 3757 653 3812 wiinsmm,
670 3772 748 3806 ιοι
766 3764 1001 3814 concupisces
1012 3776 1166 3809 uxorem
1181 3768 1338 3816 prox-inu

1366 3838 1396 3854 ἢ.

1308 3883 1314 3886 .
1352 3857 1383 3884 ¹³

1405 2974 1630 3020 deprimens,
1659 2981 1696 3011 et
1723 2976 1768 3012 ad
1788 2977 2055 3023 corruptionem
2081 2976 2266 3014 carnalem
2294 2977 2456 3020 uehens,

1406 3047 1523 3082 agere.
1544 3036 1634 3073 Cum
1653 3038 1722 3075 hoc
1739 3044 1859 3075 autem
1878 3040 1965 3086 quid
1985 3039 2197 3080 alimmum:
2214 3038 2309 3074 Deus
2322 3047 2458 3083 praeoe-

1403 3099 1471 3143 pit,
1497 3098 1602 3135 nolite
1625 3101 1840 3136 convenient
1862 3100 1972 3145 idola,
1997 3111 2060 3136 nec
2079 3100 2162 3136 deoc
2185 3098 2379 3146 conflatiles
2401 3097 2458 3144 fa·
2503 3096 2511 3106 ⁴

1405 3158 1498 3193 cietis
1523 3159 1615 3195 vobis
1634 3169 1646 3193 :
1668 3159 1745 3206 Eyo
1763 3161 1950 3196 Dominus.
1974 3160 2054 3197 Non
2069 3159 2234 3197 convert-i
2258 3152 2380 3195 autem
2410 3157 2457 3195 ad
2503 3164 2511 3171 ·

1405 3221 1497 3256 idola
1528 3227 1596 3263 est,
1639 3231 1712 3258 non
1747 3221 2036 3258 condescendere
2062 3222 2139 3265 his,
2167 3230 2250 3268 (μω
2276 3219 2457 3256 idolorum

1403 3281 1461 3318 lex
1480 3282 1590 3318 multa
1609 3281 1832 3328 pmfanaque
1846 3282 1973 3328 exigit.
1994 3281 2069 3317 Sed
2086 3292 2149 3317 nec
2162 3278 2358 3326 conflatiles
2375 3278 2457 3315 deu
2503 3283 2516 3331 ’,Δ

1405 3343 1538 3389 facietis
1558 3343 1650 3380 vobis
1671 3352 1684 3378 .·
1706 3353 1777 3379 non
1796 3342 1912 3379 solum
1935 3342 1974 3378 in
1993 3341 2202 3378 animalium
2228 3340 2376 3384 formis,
2389 3338 2458 3376 eod
2503 3342 2514 3358 “·

1404 3415 1473 3442 nec
1500 3406 1536 3442 in
1561 3407 1798 3453 pecuniarum
1819 3403 2025 3447 thesauris,
2059 3403 2185 3440 necin
2205 3402 2284 3438 auri
2308 3406 2371 3437 aut
2400 3410 2458 3437 ar-

1406 3466 1504 3511 genti
1521 3467 1650 3502 massis
1665 3477 1675 3510 ;
1695 3466 1774 3503 haec
1791 3465 1888 3502 enim
1913 3465 2000 3501 deos
2019 3473 2105 3500 suos
2123 3462 2261 3499 tadum
2273 3460 2315 3498 ui
2331 3459 2396 3507 qui
2413 3468 2459 3496 oa

1405 3525 1541 3562 faciunt
1557 3532 1592 3562 et
1609 3530 1845 3573 congregant,
1863 3525 2046 3561 intantum
2065 3522 2132 3560 sub
2153 3531 2280 3559 earum
2298 3517 2458 3557 dominio

1405 3586 1605 3629 constituti,
1615 3590 1655 3622 ut
1665 3587 1817 3622 timeant
1826 3595 1874 3621 ex
1881 3584 2000 3622 eisvel
2008 3581 2460 3630 quantulum-memem-

1403 3646 1556 3693 tingere.
1580 3645 1673 3689 Quid
1689 3650 1808 3682 anwm
1827 3645 1906 3682 haec
1930 3654 2080 3682 neeesse
2091 3642 2283 3684 iubemur
2309 3639 2373 3686 Ψ
2386 3647 2461 3686 ΡΝ·

1403 3706 1570 3743 omnibus
1585 3705 1810 3751 possidemus
1821 3705 1958 3742 divitiis
1970 3715 2054 3742 eum
2065 3702 2132 3752 qd
2142 3699 2238 3740 dicit
2256 3712 2270 3737 t
2288 3698 2369 3748 Βςο
2384 3697 2459 3735 00.-

1402 3767 1532 3813 m‘m,
1553 3765 1592 3804 id
1609 3769 1687 3812 est,
1704 3765 1769 3814 qui
1784 3764 1945 3804 volatilia
1963 3764 2085 3806 nmio
2101 3758 2461 3820 ‚quifflnufiflffi
