2540 4016
308 311 371 354 291

732 305 773 347 B.
799 302 966 345 RABANI
990 301 1138 345 MAURI
1161 300 1375 345 ARCHOEP·
1400 301 1610 342 MOGUNT.
1635 301 1827 344 OPERIJM
1851 301 1971 339 PARS
1993 299 2023 338 1.

2398 300 2471 348 898

305 389 505 436 depositum
532 391 664 423 manet.
685 383 854 421 Similiter
869 386 904 416 et
921 383 1051 414 caetera
1070 376 1192 413 omnia
1217 377 1346 423 ipsius,
1365 378 1401 419 A
1418 389 1495 415 rem
1512 379 1695 425 perditam
1708 405 1718 422 ,
1737 388 1802 414 seu
1821 375 2064 423 perdicionem,
2084 373 2175 410 utin
2192 373 2289 410 Lxx
2301 375 2468 422 habetur,

305 451 334 488 si
347 450 478 496 iustus,
500 450 529 485 si
545 452 701 489 sanctus,
721 445 751 480 si
768 443 919 479 mundus
931 440 1053 483 corde,
1078 446 1114 476 et
1130 441 1249 476 omnia
1266 451 1347 487 quae

304 511 340 548 in
360 512 432 547 Deo
460 515 589 556 praesto
613 511 694 542 sunt
715 515 779 551 per
803 509 980 544 naturam,
1006 502 1036 538 si
1059 502 1123 538 tibi
1141 512 1208 548 per
1227 502 1347 538 imita-

305 576 432 612 tionem
451 572 656 612 subsistant,
677 567 875 614 depositum
896 566 990 612 apud
1011 570 1046 601 te
1065 564 1195 601 divinae
1220 565 1347 611 imagi-

300 635 356 670 nis
371 634 505 669 salvum
524 636 591 667 est.
621 629 660 665 Si
673 638 759 664 vero
773 638 792 664 e
809 627 992 664 contrario
1017 636 1120 673 agas,
1141 631 1176 664 et
1194 636 1261 672 pro
1279 626 1347 661 mi-

299 691 476 730 sericorde
492 690 659 733 crudelis,
678 699 743 736 pro
762 689 821 734 pio
841 688 984 734 impius,
1006 697 1072 733 pro
1090 687 1246 732 benigno
1270 686 1349 722 vio-

297 753 426 796 lentus,
454 762 518 798 pro
547 751 668 797 quieto
699 749 935 790 turbulentus,
966 758 1032 794 pro
1059 747 1197 786 liberali
1223 752 1349 792 raptor

299 815 445 856 existas,
467 812 602 858 abiecta
617 812 770 858 imagine
783 809 861 854 Dei,
889 808 1021 846 diaboli
1043 810 1079 845 in
1099 815 1133 845 te
1153 810 1348 856 imaginem

299 874 500 920 suscepisti,
522 878 555 907 et
585 873 717 908 bonum
738 870 952 917 depositum,
970 870 1260 906 commendatum
1282 868 1347 905 tibi

298 935 478 975 divinitus,
496 932 690 979 abnegasti.
713 931 783 967 Aut
803 942 871 967 non
889 932 957 966 hoc
976 935 1055 966 erat
1073 930 1167 976 quod
1184 930 1250 966 sub
1270 939 1348 975 my-

298 994 404 1030 sterio
436 992 626 1038 Apostolus
653 992 767 1026 eleeto
798 990 972 1036 discipulo
1007 990 1198 1024 mandabat
1233 988 1350 1023 Timo-

296 1054 378 1089 theo
406 1054 528 1089 dicens
547 1065 555 1087 :
578 1053 606 1087 0
630 1051 821 1094 Timothee,
842 1052 969 1086 bonum
993 1051 1188 1097 depositum
1211 1049 1348 1085 custodi

298 1114 332 1161 (Ι
357 1114 443 1147 Tim.
463 1111 544 1159 v1)?
563 1112 636 1158 Ego
657 1111 763 1146 etiam
781 1110 866 1145 illud
884 1111 976 1146 addo
999 1111 1092 1155 quod
1112 1116 1146 1145 ct
1166 1110 1349 1145 Christum

296 1173 486 1207 Dominum
504 1171 702 1217 depositum
721 1171 959 1216 suscepimus,
985 1177 1020 1206 et
1045 1177 1210 1206 sanctum
1233 1169 1347 1216 Spiri—

298 1239 372 1268 tum
392 1233 590 1279 depositum
611 1231 784 1268 habemus
811 1245 819 1266 ε
853 1233 1051 1268 Videndum
1068 1243 1153 1279 crgo
1170 1232 1271 1267 nobis
1293 1238 1347 1267 est

1418 449 1489 475 uon
1514 439 1711 485 incongrue
1730 446 1919 483 possumus
1936 435 2135 482 intelligere
2153 435 2374 480 testimonia,
2391 438 2472 483 quie
2535 433 2540 444 ⁴

1414 494 1524 544 prave
1539 498 1778 544 interpretata
1798 497 1844 532 ab
1865 495 2045 531 haereticis
2065 495 2268 531 invenimus
2287 507 2296 531 :
2316 496 2471 535 multum

1415 558 1513 597 enim
1531 557 1691 596 haeretici
1705 556 1920 604 perquirunt
1939 555 1975 591 in
1992 554 2191 602 Scripturis
2206 556 2339 592 divinis
2358 562 2399 593 ut
2417 557 2473 593 in-
2528 550 2540 605 j

1415 619 1561 655 veniant
1587 620 1840 666 perditionem,
1863 616 1958 653 unde
1972 621 2138 653 astruant
2152 625 2257 653 suum
2276 626 2437 656 errorem
2460 630 2469 654 :

1416 681 1478 717 sed
1497 681 1528 716 si
1551 680 1644 717 forte
1663 681 1794 726 aliquis
1821 680 1949 715 horum
1971 678 2121 715 audiens
2149 678 2186 714 in
2214 678 2376 715 Ecclesia
2406 678 2472 716 uei
2531 668 2534 670 ¹

1416 743 1526 778 verba
1543 742 1719 779 catholice
1735 741 1899 784 tractari,
1925 740 2117 787 resipiscat
2140 745 2178 776 et
2193 739 2368 786 intelligat
2387 740 2472 786 quia

1417 805 1512 848 quod
1526 803 1726 846 invenerat,
1737 802 1900 847 perditio.
1908 805 1977 844 est,
1994 800 2111 837 reddit
2122 801 2219 847 quod
2235 800 2387 843 invenit,
2402 800 2474 836 hoc

1414 870 1490 906 est,
1515 875 1587 900 non
1609 864 1677 900 sibi
1692 863 2030 899 vindiceterrorem
2052 861 2224 904 alimum,
2251 860 2315 898 sed
2332 860 2473 901 auctori
2531 869 2533 871 ·

1418 934 1484 960 suo
1497 924 1597 961 illum
1619 924 1788 960 dimittat.
1810 922 2066 959 Abstineamus
2085 931 2171 968 ergo
2190 931 2256 957 uos
2276 921 2362 958 totis
2379 921 2470 957 viri÷

1417 986 1484 1021 bus
1501 996 1521 1021 a
1539 985 1682 1022 fillacia
1695 1012 1704 1028 ,
1730 985 1902 1030 quoniam
1924 984 2017 1018 Deus
2037 994 2101 1029 per
2122 980 2304 1019 sallaeiam
2322 980 2474 1026 injuria-

1418 1051 1488 1088 tur,
1512 1047 1572 1092 qui
1587 1047 1723 1082 veritas
1740 1051 1809 1082 est.
1835 1044 2035 1080 Caveamus
2060 1048 2095 1078 et
2112 1044 2317 1085 avaritiam,
2338 1053 2418 1089 quae
2437 1042 2475 1078 in
2501 1059 2504 1062 ·

1417 1106 1543 1143 Fraude
1559 1106 1684 1142 zelatae
1702 1105 1864 1151 pecunias
1881 1104 1935 1140 vel
1951 1113 2015 1149 per
2033 1103 2105 1139 vim
2121 1109 2234 1148 raptae
2249 1103 2473 1148 designatur,

1417 1166 1500 1211 quia
1523 1166 1711 1211 Scriptura
1733 1170 1826 1200 teste
1847 1176 1855 1199 ε
1882 1163 2040 1199 Avaritia
2059 1161 2303 1198 estidolorum
2328 1162 2475 1197 servieus

1418 1228 1512 1276 (Gal.
1535 1230 1584 1275 v).
1606 1229 1724 1273 Atque
1744 1227 1846 1262 radix
1865 1226 2020 1261 onmium
2038 1223 2212 1260 malorum
2231 1230 2282 1259 est
2302 1224 2476 1270 cupiditas

297 1304 342 1330 ne
370 1295 436 1329 hoc
455 1299 580 1329 sancto
606 1293 767 1338 deposito
795 1303 862 1328 non
884 1299 1005 1328 sancte
1028 1298 1186 1335 utamur,
1205 1298 1240 1328 et
1261 1303 1339 1327 cum
1362 1282 1391 1320 Β
1413 1290 1468 1338 (11
1491 1289 1579 1325 Τιήι.
1598 1290 1663 1335 vi).
1682 1288 1829 1330 Reddet,
1850 1287 1979 1332 inquit,
2000 1286 2118 1322 omnia
2136 1296 2214 1332 quae
2229 1296 2290 1331 per
2310 1284 2473 1330 fraudem

297 1365 361 1390 nos
371 1354 405 1389 in
421 1363 631 1389 consensum
646 1354 698 1388 sui
717 1358 860 1397 peccata
879 1353 1083 1391 sollicitant,
1098 1351 1261 1397 juremus
1278 1363 1341 1388 nos

295 1425 365 1450 non
383 1414 578 1460 suscepisse
597 1413 809 1459 depositum,
837 1413 931 1459 quod
953 1413 1075 1458 utique
1095 1413 1124 1448 si
1147 1413 1342 1448 habeamus

294 1473 330 1508 in
350 1473 451 1508 nobis
472 1478 615 1519 peccata
635 1500 644 1515 ,
667 1474 868 1508 consentire
888 1483 956 1508 non
979 1483 1169 1518 possumus
1194 1484 1200 1507 :
1225 1474 1286 1508 sed
1307 1478 1344 1509 et

295 1536 369 1582 ipse
389 1546 515 1571 sensus
532 1535 755 1571 rationabilis
774 1536 832 1580 qui
852 1536 886 1570 in
906 1546 962 1571 me
977 1541 1044 1577 cst,
1073 1536 1343 1571 commendatus

297 1597 383 1633 mihi
402 1603 456 1634 est
481 1604 521 1633 ut
539 1607 581 1633 eo
598 1603 678 1632 utar
698 1598 742 1633 ad
763 1597 1034 1643 intelligentiam
1052 1598 1266 1632 divinorum.
1288 1597 1344 1631 ln-

298 1658 437 1703 geuium
454 1658 551 1700 item,
568 1659 755 1699 memoria,
768 1657 954 1702 judicium,
973 1659 1077 1699 ratio,
1098 1663 1132 1693 et
1150 1659 1342 1704 omnesqui

297 1718 389 1754 intra
410 1728 466 1753 me
493 1724 575 1754 sunt
597 1725 732 1761 motus,
755 1717 992 1754 commendati
1024 1719 1107 1754 mihi
1140 1719 1305 1754 vitentur
1324 1729 1344 1754 a

298 1780 382 1822 Deo,
402 1784 440 1814 ut
465 1779 516 1815 eis
542 1784 624 1814 utar
642 1780 675 1814 in
700 1780 754 1815 his
772 1790 849 1824 quae
867 1781 1036 1825 praecepit
1059 1781 1114 1816 lex
1139 1780 1285 1823 divina;
1315 1781 1345 1816 si

299 1849 381 1874 vero
397 1839 440 1873 ad
461 1839 570 1874 malas
589 1846 698 1882 artes,
721 1840 833 1876 solers
848 1848 883 1876 et
902 1842 1090 1887 perspicax
1105 1846 1268 1877 vertatur
1287 1842 1343 1876 in-

297 1901 437 1946 genium
450 1928 458 1944 ,
477 1907 512 1937 et
529 1903 634 1938 rebus
652 1902 714 1937 Dei
736 1903 927 1938 abutamur
949 1905 983 1937 in
1003 1904 1059 1938 his
1077 1914 1156 1948 qua}
1180 1913 1250 1938 non
1270 1903 1345 1937 vult

298 1963 401 2005 Deus,
436 1965 503 1998 hoc
518 1970 572 1998 est
593 1963 759 2008 abjurare
780 1964 996 2009 depositum,
1017 1970 1053 1999 et
1072 1964 1245 1998 henelicia
1266 1974 1348 1998 vcr-

299 2028 374 2058 tere
404 2024 438 2058 in
454 2025 655 2068 perfidiam.
672 2025 759 2060 Post
779 2025 849 2060 hoc
874 2026 916 2059 de
940 2025 1066 2070 rapina
1085 2024 1228 2059 dicitur.
1256 2024 1347 2069 Rap-

300 2090 396 2119 tores
426 2090 508 2119 sunt
533 2085 634 2126 mali,
655 2091 739 2120 sunt
764 2090 799 2120 et
817 2085 902 2120 honi
926 2096 935 2119 ε
965 2085 1049 2120 1)οηί
1070 2085 1213 2130 quidem
1233 2085 1282 2119 illi
1305 2086 1348 2120 de

301 2143 429 2188 quibus
453 2143 540 2178 dicit
561 2142 737 2183 Salvator,
769 2144 826 2190 qui
848 2155 991 2189 reanum
1014 2145 1181 2191 diripiunt
1203 2143 1346 2190 (Mami.

1412 1352 1519 1388 votuit
1539 1353 1695 1387 obtinere
1714 1352 1863 1397 inleqra‚
1883 1357 1914 1385 et
1933 1350 2092 1396 quintam
2108 1350 2250 1395 insuper
2263 1354 2395 1394 partem
2415 1347 2477 1383 do-

1412 1413 1505 1448 mino
1527 1413 1582 1447 cui
1602 1412 1770 1447 damnum
1791 1409 1958 1446 intulerat
1980 1409 2051 1455 (Ex
2075 1408 2279 1455 Hesychia).
2300 1408 2478 1451 Quoniam

1414 1474 1510 1509 enim
1533 1482 1616 1509 eum
1635 1483 1678 1507 eo
1697 1472 1758 1518 qui
1779 1469 2027 1516 praejudiiium
2058 1480 2192 1516 passus
2210 1473 2265 1504 est
2289 1469 2324 1504 iu
2348 1468 2477 1513 rapina

1412 1534 1467 1570 vel
1483 1536 1518 1569 in
1537 1533 1710 1578 deposito,
1733 1538 1768 1567 et
1784 1537 1910 1568 contra
1923 1531 2038 1576 ipsum
2055 1538 2196 1578 quoque
2215 1529 2328 1564 Deum
2344 1527 2478 1574 injuste

1413 1597 1467 1642 agi
1485 1606 1547 1641 per
1563 1594 1741 1629 fallaciam
1762 1593 1816 1628 vel
1826 1593 2023 1638 perjurium
2038 1591 2204 1631 dicimus,
2228 1595 2326 1626 reete
2346 1590 2477 1625 horum

1413 1658 1659 1703 quintamDeo
1677 1655 1862 1700 dai-ijubet
1876 1655 1920 1689 ad
1935 1664 2042 1699 quem
2058 1651 2332 1696 tenditinjuria:
2353 1651 2479 1696 quinta
2531 1682 2535 1683 ⁷

1414 1723 1533 1752 autem
1571 1716 1691 1762 lingua
1724 1720 1793 1750 est.
1831 1714 1920 1749 Esse
1938 1713 2034 1748 enim
2059 1713 2222 1758 quintam
2252 1712 2359 1746 etiam
2383 1711 2477 1746 hanc

1414 1779 1583 1821 diximus,
1621 1787 1703 1813 cum
1737 1777 1786 1812 sit
1817 1785 1890 1811 una
1930 1775 1973 1810 de
1999 1774 2159 1820 quinque
2191 1772 2370 1809 sensibus.
2393 1771 2478 1807 Haec

1414 1850 1502 1886 ergo
1536 1838 1688 1874 offertur
1719 1837 1814 1879 Deo,
1844 1841 1885 1871 ut
1915 1835 2086 1880 deinceps
2111 1844 2183 1869 non
2207 1840 2360 1880 peccet,
2394 1833 2479 1879 quia
2531 1870 2535 1871 ⁷

1413 1910 1477 1946 per
1511 1900 1623 1944 ipsam
1663 1897 1948 1942 ununiquodque
1982 1894 2239 1941 praedictorum
2281 1892 2480 1928 committi-

1415 1967 1485 1996 tur.
1520 1961 1723 1996 Notandum
1760 1965 1879 1994 autem
1919 1956 2015 2003 quod
2057 1957 2093 1991 in
2132 1955 2369 2000 Septuaginta
2410 1964 2481 1990 non

1415 2023 1572 2067 quintam
1589 2028 1736 2067 partem,
1757 2020 1819 2055 sed
1833 2019 1972 2066 quintas
1992 2017 2217 2063 superauqeri
2234 2015 2371 2059 debere,
2389 2014 2483 2051 seri-

1416 2087 1518 2126 ptum
1537 2082 1729 2125 reperitur.
1760 2079 1852 2115 Sunt
1873 2078 1934 2124 qui
1955 2078 2007 2113 ita
2025 2076 2224 2122 exponunt,
2247 2081 2287 2111 ut
2307 2085 2379 2110 non
2413 2083 2482 2120 pro
2537 2106 2540 2107 ⁷

1421 2140 1579 2185 quinque
1598 2140 1696 2174 verbi
1718 2139 1833 2184 gratia
1850 2138 2009 2174 nummis
2025 2136 2237 2179 subtractis,
2255 2143 2328 2171 uno
2339 2134 2478 2178 addito,
2531 2153 2540 2157 <

303 2202 377 2247 xt);
403 2209 487 2238 sunt
522 2209 639 2238 autem
666 2209 703 2238 et
729 2204 811 2238 mali
842 2210 1027 2250 raptores,
1054 2206 1097 2242 de
1115 2206 1245 2251 quibus
1269 2206 1356 2241 dicit
1373 2188 1402 2228 C
1425 2201 1459 2235 id
1479 2205 1546 2241 est,
1567 2210 1632 2245 {³¹¹0
1651 2200 1810 2245 quinque
1831 2210 1893 2234 Sssx
1916 2199 2053 2234 nummi
2078 2198 2295 2240 fflddssssfflss
2314 2196 2393 2240 Sed,
2420 2194 2484 2241 (1ΰί
2527 2223 2531 2225 >

302 2263 479 2308 propheta
510 2274 518 2296 τ
551 2262 596 2297 Et
615 2264 739 2309 rapina
767 2275 957 2310 pauperum
986 2265 1202 2301 indomitus
1235 2267 1354 2301 vestris

305 2330 353 2357 est
370 2322 459 2368 (Isa.
482 2322 549 2370 ιιι).
583 2323 774 2370 Apostolus
791 2335 876 2361 vero
901 2326 1050 2371 abrupte
1063 2327 1272 2372 pronuntiat
1300 2327 1356 2363 di-

305 2393 422 2418 cens:
451 2383 570 2419 Nolile
606 2396 748 2427 errare,
786 2387 868 2432 quia
905 2397 1012 2433 neque
1044 2387 1217 2431 adulteri,
1250 2398 1356 2434 neque

304 2443 437 2486 molles,
450 2456 555 2490 neque
573 2445 809 2482 masculorum
830 2447 1089 2491 concubitores,
1113 2459 1221 2495 neque
1243 2448 1353 2494 sures,

306 2516 410 2551 neque
431 2517 595 2551 rapaces,
617 2518 758 2553 reqnum
782 2508 847 2542 Dei
873 2509 1095 2554 possidebunt
1119 2509 1152 2556 <1
1181 2508 1262 2545 Cor.
1289 2509 1354 2558 vi).

306 2565 368 2600 Est
405 2568 524 2602 temeti
563 2567 695 2613 aliquid
730 2574 764 2604 et
798 2570 991 2606 secundum
1025 2571 1221 2616 spiritalem
1251 2572 1357 2608 intel-

307 2625 487 2671 ligentiam
509 2627 732 2671 culpabiliter
758 2639 904 2675 rapere,
926 2631 1021 2666 sicut
1046 2630 1096 2665 illi
1127 2631 1358 2667 laudabiliter

308 2686 451 2729 rapiunt
469 2696 577 2731 regna
593 2688 784 2731 coelorum,
803 2695 841 2723 ut
865 2691 962 2725 verbi
992 2701 1099 2726 causa
1120 2692 1302 2735 dicamus,
1328 2693 1358 2728 si

310 2744 415 2778 homo
433 2745 588 2779 nondum
606 2752 776 2791 purgatus
795 2758 813 2782 a
829 2749 940 2791 vitiis,
968 2751 1127 2785 nondum
1149 2758 1360 2798 segregatus

312 2813 330 2837 a
348 2803 505 2848 profanis
524 2811 559 2840 et
578 2806 731 2841 sordidis
746 2807 897 2850 actibus,
918 2810 1003 2844 velit
1022 2820 1060 2845 se
1083 2813 1192 2846 coetui
1220 2821 1361 2849 saneto-

313 2875 390 2899 rum
411 2865 563 2900 latenter
593 2867 769 2912 ingerere,
789 2874 825 2903 et
843 2879 1043 2905 sermonem
1058 2882 1129 2917 quo
1144 2872 1302 2917 perfecta
1325 2880 1362 2910 et

313 2925 463 2968 mystica
493 2931 690 2960 tractantur
711 2928 847 2970 audire,
880 2930 1084 2974 hujusmodi
1110 2933 1219 2968 homo
1246 2944 1363 2970 secre-

315 2988 431 3017 torum
461 2989 497 3017 et
523 2984 760 3028 perfectorum
794 2988 980 3023 scientiam
1009 2999 1078 3024 non
1109 2989 1200 3026 bene
1231 2994 1360 3037 rapuit.

316 3038 518 3075 Meminisse
543 3040 639 3075 enim
671 3047 812 3087 oportet
842 3045 1008 3091 praecepu
1037 3045 1248 3091 Salvatoris,
1269 3050 1363 3094 quod

315 3098 400 3133 dicit
420 3111 428 3133 :
451 3098 543 3141 Quia
564 3110 662 3135 nemo
686 3101 790 3136 mittit
813 3103 929 3138 vinum
950 3115 1074 3140 novum
1092 3107 1127 3141 in
1152 3113 1246 3142 utres
1272 3115 1362 3143 vete-

314 3169 395 3201 res,·
426 3157 582 3206 alioquin
617 3166 710 3196 utres
751 3169 975 3208 rumpentur,
1013 3171 1044 3199 et
1083 3166 1198 3201 vinum
1239 3160 1363 3213 peribit

315 3216 457 3264 (Manli.
485 3218 559 3266 ιιι);
582 3221 775 3257 ostendens
793 3222 888 3268 quod
915 3223 1044 3260 animae
1069 3227 1227 3261 nondum
1259 3238 1363 3264 reno-

313 3283 416 3321 vatae,
438 3279 500 3315 sed
523 3280 561 3334 in
574 3286 755 3320 ,vetustate
770 3282 913 3319 malitiae
926 3284 1152 3330 perduranti,
1171 3297 1243 3322 nou
1259 3297 1364 3333 opor-

317 3342 389 3373 teat
405 3349 579 3376 novorum
596 3342 863 3388 mysteriorum,
885 3346 966 3390 ‘q'uae
979 3355 1044 3391 per
1059 3345 1241 3382 Christum
1259 3348 1364 3384 mun-

317 3398 383 3433 dus
403 3401 556 3445 agnovit,
576 3404 714 3439 secreta
731 3403 921 3440 committi.
938 3397 1045 3442 Addit
1061 3404 1231 3453 deinceps
1256 3407 1364 3454 legis-

317 3455 410 3492 lator
419 3469 428 3493 :
443 3457 513 3495 Aut
526 3462 555 3496 εἰ
565 3463 647 3508 quid
655 3464 950 3511 noeurtproxiino,
962 3465 1014 3502 vet
1021 3466 1051 3502 ai
1063 3466 1189 3503 invenit
1197 3467 1366 3515 perditio·-

318 3525 410 3552 nem.
438 3517 512 3554 Lex
538 3519 670 3558 litterae
695 3521 765 3560 hob
793 3521 936 3562 videtu!-
952 3524 1126 3563 mandare
1150 3526 1192 3563 ut
1218 3526 1251 3564 si
1281 3527 1364 3575 q'uis

319 3575 455 3614 invenit
474 3579 570 3626 quod
599 3581 690 3620 alius
721 3581 898 3630 perdidit,
927 3590 968 3624 et
1001 3582 1215 3634 requisitum
1236 3583 1362 3633 tuem,

320 3636 460 3682 maai,
489 3649 558 3677 nee
585 3641 745 3694 perjuret
771 3646 840 3694 pus
863 3646 928 3691 a„
956 3648 1065 3684 estet
1083 3639 1162 3685 hae'e
1182 3648 1285 3686 uuus
1303 3649 1371 3687 eiu-¹

321 3689 501 3736 ‹lt-tun
532 3699 735 3743 nuttam
770 3696 1084 3746 immam
1113 3706 1322 3757 mmm
1219 3715 1222 3717 ’
1319 3710 1374 3746 ‘t‘

441 3766 461 3779 κ
512 3772 567 3781 ff.
628 3766 648 3782 ι·
784 3779 786 3783 ,
815 3766 846 3783 .’
897 3767 899 3769 ·
948 3780 952 3787 ,
1148 3776 1157 3789 ,·
1204 3783 1219 3789 ,,
1272 3772 1273 3775 ’
1332 3767 1375 3789 ¹'tt

1282 3816 1376 3850 stuf}

1425 2258 1564 2294 furatus
1595 2258 1641 2293 sit
1666 2258 1824 2303 quinque
1852 2268 2032 2299 nummos,
2065 2257 2162 2303 ipsos
2194 2255 2341 2303 quidem
2376 2255 2484 2291 resti·
2535 2258 2540 2293 ᾗ

1426 2325 1527 2354 tuere
1548 2322 1582 2354 et
1599 2318 1688 2353 alios
1715 2319 1872 2364 quinque
1892 2329 1964 2354 uno
1982 2318 2216 2364 superaddito
2233 2316 2385 2353 reddere
2416 2324 2480 2351 co-

1425 2385 1542 2426 gatur.
1579 2378 1768 2415 Videamus
1795 2389 1881 2424 ergo
1913 2379 2017 2423 iuxta
2047 2378 2273 2422 allegoriam,
2303 2374 2484 2421 quomodo
2527 2367 2540 2428 j

1426 2441 1486 2476 isti
1522 2440 1576 2475 bis
1611 2440 1771 2485 quinque
1808 2449 1879 2474 uuo
1913 2438 2144 2484 superaddito
2176 2436 2374 2471 reddantur
2412 2434 2485 2482 (Ex
2530 2458 2540 2474 ,

1428 2499 1608 2546 Origene).
1653 2499 1944 2543 Quiuqueuarius
1969 2507 2144 2532 numerus
2168 2495 2392 2541 frequenter,
2412 2494 2486 2530 imo
2522 2489 2540 2545 1,

1427 2570 1519 2607 pene
1538 2569 1692 2605 semper,
1721 2569 1786 2604 pro
1805 2560 1963 2604 qiiiiique
1982 2558 2147 2593 sensibus
2166 2557 2355 2602 accipitur.
2380 2555 2483 2592 Scire
2523 2558 2540 2599 ’ξ

1427 2631 1511 2667 ergo
1526 2620 1696 2655 debemus
1717 2620 1784 2654 hoc
1802 2618 1908 2654 modo
1926 2619 2015 2654 istos
2038 2617 2198 2662 quinque
2225 2616 2360 2652 sanctis
2380 2623 2486 2662 posse
2520 2607 2540 2676 Ξ

1428 2681 1591 2724 restitui,
1613 2686 1652 2715 ut
1673 2681 1701 2716 si
1727 2679 1820 2715 sorte
1842 2679 2138 2725 praesumpsimus
2157 2677 2256 2713 abuti
2275 2677 2329 2713 eis
2358 2677 2394 2712 in
2419 2685 2487 2712 sae-

1428 2744 1611 2780 cularibus
1632 2743 1785 2785 actibus,
1812 2748 1848 2777 et
1881 2742 2121 2787 impendimus
2150 2744 2256 2776 'usum
2290 2748 2415 2775 eorum
2446 2737 2483 2773 in

1430 2806 1486 2841 his
1519 2816 1599 2851 qua:
1626 2815 1697 2840 non
1730 2805 1925 2840 secundum
1960 2805 2072 2840 Deum
2104 2802 2292 2851 gessimus,
2313 2801 2483 2837 restitua-

1429 2876 1533 2908 mus;
1554 2875 1648 2900 nunc
1671 2866 1766 2909 ipsos
1783 2865 1940 2910 quinque
1961 2864 2100 2901 sanctis
2120 2863 2261 2900 actibus
2286 2861 2483 2908 religiosis·-
2503 2858 2515 2904 Τ,

1431 2936 1500 2972 que
1530 2927 1740 2962 ministeriis
1761 2932 1796 2962 et
1827 2927 1915 2963 alios
1933 2928 1985 2963 eis
2004 2927 2164 2973 quinque
2194 2926 2391 2968 addamus,
2423 2923 2509 2970 qui

1433 2992 1516 3022 sunt
1535 2987 1719 3023 interioris
1738 2989 1895 3025 hominis
1926 2999 2051 3025 sensus
2064 3017 2072 3032 ‚
2093 2997 2159 3036 per
2179 2997 2270 3034 quos
2285 2987 2344 3024 vel
2360 2985 2502 3022 mundi·

1433 3046 1542 3082 corde
1562 3046 1692 3090 effecti,
1714 3046 1826 3083 Deum
1849 3048 2024 3093 videmus,
2045 3049 2101 3084 vel
2124 3057 2231 3084 aures
2246 3048 2422 3083 hahemus
2440 3039 2491 3082 ad

1434 3107 1609 3143 audienda
1631 3119 1674 3143 ea
1704 3119 1784 3155 quac
1803 3109 1909 3144 docet
1925 3109 2030 3147 Jesus
2047 3138 2057 3154 ‚
2077 3108 2133 3147 vel
2152 3110 2301 3147 odorem
2324 3107 2486 3154 capimus

1433 3168 1545 3211 illum,
1566 3179 1673 3214 quem
1691 3170 1776 3204 dicit
1792 3170 1998 3215 Apostolus,
2018 3172 2101 3218 quia
2125 3167 2254 3207 Christi
2270 3169 2380 3206 bonus
2397 3171 2464 3204 odo
2490 3180 2492 3182 ’

1432 3238 1552 3264 sumus
1588 3223 1645 3275 (Π
1683 3228 1765 3263 Cor.
1795 3229 1831 3274 ι’)
1849 3240 1857 3271 ;
1894 3230 1950 3265 vel
1983 3231 2095 3267 etiam
2130 3231 2273 3278 gustum
2309 3223 2476 3268 sumim'u

1433 3287 1546 3330 illum,
1569 3287 1613 3323 de
1632 3298 1703 3333 quo
1722 3288 1807 3323 dicit
1822 3288 2002 3335 Propheta
2022 3303 2032 3327 ι
2054 3288 2201 3327 Gustata
2222 3297 2255 3327 et
2272 3290 2381 3327 uidete
2397 3299 2466 3339 quo

1433 3347 1528 3381 niam
1549 3346 1664 3381 suavis
1682 3352 1730 3382 est
1757 3347 1926 3386 Dominus
1955 3348 2070 3398 (Psac.
2101 3350 2250 3398 xxxiii),
2270 3351 2329 3386 vel
2347 3347 2487 3387 tactum

1434 3405 1549 3451 illum,
1569 3406 1678 3452 quem
1697 3406 1784 3443 dicit
1800 3405 1954 3448 loannes
1971 3423 1981 3448 t
2001 3407 2096 3461 Quia
2120 3402 2232 3448 oculis
2257 3410 2388 3458 nostrie
2408 3419 2450 3457 pe

1434 3468 1610 3515 speximus
1628 3473 1660 3503 et
1676 3477 1802 3504 manus
1825 3475 1950 3507 nostrae
1968 3469 2196 3519 palpaverunt
2220 3466 2264 3510 de
2278 3470 2384 3511 ”vestu
2405 3470 2441 3508 υἷ’

1435 3524 1472 3573 (1
1485 3525 1592 3564 ioan.
1609 3526 1652 3575 ι).
1666 3524 1731 3564 His
1748 3533 1866 3565 autem
1881 3529 2046 3568 omnibus
2060 3528 2175 3570 unum
2194 3523 2480 3580 superaddimsff

1433 3592 1474 3624 1ss
1485 3586 1533 3625 *d
1550 3584 1791 3626 mumnfflm
1801 3583 1882 3626 haee
1897 3592 2026 3628 cuncis&
2042 3587 2262 3631 Pefflffifflusn'
2275 3583 2377 3639 astri
2408 3598 2441 3621 ³.
2458 3593 2483 3624 ’5,

1431 3640 1632 3748 ἔωιὲιιι
1661 3642 1842 3707 uenat?
1871 3647 2052 3698 agennum
2082 3654 2158 3700 sit,
2194 3640 2478 3727 ῳρμ

1450 3782 1459 3791 ⁴
1652 3775 1654 3778 '
1796 3777 1797 3782 ¹
2060 3776 2063 3787 ς

1453 3822 1674 3857 my..
1929 3826 1956 3835 ·-
2077 3813 2120 3846 ο

2237 3755 2315 3791 {auf
2347 3755 2388 3794 τί
2403 3765 2414 3777 ⁴
2434 3768 2439 3778 ¹

2207 3815 2314 3850 >eim
2354 3813 2386 3847 ts
