2540 4016
76 227 146 274 269

697 234 1034 277 exrosmouss
1058 235 1105 277 m
1130 225 1396 275 muricum.
1420 257 1469 264 -
1493 237 1579 275 Lm.
1605 236 1640 288 14

2189 250 2260 287 270

74 316 116 348 ut
142 315 227 358 pote
239 317 408 360 operator
424 312 595 362 legalium
621 314 891 360 mandatorum,
914 325 989 352 non
1022 313 1133 352 habet
1149 310 1186 356 Α
1201 315 1403 362 comedetis,
1425 318 1632 364 sanquinem
1660 317 1755 354 enim
1773 318 1974 357 animarum
1993 329 2184 364 vestrarum
2203 340 2262 367 re.

72 372 328 410 necessitatem
358 373 520 411 lumbum
553 372 699 419 offerre,
735 375 820 422 quia
855 375 926 417 hoc
950 375 988 411 in
1006 385 1130 412 corre-

71 432 193 469 ctione
210 433 385 471 bonarum
403 435 556 473 sortitus
575 441 633 472 est
650 436 856 483 actionum3
876 436 908 474 is
923 442 1045 479 autem
1065 436 1128 483 qui

71 494 116 531 de
143 496 262 542 capris
279 495 464 542 immolat,''
490 498 561 536 etsi
596 498 772 544 simplicis
799 506 856 536 εει
883 499 1041 546 generis,
1062 508 1126 536 ve-

70 563 275 593 rumtamen
305 557 390 604 quia
419 568 464 595 ex
485 559 737 606 peecatoribus
754 569 954 597 conversus
987 557 1127 596 intelle-

70 616 150 655 c‘tus
169 624 239 664 est,
264 631 337 657 non
352 621 650 668 potest-lumbum
664 623 938 665 immaculatum
964 622 1123 660 offerre:

67 679 154 715 olim
181 682 314 729 quippe
330 694 412 720 eum
429 690 580 731 peccato
593 686 801 724 maculavit.
824 686 1054 725 Manifestum
1069 690 1127 722 est

66 749 154 786 ergo
170 742 266 786 quod
298 744 357 780 liic
389 745 550 791 quidem,
582 752 622 783 ut
640 753 725 793 pote
756 748 909 793 quinon
934 746 1054 785 suerat
1086 747 1125 782 in

62 803 238 847 peccatis,
274 804 546 845 immaculatum
566 809 728 845 lumbum
753 808 884 846 efferre
903 813 1036 854 potest,
1060 808 1122 854 qui

63 871 150 898 vero
168 862 247 907 suit,
269 865 328 902 hic
346 865 424 912 iam
441 878 513 904 non
535 868 660 904 offeret
680 870 841 905 lumbum
862 869 898 905 in
917 868 1119 912 sacrificiis,

63 923 240 969 siquidem
259 937 339 972 quae
366 933 450 964 sunt
476 929 520 964 de
542 930 663 974 capris
690 930 902 973 ascribitur,
928 929 1121 975 dequibus

63 985 223 1022 lumbum
237 988 360 1024 offerri
375 998 447 1026 non
461 989 628 1025 sancivit.
639 990 685 1025 Et
694 990 763 1026 hoc
772 995 851 1026 erat
865 995 1013 1037 propter
1022 991 1120 1036 quod

62 1045 97 1080 in
123 1047 300 1083 sacrificio
320 1047 554 1093 pacificorum
576 1048 622 1084 ab
642 1049 745 1095 agnis
772 1059 901 1095 capras
937 1050 1116 1086 distinxit.

60 1105 270 1142 Communia
289 1114 409 1144 autem
428 1114 511 1145 sunt
532 1109 615 1153 alia,
641 1111 685 1146 de
714 1110 844 1156 quibus
872 1110 969 1157 loqui
993 1121 1118 1147 neces-

58 1165 193 1200 sarium
219 1177 289 1202 non
309 1167 498 1212 habemus,
526 1169 561 1204 in
580 1170 762 1206 oblatione
777 1170 875 1206 enim
891 1171 1000 1207 boum
1018 1170 1117 1207 suffi-

59 1226 197 1263 cienter
230 1234 423 1265 tractatum
442 1236 510 1266 est.
529 1231 619 1267 lllud
638 1237 759 1268 autem
789 1237 931 1278 oportet
948 1232 1117 1279 cognosci

57 1288 236 1332 quomodo
261 1290 322 1325 ubi
341 1291 415 1326 ait:
435 1291 604 1328 Adolehit
619 1303 661 1329 ea
685 1294 855 1330 sacerdos
876 1304 984 1340 super
1004 1294 1117 1331 altare

56 1345 93 1383 in
112 1348 319 1386 alimoniam
334 1351 426 1398 ignis
439 1358 475 1388 et
489 1354 695 1390 suavissimi
709 1356 848 1399 odoris,
866 1366 948 1392 cum
965 1355 1118 1402 Septua-

55 1407 154 1454 ginta
182 1410 405 1447 edidissent:
433 1412 569 1451 offeret
603 1415 689 1452 illud
727 1417 899 1454 sacerdos
928 1419 970 1454 ad
1001 1419 1117 1455 altare

54 1473 150 1511 exta,
180 1471 269 1506 odor
294 1473 496 1517 suavitatis,
529 1477 652 1512 caeteri
685 1477 904 1524 interpretes
938 1480 975 1515 in
1004 1480 1117 1516 sacri-

56 1527 138 1564 ficio
157 1530 299 1574 quidem
331 1533 697 1581 holocaustomatum,
722 1550 788 1584 pro
806 1540 911 1583 extis,
942 1540 1114 1577 holocau-

54 1595 227 1632 stomata‚·
257 1591 318 1627 alii
349 1599 469 1629 autem
497 1594 707 1633 oblationem
731 1599 923 1636 ediderunt
951 1610 961 1636 z
988 1601 1024 1637 in
1045 1601 1114 1641 hoc

54 1654 175 1684 autem
207 1651 439 1696 pacificorum
473 1655 667 1700 sacrificio,
703 1658 762 1694 hic
794 1659 940 1705 quidem
967 1671 1110 1706 panem,

55 1706 114 1742 alii
137 1714 255 1744 autem
291 1709 512 1750 frumentum
545 1715 838 1756 demonstrantes
870 1721 948 1757 sine
989 1722 1111 1767 dubie,

53 1769 137 1814 quia
157 1775 193 1805 et
211 1771 241 1806 si
265 1783 338 1808 non
360 1774 529 1818 persectae
547 1778 783 1824 philosophiae
800 1782 848 1817 sit
866 1782 1014 1826 oblatio,
1043 1784 1114 1822 hoc

52 1831 149 1866 enim
168 1837 223 1868 est
236 1832 588 1875 holocaustomatum
607 1841 842 1886 sacrificium,
859 1850 1111 1882 verumtamen

50 1891 232 1930 sufficiens
254 1901 311 1931 est
330 1897 440 1933 etiam
460 1898 537 1935 haec
565 1910 714 1946 pascere
733 1903 769 1939 in
792 1904 850 1940 his
866 1915 946 1950 quae
963 1912 1049 1943 sunt
1065 1907 1111 1943 ad

39 1953 203 1991 -salutem
224 1961 260 1992 et
278 1956 529 1997 fortitudinem
549 1962 636 1999 dare
653 1966 833 2011 operanti,
846 1967 917 2005 hoo
934 1968 1030 2004 enim
1045 1980 1110 2005 nu-

37 2013 257 2052 ·trimentum
290 2028 420 2064 panem
459 2023 621 2066 praebere
657 2025 769 2063 David
805 2029 981 2074 propheta
1018 2031 1103 2067 dicit

36 2082 131 2109 acum
146 2074 196 2110 ait
214 2086 223 2111 :
241 2074 367 2121 Panis,
387 2080 498 2124 enim,
513 2082 699 2127 confirmat
714 2096 775 2121 cor
794 2086 961 2124 hominis.
983 2087 1107 2127 Omnis

36 2132 153 2179 »adeps
172 2134 316 2172 Domini
337 2139 403 2174 erit
422 2139 500 2182 iure
529 2150 694 2189 perpetuo
717 2146 753 2182 in
772 2150 1054 2198 generationibus
1074 2160 1106 2188 et

48 2195 180 2230 cunctis
216 2196 426 2236 habitaculis
461 2204 593 2247 vestris,
620 2217 682 2243 nec
717 2208 856 2256 adipem
877 2222 939 2249 nec
963 2216 1106 2261 sanqui-

36 2264 125 2290 ›nvm
149 2258 291 2294 omnino
313 2262 497 2300 comedetis
519 2265 635 2311 (Psal.
665 2269 757 2316 cm).
777 2270 929 2317 Adipetn
947 2275 1026 2321 ejus
1043 2277 1105 2321 qui

35 2317 85 2352 sin
104 2319 207 2356 nobis
237 2327 293 2358 est
313 2324 496 2370 desiderii,
515 2339 577 2364 seu
598 2333 922 2381 concupiscentiae;
958 2340 1104 2386 sangui-

36 2388 129 2415 mem
150 2391 236 2417 vero
252 2384 380 2420 animae
399 2386 551 2433 figuram
571 2401 699 2437 gerere
714 2393 896 2441 diximus;
918 2400 1001 2444 quia
1018 2410 1104 2447 ergo

0 2446 3 2454 '
35 2438 187 2485 »adipem
206 2442 240 2478 in
259 2450 433 2483 aeternum
453 2453 626 2497 praecepit
644 2454 783 2499 offerri,
798 2459 1030 2497 manifestum
1047 2467 1104 2498 est

34 2499 131 2544 equi-a
159 2505 363 2540 consecrari
387 2506 462 2544 Deo
484 2516 648 2549 nostrum
670 2514 889 2554 desiderium
918 2520 996 2556 sive
1015 2531 1102 2557 eon-

2 2585 6 2592 .
38 2560 304 2604 ,cupiscentiam
338 2566 426 2601 vult.
446 2567 484 2604 ln
510 2575 684 2608 aeternum
712 2581 848 2619 autem,
878 2579 947 2615 hoc
964 2586 1032 2622 est,
1055 2591 1102 2617 ne

41 2620 92 2655 ·ad
113 2620 224 2656 Deum
261 2623 346 2660 illud
365 2631 403 2661 et
434 2628 478 2662 ad
511 2632 683 2667 mundum
715 2635 932 2682 dividamus,
954 2645 1102 2685 propter

41 2678 141 2723 tquod
159 2684 195 2715 et
211 2681 358 2726 addidit,
382 2683 427 2719 In
443 2690 740 2735 uenerationibus,
763 2693 797 2729 id
814 2701 883 2739 est,
901 2707 966 2742 per
978 2699 1101 2746 singu-

0 2746 2 2750 ·
35 2736 99 2772 tias
129 2744 267 2776 aetates.
306 2741 344 2777 ln
378 2747 629 2788 generationes
662 2757 781 2788 autem
815 2759 1100 2801 permutationes

35 2803 191 2834 metatum
221 2800 479 2848 intelliguntur.
499 2806 600 2850 Quod
630 2813 791 2849 ostendit
807 2814 997 2862 ieremias,
1016 2830 1099 2857 cum

54 2870 83 2890 ιι
90 2859 173 2904 pulo
195 2860 345 2899 Judaico
375 2864 410 2900 in
429 2865 623 2914 Babylonia
641 2874 801 2912 scribere
819 2877 856 2914 in
879 2886 1017 2926 septem
1036 2892 1099 2928 ge·

55 2931 60 2949 ι
78 2919 291 2959 ·rationil›us
309 2927 537 2973 septuaginta
553 2939 731 2970 annorum
748 2936 872 2975 dicens
890 2951 1094 2983 numerum.

45 2987 92 3019 a
111 2982 243 3017 cunctis
273 2990 389 3020 autem
411 2987 636 3035 habitaculis,
668 2994 704 3029 id
722 3002 791 3040 est,
825 2999 860 3036 in
892 3004 990 3043 omni
1008 3015 1096 3043 con-

44 3042 257 3087 θῐεειιίοιιε,
281 3045 357 3082 sive
376 3049 545 3087 socialem
576 3053 670 3090 hane
690 3066 853 3103 agamus,
882 3063 956 3100 sire
974 3066 1097 3104 solita-

65 3098 75 3107 '
109 3115 127 3133 ιι
158 3113 396 3151 assequamur
422 3110 546 3151 vitam.
572 3114 674 3152 Unde
698 3118 810 3156 David
829 3122 971 3165 dicebat
994 3139 1003 3163 ε
1025 3128 1095 3175 Qui

91 3162 123 3212 .‘
138 3174 198 3203 are
212 3165 296 3212 lacit
314 3170 496 3208 unanimes
515 3172 553 3210 in
569 3175 676 3215 domo
691 3177 807 3225 (Psal.
824 3183 926 3230 cxu).
942 3185 1094 3233 Adipem

47 3267 51 3270 Δ
72 3226 375 3272 uesanguinem
391 3234 563 3280 praecepit
575 3238 723 3278 omnino
742 3251 812 3278 non
828 3247 967 3283 comedi
986 3260 998 3283 .·
1019 3251 1094 3291 adi-

55 3294 58 3308 *
76 3297 86 3328 ³,
100 3298 113 3314 ⁴⁴
134 3284 185 3325 {td
204 3287 287 3332 hoc,
310 3291 394 3336 quia
423 3293 641 3339 desiderium
662 3300 738 3338 sive
759 3307 1094 3354 concupiscentiam

40 3356 59 3384 ·¹
138 3345 270 3401 where
304 3353 502 3401 P'W'Piam·
538 3356 646 3397 idest
668 3363 869 3409 carnalem,
899 3377 971 3404 non
1002 3371 1091 3415 vult,

38 3378 130 3485 ἆ·
147 3415 188 3448 '¹²¹'
212 3410 307 3462 qum
325 3409 482 3455 ‘'affl-hus
511 3416 654 3458 diceb-‘³²
677 3432 690 3462 ἱ
710 3419 958 3472 Unusquisque
975 3435 1091 3467 autem

178 3489 180 3491 ¹
197 3489 213 3513 ν
228 3478 250 3504 ⁰
267 3473 549 3519 concupiscentia
577 3488 645 3517 aua
662 3480 862 3523 absimerus
895 3492 928 3523 et
955 3487 1093 3530 atam,

80 3514 195 3585 '³3:¹⁶
236 3583 239 3586 ,
262 3531 429 3585 'vinem
440 3540 572 3581 autem,
596 3543 637 3574 ¹¹1
650 3550 720 3584 net>
736 3542 784 3579 ad
801 3553 904 3586 suam
921 3544 1088 3594 mon-lein,

59 3601 61 3605 ⁴
133 3586 138 3589 μ
171 3615 183 3641 ἰ
415 3601 562 3650 ὓμῐῑᾌῦῑ
579 3596 785 3642 Bestiarum
800 3603 931 3652 qnippe
949 3606 1020 3648 hoc
1033 3613 1091 3645 est

182 3643 219 3654 -,
267 3662 337 3711 liii*-
358 3667 392 3687 '²
414 3651 785 3710 ''ai-ffl-ffifflbNon
814 3665 930 3707 edetis
943 3677 1088 3712 omnem

73 3710 77 3725 ³
97 3711 101 3724 ⁴
125 3721 207 3777 {tae-
224 3687 449 3785 ἸᾙἭ
471 3719 776 3777 'RQWWs
789 3731 956 3778 parcere,
971 3727 1037 3771 sed
1052 3733 1090 3766 et

81 3772 91 3796 r
107 3770 122 3788 ιι
142 3777 181 3797 »υ
227 3776 229 3780 “
252 3783 259 3806 g
314 3771 437 3839 ἠ
456 3788 556 3836 ’.χρῷ
579 3778 687 3830 w
711 3780 824 3833 “om
854 3781 932 3828 um
962 3791 1090 3837 w

576 3853 582 3863 π
612 3852 613 3855 “
709 3848 790 3875 cum
811 3844 983 3888 sanquine
1018 3857 1089 3883 non

0 3490 96 3671 2}

1198 376 1350 424 quiram.
1371 377 1588 425 significans
1606 379 1691 426 quia
1703 389 1769 428 per
1783 379 2040 418 abstinentiam
2059 388 2258 435 sanguinis,

1199 437 1244 472 ab
1260 437 1466 482 homicidiis
1485 439 1671 477 abstinere
1697 439 1775 476 vult
1797 441 1995 478 hominem.
2015 441 2087 480 Pro
2106 444 2181 482 Dco
2198 457 2260 484 au-

1197 500 1270 532 tem
1302 508 1374 535 non
1407 499 1587 537 immolari
1617 501 1746 545 vetuit,
1769 512 1839 539 nec
1869 502 2056 550 despicere
2085 506 2259 554 animam,

1196 557 1259 593 sed
1272 557 1421 595 omnino
1436 559 1622 608 praecepit,
1637 561 1781 600 undeet
1795 564 2010 612 sanguinem
2025 565 2123 604 circa
2140 567 2260 606 basim

1195 615 1297 655 fundi
1314 619 1442 662 altaris
1457 621 1581 668 jussit.

1600 680 1754 724 CAPUT
1789 685 1850 725 VI.

1384 745 1437 782 De
1457 746 1580 783 hostiis
1597 759 1661 796 pro
1679 756 1821 798 peccato
1840 751 2064 799 ignorantiae.

1241 803 1342 853 (Car.
1363 806 1429 854 ιν.)
1460 807 1683 857 Locutusque
1711 818 1761 848 est
1775 812 1949 851 Dominus
1969 816 2016 852 ad
2035 816 2182 865 Moysen
2200 821 2257 858 di-

1192 865 1464 909 cens:Loquere
1481 868 1567 915 filiis
1582 869 1699 907 Israel
1717 883 1730 908 .·
1749 874 1870 911 anima
1888 887 1967 912 cum
1981 882 2176 925 peccaverit
2193 894 2256 931 per

1190 925 1444 972 ignorantiam,
1477 936 1510 966 et
1534 931 1578 971 de
1603 933 1773 970 universis
1795 937 1972 974 mandatis
1995 939 2153 988 Domini,
2175 955 2255 991 quoe

1188 988 1355 1034 praecepit
1373 996 1410 1024 ut
1430 1001 1501 1029 non
1521 992 1662 1037 fierent,
1679 996 1859 1042 quippiam
1877 998 2010 1045 fecerit,
2031 1003 2062 1038 si
2088 1005 2254 1043 sacerdos

1188 1047 1249 1094 qui
1262 1053 1314 1082 est
1331 1055 1457 1085 unctus
1471 1055 1680 1098 peccaverit,
1697 1055 1900 1104 delinquere
1921 1060 2055 1105 faciens
2070 1065 2252 1112 populum,

1189 1109 1308 1155 offeret
1321 1122 1384 1156 pro
1398 1120 1540 1158 peccato
1555 1126 1620 1151 suo
1635 1116 1782 1153 vitulum
1801 1119 2067 1158 immaculatum
2085 1124 2252 1166 Domino.

1187 1166 1235 1204 Et
1255 1170 1406 1207 adducet
1438 1172 1538 1210 illum
1576 1175 1623 1210 ad
1647 1178 1778 1213 ostium
1814 1180 2035 1219 tabernaculi
2063 1186 2255 1224 testimonii

1136 1224 1168 1263 B
1188 1241 1307 1267 coram
1339 1233 1506 1277 Domino,
1542 1245 1714 1287 ponetque
1740 1252 1884 1278 manum
1902 1255 2005 1281 suam
2021 1257 2126 1294 super
2148 1256 2254 1304 caput

1185 1291 1278 1339 ejus,
1310 1300 1342 1329 et
1373 1295 1569 1333 immolabit
1589 1310 1669 1335 eum
1688 1300 1855 1339 Domino.
1882 1303 2035 1342 Ilauriet
2056 1318 2193 1357 quoque
2210 1310 2253 1346 de

1183 1355 1354 1401 sanquine
1376 1357 1493 1403 vituli,
1516 1358 1671 1406 inserens
1699 1361 1789 1399 illud
1807 1365 1843 1400 in
1871 1365 2137 1411 tabernaculum
2157 1372 2253 1408 testi-

1184 1415 1308 1450 monii.
1331 1416 1487 1465 Cumque
1507 1420 1691 1458 intinxerit
1710 1422 1858 1470 diqitum
1872 1426 1909 1462 in
1928 1429 2113 1474 sanquine,
2133 1443 2252 1480 asper-

1181 1480 1237 1521 qet
1268 1474 1313 1511 de
1333 1487 1373 1513 eo
1397 1479 1523 1524 septies
1554 1491 1675 1518 coram
1693 1482 1845 1520 Domino
1866 1493 1990 1523 contra
2018 1489 2132 1526 velum
2162 1503 2250 1529 san-

1181 1536 1324 1573 ctuarii.
1365 1536 1548 1587 Ponetque
1571 1541 1615 1578 de
1648 1543 1769 1580 eodem
1797 1548 1968 1594 sanquine
1989 1561 2095 1596 super
2114 1564 2249 1591 cornua

1181 1595 1307 1633 altaris
1336 1597 1570 1637 thimiamatis
1589 1604 1784 1649 qratissimi
1809 1606 1974 1653 Domino,
2011 1612 2105 1658 quod
2136 1620 2188 1654 est
2211 1615 2250 1652 in

1181 1655 1409 1693 tabernaculo
1436 1661 1638 1700 testimonii.
1661 1661 1808 1702 Omnem
1826 1674 1943 1704 autem
1966 1670 2140 1718 reliquum
2163 1685 2247 1711 san-

1179 1718 1320 1764 quinem
1346 1720 1471 1766 landet
1491 1734 1528 1759 m
1547 1724 1659 1762 basim
1680 1726 1806 1765 altaris
1827 1730 2026 1772 holocausti
2043 1737 2081 1776 in
2099 1737 2247 1776 introitu

1181 1777 1412 1816 tabernaculi.
1452 1781 1500 1823 Et
1540 1784 1679 1832 adipem
1717 1788 1820 1825 vituli
1843 1791 1965 1838 offeret
1997 1806 2063 1841 pro
2085 1805 2245 1845 peccato,

1179 1842 1252 1872 tam
1272 1849 1351 1874 eum
1368 1841 1428 1887 qui
1448 1845 1560 1888 operit
1592 1846 1727 1892 vitalia,
1749 1860 1857 1896 quam
1876 1854 1996 1890 omnia
2014 1867 2094 1903 quoe
2116 1859 2246 1899 intrin-

1179 1909 1278 1934 secus
1297 1907 1392 1945 sunt,
1413 1903 1502 1941 duos
1522 1908 1733 1946 renunculos
1757 1918 1790 1947 et
1809 1914 1995 1953 reticulum
2019 1918 2056 1954 in
2076 1921 2170 1968 quod
2189 1931 2242 1959 est

1178 1969 1284 2006 super
1296 1972 1354 1997 eos
1365 1963 1473 2009 juxta
1491 1965 1568 2011 ilia,
1594 1974 1627 2004 et
1645 1970 1783 2018 adipem
1802 1974 1951 2022 jecoris,
1972 1989 2051 2017 cum
2071 1993 2244 2021 renuncu-

1177 2018 1234 2064 tis,
1255 2022 1347 2058 sicut
1376 2023 1539 2071 aufertur
1554 2027 1597 2064 de
1623 2030 1733 2068 vitulo
1768 2033 1893 2072 hostiae
1926 2039 2172 2086 pacificorum.
2194 2044 2243 2080 Et

1177 2081 1331 2119 adolebit
1359 2096 1402 2120 ea
1431 2097 1537 2138 super
1556 2087 1670 2127 altare
1694 2091 1903 2131 holocausti.
1940 2095 2076 2135 Pellem
2098 2112 2176 2139 vero
2210 2115 2242 2140 et

1126 2131 1155 2172 C
1178 2153 1296 2180 omnes
1320 2156 1443 2183 carnes
1473 2159 1554 2185 cum
1574 2151 1700 2198 capite,
1724 2160 1756 2189 et
1787 2156 1935 2202 pedibus
1954 2166 1986 2195 et
2008 2161 2181 2201 intestinis
2209 2173 2242 2203 et

1174 2205 1270 2252 fimo,
1298 2214 1331 2243 et
1350 2209 1485 2257 reliquo
1507 2223 1651 2259 corpore
1667 2215 1787 2262 efferet
1804 2224 1905 2258 extra
1929 2228 2046 2259 castra
2066 2225 2102 2262 in
2123 2225 2240 2266 locum

1174 2269 1344 2306 mundum
1367 2271 1427 2307 ubi
1451 2275 1584 2312 cineres
1614 2277 1751 2324 effundi
1767 2281 1891 2319 solent.
1926 2284 2163 2337 Incendetque
2197 2303 2239 2328 ea

1172 2337 1278 2374 super
1296 2329 1472 2376 liquorum
1489 2340 1637 2380 struem,
1663 2348 1742 2388 quae
1770 2341 1807 2376 in
1838 2340 1914 2383 loco
1932 2345 2125 2392 effusorum
2144 2350 2239 2386 cine-

1174 2399 1252 2424 rum
1270 2393 1533 2430 cremabuntur.
1555 2396 1652 2434 Nihil
1672 2409 1799 2437 eorum
1820 2413 1900 2454 quae
1926 2409 2134 2446 necessaria
2158 2410 2236 2448 sue-

1173 2455 1258 2486 runt
1282 2452 1468 2499 legislator
1486 2458 1631 2502 omisit3
1664 2461 1857 2508 designans
1886 2467 2019 2513 quippe
2042 2479 2238 2510 eonversa-

1172 2510 1311 2547 tionum
1332 2513 1567 2561 differentias,
1589 2524 1626 2554 et
1642 2523 1838 2560 ostendens
1865 2527 1970 2564 nobis
1993 2530 2070 2568 vias
2085 2531 2121 2568 in
2135 2534 2235 2571 obla-

1172 2571 1268 2608 tione
1295 2574 1572 2621 sacrificiorum,
1592 2581 1723 2626 quibus
1741 2593 1808 2620 nos
1826 2593 1991 2632 oporteat
2008 2597 2232 2642 conversari,

1168 2638 1252 2678 post
1271 2634 1340 2671 hoc
1361 2640 1568 2676 necessarie
1585 2644 1731 2688 exponit
1746 2644 1881 2685 Christi
1906 2652 2140 2700 sacrificium,
2167 2668 2235 2705 per

1170 2694 1265 2738 quod
1285 2695 1389 2732 nobis
1408 2705 1642 2743 peccatorum
1669 2706 1837 2747 remissio
1865 2715 1903 2745 et
1920 2713 2122 2761 redemptio
2146 2728 2232 2756 con-

1169 2764 1271 2791 cessa
1286 2763 1358 2795 est.
1376 2758 1472 2796 Ante
1488 2761 1558 2798 alia
1579 2773 1664 2811 ergo
1678 2766 1748 2803 hoc
1766 2779 1862 2806 nunc
1879 2773 2038 2818 primum
2064 2777 2229 2825 intende,

1168 2818 1254 2864 quia
1273 2826 1420 2865 peccata
1439 2822 1530 2859 dixit
1547 2835 1627 2862 esse
1655 2829 1798 2875 animae,
1818 2833 1967 2878 quidam
1985 2837 2083 2875 enim
2098 2849 2230 2887 corpus

1168 2879 1272 2924 quasi
1292 2882 1436 2919 causale
1451 2887 1591 2930 peccati
1611 2896 1796 2936 accusant,
1814 2894 1876 2933 sed
1891 2905 1964 2933 non
1982 2897 2032 2934 ita
2050 2905 2119 2936 est.
2136 2900 2229 2939 Nam

1167 2938 1197 2975 si
1216 2949 1303 2977 sana
1323 2942 1370 2978 sit
1395 2945 1530 2989 anima,
1551 2947 1642 2984 nihil
1667 2949 1719 2985 illi
1740 2953 1886 2990 nocebit
1911 2957 2034 2995 carnis
2050 2958 2225 3000 luxuries.

1168 2997 1283 3043 Quam
1304 3002 1333 3038 si
1353 3006 1551 3043 secundum
1566 3019 1674 3055 quem
1690 3019 1833 3058 oportet
1856 3017 2005 3054 modum
2025 3027 2127 3068 regat
2151 3024 2230 3059 ani-

1167 3071 1240 3103 ma,
1263 3065 1400 3102 recedit
1421 3074 1460 3105 et
1481 3075 1611 3106 cessat.
1647 3071 1686 3109 Si
1713 3079 1834 3116 autem
1853 3077 1956 3124 dicis,
1976 3082 2077 3127 atqui
2101 3084 2228 3122 nolen-

1169 3124 1240 3156 tem
1259 3132 1339 3159 eain
1367 3136 1522 3171 peccare
1541 3129 1646 3175 dixit,
1670 3141 1919 3176 verumtamen
1952 3150 2023 3178 non
2054 3149 2182 3182 coacta
2203 3154 2224 3179 a

1166 3190 1291 3226 carne,
1316 3186 1379 3222 sed
1410 3187 1613 3234 ignorantia
1633 3193 1733 3238 boni,
1752 3207 1859 3242 quam
1877 3209 1922 3235 ex
1945 3201 2167 3247 negligentia
2185 3209 2224 3239 et

1164 3246 1366 3283 mutatione
1381 3248 1601 3288 deteriorum
1622 3255 1774 3300 patitur,
1794 3267 1862 3304 per
1878 3269 1988 3304 quam
2005 3261 2116 3296 etiam
2134 3272 2220 3301 sua-

1164 3304 1222 3340 via
1256 3315 1299 3345 ea
1321 3318 1403 3355 quoe
1435 3317 1520 3347 sunt
1550 3314 1657 3350 noxia
1679 3316 1849 3356 aestimat.
1886 3318 1960 3362 sea
1979 3326 2017 3358 et
2046 3321 2115 3361 hoc
2137 3323 2220 3362 vide

1163 3367 1344 3411 quomodo
1359 3369 1395 3404 in
1411 3371 1536 3408 multis
1553 3375 1776 3419 sacerdotem
1787 3378 1998 3422 permiscet,
2011 3378 2078 3422 ,Ait
2094 3383 2191 3425 enim
2207 3396 2218 3422 ι

1161 3423 1290 3468 Anima
1304 3439 1385 3466 cam
1410 3434 1603 3477 peccaverit
1620 3434 1664 3470 de
1684 3436 1855 3473 universis
1879 3439 2059 3482 mandatis
2074 3442 2219 3486 Domina·

1161 3496 1242 3534 qua·
1259 3489 1426 3535 proecepit
1450 3496 1491 3526 ut
1509 3501 1580 3534 non
1595 3491 1734 3536 fierent,
1750 3495 1935 3543 quippiam
1947 3499 2082 3546 [κατὰ.
2100 3502 2143 3544 si
2164 3516 2220 3545 εε-

1164 3548 1293 3583 cerdos
1309 3550 1374 3595 qui
1392 3556 1450 3593 est
1465 3557 1597 3594 unctus
1613 3556 1833 3601 peccaverit,
1853 3558 2032 3606 §quidem
2046 3565 2218 3610 sacerdos

1163 3608 1224 3654 qui
1239 3613 1369 3647 unctus
1380 3614 1439 3649 est
1449 3613 1628 3659 mecavit,
1640 3614 1795 3654 similem
1803 3617 1896 3662 dicit
1902 3620 1984 3659 aliis
1992 3625 2217 3668 saoendotem

1158 3677 1228 3719 pro
1246 3669 1407 3716 peccatis
1425 3669 1651 3720 offssmntemo
1671 3676 1756 3723 ‘1⁰1²
1787 3682 1829 3722 ⁰1»
1855 3679 2022 3725 carim
2048 3686 2216 3731 nobis&

1158 3727 1317 3766 similem
1331 3730 1499 3777 1>me
1517 3732 1561 3779 de
1574 3732 1654 3782 iaso
1669 3736 2214 3795 ιιιιίυυοείιῢιιῑιιυθηρκν

1158 3787 1252 3835 quod
1268 3786 1388 3825 debuit
1402 3801 1469 3838 per
1480 3793 1600 3835 omnia
1618 3795 2034 3850 (tartonam-ittam
2053 3810 2094 3847 ut
2107 3807 2213 3849 nito-

1160 3847 1270 3884 n‘con
1286 3846 1387 3893 fieret
1403 3846 1508 3897 (Eeb.
1533 3852 1590 3902 ιι).
1609 3853 1656 3892 Et
1672 3855 1790 3897 fidelis
1807 3862 1979 3903 sacerdos
1996 3865 2036 3903 in
2050 3865 2108 3905 liis
2126 3878 2208 3916 quae

2178 3929 2208 3954 o
