2540 4016
318 210 412 248 110⁷

741 211 780 247 n.
807 210 977 248 RABANI
1002 211 1151 251 mum
1177 214 1394 255 Ancum.
1421 215 1628 259 uocum.
1652 221 1848 262 ornauit
1868 224 1989 263 rans
2013 225 2042 262 1.
2364 227 2387 245 (-
2418 240 2423 250 ¹·
2452 238 2468 265 v>
2515 203 2517 207 '

321 295 335 320 ι
363 289 400 320 et
418 282 639 330 sepelierunt
655 295 740 322 eum
757 286 795 322 in
831 286 996 324 Gabaath
1013 289 1170 327 Phineos
1198 291 1263 327 tilii
1279 291 1374 338 ejus,
1392 297 1428 337 Α
1445 297 1651 335 necessario
1668 299 1957 346 subsequebatur
1973 299 2065 337 Novi
2084 297 2307 338 Testamenti
2330 316 2337 333 ;
2353 327 2357 333 .
2377 289 2440 335 ,ᾗ
2453 306 2462 336 “,

1442 358 1544 404 tium,
1560 360 1621 396 ubi
1638 360 1732 408 Agni
1747 361 1969 399 immaculati
1986 371 2073 399 caro
2093 368 2131 400 et
2147 362 2295 418 sanguis
2313 363 2352 400 in
2385 346 2476 397 ;.,>„*‘'‘'·
2512 404 2513 407 ,

1441 418 1613 456 altaribus
1629 421 1789 466 quotidie
1804 421 1967 466 offertur,
1985 427 2022 459 et
2040 421 2203 460 fidelium
2219 427 2284 461 'ore
2298 423 2337 461 in
2349 433 2418 470 112.»
2412 429 2443 454 ‘22
2455 426 2458 429 ’

1439 480 1642 517 animarum
1662 491 1810 518 suarum
1829 482 2023 520 salubriter
2043 483 2265 531 percipitur;
2294 490 2350 531 ut,
2364 492 2443 522 um·
2462 508 2467 518 ι

1435 538 1528 588 legis
1549 541 1755 586 recedente,
1770 541 1907 580 veritas
1921 547 2045 590 pateat
2072 540 2274 594 Evangelii,
2289 556 2357 594 per
2372 545 2402 583 i
2440 561 2467 579 ιι·

1435 599 1630 638 Dominum
1646 607 1814 658 nostrum
1826 602 1948 641 lesum
1968 600 2166 644 Christum.

319 359 330 380 ι
362 356 444 391 quae
463 347 548 383 data
565 352 623 385 est
635 349 670 385 ei
687 348 725 384 in
739 353 862 386 monte
877 349 1100 396 Ephraim.»
1130 353 1234 398 Quod
1252 359 1374 393 autem

312 406 420 444 Josue
445 412 590 445 mortuo
603 410 768 447 Eleazari
795 419 1059 458 consequenter
1078 425 1177 452 mors
1193 426 1373 455 memora-

315 473 389 510 tur,
422 468 606 515 significat
642 471 738 516 quod
766 478 848 518 post
878 473 1084 520 passionem
1117 475 1371 525 Redemptoris

312 528 426 564 nostri
441 538 485 565 ac
499 531 807 569 resurrectionem
824 532 934 569 tinem
954 536 1092 582 accepit
1107 541 1212 574 vetus
1243 547 1369 575 sacer-

312 588 462 634 dotium,
482 595 518 627 et
544 592 701 629 victimae
720 593 854 641 legales
873 602 1132 633 consummatae
1159 604 1259 643 sunt,
1285 608 1368 635 cum

696 798 1081 877 msam!
1129 803 1625 881 RABAN!
1678 809 2090 887 maun!

793 945 988 983 ABBATIS
1014 946 1270 985 FULDENSIS
1296 948 1356 985 ET
1381 947 1727 986 ARCHIEPISCOPI
1752 949 2007 989 MOGUN'I’INI

2527 1028 2540 1035 ν
2525 988 2540 1015 11⁴¹:
2527 959 2540 969 n
2506 827 2540 947 “tibh

447 1052 1002 1158 colimbriam
1063 1058 1150 1159 IN
1218 1058 1511 1162 mittit
1570 1058 1902 1164 JUDIGUM
1956 1060 2052 1164 El*
2110 1063 2350 1168 Ruri.
2523 1073 2540 1151 ’ῖ

1247 1237 1407 1288 (ΑΝΝΟ
1435 1238 1545 1291 83ι.)

870 1384 1096 1423 EPISTOLA
1122 1385 1357 1424 HUNBERTI
1382 1386 1586 1425 EPISCOPI
1608 1387 1669 1425 AD
1690 1388 1928 1427 RABANUM.

347 1493 481 1531 Illustri
500 1493 576 1529 viro
610 1492 810 1538 meritoque
838 1491 967 1538 insigni
1000 1502 1043 1528 ac
1061 1493 1360 1538 praestantissimo
1379 1494 1411 1533 B
1431 1493 1574 1540 gimus:
1597 1492 1678 1528 Non
1701 1500 1810 1540 potest
1845 1494 1966 1530 civitas
2002 1495 2171 1533 occultari
2199 1509 2306 1546 snpra
2338 1509 2491 1542 montem
2525 1487 2534 1535 Ῐ

298 1557 412 1599 Patri,
431 1556 576 1592 nimo
597 1554 740 1597 Manno,
760 1554 991 1598 lIUNnEn'rus,
1010 1554 1093 1590 licet
1110 1555 1289 1602 indignus,
1306 1556 1360 1592 in-

298 1618 372 1654 sula
393 1624 513 1654 tamen
534 1615 749 1653 sacerdotali
780 1616 952 1660 praeditus
972 1643 981 1658 ,
1016 1616 1357 1654 inmarcescibilem

299 1685 443 1716 actcrnsc
459 1679 642 1724 sospitatis
665 1679 700 1713 in
719 1678 862 1714 Christo
880 1677 963 1713 Jesu
985 1678 1151 1714 salutem.

345 1741 432 1788 Legi
450 1742 591 1777 litteras
612 1746 708 1783 tuas,
729 1740 935 1775 dulcissime
955 1739 1091 1783 frater,
1112 1751 1203 1786 quas
1234 1746 1361 1778 sancto

296 1803 472 1848 bonaeque
507 1801 691 1837 memoria:
717 1801 814 1843 viro,
855 1800 1033 1836 Haistulso
1069 1802 1356 1848 archiepiscopo,

295 1864 473 1910 scripsisti
492 1864 529 1899 in
547 1864 665 1900 fronte
698 1864 778 1899 libri
802 1874 909 1909 quem
945 1865 1074 1902 sudore
1094 1865 1240 1911 proprio
1275 1876 1360 1911 pru-

296 1925 580 1971 dentissimoque
597 1925 740 1972 ingenio
761 1926 1009 1971 composuisti,
1028 1926 1072 1961 ad
1089 1926 1359 1971 praedicandum

295 1987 333 2022 in
352 1987 437 2022 anni
457 1986 596 2022 circulo
613 1986 784 2032 populum
806 1985 1053 2023 Christianum
1072 1999 1079 2021 :
1103 1987 1164 2032 qui
1200 1989 1359 2025 suaviter

296 2047 456 2093 disputat
479 2047 522 2082 de
545 2047 778 2083 observantia
797 2046 977 2083 Dominici
998 2047 1068 2083 dici
1103 2052 1140 2083 et
1159 2048 1202 2083 de
1223 2044 1359 2082 festivi-

296 2106 431 2142 tatibus
450 2114 673 2151 sanctorum,
694 2109 835 2150 aclide,
856 2118 918 2153 spe
938 2111 974 2143 et
994 2108 1183 2150 charitate,
1204 2117 1272 2143 nec
1287 2117 1358 2142 non

295 2166 341 2202 de
361 2168 501 2203 caeteris
519 2168 694 2203 virtutum
710 2169 910 2214 speciebus.
928 2168 1108 2204 Praeterea
1129 2168 1199 2214 legi
1214 2173 1252 2203 et
1267 2167 1357 2204 alios

294 2233 371 2266 tres
387 2229 499 2266 libros
518 2240 608 2276 quos
626 2231 671 2266 ad
697 2231 864 2266 cumdem
896 2229 1139 2265 venerabilem
1158 2230 1277 2265 virum
1307 2228 1359 2263 se-

294 2288 392 2332 cisti‚
412 2299 503 2335 quos
524 2290 661 2335 placuit
677 2291 720 2326 de
747 2290 977 2326 Institutione
1001 2290 1219 2325 clericorum
1242 2288 1357 2323 nomi-

293 2349 390 2394 nari,
411 2360 566 2396 quorum
584 2350 722 2396 primus
751 2350 795 2386 de
819 2349 1077 2387 ecclesiasticis
1101 2348 1290 2385 ordinibus
1320 2353 1358 2383 ct

1430 1554 1565 1600 posiea;
1590 1554 1675 1590 item
1696 1555 1765 1591 alio
1789 1555 1824 1590 in
1843 1555 1948 1591 loco:
1970 1555 2083 1592 Nemo
2102 1560 2260 1595 accendit
2278 1560 2456 1600 lucernam
2472 1590 2484 1610 ,
2523 1558 2540 1603 ἶ

1429 1621 1460 1650 et
1476 1616 1571 1662 ponit
1591 1627 1667 1651 eam
1684 1616 1747 1651 sub
1762 1617 1892 1660 modio,
1905 1618 1964 1653 sed
1979 1619 2090 1665 maqis
2105 1631 2209 1667 anper
2222 1623 2486 1672 cemdelabrum,
2523 1622 2540 1667 γ’

1429 1683 1466 1712 ιιι
1485 1677 1598 1712 luceat
1619 1677 1778 1713 omnibus
1809 1679 1868 1724 qui
1885 1679 1923 1714 in
1952 1679 2055 1715 domo
2076 1687 2168 1717 sunt.
2187 1682 2359 1720 Auditum
2390 1685 2489 1722 enim
2527 1687 2540 1712 ἶ

1429 1738 1559 1781 habeo,
1577 1748 1684 1784 super
1701 1738 1906 1785 Eptatieum
1932 1751 1997 1777 vos
2032 1741 2162 1780 fecisse
2192 1753 2415 1790 sermonem,
2449 1756 2491 1784 ac
2520 1746 2540 1779 2ss

1429 1808 1537 1844 super
1566 1799 1800 1844 Evangelium
1826 1800 1985 1838 Matthaei
2012 1801 2227 1850 Evangelia,
2257 1814 2323 1842 nec
2356 1815 2428 1842 non
2454 1812 2492 1843 et
2523 1815 2533 1843 ζ

1429 1869 1537 1905 super
1556 1859 1708 1904 Regum,
1726 1870 1883 1907 superna
1903 1861 2095 1907 adjuvante
2125 1865 2258 1910 gratia,
2278 1866 2489 1912 pariterque
2528 1860 2540 1911 ᾗ

1427 1927 1591 1958 veterum
1611 1923 1787 1959 innitente
1805 1924 2035 1968 auctoritate,
2050 1925 2161 1962 multa
2178 1927 2315 1963 utiliter
2329 1927 2491 1964 scriben-
2531 1923 2535 1925 “

1428 1983 1473 2018 do
1488 1983 1642 2019 dictasse
1655 1996 1662 2018 z
1673 1990 1907 2030 quapropter,
1922 1995 2031 2021 causa
2044 1985 2312 2030 familiaritatis,
2329 1994 2491 2026 vestram

1426 2042 1576 2078 obsecro
1594 2042 1858 2079 fraternitatem
1877 2049 1917 2080 ut
1937 2045 2026 2080 mihi
2059 2047 2218 2082 scribere
2245 2049 2406 2095 mihique
2428 2054 2490 2085 tua

1427 2102 1584 2148 dirigere
1599 2104 1745 2139 studeas
1762 2104 1947 2150 opuscula,
1968 2115 2048 2151 quae
2066 2115 2110 2141 ex
2142 2112 2302 2144 veterum
2319 2109 2490 2147 ecclesia·
2524 2142 2540 2155 ,

1425 2162 1600 2198 sticorum
1619 2164 1821 2208 sententiis,
1841 2165 1944 2210 quasi
1982 2165 2090 2203 flores
2110 2176 2155 2203 ex
2186 2167 2338 2205 diversis
2370 2171 2486 2216 pratis
2528 2174 2534 2201 ἶ

1425 2221 1528 2257 electi
1545 2250 1555 2266 ,
1589 2222 1737 2258 domum
1767 2224 1908 2260 Domini
1941 2231 2072 2262 ornant
2096 2231 2134 2263 et
2167 2238 2417 2276 quemcunque
2451 2241 2490 2268 se
2523 2220 2530 2255 Ῐ

1425 2288 1607 2319 amantem
1629 2284 1820 2330 decorant;
1857 2287 2012 2334 denique
2030 2315 2040 2332 ,
2069 2289 2154 2335 quia
2183 2290 2362 2335 postulata
2399 2292 2488 2329 mihi
2525 2322 2531 2331 2

1425 2345 1533 2381 credo
1550 2346 1644 2391 quod
1663 2348 1855 2391 concedas,
1881 2349 1987 2385 mitto
2003 2350 2234 2388 membranas
2269 2352 2306 2388 in
2343 2352 2487 2398 quihus,
2526 2374 2540 2381 --

293 2416 450 2457 quatuor
465 2411 745 2447 charismatibus
764 2411 895 2447 divinis
911 2415 1050 2446 narrat.
1073 2410 1260 2446 Secundus
1276 2420 1357 2446 con·
1376 2406 1405 2447 C
1425 2412 1524 2452 opto,
1545 2417 1608 2443 eos
1627 2407 1783 2452 primum
1804 2409 1999 2454 suscipiam
2023 2409 2135 2447 libros
2149 2421 2239 2457 quos
2256 2422 2366 2459 super
2378 2412 2490 2459 Epta-
2527 2447 2531 2449 a

299 2473 392 2509 tinet
407 2473 451 2509 de
471 2472 598 2510 Officio
617 2473 874 2509 canonicarum
893 2473 1082 2516 horarum,
1104 2476 1140 2507 ct
1162 2471 1205 2507 dc
1224 2471 1362 2508 festivi-

291 2533 430 2569 tatibus
448 2534 574 2577 variis,
594 2533 638 2569 de
651 2532 799 2578 jejuniis
814 2538 851 2570 et
865 2533 1105 2570 orationibus.
1129 2533 1273 2569 Tertius
1289 2543 1361 2570 non

292 2596 501 2643 ignobiliter
533 2597 682 2632 instruit
704 2596 860 2642 qualiter
900 2597 1071 2634 discenda
1106 2601 1214 2642 atque
1247 2596 1361 2632 disse-

292 2657 406 2692 renda
424 2655 612 2702 Scriptura
632 2656 763 2693 divinae
789 2656 897 2703 legis,
915 2662 953 2693 et
978 2656 1065 2703 quid
1095 2656 1263 2693 utilitatis
1277 2666 1361 2693 con-

293 2715 661 2752 feratecclesiasticis
699 2717 906 2754 doctoribus
936 2717 1164 2764 philosophia
1185 2718 1356 2754 humana.

294 2776 432 2821 Quibus
451 2777 634 2823 perlectis,
656 2778 692 2813 in
707 2784 883 2823 quantum
902 2779 1015 2815 nostri
1032 2779 1200 2826 ingenioli
1214 2778 1281 2814 fuit
1300 2789 1360 2815 ca-

291 2837 448 2883 pacitas,
478 2837 651 2881 intellexi,
677 2837 756 2874 illos
791 2837 836 2874 de
856 2839 1023 2875 omnibus
1041 2850 1121 2886 quae
1155 2839 1359 2876 necessaria

293 2902 379 2932 sunt
401 2902 536 2933 sanctae
553 2897 618 2934 Dei
646 2897 818 2934 Ecclesiae
848 2898 1019 2935 laudabili
1041 2900 1289 2945 magnitudine
1322 2908 1360 2938 et

294 2957 474 2994 brevitate
492 2968 572 2994 esse
589 2959 810 3005 complexos.
841 2960 947 2995 Certe
966 2960 1002 2995 in
1021 2961 1175 2996 veritate
1198 2961 1279 2997 dico
1296 2972 1359 2998 vo-

295 3017 352 3054 bis
369 3017 455 3063 quia
471 3018 543 3053 dici
560 3028 632 3053 non
658 3023 780 3063 potest
795 3019 834 3053 in
850 3024 986 3064 quanta
1011 3019 1195 3054 hilaritate
1226 3021 1358 3057 mentis

293 3077 497 3123 gratulatus
523 3078 658 3125 gratias
691 3077 748 3123 egi
766 3078 851 3121 Deo,
871 3079 932 3123 qui
961 3083 1034 3114 tam
1080 3079 1168 3115 utile
1186 3090 1250 3115 vas
1278 3081 1357 3116 istis

295 3139 334 3174 in
355 3138 579 3184 temporibus
606 3138 643 3173 in
669 3147 732 3174 sua
750 3143 876 3174 sancta
893 3138 1055 3175 Ecclesia
1075 3140 1209 3177 habere
1228 3141 1355 3185 voluit,

294 3209 342 3236 ex
360 3209 433 3245 quo
450 3198 510 3234 ille
542 3198 606 3244 qui
623 3197 791 3241 multum,
810 3203 846 3234 et
878 3198 938 3235 ille
961 3200 1023 3245 qui
1054 3210 1208 3246 parvum
1231 3207 1356 3246 potum

294 3258 439 3305 quaerit,
449 3258 598 3295 haurire
612 3268 655 3295 ac
667 3258 791 3295 bibere
805 3258 919 3304 possit
934 3270 944 3302 ;
961 3264 997 3296 et
1011 3269 1057 3295 ex
1073 3259 1133 3296 illo
1143 3260 1212 3305 die,
1225 3261 1354 3305 fateor,

294 3319 449 3356 multum
457 3319 659 3356 desideravi
668 3324 796 3356 vestrae
805 3319 1247 3368 familiaritatisparticeps
1259 3323 1350 3367 lieri,
1370 3314 1406 3353 D
1422 3322 1560 3359 faciunt
1580 3322 1624 3358 de
1653 3322 1860 3368 prolixitate
1878 3321 2087 3366 fastidium3
2104 3322 2245 3369 prolixa
2261 3333 2348 3371 ergo
2365 3328 2402 3361 et
2421 3335 2485 3362 oc-

292 3386 336 3417 ιιι
351 3381 479 3417 saltem
494 3381 689 3427 aliquando
707 3382 812 3428 longe
826 3382 970 3428 iateque
997 3381 1072 3429 iam
1089 3376 1176 3419 olim
1189 3383 1351 3431 dispersa

293 3443 508 3480 meruissem
546 3447 666 3479 vestra
697 3443 861 3489 accipere
899 3443 1054 3490 scripta3
1087 3452 1130 3480 ac
1159 3449 1354 3491 propterea

291 3511 430 3551 paucas
447 3504 562 3540 direxi
595 3504 642 3540 ad
661 3509 697 3540 te
721 3504 900 3540 litterulas
915 3531 925 3548 ,
959 3503 1121 3541 fraterna
1157 3504 1354 3543 admonens

288 3562 474 3600 cluat-itate
493 3573 538 3600 ne
560 3565 694 3602 mentis
711 3573 863 3601 acumen
879 3565 955 3602 otio
985 3565 1094 3602 inerti
1123 3571 1266 3612 torpere
1290 3575 1355 3604 seu

294 3624 503 3661 obdormire
515 3625 716 3672 permit-tas,
735 3626 798 3662 sed
819 3625 942 3662 sedulo
971 3626 1204 3674 quotidieque
1232 3631 1355 3666 sacras

293 3687 490 3724 scrutando
524 3686 732 3734 Scripturas
748 3714 758 3732 ,
807 3687 921 3725 fretus
954 3688 1104 3726 Pati-um
1141 3691 1356 3729 auctoritate

295 3747 573 3790 praecedentium
591 3775 602 3792 ,
635 3748 719 3796 vigil
748 3754 855 3795 atque
885 3750 1087 3788 indefessus
1115 3753 1354 3800 utilisque‘in

283 3801 406 3843 mo
416 3805 562 3846 Domini
578 3818 720 3856 semper
736 3810 892 3855 existas;
905 3811 1097 3859 scriptum
1124 3815 1284 3863 ‘namque
1299 3817 1354 3854 le-

1388 3643 1394 3650 *
1423 3626 1504 3665 cem
1526 3626 1728 3665 dilectionis
1743 3631 1790 3662 -et
1813 3626 1997 3663 societatis
2018 3625 2210 3671 indicium,
2226 3626 2269 3663 'in
2291 3625 2410 3665 fronte

1429 2468 1541 2504 ticum
1557 2474 1717 2505 vestrum
1732 2470 1934 2516 composuit
1954 2471 2152 2517 ingenium.
2172 2472 2252 2510 Non
2266 2480 2386 2510 tamen
2403 2484 2488 2521 pro·
2527 2482 2532 2483 ⁷

1426 2533 1551 2575 pterea
1579 2529 1648 2565 ista
1678 2539 1787 2576 posco
1815 2531 1920 2576 quasi
1950 2531 2068 2568 desint
2100 2532 2205 2570 nobis
2238 2533 2342 2570 istius
2367 2534 2488 2580 operis

1428 2590 1624 2635 scriptores
1644 2602 1652 2625 ε
1675 2589 1851 2627 habemus
1865 2601 2021 2638 namque
2029 2592 2232 2639 origenem,
2246 2593 2486 2641 Victorinum,

2520 2616 2540 2703 “mi-‘ists
2525 2552 2540 2571 ,¹
2524 2530 2530 2531 ¹

1427 2652 1672 2696 Ambrosium,
1694 2653 1954 2700 Hieronymum
1973 2682 1982 2698 ‚
2021 2654 2249 2700 Cassianum,
2285 2656 2487 2701 Isidorum,

1426 2713 1688 2760 Augustinum,
1724 2713 1952 2760 Fulgentium
1968 2742 1978 2759 ,
2018 2720 2126 2762 atque
2159 2716 2368 2763 pontificem
2401 2716 2489 2753 insi·
2520 2713 2540 2767 Ξ

1427 2787 1556 2823 gnem,
1576 2776 1911 2822 eloquentissimum
1944 2775 2160 2823 Gregorium
2182 2782 2219 2813 et
2253 2779 2401 2812 caeteros
2417 2775 2488 2812 Pa·
2521 2771 2540 2810 ὲ

1427 2844 1515 2882 tres‚
1533 2849 1685 2884 quorum
1703 2838 1848 2874 nomina
1866 2848 1939 2875 non
1962 2847 2111 2876 necesse
2126 2838 2191 2875 tibi
2209 2838 2388 2875 eredimus
2400 2847 2486 2875 enu-
2519 2834 2540 2899 Ξ

1425 2898 1572 2934 merari.
1595 2897 1663 2941 Qui
1691 2898 1727 2933 in
1748 2903 1888 2934 tantum
1914 2903 1984 2935 tuae
2007 2903 2090 2935 sunt
2109 2898 2295 2934 industriae
2330 2898 2479 2946 cogniti.
2522 2901 2540 2950 {3-

1425 2963 1467 2993 ut
1479 2957 1658 2994 veraciter
1677 2958 1819 2995 illorum
1844 2959 2002 3006 linguam
2020 2963 2181 2995 vestrum
2209 2959 2331 2995 dicere
2348 2959 2486 3006 possim
2522 2964 2540 2996 ὲ

1426 3027 1644 3062 sermonem,
1658 3029 1740 3055 cum
1749 3021 1843 3065 quod
1861 3020 1911 3056 illi
1922 3020 2014 3057 mira
2030 3019 2296 3067 pulchritudine
2314 3029 2357 3057 ac
2373 3020 2486 3058 nimia

1425 3080 1648 3127 longitudine
1665 3081 1842 3118 sermonis
1859 3080 2102 3126 proferebant,
2128 3085 2167 3117 tu
2186 3090 2312 3117 eorum
2333 3081 2485 3127 vestigia

1426 3142 1605 3187 sagaciter
1637 3143 1906 3189 prudenterque
1924 3141 2120 3188 sequendo,
2139 3142 2354 3179 commatico
2370 3142 2487 3180 melli-

1424 3202 1567 3248 ssuoque
1587 3202 1863 3248 comprehendis
1896 3211 2088 3239 sermone:
2108 3203 2210 3238 brevi
2226 3203 2324 3238 enim
2341 3203 2485 3250 exposi-
2516 3226 2519 3227 ν

1424 3262 1523 3298 tione
1542 3263 1740 3303 succincta,
1755 3267 1795 3297 ut
1815 3262 1868 3297 ait
1880 3261 2040 3298 Isidorus
2057 3261 2184 3297 doctor
2199 3262 2379 3308 egregius,
2410 3273 2485 3300 non
2504 3282 2507 3288 ·

1421 3383 1518 3421 culta
1535 3383 1641 3419 taedet
1668 3381 1784 3419 oratio
1800 3409 1811 3426 ‚
1843 3382 1964 3419 brevis
1984 3387 2022 3419 et
2052 3387 2177 3429 aperta
2200 3384 2355 3421 delectat
2398 3384 2484 3423 Ideo

1418 3450 1580 3482 vestram
1599 3444 1774 3491 deprecor
1801 3442 1984 3479 solertiam
2009 3448 2052 3479 ut
2070 3443 2239 3490 perlectis
2271 3444 2376 3483 istius
2406 3444 2466 3495 epi

1423 3505 1523 3544 stolae
1542 3504 1720 3549 litterulis,
1736 3508 1772 3540 et
1788 3504 1820 3541 si
1834 3508 1958 3540 vestra
1972 3503 2141 3543 voluntas
2171 3505 2223 3542 ita
2240 3509 2409 3553 oportere
2422 3504 2465 3552 iu

1425 3567 1613 3610 dicaverit,
1640 3564 1798 3612 jubeatis
1820 3563 1934 3609 illam,
1959 3564 2006 3602 ob
2033 3570 2164 3603 vestrae
2187 3564 2372 3615 [nostrae]
2388 3565 2464 3604 invi

1416 3690 1507 3727 belli
1517 3695 1655 3738 ponere
1670 3693 1777 3736 quem
1801 3688 1891 3725 mihi
1907 3688 2033 3737 rogavi
2047 3697 2068 3725 a
2080 3687 2184 3726 vobis
2203 3689 2439 3735 rescribere,

1394 3751 1604 3800 'poscentis
1619 3755 1656 3788 et
1682 3749 1888 3797 praestantis
1905 3747 2044 3797 pariter
2058 3746 2210 3786 affectus
2227 3751 2362 3798 pareat
2363 3749 2408 3787 el
2421 3746 2462 3786 er

1415 3812 1550 3854 fectus
1576 3813 1862 3855 intercedentem
1885 3818 1953 3863 pro
1967 3811 2071 3855 nobis
2087 3815 2246 3854 vestram
2271 3798 2464 3855 beatitud!
