2540 4016
359 141 429 179 987

811 137 851 174 B.
877 137 1049 177 RABAM
1073 138 1222 177 Manui
1245 139 1460 179 anonim.
1483 141 1695 183 uocum.
1723 144 1914 184 omium
1934 145 2059 184 PARS
2081 147 2109 183 1.

355 227 463 263 quant
494 220 533 251 ut
547 215 714 252 animam
741 224 847 256 suam
866 215 948 261 quis
963 220 1077 263 ponat
1104 225 1172 262 pro
1185 215 1313 252 amicis
1340 215 1416 253 suis
1431 216 1588 260 Adaret
1605 219 1736 264 gratia,
1758 229 1823 266 per
1839 229 1948 266 quam
1965 219 2158 256 multitudo
2176 219 2380 268 itta-Jacob,
2399 224 2452 263 :do
2502 207 2505 217 ¹

346 277 476 324 (Joan.
501 276 578 325 xv).
603 290 616 313 ι
651 276 708 315 Ad
723 277 830 324 hujus
852 287 920 314 nos
948 276 1142 314 charitatis
1157 276 1412 322 imitationem,

353 338 499 386 quando
521 338 570 375 ad
602 336 803 385 perfectam
839 338 979 374 scilicet
1005 337 1096 384 legis
1129 336 1410 382 observantiam,

351 401 538 449 apostolus
561 400 727 437 accendit
740 399 864 436 dicens
883 411 893 434 z
927 412 940 433 ‹
958 399 1084 436 Estote
1112 399 1314 436 imitatores
1331 399 1410 443 Dei,

350 462 446 499 sicut
464 461 528 498 filii
540 461 762 506 charissimi,
782 466 819 498 et
833 461 1019 498 ambulate
1039 461 1078 498 in
1095 461 1300 507 dilectione,
1317 463 1412 499 sieut

345 530 388 562 et
402 523 569 560 Christus
597 523 725 560 dilexit
738 533 805 560 nos
823 550 833 567 ,
853 527 890 559 et
918 523 1068 560 tradidit
1098 524 1331 570 semetipsum
1344 535 1411 570 pro

349 584 453 622 nobis
466 585 685 622 oblationem
705 591 742 622 et
764 585 920 622 hostiam
936 586 1011 622 Deo
1029 585 1067 622 in
1084 586 1232 623 odorem
1253 587 1410 623 suavita-

349 648 409 684 tis.
441 647 575 684 Omnes
602 647 718 684 sancti
753 647 790 684 in
820 658 930 684 manu
949 648 1046 685 illius
1077 653 1161 685 sunt
1177 648 1283 696 (Eplz.
1317 648 1368 695 v).
1393 661 1406 683 ι

347 708 427 745 Non
456 715 512 745 est
529 718 768 755 personarum
801 709 964 755 acceptio
993 710 1088 755 apud
1120 709 1247 752 Deum,
1284 710 1346 753 sed
1373 709 1410 745 in

347 770 445 806 omni
468 775 590 817 gente,
629 779 710 816 quae
727 769 830 806 timet
846 769 960 805 Deum
978 776 1197 817 etopcratur
1210 769 1406 815 justitiam,

347 838 516 879 acceptus
545 838 602 868 est
632 831 696 868 illi.
741 844 754 866 ‹
775 831 909 869 Omnes
945 832 1060 868 saneti
1093 833 1129 867 in
1166 843 1276 868 manu
1313 832 1409 868 illius

345 898 443 929 sunt.
467 906 480 927 )
519 892 624 937 Quia,
660 892 1065 939 quicunquejustificati
1086 898 1169 929 sunt
1200 893 1237 928 in
1263 893 1409 930 nomine

345 953 488 990 Domini
506 954 623 992 nostri
641 954 728 991 Jesu
756 953 907 998 Christi,
930 953 1015 990 etin
1033 953 1170 1000 Spiritu
1187 953 1251 989 Dei
1277 953 1405 998 nostri,

343 1020 380 1052 et
403 1016 552 1053 audiunt
564 1016 753 1062 jubentem
771 1017 962 1053 Dominum
981 1029 988 1052 :
1012 1028 1022 1049 ι
1045 1016 1167 1052 Sancti
1184 1016 1407 1062 estotc,quia

342 1081 380 1112 et
397 1087 463 1123 ego
481 1083 628 1114 sanetus
647 1088 740 1121 Sum,
765 1090 778 1111 ›
801 1078 846 1113 ab
871 1078 970 1113 omni
1003 1077 1098 1113 malo
1119 1077 1231 1123 ipsius
1246 1077 1406 1122 potentia

1469 280 1654 336 scriptum
1669 287 1750 319 est:
1793 294 1806 316 ι
1826 281 2068 319 Multitudinis
2080 287 2203 319 autem
2214 284 2404 322 credentia
2452 290 2461 296 '

1478 350 1542 377 eor
1559 352 1671 378 unum
1687 346 1724 377 et
1739 342 1860 378 anima
1872 352 1961 386 nna,
1975 341 2016 379 in
2034 342 2172 380 semine
2184 343 2354 391 Abrahae,
2368 356 2393 394 q
2428 366 2430 376 ·
2451 369 2454 374 -

1478 400 1644 438 Christus
1664 402 1756 450 (Act.
1774 401 1836 450 tv),
1862 415 1874 437 ι
1908 402 2159 442 haereditatem
2173 406 2276 453 regni
2295 407 2467 446 coelestim

1477 463 1627 509 ciperet.
1659 462 1746 506 Quae
1765 462 1937 508 quoniam
1950 463 1996 500 de
2007 464 2199 503 maledicto
2218 466 2311 514 legis
2334 467 2413 506 red·
2433 483 2449 502 ιι
2471 475 2485 500 w

1476 523 1767 560 benedictionem
1780 525 1906 570 gratiae
1916 531 2109 565 consecuta
2138 533 2210 573 est,
2226 529 2378 575 pulchre
2393 531 2461 568 sub
2486 527 2491 529 ’

1476 584 1544 620 coh
1577 583 1724 620 nomine
1747 584 1968 631 designatur,
2001 587 2061 623 cui
2090 587 2138 624 de
2165 588 2315 626 Christo
2344 589 2488 627 manif

1475 644 1713 690 promittitur.
1746 657 1759 679 ε
1782 645 1860 682 Erit
1891 647 1987 693 apud
2014 649 2272 694 rectissimum,
2309 661 2400 698 cong
2428 666 2476 696 ψ
2493 651 2509 701 ss

1475 705 1700 752 principibus
1723 706 1859 753 populi,
1896 718 1976 744 cum
2007 709 2172 747 tribubus
2199 711 2326 748 lsrael.
2364 725 2376 747 )
2418 713 2481 749 Jn
2498 709 2502 755 ᾗ

1476 777 1632 813 namque
1646 773 1836 814 postquam
1848 770 1896 805 ab
1912 769 2041 816 angelo
2055 771 2112 806 cui
2127 772 2314 818 praevaluit
2325 774 2453 811 benedi
2465 788 2476 807 ι

1476 834 1546 872 est,
1567 829 1739 865 continuo
1755 828 1898 866 Israelis
1914 841 2044 868 nomen
2065 833 2205 879 accepit
2225 846 2233 869 :
2266 837 2365 879 quod
2390 845 2456 882 pro
2503 829 2508 833 ’

1471 890 1575 937 juxta
1593 891 1778 936 Hebraeos,
1793 901 1912 929 rectus
1928 893 1992 930 Dei
2012 893 2158 931 dicitur.
2193 896 2258 933 Vir
2272 901 2392 933 autem
2409 898 2484 934 vid

1475 953 1602 996 Deum,
1633 965 1705 990 non
1733 956 1770 990 in
1793 955 1994 1000 elementis,
2017 957 2079 993 sed
2099 957 2135 992 in
2154 968 2246 995 sono
2262 960 2363 996 vocis
2387 965 2454 997 cst.
2480 964 2491 973 ⁴

1476 1025 1561 1061 crgo
1582 1021 1619 1051 et
1632 1014 1800 1052 Judaicus
1818 1017 1970 1062 populus
1981 1019 2026 1055 ad
2043 1018 2152 1055 fidem
2172 1019 2307 1056 Christi
2323 1031 2488 1059 convers

1475 1079 1511 1110 et
1527 1075 1572 1111 ab
1587 1084 1630 1110 eo
1643 1081 1725 1121 post
1742 1077 2046 1114 resurrectionem
2071 1079 2297 1123 benedictus,
2325 1081 2383 1117 eui
2402 1081 2438 1117 in
2454 1092 2490 1128 p
2507 1108 2510 1111 -

337 1141 589 1183 proteguntur.
609 1137 661 1172 De
670 1137 800 1182 quibus
815 1137 891 1182 ipse
907 1137 971 1172 sub
991 1137 1104 1183 figura
1119 1137 1406 1183 omniumloqui-
1424 1131 1455 1169 B
1475 1136 1576 1172 sione
1599 1136 1830 1182 prxcvaluisse
1855 1137 1995 1182 jussum
2025 1143 2099 1182 est,
2135 1149 2266 1175 novam
2298 1142 2454 1178 nominis
2474 1153 2511 1179 a

342 1202 401 1233 tur
421 1197 458 1233 in
473 1197 669 1244 Evangelio
691 1210 699 1233 :
725 1211 737 1232 ι
759 1198 804 1234 Ει
823 1208 890 1246 ego
899 1199 1010 1235 vitam
1028 1205 1200 1235 aeternam
1218 1200 1263 1235 do
1274 1199 1338 1242 eis,
1368 1205 1403 1236 et

331 1270 413 1296 ,non
432 1260 604 1305 peribunt
619 1261 656 1295 in
671 1267 861 1304 aeternum,
876 1267 912 1297 ct
928 1271 999 1298 non
1012 1262 1199 1308 rapieteas
1211 1263 1403 1308 quisquam

333 1320 376 1357 in
395 1325 572 1356 aeternum
587 1322 631 1356 de
649 1331 759 1357 manu
789 1333 870 1358 mea
893 1323 929 1369 (J
933 1335 1014 1359 οαη.
1031 1323 1084 1371 x).
1112 1338 1124 1359 ›
1165 1325 1218 1360 Ex
1241 1325 1402 1360 omnium

336 1379 461 1425 itaque
484 1382 770 1418 concordissima
808 1383 1042 1420 multitudine
1063 1390 1272 1421 sanctorum
1292 1397 1402 1421 unum

336 1439 473 1477 Christi
505 1442 807 1488 gloriosissimum
843 1443 995 1480 efficitur
1028 1454 1191 1492 regnum.
1243 1445 1308 1481 Cui
1338 1456 1403 1492 per

333 1501 466 1538 Isaiam
484 1502 617 1538 dicitur
634 1515 642 1537 ε
663 1515 675 1536 ι
698 1503 744 1539 Et
759 1504 830 1539 erit
851 1514 986 1540 corona
1009 1506 1130 1552 gloriae
1146 1506 1182 1541 in
1201 1516 1311 1542 manu
1328 1507 1401 1543 Do-

334 1564 442 1609 mini,
468 1570 505 1601 et
529 1565 696 1602 diadema
728 1568 829 1614 regni
861 1568 899 1604 in
932 1578 1042 1604 manu
1059 1569 1123 1604 Dei
1158 1570 1222 1604 tui.
1264 1569 1309 1605 Et
1340 1570 1401 1615 qui

335 1625 628 1673 appropinquant
652 1627 804 1672 pedibus
819 1627 909 1673 ejus,
928 1629 1107 1675 accipient
1136 1629 1339 1666 doctrinam
1358 1629 1399 1664 il-

331 1685 405 1722 lius
423 1685 515 1732 (Isa.
531 1687 636 1734 an).
664 1701 676 1722 ι
715 1688 830 1725 Pedes
845 1689 988 1726 Domini
1007 1690 1093 1726 Jesu
1108 1689 1256 1734 Christi,
1283 1691 1399 1726 sancti

331 1748 485 1794 apostoli
505 1753 542 1785 et
554 1749 785 1797 evangelistae
799 1758 898 1795 sunt,
915 1762 1068 1797 quorum
1089 1753 1253 1789 doctrina
1269 1753 1305 1789 in
1320 1752 1399 1788 uni—

332 1818 439 1845 verso
457 1810 545 1846 orbe
561 1811 733 1848 discurrit
752 1812 796 1848 de
816 1813 947 1858 quibus
963 1814 1137 1859 scriptum
1151 1820 1228 1850 est:
1252 1826 1263 1848 ‹
1283 1814 1398 1858 Quam

331 1870 474 1915 pulchri
493 1881 602 1918 super
620 1878 762 1908 montes
776 1873 889 1918 pedes
912 1874 1238 1920 evangelizantium
1255 1884 1395 1920 pacem,

331 1932 661 1978 evangelizantium
687 1933 782 1969 bona
806 1933 926 1981 (Rom.
949 1934 1000 1981 x).
1027 1946 1039 1968 ι
1075 1934 1287 1980 Quicunque
1310 1943 1396 1979 crgo

330 1992 388 2029 his
405 1993 556 2038 pedibus
574 1994 672 2038 fidei,
689 1995 835 2041 pietatis
852 2001 888 2031 et
903 1996 1117 2032 obedientiae
1135 1996 1324 2033 devotione
1339 2007 1395 2032 re<

1473 1197 1568 1243 cepit
1587 1197 1813 1243 dignitatem,
1832 1203 1872 1233 ut
1887 1199 1933 1234 ob
1951 1198 2103 1242 justitiae
2124 1200 2386 1245 perfectionem
2405 1202 2495 1239 Isra-

1471 1257 1508 1293 id
1527 1263 1596 1299 est,
1625 1258 1848 1293 rectissimus
1864 1258 2064 1303 appelletur
2084 1271 2092 1294 z
2113 1260 2172 1295 cui
2194 1261 2303 1296 etiam
2317 1272 2381 1307 per
2399 1262 2483 1298 lsai

1471 1315 1567 1351 Deus
1582 1316 1741 1360 loquitur
1761 1328 1768 1350 :
1793 1328 1805 1349 α
1829 1316 1936 1360 Audi,
1953 1316 2077 1362 Jacob,
2097 1328 2200 1356 serve
2219 1331 2333 1365 meus,
2351 1327 2388 1359 et
2405 1332 2468 1359 rec
2486 1320 2520 1354 'J

1472 1376 1562 1412 sime
1583 1388 1690 1422 quem
1710 1378 1801 1424 elegi
1836 1378 1927 1426 (Isa.
1946 1379 2059 1427 xmv).
2090 1394 2101 1415 ι
2154 1381 2259 1428 Apud
2294 1384 2391 1421 hunc
2411 1384 2477 1421 ita·
2498 1401 2500 1409 ι
2526 1375 2529 1378 ’

1471 1438 1715 1474 rectissimum
1734 1451 1796 1475 rex
1818 1440 2002 1486 Christus,
2029 1442 2091 1488 qui
2110 1443 2148 1479 in
2168 1443 2311 1481 Psalmo
2338 1445 2502 1491 loquitur
2523 1434 2526 1435 ⁷

1476 1511 1487 1532 ι
1506 1499 1581 1546 Ego
1592 1506 1712 1535 autem
1743 1502 1961 1538 constitutus
1986 1514 2065 1540 sum
2086 1514 2150 1540 rex
2184 1504 2229 1541 ab
2253 1514 2297 1542 eo
2316 1516 2425 1552 super
2444 1507 2508 1544 Si

1470 1568 1631 1599 montem
1645 1569 1811 1600 sanctum
1836 1564 1928 1610 ejus,
1957 1579 1969 1601 ›
2002 1566 2145 1603 futurus
2177 1577 2258 1604 esse
2291 1569 2485 1615 promittit
2508 1594 2510 1601 ι

1470 1624 1638 1661 habitans
1661 1625 1830 1663 videlieet
1851 1637 1916 1673 per
1945 1627 2053 1664 fidem
2073 1628 2110 1664 in
2134 1630 2244 1666 corde
2262 1630 2354 1677 ejus,
2379 1640 2510 1678 eumqu

1470 1686 1539 1722 sibi
1558 1698 1709 1734 regnum
1727 1688 1902 1735 inclytum
1916 1690 2091 1733 efficiens,
2112 1690 2206 1728 sicut
2219 1691 2494 1739 pei-Moysenan

1468 1751 1697 1795 promiserat.
1741 1764 1753 1786 ι
1774 1753 1846 1789 Vos
1871 1758 2005 1797 autem,
2025 1754 2208 1800 inquiens,
2237 1755 2339 1791 eritis
2359 1755 2449 1792 mini
2501 1773 2522 1796 ι,

1469 1823 1576 1859 gnum
1597 1814 1834 1858 sacerdotale,
1863 1820 1900 1851 ct
1917 1825 2004 1862 gens
2020 1821 2147 1853 sancta
2164 1815 2296 1863 (Exod.
2314 1816 2406 1865 xix).
2429 1830 2442 1852 )
2498 1821 2510 1838 “

1467 1872 1634 1910 Michaeas
1674 1874 1892 1919 praedixerat
1918 1893 1926 1911 ι
1960 1888 1971 1909 ι
1995 1876 2040 1912 Ει
2068 1876 2189 1913 veniet
2226 1881 2387 1922 potestas
2413 1877 2497 1923 pri·

1467 1944 1620 1981 regnum
1636 1935 1720 1971 filiae
1747 1937 1833 1973 Sion
1853 1936 1978 1984 (Micia.
1998 1937 2063 1985 tv).
2088 1951 2100 1972 ι
2130 1937 2239 1984 Cuius
2259 1939 2490 1987 regnieonco
2526 1935 2528 1937 ’

1466 1994 1651 2040 plenitudo
1667 1998 1871 2033 ostenditur
1889 1999 2009 2036 verbis
2024 1999 2343 2045 subsequentil›uS‚
2369 2011 2450 2037 cum
2470 2000 2497 2036 i

331 2061 501 2092 verenter
522 2058 751 2102 appropiant,
779 2068 851 2094 non
871 2059 1147 2102 contristentur,
1162 2060 1257 2105 quod
1277 2061 1396 2105 ipsum
1415 2041 1445 2083 C
1466 2055 1583 2090 fertur
1602 2067 1611 2091 z
1653 2069 1664 2090 ι
1694 2056 1931 2105 Congregatis
1964 2059 2132 2095 videlicet
2165 2060 2202 2095 in
2237 2060 2411 2098 unitatem
2444 2061 2469 2097 fi
2490 2076 2511 2094 ι’.

332 2113 520 2151 Christum
535 2116 723 2153 docentem
744 2118 780 2153 in
795 2129 904 2154 carne
922 2129 995 2155 non
1015 2119 1205 2164 viderunt;
1229 2131 1301 2156 non
1321 2130 1398 2156 me-

330 2179 447 2221 tuant,
462 2187 508 2214 ne
527 2176 622 2214 sorte
637 2179 682 2215 ab
698 2180 906 2217 hominibus
923 2181 1203 2226 quasihomines
1213 2182 1398 2227 decipiam

328 2242 404 2274 tur.
439 2238 509 2274 Per
539 2248 667 2277 eorum
701 2250 857 2287 namque
877 2252 918 2278 os
953 2242 1114 2288 loquitur
1151 2243 1333 2286 Christus,
1359 2248 1397 2279 et

330 2310 397 2346 per
413 2301 524 2347 pedes
542 2301 706 2339 doctrina
734 2304 864 2350 capitis
883 2305 1042 2341 auditur.
1085 2305 1191 2341 Unde
1211 2306 1288 2350 ipse
1315 2305 1395 2342 ait:

332 2372 346 2394 ι
369 2359 438 2404 Qui
458 2372 523 2399 vos
538 2363 652 2407 audit,
670 2374 730 2400 me
749 2365 849 2400 audit
865 2364 969 2411 (Luc.
991 2365 1044 2413 x).
1066 2377 1079 2400 ›
1102 2366 1147 2402 Et
1170 2365 1305 2403 Paulus
1322 2366 1396 2403 clau

326 2427 403 2458 mat
424 2436 433 2459 :
456 2435 470 2458 ι
494 2422 551 2460 An
569 2425 858 2471 experimentum
874 2427 1036 2472 quaeritis
1056 2426 1147 2472 ejus,
1183 2427 1245 2473 qui
1264 2427 1303 2464 in
1336 2436 1396 2465 mo

325 2483 488 2531 loquitur
500 2484 691 2523 Christus?
710 2499 723 2522 ι
748 2486 806 2534 (ΙΙ
823 2487 905 2524 Cor.
922 2487 1019 2534 xnl.)
1038 2488 1092 2525 Ab
1112 2488 1171 2525 illo
1189 2489 1301 2535 igitur
1314 2498 1394 2525 om-

324 2555 390 2582 nes
411 2546 601 2591 docentur,
636 2548 747 2584 etiam
765 2559 832 2595 per
866 2560 931 2586 ora
951 2556 1159 2587 sanctorum
1178 2550 1394 2596 praeulcato„

325 2614 421 2651 rum,
455 2609 559 2655 cujus
585 2619 695 2646 manu
713 2609 875 2647 Ecclesia
903 2612 1041 2658 regitur
1072 2612 1234 2648 onmium
1257 2612 1394 2652 clecto-

323 2677 419 2703 rum.
457 2669 522 2706 Vel
557 2675 669 2715 certe,
706 2671 768 2718 qui
809 2674 1101 2720 appropinquant
1137 2675 1288 2721 pedibus
1313 2674 1391 2721 elus

323 2727 505 2773 accipient
543 2730 747 2768 doctrinam
780 2733 889 2777 illius,
921 2735 1005 2780 quia
1043 2735 1112 2771 illis
1146 2746 1222 2782 prae
1250 2737 1390 2773 eaeteris

323 2789 485 2826 scientiae
497 2791 636 2828 Christi
653 2803 787 2830 arcana
807 2796 1028 2839 revelantur,
1051 2796 1277 2843 quispiritali
1292 2797 1391 2833 desi-

324 2850 424 2887 derio
437 2849 643 2897 flagrantes,
664 2853 700 2889 in
714 2855 931 2902 evangelicis
946 2861 1054 2902 atque
1070 2856 1278 2903 apostolicis
1298 2857 1389 2894 scri-

323 2911 396 2957 ptis
414 2911 474 2949 die
491 2919 673 2960 noctuque
689 2915 926 2952 meditantur.
963 2916 1099 2953 Verum
1112 2944 1121 2961 ,
1146 2919 1231 2964 quia
1256 2918 1386 2955 haecde

322 2970 402 3017 lege
421 2974 630 3020 evangelica
646 2975 743 3011 dieta
771 2982 868 3020 sunt,
891 2982 1091 3022 sequuntur
1104 2978 1155 3023 hi,
1171 2989 1214 3014 ex
1228 2988 1385 3021 quorum

322 3039 412 3067 voce
438 3030 580 3078 Moyses
610 3033 786 3079 loquitur,
815 3036 860 3070 de
889 3035 969 3082 lege
988 3036 1158 3081 Mosaioa,
1177 3043 1213 3072 et
1228 3038 1382 3076 dicunt:

327 3105 341 3129 ‹
363 3093 497 3141 Legem
513 3095 686 3142 praecepit
700 3095 805 3132 nobis
822 3095 978 3143 Moyses,
996 3099 1246 3136 haereditatem
1263 3101 1384 3138 multi-

323 3156 458 3193 tudinis
473 3155 598 3195 Jacob.
621 3171 634 3193 ι
655 3157 743 3195 Haec
761 3158 859 3195 enim
876 3159 944 3195 fuit
963 3165 1040 3196 tota
1059 3161 1151 3207 legis
1170 3162 1324 3208 utilitas,
1343 3170 1385 3200 ut

319 3217 465 3265 juberet
479 3217 577 3264 Juste
595 3218 731 3264 vivere,
752 3219 969 3267 injustitiam
990 3222 1186 3268 declinare,
1213 3230 1250 3261 et
1268 3226 1383 3261 hoere-

322 3279 475 3317 ditatem
506 3281 636 3319 semini
661 3283 817 3320 Abrahae
837 3284 1109 3331 repromissam,
1133 3286 1288 3322 fideliter
1321 3296 1385 3324 ex-

323 3346 508 3387 spectare3
531 3343 762 3391 sedjubendo
780 3353 854 3382 non
867 3345 979 3383 etiam
1002 3345 1214 3392 adjuvando,
1240 3357 1382 3395 nequa-

323 3411 432 3448 quam
454 3414 475 3439 a
492 3405 652 3450 peccatis
673 3405 904 3452 justificavit3
932 3408 996 3445 sed
1028 3413 1239 3455 peccatores
1271 3409 1383 3446 etiam

322 3466 622 3512 praevaricatores
637 3468 736 3507 fecit.
759 3469 864 3508 Unde
885 3471 1081 3519 Apostolus
1100 3472 1177 3510 ait:
1202 3485 1216 3508 ι
1234 3471 1304 3510 Ubi
1322 3483 1383 3510 au-

322 3530 398 3563 tem
432 3538 504 3566 non
526 3535 581 3567 est
613 3530 687 3577 lex,
709 3541 777 3570 nec
808 3533 1087 3580 praevaricatio;
1110 3546 1123 3570 ι
1153 3538 1191 3571 et
1212 3534 1344 3571 iterum
1365 3546 1377 3572 :

326 3600 341 3624 ‹
359 3586 440 3626 Lex
466 3595 589 3629 autem
622 3592 841 3630 subintravit
856 3621 866 3638 ,
901 3598 942 3631 ut
974 3595 1176 3633 abundaret
1206 3594 1380 3632 delictum

322 3650 442 3700 (Rom.
459 3653 525 3702 ιν).
557 3667 570 3690 ι
600 3653 778 3694 'Videlicet
806 3661 846 3694 ut
862 3657 1145 3705 ‘agnoscentibus
1173 3657 1380 3696 hominibus

323 3712 572 3755 infirmitatem
603 3726 720 3763 suam,
752 3723 790 3756 et
805 3719 852 3756 ob
876 3719 946 3758 hoc
961 3721 1174 3758 mediatoris
1205 3720 1382 3759 auxilium·

324 3776 511 3819 ardentius
519 3776 822 3832 desiderantibus,
829 3781 1148 3825 venientechfisto
1156 3783 1382 3834 ‘superamtffi-
1387 3820 1403 3836 ,

1465 2116 1686 2163 principibus
1716 2119 1851 2165 populi,
1876 2134 1888 2155 i
1929 2120 1966 2156 id
1985 2127 2062 2164 est,
2096 2122 2233 2158 sanctis
2259 2122 2455 2168 apostolis,
2490 2137 2495 2154 ι

1465 2179 1596 2225 quibus
1613 2179 1788 2226 seriptum
1805 2186 1860 2216 est
1880 2193 1888 2216 ι
1928 2193 1940 2215 ε
1959 2182 2167 2220 Constitues
2190 2193 2255 2219 eos
2269 2183 2450 2230 principes
2473 2199 2501 2215 -···

1462 2248 1530 2278 κι·
1557 2250 1702 2276 omnem
1736 2247 1870 2278 terram
1899 2241 2014 2290 (Psal.
2048 2243 2168 2291 xvnt),
2195 2257 2207 2279 )
2236 2254 2318 2281 cum
2358 2244 2493 2281 tribui,

1462 2299 1589 2345 israel,
1619 2302 1809 2347 exquibus
1842 2304 2010 2341 omnibus
2031 2304 2221 2341 innumera
2257 2305 2451 2342 multitudo
2487 2304 2496 2313 ‘
2523 2296 2529 2300 ¹

1463 2359 1647 2398 Christum
1680 2362 1873 2400 Dominum
1895 2365 2060 2401 credidit.
2083 2365 2187 2403 Unde
2205 2370 2242 2402 et
2258 2365 2369 2403 Jacob
2386 2359 2518 2403 du0d⁶

1462 2421 1532 2459 cim
1553 2422 1735 2470 tribubus,
1758 2434 1839 2462 uuae
1853 2430 1960 2461 erant
1974 2426 2009 2461 in
2027 2426 2264 2472 dispersione,
2286 2426 2413 2464 scribit
2433 2426 2468 2464 -E
2481 2441 2495 2458 υ

1461 2483 1604 2522 stolam.
1639 2484 1867 2533 Pulchreque
1881 2487 2064 2533 principes
2080 2488 2200 2534 populi
2217 2489 2330 2534 prius,
2348 2493 2386 2524 et
2393 2488 2512 2526 deind

1462 2545 1578 2582 tribus
1591 2546 1853 2593 congregandae
1861 2548 2139 2594 prophetantur,
2147 2548 2232 2595 quia
2241 2548 2408 2586 videlieet
2413 2549 2467 2595 pr·
2480 2564 2496 2582 tt
2510 2550 2514 2557 ’

1461 2607 1612 2653 apostoli
1627 2608 1672 2644 ad
1690 2607 1797 2645 fidem
1814 2610 1932 2646 vocati
1956 2615 2055 2654 sunt,
2078 2615 2114 2647 et
2132 2615 2259 2657 postea
2276 2621 2343 2658 per
2357 2621 2420 2648 eos
2434 2610 2498 2648 uni

1459 2678 1574 2706 versae
1605 2669 1719 2707 tribus
1749 2670 1911 2711 collecta>
1955 2671 2058 2716 Quod
2086 2678 2127 2709 ut
2145 2673 2440 2720 supradiximus,
2482 2697 2507 2720 ‘.

1458 2735 1560 2777 parte
1587 2730 1624 2767 in
1654 2731 1773 2777 primo
1806 2731 2005 2771 Salvator-is
2034 2734 2191 2771 adventu
2223 2735 2411 2781 impletum
2447 2746 2478 2773 e

1458 2794 1622 2832 Persecte
1651 2801 1773 2833 autem
1800 2796 2020 2844 implebitur,
2059 2809 2143 2835 cum
2169 2797 2274 2844 juxta
2297 2800 2488 2845 apostola.
2522 2806 2525 2807 ⁷

1461 2867 1472 2888 ι
1495 2856 1722 2893 subintrante
1737 2858 1897 2903 gentium
1913 2858 2149 2904 plenitudine,
2169 2859 2287 2895 omnis
2305 2858 2415 2897 Israel
2437 2875 2484 2893 >,.

1455 2927 1520 2953 vus
1539 2917 1733 2965 fict(Rom.
1751 2920 1805 2968 xi)
1844 2934 1858 2956 2
1898 2919 2032 2957 Verum
2067 2921 2151 2967 quia
2174 2926 2279 2967 pater
2293 2922 2445 2970 Augusti
2468 2937 2494 2955 ιι.

1454 2977 1499 3013 de
1514 2978 1582 3014 hae
1595 2979 1723 3015 eadem
1740 2981 1992 3018 bencdictione
2005 2981 2042 3017 in
2061 2980 2155 3018 libro
2171 2981 2415 3027 quaesttonmn
2432 2988 2441 3014 t
2459 3004 2473 3014 ‚⁴

1454 3040 1659 3084 teronomii,
1685 3041 1781 3078 unde
1794 3041 2031 3089 multasupra
2051 3042 2251 3089 posuimus,
2274 3043 2395 3090 aliqua
2423 3054 2453 3090 p
2481 3060 2513 3077 ιτ

1453 3100 1550 3145 tulit,
1570 3101 1649 3138 haec
1664 3101 1700 3137 in
1732 3103 1804 3140 hoc
1822 3104 1903 3144 loeo
1918 3103 2087 3150 ponenda
2103 3114 2186 3141 esse
2209 3105 2429 3143 censuimus.

1453 3164 1539 3210 quia
1580 3163 1819 3210 Septuaginta
1844 3165 2108 3211 ¹,interpretum
2141 3165 2337 3203 editionem
2364 3175 2452 3203 secu
2491 3167 2494 3172 '

1453 3229 1522 3267 est,
1540 3223 1589 3259 ita
1605 3224 1746 3271 incipit.
1775 3238 1788 3260 ι
1811 3226 1897 3263 flaec
1924 3226 2211 3272 estbenedictus
2237 3226 2497 3271 qnaheneuixf

1452 3298 1467 3320 ‹
1496 3286 1639 3333 Moyses
1653 3288 1842 3324 homo-Dei
1858 3287 1953 3325 filios
1969 3285 2094 3329 Istud,
2107 3286 2319 3332 priusquam
2337 3286 2489 3334 dehing.
2509 3333 2513 3339 Ι

1454 3358 1468 3381 r
1498 3352 1614 3383 retur.
1639 3346 2020 3384 ·Etdinit:·1³ominus
2035 3344 2313 3390 exsinavenit,
2335 3346 2413 3383 etil
2463 3377 2506 3388 .,

1453 3419 1469 3443 ι
1496 3416 1543 3445 ex
1576 3406 1658 3444 Scir
1673 3405 1799 3450 nobis3
1829 3405 2017 3443 festinavit
2046 3415 2092 3442 ex
2117 3411 2241 3443 monte
2262 3405 2404 3444 Pharan
2467 3427 2468 3432 ι

1453 3481 1468 3504 ‹
1496 3468 1620 3506 multis
1653 3467 1812 3505 millibus
1834 3468 1964 3505 Gades.
1998 3467 2055 3504 Ad
2082 3468 2271 3506 dexteram
2287 3467 2367 3515 eius
2396 3495 2398 3498 -
2420 3470 2490 3511 ψ’

1455 3542 1468 3566 ι
1497 3540 1580 3568 cum
1597 3530 1658 3575 ω’,
1678 3529 1894 3576 et‘pepercit
1913 3529 2047 3576 populo
2063 3539 2150 3576 suo;
2163 3535 2212 3567 ct
2226 3539 2355 3569 omres
2376 3545 2399 3561 :2
2446 3539 2486 3561 vs-

1455 3605 1469 3628 ι
1497 3591 1696 3630 sscnstisub
1712 3595 1953 3635 matusala&
1969 3596 2007 3628 et
2028 3591 2066 3628 hi
2081 3591 2152 3629 sub
2164 3594 2332 3635 'numu

1454 3669 1470 3692 e
1492 3654 1743 3704 pitdeverbis
1771 3653 1886 3701 ipsius
1902 3653 2032 3701 legem,
2067 3652 2374 3701 qmnandcvit

1454 3729 1470 3754 ε
1489 3717 1636 3765 Moyses
1666 3715 1913 3753 haereditatem
1926 3713 2266 3764 congreg-fiontius
2287 3711 2463 3758 mg.

1453 3777 1566 3820 «serit
1597 3778 1638 3821 in
1668 3778 1802 3819 dilecto
1830 3773 2297 3838 prinecps-mois·
2326 3773 2336 3783 ⁶
2377 3797 2379 3800 ·
2421 3803 2423 3805 ·
2472 3816 2474 3820 ,
