2540 4016
292 239 358 276 555

707 229 748 264 B.
772 221 940 263 RABANt
966 219 1115 259 MAURt
1138 217 1353 256 ARCHIEP.
1381 215 1589 254 MOGUNT.
1616 215 1809 253 OPERUM
1833 212 1955 250 PARS
1981 211 2010 247 1.

2382 211 2454 248 556

291 315 336 350 lia
350 310 526 347 videntur.
549 305 649 342 Unde
661 307 696 338 et
710 297 1165 344 subsequenterdisputare
1185 292 1330 339 legisla-
1347 292 1383 334 A
1399 292 1492 340 gerit
1525 292 1769 339 primitiarum
1805 288 1932 332 futuri«,
1969 287 2033 324 sed
2063 289 2100 322 et
2134 287 2459 327 consummationis

290 381 345 410 tor
360 371 502 407 videtur
519 381 526 404 ε
548 366 640 402 Dicit
658 363 753 399 enim
771 361 848 396 sic:
869 359 921 394 De
939 359 1027 394 ostio
1054 366 1189 403 quoque
1216 354 1332 390 taber-

289 430 405 469 naculi
423 441 491 466 non
516 425 647 463 exibitis
665 427 791 468 septem
820 419 955 454 diebus.
979 417 1124 463 Septem
1141 415 1230 451 cur?
1247 415 1332 461 quia

288 488 580 538 quinquagesima
609 484 683 520 dies
711 479 918 525 septenario
944 485 1098 513 numero
1128 475 1166 512 in
1205 479 1333 512 semet-

288 552 367 597 ipso
385 546 616 591 multiplicato
629 547 665 577 et
680 549 752 576 uno
778 539 811 574 ei
839 537 981 583 adjecto
1003 536 1190 584 perficitur
1209 548 1216 571 ε
1237 535 1332 571 unde

285 616 322 646 et
347 605 654 645 Hebdomadarum
679 610 757 636 eam
787 598 1033 641 festivitatem,
1063 597 1158 643 apud
1186 596 1332 643 Moysen

285 673 367 715 dici,
388 668 616 706 manifestant
635 663 833 710 sequentia.

329 732 393 769 His
411 729 541 766 similia
561 734 596 764 et
614 727 731 762 Lucas
747 723 909 760 tradidit.
930 721 990 758 Ait
1007 722 1102 757 enim
1116 721 1160 756 de
1178 719 1329 756 Domino

284 801 319 831 et
335 790 543 837 discipulis:
574 787 704 831 Quibus
725 792 756 820 ct
774 783 993 831 proesentavit
1011 783 1231 827 semetipsum
1255 783 1331 824 post

283 860 425 891 mortem
444 861 542 887 suam
564 850 602 884 in
625 847 741 883 multis
762 844 974 891 aryumentis
999 853 1060 889 per
1086 842 1158 876 dies
1177 839 1332 886 quadra-

283 916 377 961 yinta
404 920 570 958 apparens
589 909 637 943 eis
667 914 697 942 et
727 906 868 952 loquens
899 904 941 939 de
967 913 1070 948 reyno
1094 900 1175 942 Dei,
1200 905 1230 934 et
1250 908 1332 933 con-

282 985 417 1011 vescens
446 971 604 1019 proecepit
622 970 670 1005 eis
695 969 736 1003 ab
756 964 1009 1011 Hierosolymis
1029 974 1070 998 ne
1100 962 1327 1001 discederent,

280 1035 339 1071 sed
353 1037 587 1080 exspectarent
610 1029 872 1077 promissionem
890 1025 1010 1061 Patris
1029 1023 1121 1069 (Act.
1140 1022 1183 1069 ι).
1204 1019 1331 1056 Cernis

281 1095 458 1142 quomodo
486 1090 734 1130 consecrabat,
767 1087 842 1123 sive
871 1084 1082 1132 perficiebat
1111 1081 1197 1118 eos?
1215 1080 1331 1126 Appa-

281 1167 361 1192 rens
380 1155 427 1190 eis
444 1159 475 1189 et
492 1153 617 1188 docens
640 1150 681 1185 de
701 1159 804 1194 reyno
822 1147 902 1190 Dei,
920 1152 951 1181 et
969 1154 1185 1185 convescens,
1204 1141 1327 1177 dicens

282 1221 401 1251 autem
420 1214 461 1249 ab
482 1210 728 1256 Hierosolymis
754 1219 822 1243 non
851 1206 1039 1248 discedere,
1068 1213 1138 1239 non
1159 1199 1328 1248 praecepit
1347 1202 1378 1241 Β

280 1275 425 1321 januam
456 1271 672 1308 tabernaculi
693 1268 857 1315 progredi
879 1267 933 1303 vel
956 1265 1088 1313 egredi,
1108 1264 1143 1299 id
1165 1267 1232 1305 est,
1255 1270 1328 1296 non

281 1335 454 1383 permittit
469 1332 664 1379 praedicare
685 1339 796 1374 usque
813 1329 895 1364 dum
918 1325 1193 1373 promissionem
1215 1321 1329 1368 Spiri-

282 1403 351 1438 tus,
373 1393 561 1440 quaefacta
593 1396 661 1432 cst,
694 1387 990 1434 quinquagesima
1021 1385 1077 1420 die
1108 1383 1326 1428 acciperent.

280 1457 472 1502 Completis
494 1460 611 1490 autem
630 1454 766 1494 diebus,
785 1452 916 1487 Petrus
933 1460 1015 1485 mox
1036 1447 1329 1495 praedicationem

280 1518 425 1563 incepit,
451 1515 593 1561 quando
615 1519 650 1549 et
675 1513 805 1547 ‹uldila›
835 1517 913 1546 sunt
943 1511 1068 1545 animm
1099 1508 1237 1543 circiter
1260 1506 1330 1541 tria

281 1577 387 1613 millia
407 1575 496 1623 (Act.
517 1574 571 1622 11).
607 1573 666 1609 Sic
698 1578 733 1608 et
766 1573 831 1618 ipsi
852 1582 916 1618 per
950 1570 1090 1615 singula
1119 1568 1329 1603 mandatum

282 1639 347 1673 boc
361 1636 619 1675 custodierunt,
644 1638 680 1668 et
708 1633 865 1668 maxime
885 1632 921 1666 in
939 1630 990 1665 eis
1008 1628 1231 1674 complentur
1251 1635 1330 1671 quae

282 1698 316 1731 in
346 1694 642 1739 subsequentibus
663 1693 854 1726 dicuntur:
894 1689 1120 1724 observantes
1156 1687 1330 1722 custodias

283 1757 436 1799 Domini,
457 1761 579 1790 utnon
609 1752 829 1794 moriamini,·
862 1751 910 1786 sic
938 1751 1028 1785 enim
1057 1749 1143 1784 mihi
1168 1748 1330 1795 proecepit

282 1817 463 1851 Dominus.
488 1813 723 1859 Feceruntquc
739 1812 858 1846 Aaron
877 1817 909 1846 et
926 1811 990 1855 filii
1009 1821 1085 1856 ejus
1110 1815 1235 1844 cuncta
1253 1819 1331 1855 quoe

281 1875 415 1910 locutus
436 1879 486 1908 est
504 1873 674 1908 Dominus
701 1883 761 1918 per
782 1882 925 1906 manum
943 1870 1071 1916 Moysi.
1099 1869 1137 1905 Si
1157 1869 1332 1914 quoeritur

281 1946 344 1971 cur
362 1935 481 1970 Aaron
495 1934 578 1969 filiis
593 1934 667 1969 suis
683 1933 889 1978 conjungat,
909 1932 1115 1966 invenietur
1133 1941 1243 1965 causa
1259 1940 1333 1965 om-

281 1996 364 2031 nino
376 1994 578 2030 necessaria
596 1999 632 2028 et
650 1993 695 2028 ad
710 1993 762 2027 rei
772 1991 1099 2027 considerationem
1114 1995 1330 2035 opportuna.

281 2056 358 2091 Non
369 2055 464 2091 enim
475 2055 574 2088 exire
583 2054 626 2088 de
635 2051 746 2095 janua
755 2051 976 2087 tabernaculi
986 2050 1198 2092 testimonii,
1213 2051 1248 2086 id
1262 2056 1330 2092 est,

282 2125 355 2151 non
374 2114 518 2150 interim
549 2114 734 2148 attrectari
761 2112 1005 2159 evangelicam
1035 2112 1329 2158 praedicationem
1349 2104 1378 2144 C

283 2175 342 2211 his
361 2183 440 2219 quae
456 2178 538 2209 sunt
551 2173 733 2219 praedicta.
752 2172 928 2218 Apparuit
946 2182 1031 2219 ergo
1049 2183 1129 2208 cum
1145 2172 1329 2218 apostolis,

284 2239 321 2270 et
349 2232 514 2268 Christus
540 2243 640 2268 suam
675 2233 825 2278 januam
856 2242 928 2267 non
961 2231 1225 2277 egrediebatur,
1256 2231 1332 2276 ipse

284 2295 461 2340 siquidem
479 2299 557 2329 erat
589 2293 649 2338 qui
678 2298 715 2328 et
745 2292 991 2339 praedicandus
1015 2298 1106 2335 erat,
1138 2297 1174 2327 et
1206 2291 1265 2336 qui
1297 2291 1332 2326 in

284 2354 456 2400 apostolis
486 2354 713 2400 loquebatur,
745 2360 937 2400 propterea
970 2364 1051 2390 cum
1081 2353 1164 2390 filiis
1190 2359 1225 2389 et
1259 2354 1333 2398 ipse

281 2415 403 2450 Aaron
432 2414 636 2450 consecrari
658 2424 721 2450 seu
740 2414 984 2450 consummari
1013 2414 1212 2450 dicebatur.
1247 2412 1333 2456 Quis

283 2476 331 2512 sit
348 2481 469 2510 autem
494 2485 714 2511 consecrans
744 2476 819 2511 sive
849 2485 1115 2518 consummans,
1149 2474 1334 2520 legislator

281 2545 507 2582 nequaquam
525 2535 694 2571 subdidit.
713 2535 773 2570 Ait
786 2536 883 2571 enim
901 2545 909 2570 :
927 2534 1062 2580 Septem
1077 2534 1196 2570 diebus
1211 2535 1334 2580 finitur

283 2597 609 2640 conseci·ati0,sive,
629 2597 823 2632 seeundum
845 2596 1094 2642 Septuaginta,
1114 2606 1334 2631 consumma-

281 2657 328 2692 vit
347 2667 468 2691 manus
486 2663 627 2699 uestras,
650 2657 742 2692 sicut
760 2662 796 2692 et
823 2656 920 2692 fecit.
945 2656 1174 2692 Manifestum
1197 2663 1253 2692 est
1271 2666 1335 2691 au-

282 2718 353 2750 tem
374 2713 467 2759 quod
482 2713 556 2760 ipse
574 2719 653 2748 crat
671 2714 733 2758 qui
753 2713 846 2749 filios
863 2715 1113 2757 consecrabat,
1130 2714 1205 2750 sive
1222 2713 1333 2759 perfi-

284 2774 413 2815 ciebat,
441 2773 501 2818 qui
527 2778 563 2808 et
580 2772 705 2818 pertici
737 2773 773 2807 in
799 2773 852 2809 eis
871 2775 946 2810 sive
969 2774 1175 2810 consecrari
1194 2780 1334 2820 utpote

285 2835 323 2871 in
340 2833 510 2869 membris
525 2833 681 2879 propriis
704 2832 902 2868 dicebatur.

684 2921 835 2959 CAPUT
861 2922 936 2958 XII.

287 2999 338 3034 De
362 2998 431 3043 stne
456 2996 725 3033 consecrationis
750 3002 781 3031 et
813 2996 934 3031 hostiis
965 3007 1026 3043 pro
1059 3008 1096 3032 se
1128 3004 1161 3032 et
1192 2999 1332 3045 populo.
1351 2993 1387 3033 D

336 3073 436 3120 (CAP.
465 3071 534 3119 rx.)
560 3070 670 3107 Facto
687 3076 802 3107 autem
822 3077 940 3107 octauo
958 3071 1029 3115 die,
1048 3073 1177 3107 vocavit
1198 3072 1336 3118 Moyses

288 3136 408 3172 Aaron
426 3139 459 3170 et
474 3132 567 3179 filios
585 3132 676 3179 ejus,
695 3143 736 3167 ac
754 3132 907 3178 majores
930 3138 1015 3168 natu
1035 3131 1165 3177 Israel,
1183 3133 1338 3180 dixitque

289 3195 334 3230 ad
365 3194 512 3229 Aaron:
543 3192 639 3229 Tolle
666 3191 812 3228 uitulum
828 3203 891 3238 pro
918 3198 1072 3238 peccato,
1091 3199 1123 3227 et
1140 3194 1282 3228 arietem
1299 3195 1335 3229 in

288 3253 542 3296 holocaustum,
571 3258 753 3300 utrumque
776 3251 1034 3296 immaculatos,
1056 3258 1089 3287 et
1120 3253 1336 3298 offeresillos

286 3326 407 3351 coram
434 3315 600 3359 Domino,
621 3320 653 3350 et
673 3315 719 3350 ad
747 3313 840 3360 filios
871 3313 984 3350 Israel
1012 3314 1164 3361 loqueris
1182 3323 1195 3348 .·
1214 3314 1337 3350 Tollite

269 3374 424 3416 ,hircum
439 3385 502 3422 pro
516 3363 668 3421 peccato,
693 3381 727 3410 et
742 3373 887 3410 vitulum
915 3379 1019 3422 atque
1043 3385 1171 3422 aynum
1192 3376 1339 3411 annicu-

291 3434 412 3480 lum-ct
438 3433 512 3468 sine
530 3431 686 3476 macula,
705 3432 742 3468 in
767 3431 1023 3476 holocaustum,
1054 3433 1172 3469 bovem
1195 3439 1228 3469 et
1249 3434 1341 3470 arie-

292 3498 362 3528 tem
372 3502 435 3539 pro
453 3493 628 3539 pacificis;
648 3499 680 3529 et
709 3492 886 3529 immolate
910 3503 967 3529 eos
985 3503 1104 3530 coram
1120 3493 1283 3538 Domino,
1303 3494 1341 3530 in

291 3551 465 3596 sacrificio
489 3552 718 3599 sinyulorum,
743 3553 896 3590 similam
915 3554 990 3591 oleo
1017 3565 1238 3602 conspersam
1254 3555 1342 3601 offe-

295 3617 421 3655 rentes,
432 3611 534 3647 hodie
541 3613 633 3648 enim
645 3612 818 3650 Dominus
833 3614 1011 3661 apparebit
1019 3614 1130 3651 vobis.
1147 3614 1220 3661 (Εω,
1229 3613 1342 3662 Hesy-

296 3671 410 3720 chio.)
441 3672 542 3710 Diem
583 3673 678 3710 enim
709 3680 873 3712 octavam
901 3675 1141 3713 Pentecosten
1170 3675 1342 3724 appellat,

299 3732 382 3775 quia
397 3732 610 3775 Pentecoste
626 3736 704 3773 dies
726 3737 853 3791 incidit
871 3737 909 3774 in
925 3738 996 3774 hac
1011 3748 1083 3785 qua
1101 3736 1270 3775 Salvator
1285 3747 1343 3775 re-

301 3793 472 3836 surrexit.
503 3804 583 3840 quae
609 3805 691 3838 esse
715 3802 844 3835 octava
866 3798 1039 3845 ereditur,
1071 3801 1158 3848 quia
1188 3800 1342 3849 figuram

1359 3654 1364 3658 .
1410 3626 1482 3666 tor,
1499 3623 1620 3659 omnis
1638 3623 1924 3661 misericordiam
1943 3624 2188 3662 necessariam
2212 3623 2366 3668 hahens,
2394 3638 2398 3645 ·
2419 3640 2436 3675 ¹.

1396 3679 1468 3718 'nis
1482 3683 1527 3719 ab
1541 3692 1667 3720 errore
1684 3693 1724 3720 se
1755 3722 1758 3726 ,
1784 3689 1968 3728 nvertens,
1993 3685 2030 3721 in
2047 3685 2119 3723 hae
2133 3684 2297 3723 Ecclesia
2322 3699 2347 3716 w
2367 3699 2439 3726 ww.

1400 353 1590 399 praesentis
1605 352 1740 395 saeculi,
1760 350 1821 396 qui
1838 350 1875 385 in
1893 353 2031 394 septem
2055 347 2255 384 revolvitur
2269 348 2410 387 diebus.

1448 414 1643 460 Oportebat
1659 415 1757 451 enim
1774 418 1815 449 ut
1831 413 1868 448 in
1884 421 1955 457 qua
1972 411 2030 447 die
2044 412 2204 448 surrexit
2221 411 2404 459 Christus,
2422 413 2460 452 in

1368 469 1381 480 ⁹
1400 477 1527 513 eadem
1546 481 1583 513 et
1602 475 1759 523 Spiritus
1784 473 1984 511 adveniret.
2013 473 2114 510 Tune
2143 483 2229 521 ergo
2247 475 2372 512 vocari
2388 474 2461 516 Aa-

1400 547 1467 573 ron
1485 542 1522 572 et
1538 537 1631 573 tilios
1655 535 1733 581 ejus
1752 541 1788 572 et
1814 533 1972 579 majores
1988 539 2078 570 natu
2097 533 2209 571 Israel
2225 534 2300 571 ait:
2331 535 2460 573 Eccle-

1400 597 1491 633 siam
1512 597 1776 642 quodammodo
1794 605 1859 641 per
1877 603 2003 630 eorum
2031 595 2093 641 qui
2116 595 2203 632 dicti
2230 601 2315 632 sunt
2346 596 2460 633 aedifi-

1400 666 1487 691 cans
1503 657 1745 692 vocationem.
1763 656 1864 692 Tunc
1879 655 2010 701 quippe
2027 656 2130 701 prius
2148 662 2387 693 convocatum
2404 662 2461 694 est

1399 716 1570 752 Ecclesiae
1588 716 1850 763 spectaculum,
1873 716 1910 751 in
1929 727 1999 762 qua
2019 716 2255 764 intelligibilis
2270 718 2406 761 Aaron,
2423 717 2460 753 id

1399 782 1468 822 est,
1488 777 1654 814 Christus
1671 777 1843 814 sacerdos
1862 786 1942 814 esse
1960 777 2144 821 creditur3
2162 778 2227 814 filii
2242 784 2362 814 autem
2381 778 2461 823 ejus

1401 839 1462 885 qui
1480 839 1644 875 sublimis
1671 845 1756 875 sunt
1780 839 2078 883 conversationis,
2099 843 2136 875 et
2154 839 2235 876 ideo
2265 839 2460 876 sacerdotii

1400 900 1556 936 ministri
1573 905 1610 935 et
1628 904 1883 945 cooperatores
1910 904 2014 943 sunt;
2038 899 2197 945 majores
2217 905 2337 936 autem
2366 905 2458 937 natu

1399 959 1524 1002 Israel,
1556 960 1853 1006 presbyterorum
1873 960 1962 996 ordo
1977 964 2031 995 est
2053 972 2061 994 :
2082 970 2127 995 ex
2147 959 2204 995 his
2230 959 2361 1006 quippe
2379 970 2461 996 cor-

1399 1029 1467 1064 pus
1484 1019 1656 1055 Ecclesiae
1681 1019 1938 1065 componitur;
1965 1019 2029 1055 sed
2052 1019 2174 1054 Aaron
2193 1019 2340 1066 quidem
2357 1029 2462 1056 acce·
2512 1026 2515 1027 ’
2534 1014 2540 1039 ¹

1398 1079 1452 1125 pit
1471 1078 1539 1115 sibi
1562 1079 1713 1115 vitulum
1734 1089 1801 1126 pro
1818 1083 1969 1125 peccato
1989 1084 2028 1115 et
2052 1079 2204 1115 arietem
2232 1079 2270 1115 in
2295 1079 2463 1116 holocau-

1399 1145 1511 1184 stum,
1541 1145 1737 1186 utrumque
1778 1140 2064 1181 immaculatum,
2104 1145 2141 1175 et
2171 1139 2303 1175 obtulit
2338 1149 2462 1176 coram
2510 1162 2512 1167 ·

1397 1200 1565 1237 Domino.
1588 1200 1689 1236 Tunc
1707 1200 1804 1236 enim
1833 1199 2000 1235 Christus
2020 1199 2240 1235 sacrificium
2267 1209 2372 1234 suum
2408 1200 2463 1236 in-

1397 1267 1590 1298 notescere
1622 1259 1755 1306 coepit,
1785 1269 1830 1294 ex
1859 1269 1930 1304 quo
1962 1258 2122 1304 Spiritus
2155 1259 2350 1295 adveniens
2379 1259 2464 1296 Par-

1397 1323 1479 1358 thos
1495 1326 1533 1358 et
1549 1320 1673 1357 Medos
1691 1324 1727 1355 et
1746 1319 1935 1363 mamitus,
1969 1325 2005 1355 et
2024 1319 2187 1355 omnium
2207 1320 2367 1365 gentium
2386 1319 2464 1366 pri-
2508 1330 2525 1363 ,2

1396 1384 1520 1421 mitias
1549 1383 1596 1418 ad
1630 1381 1875 1428 apostolorum
1904 1381 2083 1417 eoenaculi
2111 1381 2298 1427 superiora
2326 1380 2462 1427 colligit

1398 1446 1490 1495 (Act.
1517 1444 1572 1491 11).
1594 1444 1744 1490 Accepit
1765 1448 1883 1479 autem
1917 1447 1954 1478 et
1972 1442 2061 1478 ordo
2090 1442 2266 1485 maiorum
2295 1447 2384 1477 natu
2410 1441 2463 1478 ls-
2518 1447 2519 1450 ’

1398 1508 1489 1551 rael,
1530 1517 1638 1553 quem
1668 1506 1966 1552 presbyterorum
1995 1514 2076 1540 esse
2106 1495 2276 1546 diximus,
2308 1508 2348 1539 ut
2379 1509 2462 1549 pote

1399 1568 1476 1614 ipse
1495 1572 1631 1603 sortem
1652 1572 1688 1602 ct
1709 1566 1861 1612 figuram
1891 1565 2079 1600 doctorum
2110 1573 2238 1609 gerens
2257 1568 2293 1598 et
2322 1562 2366 1598 ad
2398 1563 2463 1599 do-

1399 1630 1534 1665 cendos
1550 1639 1615 1665 nos
1635 1628 1735 1664 utilis
1753 1633 1821 1671 est,
1837 1627 2022 1673 vitamque
2049 1625 2224 1672 perticere
2243 1625 2280 1661 in
2299 1625 2463 1661 Ecclesia

1400 1691 1692 1727 convenientium
1710 1695 1843 1736 potest.
1863 1688 1951 1732 Quae
1971 1693 2091 1723 autem
2108 1692 2191 1723 sunt
2210 1687 2287 1737 htec
2303 1697 2383 1732 quae
2403 1697 2463 1722 ac-

1401 1752 1519 1797 cepit?
1542 1750 1693 1785 Hircum
1714 1761 1775 1797 pro
1795 1755 1949 1796 peccato,
1980 1758 2047 1794 pro
2064 1747 2276 1794 poenitentia
2294 1747 2463 1783 videlicet
2505 1774 2510 1780 .

1401 1814 1633 1855 sacrificium,
1659 1819 1690 1847 et
1708 1811 1856 1847 vitulum
1871 1817 1901 1846 ct
1922 1821 2052 1856 aynum
2079 1808 2284 1844 anniculum
2304 1808 2341 1843 in
2361 1807 2462 1843 Ιιοίο-
2506 1851 2507 1855 ¹

1401 1880 1576 1916 caustum,
1607 1871 1876 1909 immaculatos:
1904 1869 2102 1917 perfectam
2123 1869 2291 1905 videlicet
2317 1874 2352 1904 et
2379 1878 2465 1904 cou-

1402 1939 1619 1969 summatam
1652 1933 1778 1975 vitam,
1810 1932 1887 1967 sive
1920 1930 2251 1973 conversationem,
2286 1939 2366 1975 quae
2397 1939 2464 1975 per

1402 1995 1555 2037 hostias,
1579 1995 1615 2030 id
1645 2000 1714 2037 est,
1735 2004 1800 2040 per
1829 1993 2041 2030 holocausta
2073 1991 2319 2038 significatum
2344 1997 2376 2026 et
2404 1990 2465 2025 bo-

1402 2066 1475 2090 vem
1490 2061 1522 2090 et
1538 2056 1680 2091 arietem
1701 2066 1763 2101 pro
1793 2054 1966 2101 pacificis.
1998 2053 2070 2089 Sed
2103 2058 2139 2089 et
2172 2053 2218 2088 ad
2243 2052 2463 2088 sacrificium

1401 2117 1557 2153 salutare
1578 2118 1797 2152 mediocrem
1815 2115 2144 2158 conversationem,
2166 2124 2245 2160 quae
2263 2119 2384 2150 tamen
2398 2123 2463 2160 po-

1400 2183 1473 2214 test
1490 2178 1628 2213 salvare
1656 2188 1718 2213 eos
1740 2179 1799 2223 qui
1817 2178 1989 2221 offerunt,
2020 2178 2114 2214 sicut
2146 2187 2256 2223 supra
2275 2177 2462 2222 diximus;

1402 2250 1521 2274 coram
1539 2239 1689 2273 Domino
1716 2245 1835 2274 autem
1857 2240 1978 2274 omnia
1996 2240 2167 2285 praecepit
2194 2237 2274 2274 fieri
2293 2250 2301 2272 z
2323 2241 2465 2282 oportet

1402 2299 1532 2344 quippe
1562 2308 1667 2334 omne
1687 2298 1833 2334 virtutis
1853 2309 1943 2345 opus
1960 2305 1998 2334 ut
2015 2304 2101 2345 pote
2119 2298 2264 2335 vidente
2284 2297 2360 2334 Deo
2385 2307 2465 2343 per-

1402 2359 1479 2405 agi,
1509 2364 1545 2395 et
1567 2369 1637 2395 non
1659 2359 1842 2405 corrumpi
1870 2369 1987 2405 neque
2004 2360 2139 2402 vitiari,
2160 2369 2244 2395 cum
2262 2358 2464 2404 permisce·
2497 2369 2504 2375 ·

1402 2431 1482 2456 mus
1498 2420 1529 2455 ei
1545 2420 1764 2456 voluntatem
1780 2426 1962 2463 nostram3
1983 2420 2204 2456 sacrificium
2226 2419 2354 2455 similae
2375 2428 2463 2454 con·
2498 2427 2506 2454 A

1402 2490 1537 2526 spersae
1551 2481 1644 2522 oleo,
1662 2479 1893 2525 theologiam,
1914 2489 1996 2514 cum
2014 2479 2256 2524 eleemosyna.
2277 2477 2353 2513 Hoc
2367 2478 2466 2513 enim

1400 2541 1572 2587 praedicta
1597 2541 1776 2577 sacrificia
1791 2540 1974 2576 subtiliter
1992 2539 2097 2575 nobis
2117 2539 2202 2574 olim
2231 2538 2394 2574 discussa
2409 2537 2466 2573 in-

1401 2606 1610 2637 notuerunt.
1633 2601 1725 2644 Quid
1743 2606 1863 2636 autem
1879 2600 1940 2636 hic
1962 2609 2061 2635 nunc
2081 2598 2267 2634 subdidit?
2287 2596 2381 2640 Quia
2397 2597 2464 2632 Ιιο-
2487 2621 2491 2629 .

1402 2663 1457 2698 die
1478 2662 1649 2698 Dominus
1679 2662 1859 2708 apparebit
1890 2662 2002 2697 vobis.
2029 2661 2106 2697 Hoc
2124 2660 2308 2697 conclusio
2327 2666 2365 2696 et
2380 2669 2466 2706 pro-
2490 2655 2493 2707 j

1402 2724 1502 2759 batio
1522 2728 1591 2766 est,
1619 2723 1703 2769 quia
1723 2723 1766 2759 de
1786 2722 2004 2758 Pentecoste
2022 2721 2196 2768 praedicta
2226 2721 2347 2757 omnia
2364 2720 2465 2756 diee—
2487 2734 2498 2741 *-

1402 2783 1554 2824 bantur;
1577 2783 1613 2818 in
1631 2792 1671 2818 ea
1691 2783 1787 2818 enim
1804 2783 1842 2817 in
1860 2782 1914 2818 eis
1928 2782 2096 2828 apparuit
2106 2781 2294 2823 Dominus,
2308 2779 2465 2826 Spiritus
2494 2790 2503 2830 j

1401 2843 1568 2878 videlicet
1585 2842 1628 2877 de
1652 2852 1724 2887 quo
1737 2841 1871 2877 Paulus
1887 2842 2031 2878 dicebat
2047 2854 2055 2877 :
2074 2842 2244 2877 Dominus
2262 2845 2378 2877 autem
2394 2839 2467 2886 spt'-
2483 2860 2503 2893 ,'

1404 2904 1493 2939 ritus
1520 2910 1584 2938 est.
1607 2903 1793 2946 Quomodo
1815 2908 1935 2939 autem
1957 2904 2125 2951 apparuit
2150 2903 2187 2939 in
2216 2903 2269 2940 eis
2285 2901 2376 2939 dixit
2393 2901 2466 2937 Lu·
2492 2950 2494 2953 v

1405 2973 1492 2999 eas:
1524 2963 1618 2999 Visoe
1649 2970 1729 2999 sunt
1749 2965 1798 2999 eis
1815 2964 2010 3011 dispartitoe
2035 2965 2165 3011 linyuoe
2191 2964 2284 3000 sicut
2313 2963 2404 3010 iynis
2431 2953 2502 2999 σε·

1404 3023 1568 3059 sederunt
1584 3035 1687 3070 super
1698 3024 1852 3070 sinyulos
1867 3036 1988 3060 eorum
2007 3025 2100 3073 (Act.
2121 3025 2178 3073 11).

1456 3083 1624 3120 Tulerunt
1641 3095 1721 3131 erqo
1741 3091 1866 3122 cuncta
1891 3097 1969 3132 quae
1982 3086 2140 3132 jusserat
2158 3085 2314 3134 Moyses,
2342 3085 2389 3120 ad
2409 3094 2466 3121 oe·

1409 3144 1494 3178 tium
1514 3143 1748 3187 tabernaculi,
1767 3144 1827 3180 ubi
1857 3155 1936 3180 cum
1967 3146 2080 3182 omnis
2116 3151 2224 3182 staret
2258 3143 2463 3181 multitudo.

1407 3202 1543 3248 Aperte
1569 3203 1629 3239 hic
1644 3203 1844 3240 Ecclesiam
1869 3205 2049 3251 exposuit,
2076 3206 2123 3241 ad
2149 3207 2276 3243 ostium
2297 3205 2464 3242 taberna-

1410 3261 1479 3297 culi
1492 3273 1504 3305 ;
1519 3262 1591 3304 vel,
1607 3263 1701 3298 sicut
1719 3262 1970 3309 Septuaginta,
1987 3271 2068 3300 ante
2084 3265 2350 3302 tabernaculum
2365 3265 2465 3302 testi-

1406 3322 1528 3364 monii,
1547 3320 1718 3358 videlicet
1734 3322 1832 3365 coeli,
1852 3323 1883 3358 si
1897 3324 1993 3359 enim
2007 3323 2168 3360 Ecclesia
2184 3325 2387 3372 frequentia
2406 3335 2447 3362 es
2459 3341 2469 3360 -,

1408 3379 1617 3426 angelorum
1642 3381 1908 3427 primitivorum
1936 3382 1998 3428 qui
2017 3382 2142 3428 scripti
2162 3387 2247 3418 sunt
2273 3384 2311 3419 in
2344 3383 2464 3421 coelis

1409 3447 1494 3478 ante
1524 3441 1797 3479 tabernaculum
1823 3443 2036 3488 testimonii,
2069 3445 2106 3480 id
2122 3450 2192 3488 est,
2218 3449 2302 3481 ante
2330 3445 2455 3482 facie

1409 3501 1506 3538 coeli.
1525 3501 1587 3539 Sic
1601 3502 1698 3539 enim
1723 3509 1760 3542 et
1786 3502 1916 3550 Aquila
1946 3510 2026 3540 ante
2059 3504 2183 3551 [aciem
2204 3505 2451 3552 interprete-v

1409 3567 1492 3598 est:
1512 3563 1632 3600 omnis
1654 3564 1786 3611 quippe
1805 3564 1962 3601 contrita
1983 3565 2104 3601 anima
2129 3570 2166 3602 et
2194 3565 2315 3603 omnis
2342 3581 2346 3597 ι
2364 3581 2370 3597 ’.
2386 3581 2422 3597 ν
2445 3596 2452 3600 .

1411 3747 1538 3790 Βθωΐὶ
1556 3753 1629 3780 non
1653 3743 1709 3785 eol
1794 3754 1859 3782 eos
1888 3745 1952 3792 qui
1974 3747 2019 3783 de
2041 3746 2174 3795 plateis
2200 3744 2353 3794 etnicis

1412 3803 1476 3843 sed
1501 3809 1538 3841 et
1553 3812 1617 3840 eos
1634 3802 1760 3851 quide
1787 3803 1857 3843 viis
1881 3809 1919 3842 et
1937 3804 1983 3848 de
2009 3800 2423 3861 sepibusfweu‘fi'lt

1989 3956 2029 3980 Ᾰ
