2540 4016
283 189 347 228 ¹31

281 261 447 312 quoniam
463 257 514 294 ita
530 253 668 302 positus
687 254 742 286 est
759 248 795 284 in
819 241 1063 288 descriptione
1082 238 1318 276 calamorum,

281 329 320 360 ut
339 321 395 358 bis
413 319 451 354 iu
469 322 592 353 ternos
611 310 802 349 dividatur,
823 304 938 350 magis
961 302 1005 339 de
1021 299 1178 337 ternario
1194 296 1319 332 dicen-

281 382 378 418 dum.
396 377 486 413 Tres
505 381 659 418 namque
677 365 802 404 calami
821 363 866 399 de
883 372 956 398 uno
974 360 1090 395 latere
1109 355 1266 398 hastilis,
1283 358 1322 390 et

280 447 356 477 tres
382 436 612 486 egrediuntur
642 431 684 466 de
714 427 840 466 altero.
858 423 941 469 quia
983 421 1130 456 fuorunt
1159 417 1323 453 doctores

279 504 365 536 ante
386 496 574 533 adventum
601 485 736 525 Domini
758 485 794 519 in
821 491 941 523 carne,
961 479 1022 525 qui
1056 478 1164 514 fidem
1191 479 1324 511 sanetae

282 555 470 594 Trinitatis
488 550 636 598 mystica
651 554 737 582 voce
757 542 1004 588 designarent,
1019 544 1057 574 et
1071 542 1247 583 quantum
1271 545 1327 569 ru-

281 618 346 654 des
365 616 480 652 adhuc
509 619 636 656 capere
667 609 848 652 poterant,
866 601 1118 648 praedicarent.
1154 596 1254 633 Unde
1273 598 1328 629 est

282 677 368 714 illud
388 672 583 712 psalmistan
608 681 615 703 :
643 665 753 702 Verbo
770 661 912 699 Domini
922 659 996 696 coeli
1015 657 1147 704 firmati
1168 661 1248 691 sunt
1265 663 1276 688 .·
1295 658 1326 688 et

281 740 404 787 spiritu
431 736 500 772 oris
531 734 606 780 ejus
629 730 739 766 onmis
766 729 876 764 virtus
905 735 1025 760 eorum
1055 720 1171 769 (Psal.
1196 718 1326 764 xxxii).

283 801 374 838 Sunt
387 796 492 835 modo
510 796 689 834 doctores,
716 790 776 837 qui
794 786 955 824 eamdem
973 785 1078 820 tidem
1105 786 1239 818 sancta:
1254 778 1330 814 Tri-

283 858 405 896 nitatis
421 861 543 902 aperte
562 851 771 899 praedicent,
792 848 839 883 ita
868 852 908 880 ut
942 853 1068 879 omncs
1084 840 1144 887 qui
1167 840 1212 875 ad
1230 837 1333 874 Chri-

285 925 379 956 stum
395 915 588 963 pertinent,
607 911 731 948 eadem
763 909 918 944 debeant
949 904 1019 940 fide
1039 899 1259 941 consecrari,
1279 897 1333 934 di-

287 983 391 1015 cente
411 973 579 1022 apostolis
597 969 750 1007 Domino
772 980 780 1003 :
807 966 939 1002 Eumes
960 974 1056 1009 erqo,
1081 961 1199 995 docete
1214 967 1332 993 omnes

286 1044 414 1085 gentes,
432 1034 642 1081 baptizantes
660 1041 717 1067 eos
742 1030 778 1064 ιἰι
807 1027 944 1062 nomine
966 1022 1097 1063 Patris,
1117 1026 1147 1055 et
1175 1017 1272 1060 Filii,
1301 1021 1333 1052 et

288 1098 438 1146 Spiritus
457 1094 568 1131 sancti
600 1091 742 1139 (ΜαιιΙι.
774 1086 870 1133 utu).
903 1085 992 1120 ltem
1025 1088 1098 1117 tres
1135 1077 1262 1116 calami
1289 1086 1333 1113 ex

288 1169 362 1195 ι1110
385 1158 498 1193 Ῑθῑθΐθ
530 1151 751 1194 ὓῑῑῐὶῦθῑῑὼΐῑ,
765 1156 800 1186 et
822 1155 895 1184 U'CS
923 1144 1101 1192 prodeunt
1132 1151 1176 1177 ex
1207 1139 1333 1180 altero,
1354 1128 1386 1168 Β
1405 1138 1610 1175 nullatenus
1625 1134 1746 1171 valeat
1758 1129 1931 1178 perspici,
1953 1127 2066 1163 donec
2080 1123 2198 1160 soluto
2216 1119 2382 1167 corporis
2399 1118 2462 1154 do-

291 1219 375 1266 quia
395 1222 431 1254 ct
449 1222 530 1252 ante
546 1220 582 1251 et
598 1219 679 1261 post
697 1209 980 1248 incarnationem
1006 1203 1226 1241 Dominicam
1243 1200 1337 1236 terni

293 1279 394 1317 suere
414 1277 546 1324 gradus
564 1284 688 1311 eorum
708 1272 767 1319 qui
793 1270 943 1306 fideliter
963 1268 998 1303 in
1017 1264 1177 1302 Ecclesia
1194 1263 1339 1299 domino

295 1339 518 1376 deservirent
539 1334 837 1380 :conjugatorum
870 1327 1048 1368 videlicet,
1080 1323 1339 1361 continentium

294 1407 331 1436 et
346 1405 543 1439 rectorum;
567 1404 718 1441 quorum
736 1389 942 1427 distantiam
974 1385 1140 1423 Ezechiel
1165 1383 1341 1430 propheta

295 1463 445 1510 mystice
468 1458 655 1499 describit,
679 1466 759 1491 eum
781 1453 946 1489 veniente
969 1450 1152 1496 plagarum
1175 1444 1341 1488 articulo,

296 1531 370 1560 tres
389 1528 525 1559 tantum
541 1520 650 1560 viros,
670 1516 744 1552 Noc
763 1514 948 1554 videlicet,
967 1509 1090 1546 Daniel
1104 1514 1140 1544 et
1157 1506 1238 1550 Ι101),
1254 1506 1343 1542 libe-

296 1586 428 1622 ranllos
450 1593 526 1619 esse
545 1579 721 1627 pra-dixit.
747 1577 785 1613 ln
808 1576 882 1612 Noe
906 1583 1060 1618 namque
1083 1571 1142 1617 qui
1167 1579 1290 1606 arcam
1307 1567 1345 1604 in

297 1646 404 1681 undis
423 1644 529 1686 rexit,
559 1640 769 1687 proepositos
791 1636 979 1677 Ecclesiam
1001 1634 1036 1669 in
1066 1631 1210 1668 Daniele
1228 1630 1288 1676 qui
1309 1629 1346 1664 in

302 1705 382 1741 aula
421 1703 517 1749 regia
556 1700 782 1737 continenter
803 1697 923 1732 vivere
949 1694 1099 1736 studuit,
1122 1691 1348 1728 continentes

304 1766 380 1802 sive
398 1763 576 1809 virginem
602 1760 637 1795 in
661 1757 727 1794 Job
752 1757 811 1803 qui
839 1756 873 1791 in
909 1753 1085 1800 conjugali
1119 1753 1192 1787 vita
1213 1751 1350 1796 positus

303 1821 505 1861 mirandum
524 1819 664 1856 cunctis
683 1817 865 1862 exemplar
889 1815 1071 1861 patientia:
1092 1812 1261 1859 praebuit,
1282 1811 1348 1846 bo-

304 1893 430 1919 norum
440 1882 548 1917 vitam
568 1879 840 1925 conjugatorum
856 1876 1024 1912 ostendit.
1036 1875 1125 1910 ltcm
1142 1871 1351 1909 eorumdem

305 1945 340 1979 in
369 1943 465 1978 Novo
483 1941 715 1976 Testamento
741 1937 948 1973 distantiam
970 1934 1142 1970 Dominus
1156 1933 1221 1968 sub
1239 1931 1353 1977 figura

305 2004 474 2044 insinuat,
502 2011 626 2038 eorum
641 1999 701 2046 qui
724 1998 759 2033 in
779 1997 887 2039 lecto,
908 1996 943 2031 in
962 2005 1065 2041 agro,
1084 1994 1121 2028 in
1139 1992 1234 2028 mola
1252 2000 1355 2036 repc-

703 173 744 209 B.
771 165 940 207 naam
965 146 1112 200 nsum
1133 153 1346 196 anemae.
1372 149 1580 191 uocum.
1605 144 1796 188 omnum
1823 140 1944 182 rans
1968 139 1996 177 1.

1337 232 1374 274 A
1389 237 1445 270 sto
1462 231 1649 267 adhaerere
1677 223 1875 267 curaverit,
1898 224 2000 257 tanto
2027 213 2182 254 vicinior
2211 211 2251 250 in
2270 209 2332 248 illa
2349 209 2439 254 vita,

1389 292 1467 339 ejus
1485 290 1626 327 visione
1643 286 1797 323 fruetur.

1391 411 1505 460 gulos,
1522 406 1774 456 sphoeruloeque
1805 401 1910 438 simut
1939 406 1972 436 et
1992 397 2095 440 titia‚·
2125 401 2159 431 et
2183 400 2252 430 tres
2281 389 2458 428 similiter-

1392 458 1512 519 εοῂρΙιί
1535 471 1650 505 instar
1684 466 1783 502 nucis
1817 463 1856 499 in
1875 462 2013 497 calamo
2045 457 2170 499 altero,
2192 450 2446 507 sphoeruloeqye

1393 539 1425 568 et
1450 530 1540 566 titia.
1562 528 1639 564 Hoc
1658 527 1722 562 erit
1742 536 1828 572 opus
1842 534 1902 559 sea:
1915 521 2147 561 calamorum,
2161 515 2219 564 qui
2233 508 2449 562 producendi

1395 596 1475 626 sunt
1495 589 1538 624 de
1558 586 1693 622 hastili.
1714 584 1849 620 Nucem
1876 582 1913 617 in
1938 580 2053 626 ligura
2072 575 2264 624 praesentis
2278 571 2451 609 Ecclesiae

1394 650 1480 698 poni
1498 648 1628 689 solere,
1657 650 1810 682 testatur
1829 642 2020 684 Salomon,
2049 639 2110 686 qui
2138 647 2183 674 ex
2207 643 2362 683 persona
2387 632 2452 669 do-

1398 772 1470 807 tieo
1484 769 1709 807 canticorum
1723 792 1733 808 ,
1754 763 1800 799 ad
1818 764 1957 798 hortum
1970 770 2111 801 nucum,
2129 763 2166 792 ut
2180 755 2333 792 viderem
2349 763 2455 800 poma

2369 128 2440 166 152
2493 158 2495 163 .

1439 348 1523 386 Tres
1540 347 1660 394 scyphi
1675 343 1777 392 quasi
1792 343 1830 378 in
1844 339 1943 377 nucis
1958 336 2101 374 modum
2119 343 2181 382 per
2197 330 2352 368 calamos
2365 329 2442 366 sin-
2508 328 2521 370 ζ

1398 716 1540 747 ctorum
1560 706 1720 743 fidelium
1743 703 1904 748 loquitur
1925 712 1935 736 t
1957 697 2142 740 Descendi,
2163 697 2289 732 dicens
2303 694 2340 730 in
2359 693 2454 730 Can-

1399 829 1607 868 convallium
1628 826 1747 875 (Cant.
1766 822 1946 871 vt).Sicut
1957 819 2053 856 enim
2070 815 2292 864 nu12duleem
2309 812 2455 860 quidem

1399 892 1510 929 habet
1528 890 1684 926 fructum
1700 885 1868 926 interius,
1891 881 1953 918 sed
1974 890 2047 916 non
2078 879 2176 915 hune
2197 874 2389 913 ostendere
2403 872 2458 909 i'o-

1401 954 1468 998 ris,
1501 953 1570 989 nisi
1592 951 1707 986 fracta
1739 953 1840 984 testae
1872 943 2006 981 duritia
2035 944 2167 988 potest,
2195 939 2249 975 sie
2275 936 2457 982 justorum

1401 1016 1475 1053 vita
1495 1023 1673 1061 praesens,
1693 1012 1745 1048 ita
1777 1007 1994 1046 suavitatem
2030 1003 2155 1051 gratiae
2173 997 2372 1047 spiritualis
2402 997 2460 1034 in-

1403 1077 1491 1113 timo
1509 1075 1617 1112 corde
1634 1075 1838 1112 conservat,
1860 1073 1900 1103 ut
1922 1067 1999 1102 haee
2018 1075 2036 1100 a
2058 1062 2231 1111 proximis
2246 1064 2381 1106 quauta
2398 1058 2460 1099 sit,
2532 1065 2540 1103 ι

2532 942 2540 973 ..ι
2531 758 2540 927 -.----.-
2532 629 2540 743 -.—.—..

1405 1199 1552 1241 micilio‚
1585 1196 1699 1232 libere
1738 1202 1777 1229 se
1810 1191 1939 1226 anima:
1975 1187 2135 1232 ipsorum
2173 1182 2404 1221 alterutrum,
2425 1178 2463 1214 in

1406 1259 1546 1298 coelesti
1566 1258 1646 1293 luce
1674 1252 1925 1298 conspiciaut;
1962 1253 1999 1284 et
2024 1250 2158 1293 quanta
2182 1241 2332 1289 singulae
2348 1237 2466 1286 gratia

1406 1320 1523 1359 sancti
1545 1317 1703 1365 Spiritus
1723 1314 1896 1360 fulgeant,
1929 1315 2106 1356 quantum
2138 1311 2364 1348 unaquaeque
2385 1299 2467 1335 dili-

1409 1388 1514 1430 gatur
1531 1381 1577 1416 ab
1600 1379 1732 1419 altera,
1760 1374 1851 1411 nulli
1878 1381 2028 1420 prorsus
2063 1370 2251 1404 remaneat
2270 1362 2465 1401 oecultum.
2528 1359 2540 1404 ξ

1407 1444 1589 1488 Fiuntque
1608 1438 1732 1486 scyphi
1745 1438 1780 1473 in
1798 1434 2019 1473 candelabro
2035 1431 2077 1467 ad
2089 1430 2193 1466 nucis
2209 1426 2367 1465 niodum,
2385 1433 2468 1460 cum
2535 1424 2540 1433 ¹

1410 1503 1561 1550 quilibet
1580 1500 1684 1538 electi
1713 1499 1797 1534 vino
1830 1493 2017 1541 sapientiae
2045 1489 2177 1537 repleri
2206 1485 2470 1526 desiderantes,
2536 1516 2540 1517 ⁷

1413 1566 1457 1601 ad
1473 1563 1677 1610 exemplum
1699 1570 1780 1597 sese
1795 1557 1994 1594 informare
2010 1556 2179 1598 satagunt
2191 1545 2472 1596 praeeedentium

1410 1626 1604 1672 justorum,
1631 1633 1723 1670 quos
1737 1629 1869 1668 magna
1900 1614 2135 1654 invisibilium
2154 1612 2332 1648 bonorum
2353 1606 2476 1643 dulce-

1416 1688 1499 1724 dine
1521 1697 1563 1723 ac
1587 1685 1781 1722 dilectione
1802 1681 1928 1728 plenos
1960 1687 2040 1714 esse
2075 1678 2266 1712 noverunt.
2282 1670 2385 1715 Quod
2413 1679 2477 1704 au-

1417 1756 1490 1786 tem
1510 1759 1576 1794 per
1607 1745 1768 1793 singulos
1790 1743 1949 1779 calamos
1975 1745 2049 1775 tres
2067 1736 2168 1772 suere
2196 1732 2338 1780 scyphi,
2361 1730 2477 1777 sphae-

1418 1811 1506 1847 rulae
1525 1814 1561 1845 et
1580 1808 1670 1850 lilia,
1687 1804 1868 1853 significat
1886 1810 2009 1838 ternas
2025 1805 2227 1844 temporum
2239 1793 2478 1835 differentias,

1421 1870 1554 1916 quibus
1590 1866 1711 1908 electi,
1741 1869 1777 1900 et
1811 1868 1895 1898 ante
1931 1858 2219 1896 incarnationem
2238 1853 2479 1894 Dominicam,

1423 1935 1461 1964 et
1497 1932 1622 1974 postea
1657 1925 1732 1960 Deo
1765 1923 1891 1958 devote
1922 1921 2106 1955 vixerunt.
2141 1916 2304 1952 Fuerunt
2345 1911 2482 1949 etenim

2529 1109 2540 1277 .-—.-.-n...-
2537 1037 2540 1049 -
2535 1011 2540 1019 ,

1421 1986 1509 2031 iusti
1526 1989 1608 2020 ante
1626 1983 1764 2030 legem;
1782 1980 1927 2017 suerunt
1940 1978 2006 2015 sub
2028 1977 2127 2023 lege;
2148 1975 2295 2010 suerunt
2312 1971 2484 2018 tempori·
2527 2007 2533 2011 ,

309 2064 426 2100 riendi
446 2067 530 2098 sunt
559 2061 595 2096 in
615 2060 673 2094 die
691 2058 814 2104 judicii
837 2069 844 2091 :
868 2066 887 2091 e
907 2055 1037 2101 quibus
1059 2053 1218 2099 singulos
1253 2061 1356 2087 assu-
1376 2034 1405 2075 C
1426 2048 1493 2083 bus
1519 2046 1779 2093 prophetarum
1800 2052 1809 2077 :
1829 2042 1914 2077 item
1940 2045 2021 2086 post
2032 2037 2291 2074 »ascensionem
2324 2031 2486 2070 Domini·
2534 2027 2540 2046 ³

1428 2118 1508 2145 cam
1544 2109 1763 2153 congregata
1797 2108 1852 2139 est
1879 2101 2042 2138 Ecclesia
2071 2098 2256 2146 primitiva
2284 2097 2328 2133 de
2357 2093 2483 2131 lsrael.
2526 2131 2535 2144 ξ

1427 2168 1674 2215 Congregatur
1709 2174 1806 2201 nunc
1840 2162 2001 2198 Ecclesia
2035 2160 2079 2196 de
2108 2157 2304 2205 gentibus:
2331 2163 2487 2201 congre-
2524 2159 2540 2195 ξ

1429 2228 1546 2276 ganda
1566 2231 1622 2262 est
1645 2226 1680 2261 in
1704 2224 1774 2260 line
1800 2222 1939 2265 mundi,
1960 2221 2003 2256 de
2027 2218 2189 2265 reliquiis
2219 2216 2346 2253 lsrael.
2367 2214 2488 2251 Habe-
2523 2225 2540 2264 2

1428 2290 1492 2326 bat
1514 2297 1600 2334 ergo
1616 2286 1777 2322 calamus
1791 2284 1929 2330 primus
1949 2282 1985 2317 in
2004 2291 2076 2317 uno
2093 2280 2206 2316 latere
2220 2283 2294 2314 tres
2313 2275 2491 2324 scyphos.‚
2522 2279 2540 2343 Σ

312 2124 476 2164 tuendos,
496 2127 533 2157 et
549 2119 706 2166 singulos
726 2118 813 2154 dicit
838 2127 916 2153 esse
941 2114 1195 2161 relinquendos
1214 2112 1356 2159 (Manli.

311 2182 425 2228 xxiv.)
442 2181 531 2216 Nam
549 2180 583 2215 in
602 2179 694 2214 lecto
723 2177 824 2224 quies
852 2175 1128 2216 continentium,
1151 2173 1186 2209 in
1207 2171 1360 2219 agricul-

313 2249 394 2278 tura
427 2240 597 2277 industria
623 2237 918 2284 praedicantium,
949 2236 983 2271 in
1007 2245 1095 2282 gyro
1125 2234 1227 2270 molae
1261 2233 1362 2269 labor

314 2303 527 2349 exprimitur
553 2299 835 2345 conjugatorum.
866 2297 909 2332 Et
934 2296 1017 2342 quia
1044 2296 1080 2330 in
1110 2294 1276 2338 omnibus
1306 2293 1363 2328 his

316 2364 486 2410 gradibus
502 2362 645 2408 quidam
665 2359 830 2406 eligendi,
854 2358 999 2404 quidam
1026 2366 1110 2392 vero
1136 2361 1220 2392 sunt
1243 2364 1365 2400 repro-

316 2425 439 2467 bandi,
459 2429 555 2459 recte
570 2423 614 2458 de
633 2421 780 2468 singulis
813 2420 957 2462 dicitur,
978 2418 1063 2464 quia
1090 2427 1182 2453 unus
1212 2417 1255 2452 de
1275 2415 1365 2450 duo-

316 2486 383 2520 bus
417 2489 640 2524 assumetur,
662 2488 698 2518 et
724 2481 815 2516 alter
836 2480 1070 2525 relinquetur.
1099 2478 1189 2521 Quia
1212 2487 1296 2511 vero
1330 2476 1365 2510 in

318 2551 421 2592 parte
448 2544 643 2580 electorum
671 2541 859 2578 sublimius
892 2546 946 2575 est
973 2539 1139 2574 meritum
1171 2536 1366 2583 praedican-

319 2606 422 2648 tium,
440 2616 546 2652 quam
570 2614 692 2641 eorum
725 2603 785 2649 qui
813 2601 1036 2638 solummodo
1060 2598 1305 2639 continentiae,
1330 2601 1367 2632 et

322 2665 520 2702 nouetiam
545 2665 645 2710 operi
673 2663 846 2699 doctrinm
878 2661 1034 2702 student,
1068 2660 1153 2695 item
1180 2657 1367 2694 sublimior

325 2723 585 2760 continentium
602 2733 710 2768 quam
727 2721 996 2766 conjugatorum
1015 2719 1254 2761 conversatio,
1271 2723 1368 2754 recte

329 2783 487 2829 supremi
507 2781 634 2818 calami
658 2781 718 2826 qui
738 2781 821 2815 binc
837 2786 874 2814 et
891 2780 972 2814 inde
991 2780 1034 2815 de
1058 2779 1179 2815 hastili
1197 2778 1370 2825 procede-

328 2843 431 2886 bant,
445 2852 508 2878 eos
527 2841 640 2888 quiin
663 2846 815 2884 utroque
838 2838 1066 2873 Testamento
1099 2839 1191 2874 inter
1219 2839 1371 2874 virtutes

331 2902 432 2942 alias,
458 2901 630 2937 doctrinm
664 2899 792 2935 studiis
819 2909 896 2935 sese
922 2897 1134 2940 subdidere,
1168 2897 1369 2944 designant.

331 2959 443 2995 Recte
459 2958 648 2994 inferiores
678 2957 820 2998 calami,
845 2958 905 3003 qui
924 2967 965 2992 cx
986 2962 1138 3002 utroque
1164 2957 1304 2992 hastilis
1323 2957 1374 2991 la-

307 3026 411 3068 ⁸tere
439 3016 629 3063 prodeunt,
658 3018 766 3052 vitam
792 3016 1052 3053 continentium
1089 3015 1163 3051 Deo
1195 3016 1373 3051 devotam.

310 3117 312 3123 k
335 3078 450 3114 Recte
470 3077 582 3113 intimi
601 3076 744 3119 calami,
762 3082 799 3111 et
815 3076 881 3122 ipsi
900 3086 943 3111 ex
974 3075 1098 3111 eodem
1130 3075 1234 3110 unius
1247 3075 1378 3110 cande-

335 3137 427 3175 labri
457 3137 577 3182 stipite
605 3135 698 3176 orti,
733 3135 909 3170 bonorum
944 3133 1055 3170 vitam
1093 3134 1299 3180 conjugum,
1340 3133 1376 3169 in

334 3198 523 3244 utriusque
548 3194 767 3232 Testamenti
795 3200 974 3240 tempore,
998 3194 1060 3229 uni
1097 3193 1285 3239 eidemque
1312 3193 1380 3229 Do-

336 3257 435 3294 mino
462 3255 615 3293 fideliter
638 3254 852 3291 servientem
866 3280 876 3297 ,
898 3253 1015 3300 typice
1045 3252 1305 3288 demonstrant.
1323 3253 1382 3288 Di·

336 3317 452 3355 versis
466 3327 551 3364 ergo
575 3315 664 3354 locis
682 3314 811 3353 calami
830 3314 1030 3361 procedunt
1063 3314 1107 3350 de
1140 3313 1260 3350 hastili
1290 3325 1298 3348 ;
1319 3313 1380 3359 qui

338 3382 460 3414 tamen
485 3386 612 3414 omnes
633 3386 699 3414 suo
717 3376 850 3423 quique
874 3373 953 3411 loeo
980 3378 1018 3410 et
1042 3373 1167 3410 ordine
1191 3371 1314 3409 reflexi
1346 3373 1382 3408 in

341 3437 451 3474 altum
482 3437 527 3474 ad
562 3447 671 3474 unam
693 3435 910 3484 perveniunt
933 3434 1191 3476 summitatem,
1207 3439 1385 3479 quatenus

344 3496 515 3542 aqualem
534 3507 641 3544 supra
660 3506 700 3534 se
736 3495 951 3544 positionem
980 3494 1210 3532 lucernarum
1240 3493 1386 3530 valcant

345 3564 573 3592 conservare.
598 3554 689 3600 Quia
712 3555 881 3592 nimirum
910 3554 1015 3592 electi
1051 3559 1089 3592 et
1120 3553 1151 3591 si
1173 3553 1386 3590 meritorum

347 3619 433 3653 sunt
455 3613 808 3673 gradibusttiscreti,
840 3625 914 3652 una
938 3620 1024 3653 sunt
1044 3613 1114 3652 nde
1136 3613 1303 3651 veritaris
1318 3613 1388 3650 im-

348 3672 443 3719 buti,
465 3672 510 3711 ad
525 3683 632 3711 unam
645 3674 683 3711 in
695 3674 797 3713 eoelis
811 3675 929 3714 lucem
947 3680 1093 3715 aeteroae
1119 3665 1287 3713 veritatis
1304 3683 1391 3725 per-

351 3733 505 3781 murt.
520 3732 567 3772 Et
585 3737 720 3783 quanto
736 3734 891 3785 quiaque
916 3734 1027 3791 altius
1044 3735 1083 3777 in
1100 3735 1169 3775 hac
1192 3734 1268 3775 vita
1284 3733 1392 3775 chri·

1433 2349 1633 2398 sphcerulas
1647 2355 1684 2384 et
1701 2348 1796 2389 lilia,
1817 2345 1900 2392 quia
1920 2345 1955 2380 in
1986 2348 2088 2390 parte
2119 2342 2307 2378 doctorum
2333 2337 2500 2388 antem-41

1432 2412 1678 2449 carnationcm
1704 2408 1844 2445 Domini
1873 2412 1975 2443 erant
2005 2411 2079 2441 tres
2113 2404 2261 2440 ordines
2283 2411 2407 2438 eorum
2426 2409 2496 2446 qu

1432 2475 1601 2510 haustum
1634 2470 1757 2517 gratiae
1781 2468 1942 2505 coelestis
1976 2466 2079 2512 quasi
2120 2464 2245 2510 scyphi
2268 2463 2426 2504 sitirent,
2453 2470 2502 2497 e.

1434 2534 1470 2570 in
1485 2534 1542 2568 via
1565 2530 1705 2567 Domini
1735 2527 2004 2575 promptissime
2029 2525 2134 2572 quasi
2166 2521 2352 2569 sphaerula:
2367 2531 2465 2558 eurr

1435 2598 1528 2635 rent,
1547 2601 1712 2638 supernae
1733 2591 1866 2626 donum
1886 2586 2156 2628 retributionis,
2170 2584 2274 2630 quasi
2298 2583 2481 2620 candore

1435 2654 1591 2690 liliorum
1615 2652 1834 2696 odoremque
1854 2649 2054 2695 gaudenter
2082 2649 2358 2691 exspectareut;
2380 2642 2416 2679 id
2437 2651 2477 2679 es
2510 2636 2514 2679 ὅ

1436 2719 1519 2750 ante
1539 2713 1670 2758 legem,
1691 2710 1758 2746 sub
1776 2709 1868 2755 lege,
1887 2708 1953 2744 sub
1968 2705 2166 2753 prophetis.
2189 2703 2378 2741 Secundus
2395 2701 2452 2739 eal
2507 2691 2515 2732 l

1437 2785 1516 2810 mus
1537 2773 1663 2818 etipse
1683 2771 1840 2806 habebat
1860 2775 1933 2805 tres
1948 2767 2116 2814 scyphos,
2136 2764 2336 2812 sphaerulas
2349 2770 2386 2800 et
2403 2762 2476 2798 litia

1439 2834 1522 2879 quia
1542 2832 1770 2867 continentes
1801 2828 1896 2863 illius
1917 2827 2090 2872 temporis
2123 2834 2226 2871 aeque
2252 2829 2326 2859 tres
2346 2822 2472 2859 ordin

1442 2898 1650 2929 sanctorum
1665 2890 1700 2925 in
1722 2888 1871 2934 pra-sata
1908 2887 2139 2923 distinetione
2163 2891 2364 2931 temporum
2381 2883 2446 2919 ha
2464 2897 2471 2911 ι

1443 2953 1542 2994 bant,
1568 2955 1690 2996 potum
1715 2948 1937 2994 spiritualem
1958 2948 2220 2990 desiderantes,
2235 2945 2331 2982 viam
2347 2949 2446 2980 man
2476 2958 2478 2962 r

1445 3019 1564 3049 torum
1583 3010 1724 3046 Domini
1749 3015 1952 3051 currentes,
1986 3014 2023 3045 et
2054 3007 2216 3045 eoelestia
2235 3004 2383 3054 praemia
2404 3013 2428 3050 p
2468 3027 2474 3032 v

1446 3071 1632 3108 stelantes.
1660 3069 1803 3105 Tertius
1837 3069 2004 3104 similiter
2039 3068 2200 3104 calamus
2238 3071 2315 3102 tres
2340 3073 2467 3111 scyp·

1446 3137 1483 3168 et
1507 3130 1716 3176 sphaerulas,
1737 3135 1773 3165 et
1798 3130 1866 3165 tria
1887 3129 2044 3166 habebat
2059 3129 2149 3172 lilia,
2169 3127 2254 3174 quia
2271 3124 2375 3162 multi
2394 3133 2469 3160 era

1448 3194 1629 3240 conJugati
1646 3199 1726 3228 ante
1753 3192 1882 3240 legem,
1900 3191 2001 3228 multi
2023 3191 2090 3228 sub
2109 3190 2204 3237 lege,
2223 3186 2328 3224 multi
2357 3186 2396 3222 in
2419 3183 2456 3221 di

1447 3254 1515 3290 bus
1535 3253 1812 3300 prophetarum,
1845 3252 1904 3298 qui
1938 3252 2087 3288 verbum
2109 3248 2254 3286 Domini
2283 3244 2430 3296 audire„
2446 3259 2462 3275 ι’

1450 3313 1546 3348 viam
1574 3311 1652 3357 ejus
1668 3321 1827 3354 currere,
1847 3312 1906 3357 qui
1932 3312 2111 3348 bonorum
2124 3304 2274 3356 praemia
2286 3313 2438 3353 operum
2467 3310 2469 3312 ’

1453 3372 1531 3418 ipso
1545 3376 1754 3417 exspectare
1770 3371 1980 3416 gauderent.
2000 3371 2090 3408 ltem
2111 3379 2157 3407 ex
2174 3369 2248 3407 alio
2260 3368 2376 3406 latere
2402 3383 2406 3397 ι
2453 3381 2459 3404 ,-

1453 3433 1511 3476 lis,
1527 3438 1566 3470 et
1586 3432 1726 3480 primus
1747 3432 1905 3470 calamus
1929 3440 1967 3470 ct
1991 3431 2170 3471 secundus
2203 3434 2242 3468 et
2265 3428 2411 3471 tertius,
2437 3442 2442 3449 ·

1455 3494 1610 3542 scyphos
1638 3497 1675 3529 et
1703 3493 1915 3539 sphaerulas,
1948 3494 2016 3531 tria
2055 3501 2200 3541 quoque
2231 3489 2308 3528 litia
2329 3488 2367 3527 h
2390 3506 2419 3518 *v
2447 3486 2450 3489 ’

1454 3554 1538 3602 quia
1559 3553 1595 3590 in
1621 3551 1722 3589 Novo
1743 3562 1887 3599 quoque
1912 3553 2158 3598 Testamento,
2173 3556 2211 3590 et
2228 3550 2267 3595 in
2289 3565 2345 3581 ³¹⁸⁴
2374 3565 2390 3579 ·’
2414 3551 2438 3594 ‘a

1455 3615 1545 3653 etin
1574 3613 1857 3656 continentibus,
1890 3620 1927 3651 et
1960 3604 1996 3652 in
2031 3611 2235 3662 conjugatis
2254 3612 2334 3659 ”aa
2351 3627 2415 3656 :1³

1457 3680 1533 3713 tres
1549 3673 1650 3711 suere
1663 3673 1810 3712 ordines
1830 3679 1990 3721 tempore
2015 3663 2206 3720 distantes,
2222 3671 2322 3719 hoe.
2416 3674 2434 3691 ‘'

1458 3734 1583 3774 mitiva
1596 3733 1756 3773 Ecclesia
1769 3733 1815 3772 de
1828 3732 1953 3783 lsrael,
1971 3737 2008 3775 in
2024 3741 2151 3777 nostra
2165 3718 2349 3793 Q
2382 3721 2417 3778 's‘
