2540 4016
285 188 342 229 58·
724 187 766 225 Β.
792 186 960 230 RABANI
987 184 1135 222 MAnm
1161 178 1376 222 anonim&
1403 180 1613 224 uocum.
1639 181 1831 223 orntum
1855 185 1976 224 PARS
1999 181 2027 222 1.
2420 181 2469 226 3⁶

284 261 456 313 parvulos
483 261 683 299 crudeliter
709 264 890 299 necandos
913 262 1150 304 tradiderant,
1182 259 1342 297 auctori·
1357 261 1394 302 Α
1408 266 1517 298 terra.
1549 260 1676 298 videns
1691 267 1810 298 autem
1828 261 1971 298 Pharao
1986 262 2080 309 quod
2099 262 2182 298 data
2200 267 2289 299 esset
2316 265 2465 312 requies,
2519 254 2525 267 '

283 326 350 361 bus
366 323 514 360 sceleris
538 323 704 361 redderet
721 325 889 370 poculum
910 322 1111 369 sanguinis.
1131 321 1205 370 (Ex
1220 321 1340 359 Isido-

283 383 353 433 ro.)
386 384 535 432 Mystice
564 391 683 421 autem
709 395 810 430 aquae
837 383 1017 431 AEgyptiae
1037 383 1192 420 erratica
1221 389 1257 420 et
1282 383 1339 420 lu-

281 445 381 482 brica
406 446 699 493 philosophorum
719 450 802 481 sunt
820 445 1004 491 dogmata,
1034 454 1116 491 quae
1143 444 1275 481 merito
1301 444 1339 481 in

282 507 496 554 sanguinem
523 511 728 548 vertuntur,
753 505 837 552 quia
859 506 894 540 in
921 515 1045 542 rerum
1066 507 1188 543 causis
1206 517 1339 544 earna-

280 566 364 603 liter
379 567 550 604 sentiunt.
571 566 642 602 Sed
659 566 719 602 ubi
749 576 839 602 crux
859 566 995 603 Christi
1015 569 1150 605 mundo
1178 569 1263 605 huic
1282 569 1338 605 lu-

280 637 362 664 men
383 626 542 663 veritatis
567 617 738 668 ostendit,
759 627 967 672 hujusmodi
991 639 1075 666 eum
1100 630 1341 676 correptioni-

280 690 349 725 bus
370 689 498 734 arguit,
514 694 554 724 ut
571 699 615 725 ex
634 690 809 735 qualitate
829 701 1019 737 poenarum
1043 693 1210 740 proprios
1227 704 1339 740 agno-

279 754 382 785 scant
408 759 565 786 errores.
589 748 771 786 Foderunt
804 759 920 787 autem
939 749 1058 789 ornnes
1090 753 1251 800 AEqyptii
1278 765 1340 800 per

277 810 462 845 circuitum
493 811 651 856 fluminis
683 823 827 858 aquam,
862 818 900 848 ut
930 813 1096 850 biberent.
1137 814 1218 851 Non
1247 815 1340 851 enim

276 877 433 915 poterant
451 871 563 907 bibere
579 872 621 906 de
639 883 730 918 aqua
745 873 916 918 [luminis.
934 874 1027 919 Quid
1045 875 1226 922 significat
1243 875 1340 922 quod

278 928 438 976 AEgyptii
457 937 646 976 postquam
667 942 769 978 aquae
789 932 948 971 fluminis
961 946 1075 971 versae
1090 943 1174 973 sunt
1195 937 1231 972 iu
1256 948 1340 973 san-

276 993 435 1038 guinem,
454 992 621 1029 foderunt
635 1004 699 1039 per
720 996 912 1033 circuitum
941 996 1113 1039 fluminis,
1135 1004 1339 1044 quaerentes

276 1064 407 1099 aquam
427 1059 466 1090 ut
483 1055 664 1098 biberent,
693 1055 761 1091 nisi
787 1057 882 1102 quod
902 1057 1102 1103 gentilitas,
1123 1058 1272 1095 confusa
1296 1060 1340 1095 de

277 1115 514 1152 meditatione
531 1116 715 1152 saecularis
729 1117 978 1164 philosophiae,
999 1130 1082 1155 cnm
1102 1120 1234 1156 viderit
1249 1121 1338 1156 nihil

277 1177 388 1212 vitale
414 1187 457 1214 ac
475 1177 619 1214 salubre
637 1178 704 1215 sibi
726 1179 823 1215 illam
841 1181 1016 1226 praebere,
1039 1182 1146 1218 istum
1175 1189 1212 1218 et
1238 1183 1338 1218 inve·
1357 1165 1389 1204 B

276 1238 440 1285 stigando
468 1250 510 1276 ac
540 1239 733 1276 salubriter
752 1243 941 1278 tractando
962 1253 1221 1289 usquequaque
1241 1254 1338 1289 quee-

276 1308 359 1335 rere
389 1300 574 1346 sapientiae
594 1301 777 1344 haustum,
799 1313 906 1348 quem
938 1308 1023 1339 tunc
1056 1304 1234 1340 veraciter
1264 1314 1336 1340 non

278 1359 451 1402 inveniet,
481 1362 550 1396 nisi
576 1363 766 1407 perveniat
797 1364 841 1398 ad
867 1363 1002 1400 sontem
1035 1365 1131 1408 vitaz,
1162 1366 1223 1411 qui
1257 1366 1335 1401 ait:

277 1420 346 1462 Qui
375 1422 461 1464 sitit,
495 1423 609 1458 veniat
634 1423 754 1458 adme
778 1430 808 1459 et
842 1424 950 1467 bibat,
982 1432 1013 1460 et
1041 1425 1084 1460 de
1115 1432 1231 1462 ventre
1260 1427 1336 1473 eJ'us

274 1481 383 1525 fluent
403 1494 505 1529 aqua!
533 1483 617 1518 vivre
636 1483 757 1530 (Joan.
778 1484 857 1525 vit).

668 1543 819 1580 CAPUT
847 1544 937 1586 xlv.

548 1603 598 1639 De
624 1615 793 1640 ranarum
818 1605 1058 1650 productione.

323 1662 491 1708 Dixitque
510 1662 682 1699 Dominus
700 1664 743 1699 ad
762 1664 933 1711 Moysen:
956 1665 1021 1702 Dic
1041 1666 1087 1702 ad
1106 1666 1238 1708 Aaron,
1262 1667 1338 1704 Ex-

279 1721 379 1756 tende
400 1732 546 1756 manum
564 1729 659 1760 tuam
683 1734 786 1770 super
814 1726 951 1770 fluvios,
982 1733 1013 1761 et
1047 1738 1151 1773 super
1176 1729 1266 1764 rivos
1295 1739 1337 1763 ac

278 1781 436 1827 paludes,
468 1790 499 1822 et
532 1783 618 1819 educ
640 1795 744 1820 ranas
760 1796 864 1831 super
882 1792 1012 1822 terram
1031 1787 1189 1835 AEqypti.
1208 1789 1338 1825 Exten-

279 1842 330 1878 dit
346 1842 464 1879 Aaron
478 1855 620 1881 manum
634 1855 738 1891 super
756 1858 864 1893 aazias
880 1847 1042 1894 AEqypti,
1057 1855 1089 1884 et
1103 1850 1335 1886 ascenderunt

283 1913 391 1945 rante,
409 1911 684 1952 operueruntque
699 1913 828 1943 terram
843 1907 990 1954 AEqypti
1007 1907 1138 1954 (Exod.
1155 1910 1249 1956 vni).
1265 1911 1338 1957 [Ex

285 1962 456 2011 Isidoro.]
479 1964 515 1999 ln
535 1967 690 2002 secunda
713 1977 801 2002 vero
820 1967 925 2013 plaga
955 1979 1054 2004 ranae
1073 1970 1334 2015 producuntur,

286 2024 416 2071 quihus
427 2025 580 2062 indicari
591 2026 790 2074 figuraliter
803 2028 1026 2065 arbitrantur
1034 2041 1076 2066 ca
1083 2031 1197 2068 rmina
1213 2040 1337 2078 poeta-

1404 321 1611 368 inqravabat
1625 333 1687 358 cor
1702 333 1821 367 suum,
1850 329 1883 358 et
1908 333 1977 359 non
2002 323 2137 360 audivit
2155 334 2212 359 eos
2231 324 2327 360 sicut
2340 334 2470 372 proece·

1405 388 1505 429 perat
1517 382 1704 420 Dominus.
1721 383 1794 431 (Ex
1810 382 2036 431 Auyustino.)
2047 384 2092 420 Et
2109 384 2212 428 vidit,
2227 384 2359 431 inquit,
2374 385 2470 423 Pha-

2527 343 2540 379 'l

1407 452 1486 487 rao,
1506 444 1590 490 quia
1612 443 1708 480 tacta
1739 449 1797 481 est
1820 444 2062 492 refrigeratio,
2092 450 2129 482 et
2156 445 2386 492 ingravatum
2413 451 2470 484 est
2537 487 2540 490 ,

1406 515 1472 542 cor
1485 505 1578 551 ejus,
1594 511 1630 542 et
1644 517 1716 543 non
1730 507 1916 544 exaudivit
1929 517 1992 544 eos
2010 507 2106 544 sicut
2119 507 2260 544 dixerat
2280 507 2466 544 Dominus.

1406 565 1473 603 Hic
1493 573 1644 614 apparet
1663 578 1734 604 non
1756 568 1835 605 illas
1855 574 1994 606 tantum
2021 568 2133 606 tuisse
2153 579 2285 606 causas
2308 570 2469 606 obdura-

1407 629 1515 665 tionis
1535 629 1655 667 cordis
1685 629 1899 675 Pharaonis,
1933 631 2029 677 quod
2052 631 2300 669 incantatores
2325 632 2403 679 ejus
2423 631 2471 668 si-

1407 690 1507 725 milia
1525 689 1720 733 taciebant,
1741 700 1868 727 verum
1893 691 2005 728 etiam
2030 692 2146 738 ipsam
2163 692 2230 729 Dei
2253 693 2470 740 patientiam

1407 761 1477 796 qua
1496 750 1680 797 parcebat.
1708 750 1889 787 Patientia
1905 752 2004 788 enim
2035 753 2101 790 Dei
2131 754 2332 790 secundum
2358 754 2470 790 corda

1407 812 1594 848 hominum
1613 812 1830 858 quibusdam
1858 813 1957 850 utilis
1977 814 2021 850 ad
2039 814 2301 860 poenitendum,
2323 816 2467 862 quibus·

1408 875 1491 911 dam
1511 874 1649 910 inutilis
1666 874 1710 909 ad
1730 874 1974 910 resistendum
2004 874 2093 918 Deo,
2109 881 2145 911 et
2165 876 2204 912 in
2227 877 2324 913 malo
2347 887 2471 923 perse-

1408 936 1625 979 verandum;
1654 946 1725 972 non
1745 941 1867 972 tamen
1886 947 1953 982 per
1970 938 2125 982 seipsam
2157 937 2295 975 inutilis
2314 944 2384 982 est,
2407 938 2471 975 sed

1409 996 1607 1032 secundum
1634 1006 1698 1032 cor
1726 996 1860 1032 malum
1892 997 1986 1033 sicut
2011 996 2088 1044 jam
2118 998 2291 1035 diximus.
2328 998 2406 1035 Hoc
2435 1005 2473 1035 et

1408 1056 1602 1103 Apostolus
1622 1057 1710 1093 dicit
1729 1068 1737 1092 z
1765 1057 1916 1103 lqnoras
1931 1059 2202 1105 quia-patientia
2220 1058 2288 1094 Dei
2307 1058 2355 1094 ad
2368 1059 2473 1105 poent‘-

1409 1119 1553 1154 tentiam
1572 1125 1605 1154 te
1618 1118 1762 1154 adducit
1778 1119 1794 1154 ‚⁹
1810 1118 2009 1155 Secundum
2027 1126 2142 1155 autem
2160 1120 2329 1158 duritiam
2357 1121 2471 1156 cordis

1408 1179 1460 1214 tui
1479 1186 1511 1215 et
1532 1191 1592 1215 cor
1607 1181 1836 1226 impaenitens,
1860 1181 2080 1216 thesaurizas
2097 1180 2160 1216 tibi
2175 1182 2266 1217 iram
2283 1181 2319 1216 in
2336 1181 2392 1217 die
2408 1182 2471 1217 irae

1408 1247 1439 1275 et
1459 1228 1678 1276 revelationis
1701 1240 1931 1287 justijudicii
1951 1241 2032 1284 Dei,
2053 1242 2113 1288 qui
2133 1241 2251 1277 reddet
2282 1242 2470 1290 unicuique

1408 1301 1600 1336 secundum
1629 1313 1734 1348 opera
1752 1302 1830 1347 ejus
1861 1301 1981 1348 (Rom.
2018 1302 2072 1350 ιι).
2106 1301 2195 1338 Nam
2228 1307 2265 1338 et
2285 1302 2369 1338 alibi
2390 1313 2471 1339 cnm

1408 1362 1545 1398 dit-oret
1564 1373 1572 1396 τ
1594 1360 1723 1397 Christi
1739 1362 1848 1398 bonus
1863 1363 1951 1398 odor
1963 1374 2084 1399 sumus
2097 1364 2133 1400 in
2151 1363 2344 1406 omniioco,
2361 1364 2472 1400 etiam

1408 1423 1495 1459 illud
1516 1422 1703 1467 adjunxit:
1728 1430 1759 1459 et
1776 1425 1812 1459 in
1831 1425 1885 1459 his
1912 1425 1971 1471 qui
1991 1424 2078 1460 salvi
2098 1425 2204 1470 fiunt,
2224 1431 2256 1460 et
2282 1426 2319 1460 in
2339 1425 2392 1460 his
2410 1424 2470 1471 qui

1406 1490 1550 1530 pereunt
1572 1483 1628 1530 (11
1647 1483 1729 1519 Cor.
1751 1484 1806 1532 ιι).
1826 1484 1902 1520 Non
1923 1485 2014 1521 dixit
2028 1485 2163 1522 Christi
2174 1487 2309 1523 honum
2328 1497 2366 1523 se
2385 1487 2473 1523 odo-

1407 1553 1483 1578 rem
1501 1554 1581 1579 csse
1599 1544 1654 1579 his
1671 1545 1733 1589 qui
1754 1545 1844 1580 salvi
1878 1545 1982 1589 liunt,
2014 1546 2149 1582 malum
2172 1552 2294 1582 autem
2322 1547 2380 1583 his
2411 1547 2473 1594 qui

1406 1608 1572 1648 pereunt,
1610 1604 1673 1639 sed
1705 1609 1845 1640 tantum
1868 1606 2001 1641 bonum
2034 1607 2184 1642 odorem
2219 1616 2257 1643 se
2287 1606 2393 1643 dixit.
2414 1606 2470 1642 llli

1407 1674 1494 1700 vero
1517 1664 1605 1700 tales
1619 1671 1719 1709 sunt,
1739 1671 1779 1701 ut
1799 1670 1835 1701 et
1851 1666 1946 1701 bono
1960 1666 2072 1702 odore
2087 1672 2250 1712 pereant,
2273 1667 2473 1703 secundum

1407 1725 1462 1760 sui
1500 1726 1632 1768 cordis,
1671 1732 1711 1762 ut
1749 1737 1844 1773 saepe
1879 1727 2014 1763 dictum
2041 1733 2111 1771 est,
2143 1729 2366 1774 qualitatem,
2392 1739 2472 1775 quio

1407 1786 1654 1822 mutandaest
1672 1786 1766 1822 bona
1787 1787 1972 1822 voluntate
1994 1787 2029 1822 in
2063 1787 2126 1822 Dei
2153 1789 2283 1834 gratia,
2311 1795 2352 1825 ut
2382 1789 2473 1826 inci-

1406 1846 1509 1892 piant
1527 1846 1558 1882 ei
1577 1847 1748 1892 prodesse
1760 1846 1896 1892 judicia
1917 1846 1981 1882 Dei
1999 1857 2079 1892 quae
2096 1848 2201 1884 malis
2216 1849 2387 1885 cordibus
2404 1860 2469 1886 no-

1407 1912 1503 1942 cent.
1527 1906 1629 1942 Unde
1647 1906 1731 1942 inde
1751 1913 1892 1943 mutato
1910 1907 1947 1943 in
1980 1908 2108 1944 melius
2139 1910 2248 1946 eorde
2267 1912 2437 1947 cantabat
2459 1920 2469 1947 :

1414 1966 1510 2004 Vivet
1528 1969 1648 2007 anima
1676 1980 1754 2004 mea
1771 1975 1803 2005 et
1819 1968 1979 2005 laudabit
1995 1976 2047 2014 te,
2069 1976 2099 2006 et
2122 1971 2264 2016 judicia
2282 1978 2344 2008 tua
2366 1972 2470 2019 adju-

1408 2030 1537 2066 vabunt
1555 2042 1609 2066 me
1634 2030 1748 2078 (Psul.
1782 2031 1924 2079 cxviii).
1955 2031 2034 2069 Non
2052 2033 2143 2068 dixit
2173 2043 2323 2070 munera
2345 2039 2406 2070 tua
2436 2040 2473 2071 et

285 2097 380 2130 rum,
397 2087 457 2133 qui
479 2087 574 2124 inani
590 2089 744 2133 quadam
763 2096 799 2126 et
817 2089 938 2127 inflata
959 2092 1218 2136 modulatione,
1236 2095 1336 2131 velut
1355 2091 1385 2132 C
1407 2092 1556 2137 praetnia
1574 2098 1649 2135 tua,
1681 2092 1744 2128 sed
1764 2093 1905 2139 judicia
1930 2100 2005 2129 ἱνα·
2029 2093 2177 2130 Multum
2202 2100 2258 2132 est
2287 2101 2408 2132 autent
2429 2102 2468 2132 ul

286 2157 456 2183 ranarum
478 2150 574 2184 sonis
596 2156 632 2185 et
659 2151 836 2194 cantibus,
859 2153 993 2189 mundo
1013 2154 1096 2190 huic
1116 2154 1338 2201 deceptionis

283 2206 423 2244 fabulas
439 2208 652 2246 intulerunt.
664 2210 764 2247 Rana
779 2213 874 2248 enim
894 2220 949 2250 est
968 2214 1223 2260 loquacissima
1237 2217 1338 2253 vani-

283 2272 352 2303 tas.
375 2267 450 2304 Hoc
470 2270 566 2306 enim
589 2270 721 2308 animal
751 2274 794 2308 ad
825 2274 913 2309 nihil
941 2274 1038 2310 aliud
1060 2275 1148 2312 utile
1177 2282 1243 2318 est,
1267 2277 1337 2313 nisi

282 2328 365 2372 quia
386 2339 514 2366 sonum
535 2331 646 2375 vocis,
671 2332 843 2378 improbis
870 2340 905 2371 et
935 2335 1151 2381 importunis
1170 2337 1339 2374 clamori-

281 2388 360 2432 bus,
382 2391 511 2427 reddit.
534 2390 708 2429 Fecerunt
729 2401 845 2430 autem
868 2403 900 2432 et
931 2397 1083 2443 malefici
1101 2409 1162 2444 per
1181 2399 1340 2435 incunta-

279 2451 389 2487 tiones
402 2463 484 2488 suas
499 2454 674 2502 similiter,
691 2456 953 2505 eduxeruntque
975 2470 1077 2495 ranas
1095 2467 1338 2507 superterram

279 2512 440 2560 slz'yypti.
468 2513 607 2551 Vocavit
627 2523 741 2552 autem
756 2517 900 2554 Pharao
921 2520 967 2555 ad
986 2520 1132 2567 Moysen
1150 2528 1182 2558 et
1203 2522 1337 2566 Aaron,

278 2581 309 2609 et
330 2576 416 2611 dixit
438 2577 514 2612 eis:
538 2577 644 2613 Orate
675 2578 866 2619 Dominum
889 2587 924 2617 ut
949 2582 1088 2627 auferat
1117 2594 1223 2619 ranas
1245 2595 1265 2619 a
1285 2594 1339 2620 nte

277 2643 308 2671 et
327 2648 348 2671 α
367 2637 492 2683 populo
513 2649 604 2681 meo,
637 2645 668 2674 et
693 2639 869 2676 dimittam
899 2641 1067 2687 populum
1098 2649 1135 2680 ut
1165 2645 1339 2689 sacrificet

282 2695 446 2732 Domino.
470 2695 542 2740 (Ex
560 2697 788 2745 Auqustino.)
817 2700 998 2742 Fecerunt
1022 2709 1142 2743 autem
1172 2705 1341 2744 similiter

280 2762 316 2791 et
347 2758 589 2793 incantatores
608 2757 861 2805 AEgyptiorum
884 2762 1068 2800 veneficiis
1089 2765 1177 2806 suis,
1199 2771 1234 2801 et
1253 2767 1342 2803 edu-

282 2824 412 2854 xerunt
431 2829 537 2855 ranas
560 2830 668 2866 super
689 2827 823 2856 terram
842 2820 1003 2868 AEgypti.
1023 2823 1205 2866 Quaeritur
1230 2827 1338 2870 unde,

280 2879 308 2914 si
326 2879 402 2924 jam
429 2880 562 2925 ubique
582 2879 717 2916 tactum
735 2886 827 2916 erat.
857 2880 928 2917 Sed
949 2883 1078 2920 similis
1101 2885 1251 2930 quaestio
1270 2892 1336 2927 est,

280 2939 373 2974 unde
393 2945 428 2974 et
446 2949 575 2985 aquam
596 2941 631 2976 in
650 2942 861 2988 sanguinem
882 2944 1073 2986 verterint,
1103 2944 1133 2980 si
1156 2950 1228 2980 tota
1247 2956 1340 2991 'iqua

1410 2153 1551 2190 sincera
1579 2153 1711 2190 fiducia
1730 2154 1801 2190 dici
1827 2154 1968 2200 possit:
1998 2154 2117 2191 Proba
2147 2166 2217 2199 me,
2245 2156 2406 2200 Domine,
2439 2163 2472 2192 et

1408 2219 1503 2249 tenta
1518 2225 1584 2256 me,
1612 2215 1678 2250 ure
1694 2226 1792 2251 renes
1819 2226 1913 2250 meos
1931 2222 1963 2251 et
1997 2227 2057 2251 cor
2082 2227 2198 2252 meum
2233 2215 2348 2264 (Psat.
2370 2217 2469 2264 xxv).

1408 2273 1454 2309 Et
1474 2284 1519 2309 ne
1539 2274 1607 2310 sibi
1626 2274 1761 2320 aliquid
1776 2285 1819 2311 ex
1835 2276 1911 2311 suis
1932 2275 2069 2312 viribus
2086 2276 2257 2313 tribuisse
2271 2277 2470 2321 videretur,

1408 2335 1578 2371 continuo
1605 2336 1768 2371 addidit:
1809 2336 1986 2379 Quoniam
2018 2337 2261 2373 misericordia
2298 2344 2359 2373 tua
2390 2343 2471 2373 ante

1408 2397 1526 2433 oculos
1554 2409 1647 2433 nteos
1667 2404 1731 2441 est,
1759 2403 1789 2433 et
1810 2397 2005 2444 complacui
2023 2399 2061 2434 in
2083 2399 2232 2435 veritate
2247 2405 2309 2434 tua
2325 2398 2469 2447 (thim).

1408 2456 1555 2494 Factam
1575 2467 1660 2504 erga
1682 2468 1721 2493 se
1748 2465 2009 2494 commemorat
2039 2458 2324 2495 misericordiam
2345 2464 2383 2494 ut
2399 2458 2473 2506 pla·

1409 2527 1491 2554 cere
1517 2519 1631 2562 possit
1652 2518 1687 2553 iu
1718 2518 1883 2562 veritate,
1914 2518 2096 2564 quomodo
2123 2519 2301 2556 universae
2318 2519 2385 2556 viae
2401 2520 2472 2557 Do-

1409 2578 1498 2619 mini
1522 2578 1773 2614 misericordia
1789 2583 1825 2615 et
1845 2580 1994 2615 veritas.

1812 2639 1966 2677 CAPUT
1995 2640 2074 2678 XV.

1777 2701 1830 2737 De
1849 2703 2078 2748 sciniplaeibus.

1455 2762 1623 2809 Dixitque
1639 2762 1809 2798 Dominus
1827 2763 1873 2798 ad
1894 2763 2040 2809 Moysen
2057 2775 2070 2799 .·
2088 2763 2246 2811 Loquere
2264 2765 2312 2801 ad
2336 2766 2470 2813 Aaron,

1408 2823 1555 2862 euende
1581 2824 1713 2868 circam
1742 2830 1855 2865 tuam,
1874 2830 1906 2859 et
1937 2831 2076 2870 percute
2099 2826 2274 2872 pulverem
2302 2833 2417 2873 terrie,
2439 2837 2472 2866 et

1408 2885 1476 2921 sint
1500 2884 1674 2930 sciniphes
1702 2885 1738 2921 in
1757 2885 1919 2922 universa
1937 2892 2031 2922 terra
2051 2886 2472 2939 AEyypaet.1·'ecerun1que

1408 2945 1473 2987 ita,
1493 2950 1525 2981 et
1553 2944 1706 2980 extendit
1727 2944 1847 2981 Aaron
1877 2957 2021 2982 manum
2055 2949 2187 2994 virgam
2217 2956 2364 2987 tenens:
2392 2963 2471 2999 per-

279 2997 457 3045 AEgypti
450 3010 484 3034 m
503 3000 714 3046 sanguinem
731 3012 907 3039 conversa
922 3003 997 3050 jam
1028 3003 1160 3041 suerat.
1180 3005 1337 3042 Proinde
1353 2998 1390 3038 D
1407 3007 1583 3053 cuunque
1613 3006 1788 3054 pulverem
1825 3015 1940 3053 terroe,
1969 3015 2001 3044 et
2020 3010 2106 3055 sacti
2134 3018 2215 3047 sunt
2238 3013 2410 3060 sciniphes
2433 3015 2469 3051 in

279 3058 343 3094 int
357 3058 551 3105 lugendum
578 3066 648 3103 est,
670 3061 853 3107 regionem
876 3063 936 3099 ubi
970 3063 1033 3100 lilii
1062 3064 1173 3101 lsrael
1199 3066 1337 3102 habita·

277 3117 377 3162 bant,
399 3119 513 3167 plagis
543 3121 676 3158 talibus
697 3132 767 3158 non
794 3122 905 3160 tuisse
932 3134 1156 3171 percussam,
1189 3132 1226 3163 et
1254 3127 1338 3164 iude

277 3185 473 3226 potuerunt
497 3181 740 3220 incantatores
755 3184 811 3220 vel
830 3195 962 3231 aquam
986 3186 1148 3231 haurire,
1171 3199 1280 3235 quam
1299 3190 1335 3226 in

278 3242 490 3288 sanguinem
507 3248 704 3288 verterent,
725 3245 781 3283 vel
807 3246 852 3285 ab
873 3247 977 3292 aquis
993 3258 1102 3285 ranas
1121 3249 1275 3286 educere
1291 3250 1338 3286 ad

279 3301 391 3337 solam
403 3304 750 3346 demonstrationem
766 3306 915 3353 magicae
922 3309 1094 3354 potentiae
1107 3321 1116 3344 ε
1127 3318 1335 3355 quanquam

278 3366 473 3407 potuerunt
490 3363 599 3401 etiam
615 3371 741 3412 postea
753 3376 861 3412 quam
881 3367 942 3405 itta
957 3378 1167 3415 compressa
1182 3375 1269 3407 sunt
1282 3369 1336 3407 fa-

280 3431 384 3468 εει-ες
408 3425 471 3461 sed
501 3424 691 3474 Scriptura
709 3428 783 3476 cito
805 3430 990 3470 uamndn
1019 3429 1210 3477 conjunxit
1237 3432 1335 3478 qnod

279 3483 390 3528 etiam
416 3491 542 3531 amma
560 3487 640 3530 tien
658 3490 790 3536 potnit.
810 3490 1021 3540 Ense-uiam
1037 3499 1119 3530 sunt
1137 3492 1277 3540 noym
1301 3499 1334 3530 ot

281 3545 402 3589 Aer«.
414 3559 437 3588 a
455 3547 652 3596 Pharaone,
671 3558 704 3591 ot
732 3553 896 3593 &haunit
913 3554 1056 3603 leym
1076 3555 1128 3592 ad
1144 3555 1335 3599 mu·

280 3617 345 3653 pre
365 3618 553 3656 munau
578 3621 748 3656 num
775 3622 883 3662 qu-
901 3615 1109 3662 mutam
1137 3614 1364 3663 libai-anni¹

1407 3068 1500 3104 homi
1503 3068 1604 3103 nibus
1621 3074 1653 3103 et
1678 3067 1713 3103 in
1737 3068 1935 3114 jumentis-⁶
1956 3071 2069 3106 omnis
2096 3072 2208 3119 pulvis
2226 3080 2330 3110 terroe
2351 3085 2469 3111 versus

1406 3135 1456 3164 est
1482 3130 1520 3165 ὶιι
1554 3130 1729 3176 sciniphes
1752 3141 1815 3177 pet·
1845 3136 1954 3166 totam
1978 3138 2108 3169 terram
2143 3134 2290 3183 AEqypn'
2323 3134 2336 3184 (
2347 3135 2464 3173 exod.

1406 3190 1501 3236 vm).
1520 3188 1594 3238 [Es
1609 3189 1782 3237 Isidoro-J
1802 3189 1890 3227 Post
1907 3191 1985 3229 haec
2001 3194 2184 3241 sciniphes
2203 3195 2464 3242 producuntur.

1407 3250 1485 3287 Hm
1501 3250 1635 3287 animat
1652 3251 1782 3298 pennis
1805 3252 1950 3298 quidem
1969 3257 2202 3302 suspenditur
2219 3267 2285 3305 per
2304 3267 2390 3295 aera
2403 3265 2469 3294 vo-

1406 3311 1528 3356 litans,
1548 3312 1679 3349 sedita
1698 3313 1831 3350 subtile
1846 3319 1902 3351 est
1918 3321 1956 3352 et
1971 3317 2164 3364 minutum,
2181 3323 2221 3356 ut
2233 3319 2330 3356 oculi
2345 3319 2467 3357 visum

1407 3373 1478 3413 nisi
1502 3378 1610 3411 acute
1627 3375 1813 3413 commitis
1831 3375 1996 3425 effugiat.
2019 3379 2159 3430 Corpus
2181 3384 2304 3419 autem
2322 3380 2382 3419 cul
2407 3380 2466 3418 ln-
2531 3412 2534 3414 ,

1406 3433 1543 3471 sederit
1569 3435 1808 3473 acerbissimo
1839 3439 2003 3476 terebrat
2022 3439 2187 3487 stimulo,
2217 3442 2270 3480 iu
2286 3446 2334 3480 lt
2356 3443 2467 3496 quem
2534 3452 2540 3463 ⁵

1406 3495 1594 3537 retunsus
1609 3496 1824 3547 [volantem]
1841 3499 1966 3538 videre
1985 3503 2068 3550 quis
2087 3512 2163 3541 non
2172 3502 2314 3549 valent,
2328 3492 2474 3546 lenm·
2528 3507 2540 3544 4

1407 3557 1532 3600 statim
1543 3556 1813 3597 Mum.
1830 3557 1908 3598 Hoc
1925 3570 2013 3610 ergo
2026 3555 2213 3617 αιιίιιιιΨ
2211 3529 2470 3613 m*
2508 3592 2515 3600 ,

1405 3615 1500 3655 litati
1528 3614 1714 3656 unuh·
1737 3621 1984 3668 emuntur,
2000 3615 2511 3685 qwfflfflo-
2535 3620 2540 3622 “

281 3663 1359 3726 mejuuasmssomamw
1407 3676 2216 3731 tummim-sterelitatem
2309 3695 2311 3697 ·
2510 3694 2512 3697 ·

281 3730 1229 3793 *mammonam-vimus
1253 3741 1366 3785 κω
1406 3737 1929 3789 mum
1996 3770 2029 3803 s:
2190 3735 2198 3738 “
2223 3737 2227 3739 ’
2278 3708 2339 3774 .’
