2540 4016
290 194 379 233 1065

288 335 470 367 aeternam.
506 326 603 362 Inter
641 325 719 361 haec
749 332 892 369 quoque
928 321 1194 367 compunctioni
1223 321 1340 358 cordis

287 396 434 434 operam
463 385 544 429 det,
577 385 664 420 dum
698 382 884 429 cognoscit
915 391 954 417 se
985 382 1022 417 in
1053 380 1342 428 peregrinatione

287 448 391 486 istius
423 446 506 483 vitae
529 444 786 486 constitutum,
811 442 913 478 etad
943 441 1180 478 festivitatem
1212 441 1342 478 futurae

287 509 413 557 patriae
429 516 494 554 per
513 505 580 543 Dei
610 504 766 552 gratiam
789 503 1060 550 percipiendam
1077 508 1154 540 toto
1172 503 1255 539 nisu
1273 513 1341 539 an-

287 570 395 612 helet,
415 579 496 615 quae
528 568 567 604 in
593 567 706 614 Eglon
743 565 919 603 vocabulo
952 566 1138 612 designata
1172 574 1240 602 est.
1274 565 1344 602 Per

288 629 404 666 Gazer
421 636 506 674 ergo
524 624 837 672 significationem,
855 624 1028 670 praecidat
1043 624 1166 660 carnis
1197 623 1345 659 dilecta-

288 687 436 729 tionem,
468 694 512 720 ac
539 683 691 730 dissipet
716 682 877 719 hostium
908 683 1105 729 malignam
1144 682 1346 728 suggestio-

288 756 384 782 nem.
405 744 594 790 Loquatur
606 746 725 785 recta,
744 741 840 787 quod
852 741 942 777 Abir
956 751 1021 778 suo
1039 740 1213 777 vocabulo
1226 745 1343 784 notat,

291 809 488 852 timeatque
520 804 678 841 futuram
717 803 979 840 discussionem
1009 803 1154 849 superni
1184 802 1316 847 judicis
1333 829 1343 845 ,

291 868 377 915 quia
395 875 501 902 omne
525 864 676 901 verbum
705 862 862 899 otiosum
878 862 974 908 quod
988 862 1100 899 locuti
1120 861 1256 898 fuerint
1281 861 1345 897 ho-

290 929 407 966 mines
425 936 533 972 super
551 931 702 968 terram,
724 924 875 960 reddent
892 924 1071 959 rationem
1097 923 1141 959 de
1157 933 1200 959 eo
1229 922 1267 958 in
1287 921 1346 958 die

289 967 433 1035 judicii;
450 986 659 1031 muniatque
679 995 718 1021 se
735 984 817 1020 fidei
834 994 953 1020 muro.
974 984 1068 1020 sicut
1085 982 1200 1020 Gazer
1219 983 1344 1025 doeet3

290 1053 328 1085 et
345 1048 487 1085 adecet
502 1045 657 1087 ,diabolo
689 1050 797 1090 atque
819 1044 988 1089 operibus
1009 1044 1087 1090 ejus
1115 1043 1347 1079 anathemate

289 1113 478 1155 perpetuo,
500 1106 597 1152 quod
613 1106 721 1142 Erma
741 1104 924 1139 admonet.
948 1103 1081 1149 Sicque
1100 1108 1182 1148 post
1199 1103 1347 1139 descen-

710 187 752 224 B.
777 183 950 224 RABANI
973 184 1123 224 MAURI
1148 182 1363 222 ARCHIEP.
1387 181 1597 221 MoeuNT.
1623 156 1815 221 OPERUM
1839 182 1959 221 PARS
1983 184 2014 222 1.
2367 187 2388 225 1

289 280 373 310 cem,
400 272 437 304 et
461 269 587 312 pergat
621 263 689 300 iter
720 261 884 309 justitiae,
912 261 1009 307 quod
1031 261 1130 298 ducit
1157 261 1202 297 ad
1227 261 1340 297 vitam
1357 263 1500 305 Atum,
1518 263 1587 299 hoc
1613 266 1683 305 est,
1702 260 1830 304 Afech‚
1859 259 1988 301 Saron,
2009 257 2139 294 Madon
2175 262 2212 294 et
2246 260 2352 302 Asor,
2385 185 2475 313 ἒξ

1408 384 1585 420 custodiat
1614 394 1678 419 cor
1711 393 1831 425 suum,
1856 381 1953 428 quod
1986 379 2161 416 Semeron
2198 379 2339 424 innuit;
2359 385 2397 417 et
2444 379 2451 382 ’

1409 445 1578 493 Achsaph
1595 446 1742 482 nomine
1752 444 1875 480 -discat
1899 452 2062 488 quaerere
2079 441 2382 479 medicamentum
2401 453 2420 480 s

1411 518 1557 544 orarum
1575 507 1848 552 seripturarum
1869 515 1878 539 :
1900 509 2009 549 atque
2040 513 2106 550 per
2123 502 2275 540 'thanah
2301 503 2444 541 admon'
2464 543 2471 548 ,

1409 573 1481 611 tus,
1496 567 1631 611 ubique
1649 569 1768 602 servet
1784 563 2046 607 humilitatem3
2062 570 2307 611 agnoscatque
2319 547 2483 604 imminuit

1411 625 1584 672 Mageddo
1618 623 1777 660 fructum
1795 623 1983 666 virtutum,
2005 627 2042 660 et
2073 622 2169 659 norit
2194 621 2481 668 contemplatio-t

1410 687 1469 722 nis
1509 689 1678 730 appetere
1714 683 1972 720 sublimitatem
1995 694 2004 718 ε
2028 683 2152 729 sicque
2171 685 2217 719 ad
2235 679 2482 723 sanctitatem,

1410 745 1591 781 veraciter
1616 744 1816 790 perveniet,
1839 743 1935 789 quod
1965 743 2128 790 designat
2163 743 2300 787 Tedes,
2328 748 2365 780 ct
2386 742 2477 788 plu-u

1412 808 1525 844 rimus
1545 806 1674 842 adesse
1692 810 1728 842 ct
1762 805 1935 851 prodesse
1972 805 2120 850 poterit,
2154 809 2196 840 ut
2230 803 2387 840 Lakanae
2403 812 2478 842 suae

1413 865 1652 914 appellatione
1685 865 1922 900 demonstrat.
1961 862 2168 900 Contemnit
2198 867 2353 899 mortem
2384 862 2477 908 quia

1407 323 1765 370 interpretationibus
1780 323 1901 358 omnia
1920 321 1971 358 ita
1991 320 2133 357 docent.
2151 319 2256 356 Omni
2277 320 2478 542 diligen}

1414 926 1598 965 damnavit
1616 926 1704 962 vitia
1717 952 1727 969 ,
1743 925 1836 962 sicut
1853 923 1987 961 Ermeli
2013 922 2212 970 figuraliter
2229 922 2387 959 ostendit
2405 934 2414 958 :
2434 927 2474 960 et
2495 914 2508 962 '5'

1413 987 1451 1024 in
1469 987 1543 1023 Dor
1561 985 1828 1031 nuncupatione
1860 983 2105 1031 generationis
2131 982 2265 1019 divinae
2288 982 2473 1028 particeps

1413 1046 1585 1089 existens,
1611 1045 1695 1091 quia
1717 1044 1857 1090 pacifici
1877 1043 1941 1078 filii
1961 1043 2025 1078 Dei
2044 1042 2282 1078 vocabuntur.
2300 1040 2371 1078 Per
2390 1041 2473 1078 Gal-

1415 1108 1471 1155 gal
1485 1113 1602 1144 rotam
1617 1105 1807 1152 praesentis
1833 1105 1915 1141 vitae
1933 1113 2088 1149 superna
2108 1103 2328 1139 revelatione
2346 1108 2471 1139 trans-

293 1179 375 1206 sum
395 1167 589 1209 Vitiorum,
612 1168 819 1211 ‘consurgat
852 1163 889 1198 1¹¹
919 1172 1042 1199 arcem
1069 1162 1256 1206 Virtutum,
1276 1161 1345 1198 hoc
1362 1164 1395 1203 B
1414 1176 1578 1209 currens,
1599 1165 1636 1200 in
1656 1164 1794 1200 Thersa
1811 1163 1957 1199 nomine
1989 1163 2026 1198 in
2046 1162 2117 1197 fine
2129 1161 2206 1206 jam
2225 1161 2410 1208 cognoscit
2433 1171 2474 1198 se

294 1227 394 1265 enim
433 1226 546 1263 Areth
581 1235 646 1262 sua
677 1223 944 1270 nuncupatione
981 1222 1169 1265 hortatur;
1213 1227 1250 1257 et
1281 1231 1347 1267 per

293 1287 439 1324 Lemnac
452 1291 489 1322 et
505 1285 639 1322 Odollae
652 1284 812 1326 nomina,
840 1282 1057 1318 testimoniis
1079 1281 1348 1327 Scripturarum

294 1346 496 1386 institutus,
533 1343 727 1378 candorem
760 1341 851 1376 lucis
890 1341 1055 1376 intendat
1089 1345 1243 1375 aeternae.
1279 1340 1349 1376 Per

294 1404 439 1441 Maeeda
458 1412 602 1449 quoque
620 1406 739 1437 ortum
753 1400 843 1436 lueis
859 1410 953 1436 vera:
972 1399 1154 1442 induatur,
1171 1406 1207 1434 et
1223 1403 1352 1434 exurat

294 1463 454 1501 hostium
480 1461 773 1498 machinamenta
799 1464 908 1505 atquc
929 1458 1093 1500 consilia,
1113 1463 1153 1493 ut
1170 1458 1207 1492 in
1223 1457 1349 1493 Bethcl

293 1530 430 1566 nostra,
450 1522 546 1569 quod
565 1526 620 1558 est
640 1525 764 1557 sancta
782 1519 846 1555 Dei
865 1518 1040 1561 Ecclesia,
1061 1522 1238 1563 perpetuo
1269 1528 1349 1553 ma-

292 1594 379 1620 nere
397 1581 546 1629 possit;'
569 1581 703 1626 ibique,
724 1579 923 1615 secundum
957 1578 1043 1613 Aser
1074 1577 1343 1623 interpretatio-

293 1653 391 1686 nem,
411 1643 447 1678 in
466 1651 575 1678 carne
593 1651 658 1679 sua
672 1640 811 1676 laboret
827 1645 866 1674 ut
886 1638 1085 1674 secundum
1101 1637 1225 1673 Dasuae
1245 1637 1350 1672 intel-

294 1705 426 1741 lectum
457 1703 595 1739 fructus
630 1702 805 1748 percipiat
836 1701 919 1736 vitae
952 1700 1191 1746 sempiternae.
1214 1698 1350 1734 Habeat

295 1763 567 1806 continentiam,
589 1762 785 1799 confundat
801 1761 1000 1806 principem
1015 1760 1184 1803 tristitiae,
1198 1760 1266 1795 hoc
1282 1764 1351 1803 est,

295 1822 499 1866 diabolum;
521 1823 745 1860 contradicat
769 1821 845 1868 ejus
866 1821 1107 1865 suasionibus,
1129 1821 1251 1856 divino
1271 1820 1350 1856 illu-

295 1887 430 1920 stratus
447 1882 596 1920 lumine.
617 1882 702 1920 Haec
719 1892 863 1929 quoque
881 1886 1035 1927 quatuor
1054 1881 1200 1918 nomina
1226 1881 1352 1917 civita-

1415 1225 1639 1271 complacere
1672 1222 1875 1264 Altissimo,
1899 1232 1981 1257 cum
2007 1221 2225 1256 transfertur
2253 1221 2297 1256 de
2315 1221 2475 1257 incolatu

1415 1284 1520 1320 istius
1536 1282 1661 1318 mundi
1678 1282 1724 1317 ad
1742 1291 1894 1326 regnum
1914 1280 2061 1315 coeleste
2084 1284 2120 1314 et
2138 1279 2184 1315 ad
2208 1280 2385 1316 visionem
2410 1280 2476 1318 Dei

1415 1347 1642 1388 perpetuam,
1660 1339 1765 1384 juxta
1785 1339 1871 1374 illud
1891 1338 2092 1375 Psalmistae
2117 1339 2213 1384 quod
2240 1339 2289 1375 ait
2309 1350 2318 1375 ε
2344 1352 2356 1373 ‹
2394 1339 2476 1375 Pla-

1417 1402 1507 1437 cebo
1521 1410 1645 1436 coram
1662 1399 1814 1434 Domino
1835 1398 1872 1434 in
1893 1397 2028 1434 lumine
2045 1398 2244 1434 viventium
2262 1397 2377 1446 (Psal.
2399 1398 2474 1445 nv).

1419 1460 1464 1497 Et
1499 1460 1645 1495 iterum.
1671 1471 1683 1492 ι
1717 1458 1871 1496 Placebo
1895 1458 2047 1494 Domino
2080 1458 2117 1493 in
2147 1459 2293 1504 regione
2311 1459 2476 1495 vivorum

1421 1519 1535 1567 (Psal.
1565 1518 1676 1566 cxiv).
1704 1532 1715 1553 ι
1743 1518 1828 1554 Haec
1865 1527 1950 1565 ergo
1981 1517 2141 1554 breviter
2177 1518 2361 1562 adnotavi,
2403 1529 2476 1556 non

1420 1581 1590 1631 exposui;
1611 1586 1650 1616 ut
1684 1580 1775 1617 sciat
1794 1580 1908 1615 lector
1930 1589 2009 1625 quae
2033 1579 2238 1615 sublimitas
2255 1584 2312 1615 est
2332 1579 2477 1625 sapien·
2516 1570 2517 1573 ¹

1421 1642 1480 1678 tiae
1500 1641 1629 1677 divinae
1652 1641 1690 1676 in
1719 1639 1917 1685 Scripturis
1938 1640 2067 1683 sacris,
2094 1644 2125 1676 et
2144 1639 2240 1685 quod
2255 1640 2377 1676 omnia
2398 1649 2498 1691 quae·

1421 1702 1470 1738 ibi
1482 1702 1711 1748 reperiuntur
1726 1701 1771 1736 ad
1786 1700 2060 1736 aedificationem
2077 1710 2178 1735 suam
2195 1700 2263 1736 rite
2280 1699 2477 1737 transferre

1420 1766 1555 1807 potest,
1580 1760 1641 1806 qui
1667 1770 1764 1796 sanae
1783 1759 1868 1796 fidei
1892 1760 1997 1796 oculo
2015 1769 2095 1796 eain
2114 1757 2310 1807 inspicere,
2328 1759 2465 1807 diligen·

1421 1826 1478 1858 ter
1499 1821 1668 1859 meditari
1687 1830 1760 1858 non
1779 1820 1992 1867 neglexerit.

1090 2047 1292 2101 LIBER
1342 2048 1665 2100 TERTIUS.

638 2194 791 2233 CAPUT
818 2194 1011 2232 PRIMUM.

347 2257 400 2295 De
419 2261 592 2293 senectute
606 2254 715 2292 Josue
734 2261 767 2291 et
785 2266 941 2291 sermone
954 2255 1097 2291 Domini
1124 2255 1169 2290 ad
1188 2254 1302 2290 illum.

349 2330 362 2352 ‹
391 2317 498 2354 Josue
525 2327 611 2352 vero
647 2326 758 2352 senex
783 2321 1032 2361 provectaeque
1063 2316 1179 2352 aetatis
1211 2321 1303 2351 erat.
1335 2328 1347 2349 ›

297 2378 505 2424 Presbyteri
524 2377 582 2413 vel
607 2376 768 2413 seniores
792 2386 864 2412 non
891 2387 934 2412 eo
954 2377 1098 2413 nomine
1127 2376 1352 2422 appellantur

298 2438 395 2484 quod
415 2437 614 2483 longaevam
633 2436 802 2472 duxerint
817 2436 949 2479 vitam3
977 2437 1042 2473 sed
1057 2447 1123 2483 pro
1143 2437 1353 2474 maturitate

297 2507 426 2535 sensus
446 2502 482 2532 et
497 2496 674 2543 gravitate
692 2497 908 2532 venerandae
926 2496 1010 2532 vita:
1028 2497 1097 2533 hac
1117 2497 1355 2543 appellatione

297 2559 527 2602 decorantur,
559 2558 716 2594 maxime
745 2567 830 2594 cum
862 2558 1006 2594 additur
1033 2558 1078 2595 ad
1103 2560 1354 2605 presbyterum

296 2629 416 2656 sermo
458 2618 528 2655 iste
558 2617 642 2664 quit
659 2617 852 2663 sequitur:
879 2629 892 2651 ‹
916 2617 1047 2654 Plenus
1087 2618 1240 2654 dierum.
1273 2630 1286 2652 ι
1316 2616 1357 2654 Si

296 2679 396 2715 enim
421 2678 490 2714 aevi
514 2677 721 2724 prolixitate
751 2676 985 2723 appellandus
1011 2678 1073 2724 qui
1091 2678 1281 2725 presbyter
1299 2677 1358 2714 vel

297 2738 419 2774 sen-ior
447 2737 603 2780 videtur,
636 2747 745 2782 quem
779 2737 894 2783 magis
927 2737 1035 2773 alium
1064 2738 1255 2784 oportebat
1287 2737 1357 2774 hoc

298 2797 445 2834 nomine
476 2795 632 2839 censeri,
667 2805 777 2841 quam
804 2796 962 2842 primum
991 2796 1121 2840 Adam,
1162 2797 1220 2833 vel
1259 2801 1357 2833 certe

297 2856 554 2900 Mathusalem,
589 2862 652 2892 aut
681 2855 770 2900 Noe,
805 2856 866 2902 qui
900 2857 1023 2903 utique
1055 2858 1220 2904 pluribus
1249 2868 1357 2904 quam

298 2918 420 2955 caeteri
440 2917 545 2954 annis
562 2916 601 2953 in
619 2917 690 2954 hoc
708 2917 842 2953 mundo
858 2917 992 2954 vixisse
1011 2918 1251 2954 declarantur.
1281 2917 1352 2955 Sed
1369 2911 1404 2951 D

299 2988 397 3014 nunc
415 2977 580 3013 videmus
599 2977 696 3022 quod
721 2977 866 3023 quidem
892 2987 937 3012 ex
957 2977 1026 3013 illis
1050 2978 1169 3014 nullus
1198 2977 1353 3014 refertur

299 3046 320 3072 a
346 3035 535 3080 Scriptura
557 3035 748 3082 presbyter
773 3035 830 3070 vel
859 3036 980 3072 senior
1008 3037 1199 3082 appellari;
1231 3038 1294 3073 sed
1323 3038 1354 3074 is

298 3096 361 3143 qui
381 3095 487 3141 longe
501 3094 679 3132 brevioris
696 3095 871 3140 temporis
886 3095 998 3131 vitam
1021 3097 1135 3141 duxit,
1153 3097 1290 3144 primus
1316 3098 1353 3133 in

299 3153 496 3200 Scripturis
533 3153 667 3189 sanctis
699 3153 883 3189 Abraham
915 3154 1102 3201 presbyter
1135 3156 1192 3192 vel
1231 3157 1354 3193 senior

300 3214 502 3262 appellatur
520 3211 622 3261 (Gen.
642 3213 758 3262 xxw).
784 3213 926 3250 Dictum
945 3220 1000 3251 est
1016 3216 1124 3252 etiam
1144 3217 1190 3253 ad
1206 3217 1353 3264 Moysen

299 3287 322 3313 a
339 3275 492 3312 Domino
515 3286 526 3310 ι
555 3274 656 3320 Elige
678 3274 743 3310 tibi
771 3275 816 3311 ab
835 3275 934 3311 omni
958 3276 1089 3322 populo
1107 3277 1351 3323 presbyteros,

300 3344 391 3381 quos
417 3339 458 3370 tu
477 3335 555 3381 ipse
580 3333 691 3377 nosti,
712 3334 774 3380 qui
802 3333 906 3380 probi
935 3339 1020 3370 sunt
1040 3334 1172 3382 (Exod.
1192 3334 1261 3382 ιιι).
1283 3335 1354 3371 Sed

299 3396 451 3431 observa
483 3394 593 3430 etiam
626 3398 679 3438 tu,
713 3403 735 3430 o
770 3393 925 3438 auditor,
959 3394 997 3431 in
1030 3395 1128 3431 omni
1148 3394 1352 3442 Scriptura,

299 3455 414 3492 sicubi
431 3454 594 3491 invenire
610 3460 713 3502 potes
729 3455 1005 3502 appellationem
1020 3456 1128 3501 hanc,
1149 3468 1161 3491 ι
1182 3456 1303 3493 senior
1317 3461 1355 3493 et

299 3516 426 3563 plenus
444 3515 599 3559 dierum,
617 3529 629 3551 ›
647 3517 802 3563 positam
819 3527 926 3564 super
945 3517 1099 3564 aliquem
1113 3522 1352 3564 peccatorem.

299 3576 402 3613 Nunc
433 3585 520 3624 ergo
553 3577 670 3613 sancti
705 3576 861 3624 Spiritus
889 3587 958 3613 vox
987 3582 1055 3622 est,
1090 3577 1355 3624 pronuntiantis

300 3636 423 3674 Jcsum
455 3638 709 3685 presbyterum
745 3637 802 3674 vel
848 3638 1026 3674 seniorem
1067 3643 1278 3685 provectum
1317 3639 1355 3676 in

302 3698 455 3734 diebus:
483 3698 534 3735 ita
563 3699 660 3735 enim
694 3698 849 3742 dixerat,
884 3698 1014 3745 inquit,
1036 3699 1138 3736 Jesus
1167 3701 1356 3748 presbyter

302 3758 360 3795 vel
379 3759 526 3807 senior,
558 3765 752 3809 provectus
783 3760 924 3799 dierum
960 3772 969 3799 ;
1007 3761 1104 3808 quod
1142 3760 1355 3811 utique-A—de

1373 2199 1401 2240 C
1422 2201 1614 2243 peccatore
1640 2196 1711 2232 dici
1740 2205 1813 2232 non
1838 2199 1994 2240 poterat,
2024 2194 2108 2239 quia
2138 2199 2309 2240 peccator
2335 2204 2407 2231 non
2424 2203 2478 2233 est

1421 2264 1614 2305 provectus
1634 2259 1787 2295 dierum.
1817 2257 1896 2293 Non
1923 2257 2019 2293 enim
2040 2267 2079 2293 sc
2096 2257 2258 2294 extendit
2280 2257 2317 2293 in
2338 2268 2380 2295 ea
2399 2269 2478 2305 quae

1422 2319 1545 2355 inante
1577 2324 1683 2363 sunt,
1718 2317 1936 2355 obliviscens
1966 2327 2008 2353 ea
2039 2328 2119 2363 quae
2152 2323 2250 2354 retro
2282 2324 2385 2362 sunt,
2415 2321 2478 2357 sed

1425 2388 1567 2425 semper
1607 2384 1705 2415 retro
1739 2378 1975 2421 convertitur,
2017 2382 2054 2413 et
2091 2378 2136 2413 ad
2166 2379 2339 2414 vomitum
2372 2389 2477 2416 suum

1423 2439 1560 2482 reddit,
1589 2444 1625 2474 et
1653 2438 1733 2474 ideo
1758 2447 1831 2473 non
1854 2441 1909 2472 est
1933 2441 2036 2482 aptus
2058 2446 2169 2483 regno
2192 2437 2378 2473 coelorum.
2408 2438 2477 2483 Qui

1425 2503 1545 2535 autem
1574 2508 1716 2544 semper
1739 2497 1785 2534 ad
1810 2496 1931 2544 priora
1952 2496 2171 2540 extenditur,
2199 2497 2266 2534 iste
2285 2503 2477 2543 provectus

1425 2564 1480 2595 est
1499 2559 1536 2594 in
1556 2557 1680 2594 diebus
1701 2557 1788 2594 suis.

1476 2630 1488 2651 ‹
1513 2618 1558 2654 Et
1575 2617 1666 2654 dixit
1684 2616 1857 2653 Dominus
1875 2616 1921 2652 ad
1937 2626 2019 2653 cum
2039 2628 2047 2652 :
2066 2616 2225 2654 Senuisti
2244 2622 2280 2655 et
2295 2617 2476 2666 longaevus

1429 2691 1442 2712 ι
1472 2689 1525 2723 es,
1550 2683 1587 2715 ct
1607 2683 1703 2715 terra
1722 2677 1899 2714 latissima
1928 2677 2098 2714 derelicta
2126 2683 2194 2722 est,
2215 2689 2294 2726 quae
2322 2680 2474 2717 necdum

1428 2752 1441 2775 ι
1472 2745 1527 2777 est
1555 2745 1652 2777 sorte
1678 2740 1804 2784 divisa,
1829 2752 1843 2775 ›
1880 2746 1916 2776 et
1945 2746 2086 2777 caetera.
2113 2740 2243 2779 Nescio
2269 2752 2354 2790 ergo
2381 2743 2412 2779 si
2437 2743 2475 2779 in

1426 2801 1495 2837 hoc
1533 2801 1612 2837 loco
1661 2800 1750 2836 illud
1786 2805 1905 2846 potest
1933 2801 2069 2845 videri;
2109 2801 2192 2847 quia
2227 2801 2296 2838 hoc
2333 2802 2475 2839 dicebat

1426 2862 1599 2898 Dominus
1630 2862 1675 2898 ad
1705 2860 1828 2898 Jesum
1861 2871 1927 2908 pro
1959 2866 2064 2898 aetate
2093 2861 2170 2907 ejus
2198 2862 2313 2905 senili,
2349 2873 2474 2900 omnes

1421 2924 1604 2967 videbant,
1625 2933 1750 2959 omnes
1773 2928 1962 2960 noverant.
1986 2923 2031 2959 Et
2048 2933 2128 2969 quae
2147 2927 2232 2958 sunt
2251 2928 2324 2959 tam
2343 2934 2473 2970 magna

1422 2982 1491 3018 ista
1521 2982 1642 3017 divina
1674 2992 1866 3028 responsa,
1900 2993 1981 3028 quae
2011 2982 2176 3019 homines
2206 2982 2402 3027 disserunt,
2433 2990 2474 3020 ut
2520 3014 2523 3015 γ

1421 3041 1541 3077 dicant
1572 3041 1710 3077 homini
1744 3042 1821 3078 seni
1837 3069 1846 3086 ,
1881 3041 1966 3088 quia
1997 3052 2107 3078 senex
2137 3051 2189 3086 es,
2222 3042 2318 3088 quod
2348 3054 2495 3081 omnes-

1420 3101 1590 3138 videbant
1624 3106 1660 3137 et
1696 3111 1822 3138 omnes
1860 3107 2049 3138 noverant.
2104 3100 2175 3138 Sed
2213 3102 2303 3139 mihi
2332 3103 2474 3140 videtur

1421 3171 1591 3206 magnum
1626 3160 1771 3207 aliquod
1805 3161 2052 3198 testimonium
2087 3171 2108 3197 a
2129 3161 2280 3199 Domino
2311 3172 2376 3209 per
2404 3164 2474 3200 hoc

1422 3221 1499 3256 dari
1522 3219 1621 3256 Nave
1651 3220 1740 3263 filio,
1770 3230 1854 3256 cum
1882 3221 1917 3256 ei
1946 3220 2090 3264 dicitur,
2130 3232 2143 3254 ι
2167 3221 2253 3266 quia
2282 3228 2473 3266 provectus

1420 3278 1560 3314 dierum
1592 3289 1644 3314 es.
1668 3291 1681 3312 »
1715 3279 1762 3314 Et
1789 3283 1964 3323 quantum
1995 3278 2140 3323 quidem
2171 3278 2337 3324 proloqui
2368 3281 2473 3318 nobis

1421 3336 1478 3372 vel
1504 3336 1644 3382 aperire
1672 3336 1803 3371 divinis
1828 3335 2011 3382 mysteriis
2033 3335 2088 3372 fas
2114 3340 2190 3381 est,
2219 3347 2286 3386 ego
2315 3339 2472 3378 arbitror

1421 3397 1517 3444 quod
1547 3396 1640 3433 sicut
1665 3395 1719 3432 sol
1746 3396 1815 3432 iste
1842 3396 1938 3431 diem
1959 3395 2047 3433 facit
2075 3398 2209 3435 mundo
2237 3398 2333 3444 huic,
2359 3400 2409 3436 ita
2435 3407 2472 3438 et

1423 3459 1484 3495 Sol
1504 3457 1655 3505 justitiae
1679 3456 1767 3493 facit
1785 3456 1922 3503 aliquos
1944 3457 2020 3494 dies
2039 3457 2232 3504 spiritales,
2253 3460 2315 3507 qui
2334 3460 2472 3508 fulgore
2501 3495 2506 3498 .

1422 3518 1588 3556 veritatis
1605 3523 1642 3555 et
1665 3517 1829 3564 lampade
1855 3516 2038 3562 sapientiae
2060 3517 2296 3555 illustrentur.
2323 3519 2362 3556 Si
2388 3520 2470 3567 quis
2498 3528 2509 3554 e

1423 3588 1509 3625 ergo
1541 3578 1579 3614 in
1598 3576 1787 3624 praeceptis
1802 3575 1867 3612 Dei
1883 3575 1997 3612 vitam
2012 3577 2120 3614 *hanc
2141 3583 2370 3624 praesentem,
2390 3589 2471 3624 quae

1422 3639 1516 3678 sicut
1531 3637 1643 3675 Jacob
1661 3636 1816 3680 dicebat,
1838 3648 1850 3670 ‹
1868 3646 2066 3683 paucorum
2084 3642 2121 3674 et
2136 3637 2312 3675 malorum
2329 3639 2469 3676 dierum

1428 3711 1440 3732 ι
1462 3705 1517 3735 est
1538 3695 1639 3744 (Gen.
1659 3695 1786 3743 xnvu),
1800 3709 1812 3731 »
1836 3697 2062 3744 transegerit,
2086 3702 2122 3733 et
2142 3697 2410 3736 immaculatum
2429 3710 2470 3738 se

1425 3759 1470 3797 ab
1487 3759 1556 3797 hoc
1575 3756 1709 3796 mundo
1728 3757 1951 3803 custodierit,
1981 3761 2088 3805 atque
2105 3766 2228 3798 omnes
2242 3757 2468 3813 adversarios

2522 3331 2540 3365 ’.Μ
2519 3270 2540 3317 >81⁴³
2533 3206 2540 3233 ,ΔΜ
2530 3190 2535 3192 ⁴
2526 3132 2534 3134 v
