2540 4016
147 292 303 329 diximus
327 276 525 328 excitantes
548 288 688 325 animos

68 341 74 349 ¹
114 353 184 390 tius
200 353 257 389 his
279 362 359 399 quae
386 351 554 398 leguntur
581 349 638 386 vel
655 348 822 385 dicuntur
845 346 1047 388 intendant,
1066 351 1104 382 et

83 418 85 420 '
104 415 217 463 Moysi
235 413 381 458 litteris,
399 417 538 449 remoto
563 411 692 448 litterae
715 408 906 452 velamine,
926 407 976 443 ita
994 406 1103 442 intel-

63 463 165 523 ‘gant
185 486 264 522 quae
289 475 424 520 scripta
441 479 524 510 sunt
541 477 582 508 ut
603 472 640 508 in
659 470 808 517 singulis
828 469 957 516 quibus
982 478 1023 504 ea
1050 467 1105 503 di-

40 526 185 574 duntur
209 534 406 570 inveniant.
427 533 513 578 Quae
540 533 570 570 si
596 531 838 579 intelligantur
854 535 892 566 et
908 529 1104 566 observen-

43 600 123 638 tur,
143 593 284 640 possint
302 593 497 636 auditores,
516 603 588 629 non
615 593 658 629 ad
677 592 777 629 illum
799 591 918 627 locum
937 589 1106 626 tormenti

42 646 182 693 &deduci
207 663 279 699 quo
299 652 399 688 dives
417 652 476 688 ille
492 654 554 699 qui
576 653 701 689 audire
718 653 796 689 haec
813 662 892 698 quae
912 651 947 687 in
968 655 1107 687 secreto

35 714 187 759 scripta
203 712 432 757 contempsit,
450 711 623 748 abductus
637 718 705 756 est,
725 713 788 748 sed
804 712 887 748 etin
907 711 1007 747 sinus
1025 713 1109 746 eant

42 756 246 816 Abraham,
277 772 337 807 ubi
361 771 520 807 Lazarus
541 772 747 818 requiescit.
780 771 853 807 Nos
887 776 1006 805 autem
1029 779 1109 804 ore-

41 825 132 875 nilus
149 845 194 870 ex
223 834 332 870 corde
351 834 507 870 Verbum
525 834 604 878 Dei,
626 835 686 880 qui
710 839 765 870 est
793 831 997 878 unigenitus
1016 829 1106 874 eius,

41 887 90 933 σοὶ
108 895 169 941 qui
187 894 323 931 revelat
340 893 486 930 Patrem
509 894 639 940 quibus
670 894 759 936 vult,
793 898 833 927 ut
852 898 888 927 et
908 890 1010 926 nobis
1032 890 1109 925 haec

45 953 217 991 trevelare
235 953 415 1000 dignetur.
439 952 532 988 Sunt
556 953 652 988 enim
667 952 702 987 in
723 952 779 987 his
794 949 1108 995 repromissionum

45 1012 224 1059 «mysteria
241 1022 320 1057 quae
343 1011 548 1056 repromisit
567 1010 796 1055 diligentibus
814 1019 864 1044 se.
890 1008 1050 1044 Exeundi
1066 1009 1109 1045 de

45 1070 209 1119 AAEgypto
238 1071 388 1117 figuram
410 1070 550 1105 duobus
575 1068 691 1104 modis
719 1068 847 1113 accipi,
875 1074 912 1103 et
939 1078 958 1102 a
984 1067 1110 1114 priori-

41 1190 134 1238 «quis
154 1190 197 1226 de
216 1199 380 1225 errorum
400 1188 558 1224 tenebris
585 1188 628 1223 ad
651 1188 845 1236 agnitionis
862 1188 982 1224 lumen
1003 1188 1113 1224 addu-

42 1251 161 1294 ·citur,
186 1255 222 1286 et
241 1250 284 1286 de
300 1255 442 1286 terrena
460 1250 731 1287 conversatione
750 1250 794 1285 ad
815 1250 990 1295 spiritalia
1010 1250 1113 1286 insti-

57 1317 134 1348 tuta
153 1312 389 1356 convertitur,
417 1312 460 1347 de
494 1311 651 1359 AEgypto
670 1311 811 1347 videtur
837 1311 955 1347 exisse
989 1316 1025 1347 et
1047 1321 1109 1347 ve-

43 1373 150 1410 vnisse
169 1374 214 1410 ad
239 1373 481 1416 solitudinem,
503 1373 547 1408 ad
568 1373 668 1408 illum
686 1372 853 1408 videlicet
874 1371 955 1407 vitae
976 1377 1110 1407 statum

53 1434 89 1472 in
109 1446 180 1481 quo
200 1445 264 1483 per
285 1435 467 1471 silentium
498 1439 534 1469 et
564 1434 721 1479 quietem
741 1439 953 1469 exerceatur
981 1433 1110 1468 divinis

52 1495 204 1543 legibus,
235 1501 271 1532 et
299 1495 449 1541 eloquiis
479 1494 684 1530 coelestibus
716 1493 926 1529 imbuatur:
950 1504 1013 1539 per
1032 1503 1110 1538 quae

53 1555 239 1592 institutus
255 1560 292 1590 et
308 1555 476 1596 directus,
499 1564 578 1589 eum
598 1552 790 1589 soi-danem
814 1553 1010 1596 transierit,
1028 1562 1111 1598 pro-

52 1615 154 1663 ‘peret
175 1624 290 1661 usque
319 1614 364 1649 ad
397 1619 532 1650 terram
560 1613 865 1660 repromissionis,
896 1613 930 1648 id
956 1619 1026 1656 est,
1046 1623 1111 1659 per

55 1675 209 1722 gratiam
229 1675 412 1721 baptismi,
427 1684 540 1720 usque
561 1674 605 1710 ad
624 1674 829 1720 evangelica
848 1674 1009 1709 instituta
1030 1684 1111 1719 per-

55 1737 187 1774 veniat.
209 1736 280 1773 Sed
301 1742 337 1771 et
355 1737 451 1772 illam
478 1736 629 1782 figuram
659 1746 738 1771 esse
770 1736 924 1771 diximus
956 1734 1111 1771 exeundi

58 1799 101 1836 de
121 1799 292 1847 AEgypto,
314 1809 395 1835 cum
412 1798 583 1844 relinquit
607 1798 725 1833 anima
753 1798 876 1833 mundi
892 1797 997 1843 hujus
1014 1802 1112 1832 tene-

55 1859 139 1896 bras
160 1870 202 1895 ac
222 1865 359 1895 naturae
387 1869 569 1906 corporeae
596 1858 807 1900 caecitatem,
841 1863 877 1892 et
898 1857 1112 1893 transfertur

58 1921 103 1956 ad
121 1920 215 1956 aliud
231 1920 415 1963 saeculum,
433 1920 530 1965 quod
545 1919 601 1955 vel
622 1920 721 1955 sinus
741 1918 909 1961 Abrahae,
930 1923 968 1953 ut
992 1917 1028 1953 in
1046 1917 1114 1953 La-

57 1990 157 2023 zaro,
177 1980 233 2016 vel
250 1980 451 2024 paradisus,
477 1985 516 2014 ut
540 1980 575 2014 in
597 1979 735 2015 latrone
756 1980 816 2024 qui
834 1978 877 2013 de
899 1988 1007 2014 cruce
1034 1988 1113 2014 cre—

58 2043 161 2086 didit,
194 2042 392 2085 indicatur;
413 2042 469 2078 vel
489 2043 600 2077 etiam
637 2043 666 2078 si
693 2052 761 2087 qua
794 2043 887 2078 Deus
912 2043 1011 2078 novit
1036 2052 1115 2078 esse

57 2104 125 2139 alia
162 2103 254 2147 loca,
279 2103 336 2139 vel
364 2103 451 2139 alias
476 2103 695 2146 mansiones,
730 2113 794 2148 per
830 2113 909 2149 quae
940 2103 1116 2139 transiens

60 2164 182 2200 anima
205 2163 280 2200 Deo
300 2163 464 2206 credens,
485 2168 521 2198 et
543 2163 756 2208 perveniens
783 2173 896 2208 usque
920 2163 964 2199 ad
985 2161 1117 2198 flumen

63 2223 149 2260 illud
176 2224 269 2270 quod
288 2223 449 2259 laetificat
476 2223 658 2259 civitatem
686 2224 761 2266 Dei,
787 2224 881 2259 intra
902 2224 1019 2270 ipsum
1037 2234 1116 2260 sor-

60 2289 133 2321 tem
165 2284 350 2330 promissae
376 2284 540 2329 patribus
570 2283 789 2319 haereditatis
815 2284 978 2330 accipiat.
1007 2283 1118 2330 Igitur

62 2354 145 2381 cum
161 2343 308 2390 duplici,
327 2348 367 2379 ut
391 2343 683 2386 memoravimus,
704 2343 810 2379 modo
837 2353 1002 2390 egressus
1022 2344 1116 2379 desi—

61 2410 191 2452 gnetur
207 2413 253 2440 ex
269 2402 440 2450 AEgypto,
462 2408 498 2439 et
523 2402 697 2438 transitur
716 2403 761 2438 ad
787 2402 983 2446 desertum,
1011 2407 1118 2447 atque

61 2466 146 2503 inde
163 2475 330 2512 egressus
348 2465 394 2501 ad
418 2469 550 2500 sanetae
575 2469 682 2500 terrae
706 2464 968 2507 haereditatem,
999 2462 1119 2499 videa-

63 2530 142 2562 mus
171 2536 266 2561 nunc
292 2525 378 2570 quid
398 2524 466 2560 sibi
493 2523 579 2559 velit
596 2523 723 2558 Ruben
743 2528 778 2558 et
801 2521 892 2565 Gad,
916 2526 951 2558 et
971 2521 1118 2558 dimidia

63 2586 180 2622 tribus
198 2585 361 2619 Manasse
381 2582 585 2625 haereditas,
608 2591 687 2627 quae
703 2591 766 2626 per
787 2580 932 2626 Moysen
953 2579 1117 2622 traditur,

43 2643 48 2648 “
65 2651 100 2682 et
120 2649 222 2681 extra
242 2642 434 2680 Jordanem
457 2642 674 2677 decernitur.
695 2640 732 2676 ln
749 2641 934 2676 duodecim
955 2639 1119 2676 tribubus

66 2711 221 2747 filiorum
239 2708 361 2752 lsrael,
377 2706 527 2744 occultis
542 2706 754 2751 quibusdam
772 2710 807 2741 et
831 2704 990 2750 mysticis
1008 2704 1118 2739 ratio-

66 2771 184 2815 nibus,
220 2770 328 2806 totius
358 2767 504 2805 humani
533 2766 675 2813 generis
712 2766 826 2812 figura
857 2765 1119 2810 complectitur,

68 2831 125 2870 vel
147 2831 307 2869 omnium
338 2835 438 2866 certe
466 2828 651 2864 hominum
677 2825 738 2872 qui
756 2826 799 2861 ad
819 2825 1036 2871 agnitionem
1058 2824 1121 2860 Dei

68 2895 257 2928 venerunt.
278 2889 415 2925 Horum
443 2897 528 2924 vero
546 2896 631 2933 pars
649 2886 766 2931 aliqua
797 2890 898 2920 extra
927 2883 1118 2920 Jordanem

70 2957 107 2987 et
123 2949 367 2986 haereditatem
385 2947 618 2992 consequitur
642 2955 705 2990 per
736 2944 901 2991 Moysen;
920 2954 1004 2990 pars
1034 2954 1119 2979 vero

71 3011 200 3047 transit
219 3007 425 3051 Jordanem,
448 3012 484 3043 et
499 3005 745 3042 haereditatem
777 3004 924 3050 suscipit
956 3004 991 3040 in
1025 3009 1121 3040 terra

71 3069 359 3118 repromissionis
375 3077 441 3114 per
465 3066 600 3103 lesum.
621 3066 665 3101 Et
681 3063 730 3100 illi
751 3065 895 3111 quidem
918 3065 1047 3110 quibus
1065 3073 1123 3100 ex-

71 3138 126 3169 tra
143 3130 337 3167 ¹Iordanem
366 3128 557 3165 boereditas
582 3126 800 3170 decernitur,
820 3125 992 3172 primitivi
1016 3130 1119 3169 sunt3

70 3191 156 3228 licet
193 3190 312 3226 minus
345 3188 495 3232 nobiles,
519 3188 603 3224 licet
634 3198 705 3224 non
734 3186 918 3233 inculpati,
949 3186 1121 3231 primitivi

72 3251 191 3287 tamen
208 3254 304 3286 sunt.
323 3249 447 3286 Ruben
466 3258 623 3294 namque
641 3253 696 3284 cst
712 3247 971 3294 primogenitus
990 3246 1120 3291 Jacob;

72 3309 156 3348 lieet
191 3310 488 3347 contaminaverit
523 3310 664 3346 thorum
695 3307 831 3355 patris,
861 3309 1122 3355 primogenitus

75 3374 195 3407 tamen
212 3374 278 3406 est.
296 3359 459 3406 Manasse
473 3378 630 3415 quoque,
651 3366 752 3414 eujus
767 3368 915 3404 dimidia
930 3367 1042 3404 tribus
1062 3379 1123 3403 ex-

74 3423 133 3479 tra
153 3424 345 3466 Iordanem
370 3429 611 3476 consequitur,
642 3433 678 3464 et
696 3429 772 3475 ipse
788 3428 870 3464 licet
890 3428 933 3463 de
954 3427 1123 3474 AEgyptia

63 3488 184 3540 'natus
212 3486 282 3534 est,
305 3489 563 3537 primogenitus
594 3495 714 3526 tamen
745 3492 811 3524 est.
845 3487 977 3523 Omnes
1003 3492 1124 3521 tamen

53 3533 138 3588 “isti
155 3548 382 3599 primogeniti
414 3555 509 3595 sunt,
535 3555 572 3586 et
598 3551 677 3587 ideo
701 3549 857 3596 priorem
876 3546 1045 3593 populum
1064 3547 1124 3582 de-

73 3597 232 3655 'Ql'sslg
251 3612 312 3660 qui
329 3620 399 3648 non
425 3621 490 3659 per
514 3608 637 3647 Iesum
656 3610 848 3647 Dominum
868 3612 1043 3650 nostrum,
1065 3607 1127 3642 sed

81 3662 150 3717 bffl·
166 3661 309 3717 Ubffiii
326 3666 427 3709 extra
444 3666 636 3709 iomanem
660 3675 794 3708 sortem
825 3668 1046 3705 haereditatis
1072 3676 1129 3702 ac·

83 3720 448 3776 &pinni-&bilustri
472 3722 592 3782 autem
617 3719 822 3780 diligentius
850 3730 960 3767 etiam
984 3738 1128 3766 causam

7 3931 58 4016 :t

514 147 871 188 ENARRATIONES
893 148 940 185 IN
962 148 1139 186 HBRUM
1162 148 1476 190 Nuumonuu.
1500 170 1549 179 --
1572 152 1745 202 Lm21v.

87 202 168 288 ‚ium
188 231 289 269 illum
306 240 379 268 non
396 229 585 268 deveniant
603 230 864 264 tormentorum
893 235 902 261 :
930 226 1007 262 haee
1035 235 1100 261 au·
1120 232 1155 271 Α
1170 235 1242 272 qua
1259 229 1295 262 et
1309 225 1464 271 priores,
1484 230 1521 260 et
1537 230 1641 262 extra
1667 207 1862 283 lor-danem
1889 223 1927 269 ει
1959 236 2174 283 „westfali
2196 211 2219 275 ᾖ

712 286 932 348 ψὶιοωιη,
952 291 993 320 ut
1013 285 1102 329 vigi·
1171 285 1326 329 caeteris,
1342 290 1614 330 consequuntur
1626 284 1887 324 haereditatem.
1902 287 2068 340 Jumem
2079 307 2220 346 quoque

1134 2026 1163 2067 C

1136 2917 1171 2955 D

2146 164 2215 203 806

1171 352 1208 383 et
1233 351 1367 392 pecora
1395 345 1508 382 multa
1542 348 1626 381 sunt
1659 343 1778 381 nobis.
1809 345 1894 382 Haec
1923 356 2008 394 ergo
2026 341 2133 392 Rama
2150 367 2222 404 qm

1171 408 1270 460 prior
1287 407 1440 453 populus
1458 406 1503 443 ad
1525 405 1774 443 haereditatem
1794 410 1899 442 terrae
1920 407 2014 444 illius
2035 419 2114 455 quae
2131 413 2224 453 laete

1170 463 1262 510 fluit,
1292 477 1372 512 qua:
1390 467 1495 503 melle
1514 466 1685 509 abundat,
1705 475 1786 512 quae
1814 465 1918 501 favus
1948 467 2065 503 mellis
2081 474 2137 505 est
2153 481 2227 516 prae,

1173 527 1271 566 omni
1289 532 1402 571 terra,
1423 537 1495 563 non
1521 526 1638 572 potuit
1654 526 1858 573 pervenire,
1885 537 1952 563 nec
1967 519 2126 565 Verbum
2150 540 2230 567 car-

1174 601 1256 628 nem
1280 590 1398 637 potuit
1418 598 1628 635 agnoscere,
1653 588 1735 634 quia
1767 587 1879 624 multa
1897 586 2060 633 jumenta
2077 590 2232 628 habebat

1176 659 1211 690 et
1228 662 1359 699 pecora
1385 651 1509 687 multa.
1528 648 1702 685 Animalis
1721 650 1812 685 em'm
1834 660 1903 685 non
1921 650 2031 696 potuit
2059 651 2231 696 percipere

1176 725 1254 762 quoe
1266 719 1346 750 sunt
1364 713 1507 759 spiritus
1524 711 1605 754 Dei,
1621 721 1688 747 nec
1703 710 1912 756 spiritaliter
1925 710 2134 757 dijudicare,
2149 712 2234 756 quia

1177 776 1279 810 Ιιοηιο
1297 784 1375 809 cum
1400 773 1437 807 in
1456 773 1587 807 honore
1610 777 1695 807 esset
1716 781 1785 806 non
1807 770 1990 814 intellexit,
2015 770 2075 806 sed
2091 782 2233 818 compu-

1177 841 1270 870 tatus
1293 841 1342 870 est
1356 834 1526 880 jumentis
1555 831 1807 878 insipientibus,
1836 831 1958 867 similis
1981 831 2093 877 sactus
2113 838 2163 867 est
2179 831 2232 867 his

1178 896 1292 943 (Psal.
1326 895 1466 943 xnvin);
1488 905 1553 941 pro
1577 893 1707 939 quibus
1732 893 1979 929 haereditatem
2001 904 2103 930 suam
2130 897 2233 929 extra

1178 954 1344 992 Jordanis
1363 955 1496 991 fluenta
1514 954 1686 1000 percepit,
1712 959 1756 989 et.
1774 963 1795 988 a
1820 959 1918 990 terra
1945 965 1983 990 se
2003 960 2128 991 sancta
2147 954 2234 990 fecit

1179 1016 1349 1050 alienum.
1369 1016 1430 1051 llle
1449 1025 1535 1060 ergo
1563 1013 1715 1059 populus
1744 1014 1883 1059 accepit
1906 1014 2150 1051 haereditatem
2167 1024 2233 1060 per

1182 1075 1347 1122 Moysen3
1366 1075 1505 1120 accepit
1522 1080 1653 1109 terram
1664 1073 1816 1108 duorum
1832 1084 1955 1121 regum
1971 1076 2231 1111 tantummodo.

41 1129 119 1168 'bus
138 1128 270 1166 ¹¹0821'iS
287 1133 323 1164 θῑ
343 1139 362 1164 ss
379 1128 482 1164 1¹0¹)iS
503 1137 597 1173 8³81)ss
618 1128 753 1163 dictum
773 1133 840 1163 cst.
861 1126 952 1162 Nam
973 1134 1009 1163 θῑ
1029 1138 1110 1163 cum
1130 1126 1161 1165 Β
1180 1135 1257 1171 Non
1272 1135 1368 1170 enim
1384 1134 1536 1180 amplius
1550 1131 1668 1180 potuit
1687 1130 1828 1179 Moyses
1843 1133 2046 1169 interlicere
2062 1133 2132 1169 nisi
2147 1133 2236 1171 duos

1181 1206 1284 1243 reges
1305 1222 1313 1238 ,
1351 1205 1504 1241 quorum
1541 1201 1675 1231 terram
1708 1196 1882 1232 divideret
1924 1193 2064 1240 populis
2078 1220 2088 1236 ,
2125 1194 2238 1232 multa

1180 1257 1346 1292 animalia
1366 1257 1548 1302 multaque
1578 1267 1707 1303 pecora
1731 1257 1960 1293 habentibus.
1988 1255 2059 1291 Illis
2075 1264 2158 1292 vero
2175 1255 2238 1302 qui

1178 1317 1370 1353 ,Iordanem
1397 1323 1584 1353 transeunt
1606 1317 1710 1354 Jesus
1738 1315 1864 1354 dividit
1891 1322 2051 1352 terram:
2072 1316 2237 1362 quamvis

1178 1379 1333 1414 habeant
1360 1379 1470 1414 etiam
1496 1380 1563 1424 ipsi
1593 1380 1775 1423 animalia,
1804 1380 1960 1415 habeant
1988 1389 2133 1426 pecora,
2164 1390 2237 1416 non

1179 1444 1299 1474 tamen
1326 1444 1423 1473 tanta
1442 1448 1520 1484 quae
1538 1449 1600 1474 eos
1618 1439 1810 1475 excludant
1834 1449 1879 1474 ne
1905 1437 2095 1474 Jordanem
2115 1445 2235 1475 trans-

1178 1504 1274 1534 eant.
1296 1498 1367 1534 Sed
1384 1509 1464 1533 cuin
1483 1499 1568 1544 ipsis
1588 1506 1623 1534 et
1640 1499 1863 1543 mulieribus,
1883 1503 1918 1534 et
1935 1509 2016 1534 cum
2039 1498 2237 1535 infantibus

1179 1559 1252 1593 suis
1282 1558 1504 1594 contendunt
1538 1559 1690 1594 transire
1716 1558 1922 1600 Jordanem,
1955 1564 1992 1593 et
2019 1558 2065 1594 ad
2092 1564 2236 1604 patrum

1177 1620 1366 1667 pervenire
1379 1620 1573 1666 promissa.
1593 1620 1646 1655 llli
1664 1626 1782 1656 autem
1802 1625 1950 1666 propter
1964 1629 2110 1666 pecora,
2130 1626 2166 1656 et
2178 1620 2237 1665 ju-

1180 1686 1314 1723 menta,
1340 1686 1376 1716 ct
1403 1680 1571 1716 mulieres
1587 1691 1684 1723 suas,
1705 1686 1741 1715 et
1762 1679 1933 1723 infantes,
1952 1688 2023 1714 non
2044 1684 2238 1724 potuerunt

1181 1742 1334 1778 transire
1357 1741 1563 1783 Jordanem,
1597 1752 1661 1777 nec
1686 1741 1731 1776 ad
1758 1740 1867 1777 fidem
1895 1739 2046 1782 Christi,
2074 1749 2154 1785 quae
2184 1745 2238 1776 est

1181 1807 1277 1838 terra
1310 1803 1612 1848 repromissionis,
1647 1803 1795 1838 intrare.
1833 1802 1999 1848 Increpat
2030 1808 2148 1838 tamen
2176 1812 2239 1839 eos

1182 1865 1335 1910 Moyses,
1358 1871 1393 1900 et
1412 1865 1498 1900 dicit
1517 1865 1562 1900 ad
1589 1864 1680 1901 filios
1700 1863 1827 1899 Ruben
1851 1869 1887 1899 et
1906 1863 1998 1898 filios
2020 1863 2097 1899 Gad
2117 1875 2125 1897 ;
2151 1862 2238 1898 Fra-

1183 1932 1257 1960 tres
1273 1925 1383 1960 vestri
1403 1929 1552 1970 pergent
1570 1925 1614 1959 ad
1632 1923 1807 1969 praelium,
1824 1929 1860 1959 et
1881 1933 1944 1959 vos
1961 1922 2130 1959 sedebitis
2152 1921 2239 1958 hic?

1184 1985 1229 2021 Et
1255 1996 1366 2031 quare
1395 1985 1599 2031 pervertitis
1620 1985 1727 2020 corda
1758 1984 1911 2020 filiorum
1942 1984 2066 2027 lsrael,
2099 1989 2139 2019 ut
2166 1993 2240 2020 non

1186 2051 1371 2082 transeant
1394 2046 1430 2081 in
1452 2052 1584 2081 terram
1603 2055 1710 2090 quam
1731 2045 1902 2080 Dominus
1921 2045 1982 2079 dat
2002 2044 2076 2079 eis?
2096 2043 2242 2079 Etcum

1187 2107 1408 2152 increpasset
1431 2117 1493 2142 cos
1514 2105 1718 2150 hujusmodi
1748 2105 1881 2146 verbis,
1913 2108 2156 2145 accesserunt,
2187 2102 2241 2138 in-

1186 2167 1277 2213 quit,
1299 2167 1343 2202 ad
1369 2177 1451 2202 eum
1483 2166 1545 2201 filii
1573 2165 1712 2207 Ruben‚
1733 2170 1769 2200 et
1789 2164 1851 2199 filii
1870 2163 1960 2206 Gau,
1990 2169 2026 2198 et
2044 2163 2209 2199 dicebant
2229 2175 2238 2198 :

1186 2227 1301 2264 Ovilia
1319 2227 1444 2262 ovibus
1462 2226 1679 2262 fabricamus
1701 2226 1760 2262 hic
1778 2231 1814 2261 et
1831 2225 2020 2271 pecoribus
2038 2230 2073 2260 et
2091 2224 2243 2260 civitati-

1186 2287 1253 2322 bus
1267 2286 1439 2330 jumentis
1454 2288 1587 2322 nostris
1605 2286 1655 2332 [et
1669 2286 1806 2322 stabula
1818 2284 2004 2329 jumentis,
2022 2290 2057 2319 et
2075 2285 2240 2320 civitates

1186 2347 1346 2391 parvulis
1366 2346 1512 2392 nostris]
1531 2357 1539 2388 ;
1562 2352 1598 2381 ct
1623 2357 1687 2382 nos
1713 2346 1841 2381 armati
1866 2345 1981 2390 prima
2004 2350 2120 2379 turma
2145 2343 2242 2379 ince-

1186 2407 1304 2442 dimus
1328 2412 1409 2442 ante
1437 2407 1528 2442 filios
1546 2407 1674 2448 Israel,
1704 2415 1888 2451 usquequo
1916 2405 2156 2450 perducamus
2179 2413 2241 2440 eos

1187 2468 1223 2503 in
1253 2468 1368 2502 locum
1400 2477 1515 2502 suum.
1538 2467 1582 2502 Et
1601 2468 1676 2502 haec
1697 2467 1961 2512 promittentes,
1988 2466 2243 2511 mitigaverunt

1187 2527 1348 2572 Moysen,
1375 2527 1422 2561 ita
1452 2532 1491 2562 ut
1519 2527 1594 2571 ipse
1611 2536 1673 2561 eos
1698 2525 1965 2562 commendaret
1981 2523 2065 2560 Jesu
2085 2531 2120 2560 ct
2137 2525 2241 2560 Elea-

1188 2597 1285 2622 zaro.
1306 2587 1355 2621 lta
1374 2587 1469 2622 enim
1488 2586 1661 2631 scriptum
1678 2590 1734 2621 est
1756 2597 1763 2619 :
1785 2584 1831 2619 Et
1850 2584 2005 2619 adhibuit
2023 2595 2080 2619 eos
2103 2583 2240 2630 Moyses

1186 2648 1231 2682 ad
1252 2646 1462 2682 Eleazarum
1486 2646 1715 2689 sacerdotem,
1740 2651 1771 2680 et
1799 2643 1919 2680 Jesum
1942 2643 2053 2689 filium
2075 2643 2185 2687 Nave,
2207 2652 2240 2680 et

1186 2709 1357 2755 principes
1380 2708 1595 2753 farniliarum
1619 2707 1784 2749 tribuum,
1808 2712 1839 2741 et
1862 2707 1912 2741 ait
1931 2705 1976 2740 ad
1994 2716 2051 2740 eos
2077 2705 2240 2751 Moyses:

1189 2767 1227 2803 Si
1246 2768 1448 2804 transierint
1470 2767 1536 2813 filii
1554 2767 1675 2802 Ruben
1695 2773 1725 2802 et
1742 2766 1808 2812 filii
1829 2763 1905 2801 Gad
1922 2765 2094 2801 vobiscum
2113 2765 2244 2802 Jorda-

1191 2839 1266 2863 nem
1286 2840 1403 2864 omnes
1423 2828 1550 2864 armati
1569 2828 1614 2862 ad
1633 2826 1794 2874 proelium
1815 2837 1933 2862 coram
1952 2826 2115 2869 Domino,
2134 2833 2166 2861 et
2185 2827 2244 2862 ob-

1190 2888 1364 2923 tinueritis
1381 2894 1509 2923 terram
1525 2888 1561 2922 in
1576 2894 1758 2933 conspectu
1769 2893 1893 2930 vestro,
1909 2886 2036 2922 dabitis
2051 2886 2099 2922 eis
2114 2892 2243 2922 terram

1190 2947 1326 2984 Galaad
1342 2949 1375 2983 in
1390 2948 1650 2995 possessionem.
1665 2947 1785 2983 Terrae
1799 2957 1929 2983 nomen
1939 2947 1973 2982 in
1985 2946 2181 2993 Scripturis
2195 2946 2246 2982 ‹li-

1189 3009 1283 3045 vinis
1296 3009 1451 3055 positum
1468 3008 1620 3044 diversis
1635 3007 1957 3054 significationibus
1973 3007 2188 3044 invenimus.
2201 3006 2246 3042 Et

1188 3069 1305 3115 primo
1320 3068 1464 3114 quidem
1481 3073 1575 3104 terra
1590 3069 1665 3104 haec
1682 3068 1717 3103 in
1732 3078 1803 3113 qua
1815 3067 2018 3104 habitamus
2035 3077 2105 3103 non
2118 3077 2163 3102 ex
2177 3066 2245 3101 ini-

1191 3129 1243 3164 tio
1273 3133 1370 3164 terra
1403 3129 1559 3164 vocitata
1589 3134 1657 3171 est,
1675 3129 1736 3164 sed
1767 3128 1879 3163 arida.
1902 3127 1947 3162 Et
1971 3134 2051 3172 post
2066 3126 2142 3160 haec
2162 3135 2240 3169 quae

1192 3189 1293 3235 prius
1309 3189 1400 3224 dicta
1418 3187 1534 3224 fuerat
1550 3187 1664 3229 arida,
1679 3193 1782 3222 terrae
1800 3195 1930 3221 nomen
1950 3184 2099 3227 accepit.
2122 3182 2183 3218 Sic
2206 3188 2243 3218 et

1195 3249 1326 3284 coelum
1342 3248 1437 3285 istud
1456 3248 1595 3285 visibile
1610 3258 1681 3283 non
1694 3247 1738 3282 ab
1753 3245 1853 3280 initio
1873 3243 2002 3279 coelum
2018 3243 2151 3279 dictum
2171 3249 2241 3287 est,

1194 3309 1257 3345 sed
1286 3309 1387 3355 prius
1423 3309 1685 3344 firmamentum
1709 3309 1789 3350 post
1821 3303 1929 3338 etiam
1955 3302 2036 3338 coeli
2069 3303 2241 3339 vocabulo

1194 3374 1435 3414 nuncupatum
1453 3374 1521 3403 est.
1543 3367 1580 3402 ln
1609 3365 1784 3411 principio
1810 3368 1930 3398 tamen
1964 3368 2136 3400 creaturae
2168 3373 2240 3402 coe-

1179 3428 1268 3464 'lum
1300 3434 1335 3464 et
1369 3433 1502 3463 terram
1524 3426 1651 3462 fecisse
1677 3423 1807 3460 dicitur
1829 3423 1935 3467 Deus,
1965 3427 2002 3459 et
2019 3430 2144 3470 postea
2165 3425 2240 3460 ari-

1194 3488 1291 3530 dam,
1321 3492 1356 3522 et
1372 3491 1496 3532 postea
1517 3485 1794 3519 firmamentum.
1816 3482 1948 3519 Omnes
1971 3483 2066 3519 enim
2084 3494 2150 3520 nos
2174 3484 2240 3520 do-

1194 3557 1260 3582 nec
1275 3545 1486 3582 infructuosi
1509 3554 1645 3586 sumus,
1664 3548 1699 3578 et
1717 3541 1850 3578 nullum
1868 3538 2048 3588 pudicitia}
2072 3542 2239 3586 fructum,

1193 3605 1326 3642 nullum
1342 3604 1504 3650 justitiae,
1523 3603 1656 3638 nullum
1677 3603 1822 3650 pietatis
1845 3594 2040 3646 afferimus,
2059 3603 2151 3639 aridi
2179 3613 2242 3639 su-

1194 3674 1287 3702 mus.
1323 3662 1361 3698 Si
1395 3668 1514 3698 autem
1546 3662 1785 3709 nosmetipsos
1816 3662 2032 3708 coeperimus
2065 3661 2240 3705 excolere,

1194 3728 1231 3762 et
1258 3723 1305 3762 ad
1335 3723 1508 3760 virtutum
1533 3721 1674 3770 frugem
1705 3722 1844 3762 desides
1880 3722 2020 3760 animos
2054 3722 2242 3765 suscitare,
