<?xml version="1.0" encoding="UTF-8"?>
<!DOCTYPE html PUBLIC "-//W3C//DTD XHTML 1.0 Transitional//EN"
    "http://www.w3.org/TR/xhtml1/DTD/xhtml1-transitional.dtd">
<html xmlns="http://www.w3.org/1999/xhtml" xml:lang="en" lang="en">
 <head>
  <title>
</title>
<meta http-equiv="Content-Type" content="text/html;charset=utf-8" />
  <meta name='ocr-system' content='tesseract 3.04.00' />
  <meta name='ocr-capabilities' content='ocr_page ocr_carea ocr_par ocr_line ocrx_word'/>
</head>
<body>
  <div class='ocr_page' id='page_1' title='image "./patrologiae00unknuoft_0588.png"; bbox 0 0 2540 4016; ppageno 0'>
   <div class='ocr_carea' id='block_1_1' title="bbox 1260 148 1280 170">
    <p class='ocr_par' dir='ltr' id='par_1_1' title="bbox 1260 148 1280 170">
     <span class='ocr_line' id='line_1_1' title="bbox 1260 148 1280 170; baseline 0 0"><span class='ocrx_word' id='word_1_1' title='bbox 1260 148 1280 170; x_wconf 66' lang='lat'>0</span> 
     </span>
    </p>
   </div>
   <div class='ocr_carea' id='block_1_2' title="bbox 264 221 355 262">
    <p class='ocr_par' dir='ltr' id='par_1_2' title="bbox 264 221 355 262">
     <span class='ocr_line' id='line_1_2' title="bbox 264 221 355 262; baseline -0.033 0"><span class='ocrx_word' id='word_1_2' title='bbox 264 221 355 262; x_wconf 78' lang='lat'>¹165</span> 
     </span>
    </p>
   </div>
   <div class='ocr_carea' id='block_1_3' title="bbox 262 279 1372 340">
    <p class='ocr_par' dir='ltr' id='par_1_3' title="bbox 262 279 1372 340">
     <span class='ocr_line' id='line_1_3' title="bbox 262 279 1372 340; baseline -0.019 -4"><span class='ocrx_word' id='word_1_3' title='bbox 262 297 398 338; x_wconf 76' lang='lat' dir='ltr'><strong>studuit</strong></span> <span class='ocrx_word' id='word_1_4' title='bbox 426 293 521 340; x_wconf 87' lang='lat' dir='ltr'>quod</span> <span class='ocrx_word' id='word_1_5' title='bbox 550 291 746 328; x_wconf 82' lang='lat' dir='ltr'>adventum</span> <span class='ocrx_word' id='word_1_6' title='bbox 772 285 1027 332; x_wconf 78' lang='lat' dir='ltr'>Redemptor-is</span> <span class='ocrx_word' id='word_1_7' title='bbox 1049 282 1166 320; x_wconf 80' lang='lat' dir='ltr'>nostri</span> <span class='ocrx_word' id='word_1_8' title='bbox 1188 284 1318 318; x_wconf 82' lang='lat' dir='ltr'>contra</span> <span class='ocrx_word' id='word_1_9' title='bbox 1334 279 1372 321; x_wconf 81' lang='lat' dir='ltr'>A</span> 
     </span>
    </p>
   </div>
   <div class='ocr_carea' id='block_1_4' title="bbox 259 341 1331 1194">
    <p class='ocr_par' dir='ltr' id='par_1_4' title="bbox 259 341 1331 1194">
     <span class='ocr_line' id='line_1_4' title="bbox 261 341 1317 398; baseline -0.017 -2"><span class='ocrx_word' id='word_1_10' title='bbox 261 357 440 398; x_wconf 86' lang='lat' dir='ltr'>diabolum</span> <span class='ocrx_word' id='word_1_11' title='bbox 457 354 518 391; x_wconf 82' lang='lat' dir='ltr'>illa</span> <span class='ocrx_word' id='word_1_12' title='bbox 531 354 608 391; x_wconf 91' lang='lat' dir='ltr'>-sub</span> <span class='ocrx_word' id='word_1_13' title='bbox 624 351 771 388; x_wconf 86' lang='lat' dir='ltr'>Gedeon</span> <span class='ocrx_word' id='word_1_14' title='bbox 786 349 879 385; x_wconf 86' lang='lat' dir='ltr'>duce</span> <span class='ocrx_word' id='word_1_15' title='bbox 906 353 1037 395; x_wconf 65' lang='lat' dir='ltr'>pugnat</span> <span class='ocrx_word' id='word_1_16' title='bbox 1052 343 1207 381; x_wconf 83' lang='lat' dir='ltr'>victoria</span> <span class='ocrx_word' id='word_1_17' title='bbox 1220 341 1317 379; x_wconf 74' lang='lat' dir='ltr'>desi-</span> 
     </span>
     <span class='ocr_line' id='line_1_5' title="bbox 260 405 1317 469; baseline -0.016 -13"><span class='ocrx_word' id='word_1_18' title='bbox 260 418 404 469; x_wconf 80' lang='lat' dir='ltr'>gnavit?</span> <span class='ocrx_word' id='word_1_19' title='bbox 419 417 520 453; x_wconf 86' lang='lat' dir='ltr'>Talia</span> <span class='ocrx_word' id='word_1_20' title='bbox 538 415 611 451; x_wconf 90' lang='lat' dir='ltr'>illic</span> <span class='ocrx_word' id='word_1_21' title='bbox 637 413 818 449; x_wconf 88' lang='lat' dir='ltr'>nimirum·</span> <span class='ocrx_word' id='word_1_22' title='bbox 837 415 920 446; x_wconf 83' lang='lat' dir='ltr'>acta</span> <span class='ocrx_word' id='word_1_23' title='bbox 945 412 1045 452; x_wconf 87' lang='lat' dir='ltr'>sunt,</span> <span class='ocrx_word' id='word_1_24' title='bbox 1063 405 1159 453; x_wconf 86' lang='lat' dir='ltr'>quod</span> <span class='ocrx_word' id='word_1_25' title='bbox 1181 408 1317 451; x_wconf 87' lang='lat' dir='ltr'>quanto</span> 
     </span>
     <span class='ocr_line' id='line_1_6' title="bbox 260 465 1319 527; baseline -0.017 -10"><span class='ocrx_word' id='word_1_26' title='bbox 260 480 374 527; x_wconf 84' lang='lat' dir='ltr'>magis</span> <span class='ocrx_word' id='word_1_27' title='bbox 401 487 507 514; x_wconf 87' lang='lat' dir='ltr'>usum</span> <span class='ocrx_word' id='word_1_28' title='bbox 536 473 722 523; x_wconf 83' lang='lat' dir='ltr'>pugnandi</span> <span class='ocrx_word' id='word_1_29' title='bbox 749 474 955 513; x_wconf 84' lang='lat' dir='ltr'>transeunt,</span> <span class='ocrx_word' id='word_1_30' title='bbox 983 472 1085 505; x_wconf 82' lang='lat' dir='ltr'>tanto</span> <span class='ocrx_word' id='word_1_31' title='bbox 1113 465 1268 512; x_wconf 76' lang='lat' dir='ltr'>amplius</span> <span class='ocrx_word' id='word_1_32' title='bbox 1297 474 1319 499; x_wconf 85' lang='lat' dir='ltr'>a</span> 
     </span>
     <span class='ocr_line' id='line_1_7' title="bbox 259 525 1320 588; baseline -0.016 -11"><span class='ocrx_word' id='word_1_33' title='bbox 259 537 496 588; x_wconf 86' lang='lat' dir='ltr'>prophetandi</span> <span class='ocrx_word' id='word_1_34' title='bbox 530 534 703 583; x_wconf 86' lang='lat' dir='ltr'>mysterio</span> <span class='ocrx_word' id='word_1_35' title='bbox 719 543 793 570; x_wconf 89' lang='lat' dir='ltr'>non</span> <span class='ocrx_word' id='word_1_36' title='bbox 811 530 996 568; x_wconf 85' lang='lat' dir='ltr'>recedunt.</span> <span class='ocrx_word' id='word_1_37' title='bbox 1015 527 1104 572; x_wconf 82' lang='lat' dir='ltr'>Quis</span> <span class='ocrx_word' id='word_1_38' title='bbox 1131 525 1228 564; x_wconf 87' lang='lat' dir='ltr'>enim</span> <span class='ocrx_word' id='word_1_39' title='bbox 1252 534 1320 560; x_wconf 90' lang='lat' dir='ltr'>un-</span> 
     </span>
     <span class='ocr_line' id='line_1_8' title="bbox 261 583 1321 648; baseline -0.018 -10"><span class='ocrx_word' id='word_1_40' title='bbox 261 611 368 648; x_wconf 89' lang='lat' dir='ltr'>quam</span> <span class='ocrx_word' id='word_1_41' title='bbox 385 609 467 636; x_wconf 89' lang='lat' dir='ltr'>cum</span> <span class='ocrx_word' id='word_1_42' title='bbox 488 596 627 644; x_wconf 83' lang='lat' dir='ltr'>lagenis</span> <span class='ocrx_word' id='word_1_43' title='bbox 643 599 680 631; x_wconf 90' lang='lat' dir='ltr'>et</span> <span class='ocrx_word' id='word_1_44' title='bbox 703 592 931 639; x_wconf 79' lang='lat' dir='ltr'>lampadibus</span> <span class='ocrx_word' id='word_1_45' title='bbox 953 589 998 626; x_wconf 79' lang='lat' dir='ltr'>ad</span> <span class='ocrx_word' id='word_1_46' title='bbox 1016 587 1181 636; x_wconf 82' lang='lat' dir='ltr'>praelium</span> <span class='ocrx_word' id='word_1_47' title='bbox 1196 583 1321 622; x_wconf 83' lang='lat' dir='ltr'>venit?</span> 
     </span>
     <span class='ocr_line' id='line_1_9' title="bbox 262 644 1324 709; baseline -0.019 -9"><span class='ocrx_word' id='word_1_48' title='bbox 262 664 349 709; x_wconf 89' lang='lat' dir='ltr'>Quis</span> <span class='ocrx_word' id='word_1_49' title='bbox 375 666 501 698; x_wconf 89' lang='lat' dir='ltr'>contra</span> <span class='ocrx_word' id='word_1_50' title='bbox 530 668 631 694; x_wconf 89' lang='lat' dir='ltr'>arma</span> <span class='ocrx_word' id='word_1_51' title='bbox 645 655 795 692; x_wconf 82' lang='lat' dir='ltr'>veniens</span> <span class='ocrx_word' id='word_1_52' title='bbox 814 663 915 689; x_wconf 85' lang='lat' dir='ltr'>arma</span> <span class='ocrx_word' id='word_1_53' title='bbox 945 649 1128 688; x_wconf 82' lang='lat' dir='ltr'>deseruit?</span> <span class='ocrx_word' id='word_1_54' title='bbox 1157 644 1324 684; x_wconf 80' lang='lat' dir='ltr'>Ridicula</span> 
     </span>
     <span class='ocr_line' id='line_1_10' title="bbox 262 709 1324 767; baseline -0.019 -5"><span class='ocrx_word' id='word_1_55' title='bbox 262 725 366 762; x_wconf 88' lang='lat' dir='ltr'>nobis</span> <span class='ocrx_word' id='word_1_56' title='bbox 381 725 457 759; x_wconf 86' lang='lat' dir='ltr'>haec</span> <span class='ocrx_word' id='word_1_57' title='bbox 473 719 636 767; x_wconf 86' lang='lat' dir='ltr'>profecto</span> <span class='ocrx_word' id='word_1_58' title='bbox 654 718 810 758; x_wconf 80' lang='lat' dir='ltr'>fuerant,</span> <span class='ocrx_word' id='word_1_59' title='bbox 835 715 866 750; x_wconf 91' lang='lat' dir='ltr'>si</span> <span class='ocrx_word' id='word_1_60' title='bbox 879 712 1056 750; x_wconf 78' lang='lat' dir='ltr'>terribilia</span> <span class='ocrx_word' id='word_1_61' title='bbox 1070 709 1233 747; x_wconf 78' lang='lat' dir='ltr'>hostibus</span> <span class='ocrx_word' id='word_1_62' title='bbox 1251 715 1324 742; x_wconf 88' lang='lat' dir='ltr'>non</span> 
     </span>
     <span class='ocr_line' id='line_1_11' title="bbox 264 770 1325 823; baseline -0.019 -2"><span class='ocrx_word' id='word_1_63' title='bbox 264 785 428 821; x_wconf 81' lang='lat' dir='ltr'>fuissent.</span> <span class='ocrx_word' id='word_1_64' title='bbox 461 780 533 818; x_wconf 87' lang='lat' dir='ltr'>Sed</span> <span class='ocrx_word' id='word_1_65' title='bbox 558 778 711 815; x_wconf 87' lang='lat' dir='ltr'>victoria</span> <span class='ocrx_word' id='word_1_66' title='bbox 733 777 811 823; x_wconf 87' lang='lat' dir='ltr'>ipsa</span> <span class='ocrx_word' id='word_1_67' title='bbox 839 777 1034 811; x_wconf 82' lang='lat' dir='ltr'>attestante</span> <span class='ocrx_word' id='word_1_68' title='bbox 1062 770 1253 808; x_wconf 77' lang='lat' dir='ltr'>didicimus</span> <span class='ocrx_word' id='word_1_69' title='bbox 1278 775 1325 802; x_wconf 86' lang='lat' dir='ltr'>ne</span> 
     </span>
     <span class='ocr_line' id='line_1_12' title="bbox 264 829 1326 893; baseline -0.019 -11"><span class='ocrx_word' id='word_1_70' title='bbox 264 845 363 893; x_wconf 85' lang='lat' dir='ltr'>parvi</span> <span class='ocrx_word' id='word_1_71' title='bbox 383 846 460 880; x_wconf 85' lang='lat' dir='ltr'>haec</span> <span class='ocrx_word' id='word_1_72' title='bbox 476 852 554 889; x_wconf 82' lang='lat' dir='ltr'>qnae</span> <span class='ocrx_word' id='word_1_73' title='bbox 569 841 664 876; x_wconf 82' lang='lat' dir='ltr'>sacta</span> <span class='ocrx_word' id='word_1_74' title='bbox 685 843 772 875; x_wconf 89' lang='lat' dir='ltr'>sunt</span> <span class='ocrx_word' id='word_1_75' title='bbox 794 836 1009 884; x_wconf 77' lang='lat' dir='ltr'>pendamus.</span> <span class='ocrx_word' id='word_1_76' title='bbox 1041 831 1188 870; x_wconf 87' lang='lat' dir='ltr'>Gedeon</span> <span class='ocrx_word' id='word_1_77' title='bbox 1204 829 1326 873; x_wconf 84' lang='lat' dir='ltr'>itaque</span> 
     </span>
     <span class='ocr_line' id='line_1_13' title="bbox 265 889 1327 953; baseline -0.018 -10"><span class='ocrx_word' id='word_1_78' title='bbox 265 909 309 944; x_wconf 87' lang='lat' dir='ltr'>ad</span> <span class='ocrx_word' id='word_1_79' title='bbox 328 905 491 953; x_wconf 84' lang='lat' dir='ltr'>praelium</span> <span class='ocrx_word' id='word_1_80' title='bbox 505 902 665 946; x_wconf 78' lang='lat' dir='ltr'>veniens,</span> <span class='ocrx_word' id='word_1_81' title='bbox 694 898 949 944; x_wconf 83' lang='lat' dir='ltr'>Redemptoris</span> <span class='ocrx_word' id='word_1_82' title='bbox 979 894 1094 932; x_wconf 78' lang='lat' dir='ltr'>nostri</span> <span class='ocrx_word' id='word_1_83' title='bbox 1116 892 1234 938; x_wconf 84' lang='lat' dir='ltr'>signat</span> <span class='ocrx_word' id='word_1_84' title='bbox 1263 889 1327 925; x_wconf 88' lang='lat' dir='ltr'>ad-</span> 
     </span>
     <span class='ocr_line' id='line_1_14' title="bbox 266 949 1330 1009; baseline -0.019 -6"><span class='ocrx_word' id='word_1_85' title='bbox 266 973 424 1009; x_wconf 71' lang='lat' dir='ltr'>ventum,</span> <span class='ocrx_word' id='word_1_86' title='bbox 449 965 492 1000; x_wconf 86' lang='lat' dir='ltr'>de</span> <span class='ocrx_word' id='word_1_87' title='bbox 513 973 584 1009; x_wconf 88' lang='lat' dir='ltr'>quo</span> <span class='ocrx_word' id='word_1_88' title='bbox 602 961 779 1007; x_wconf 86' lang='lat' dir='ltr'>scriptum</span> <span class='ocrx_word' id='word_1_89' title='bbox 804 964 886 995; x_wconf 89' lang='lat' dir='ltr'>est:</span> <span class='ocrx_word' id='word_1_90' title='bbox 908 955 1032 992; x_wconf 78' lang='lat' dir='ltr'>Tollite</span> <span class='ocrx_word' id='word_1_91' title='bbox 1047 958 1181 1001; x_wconf 82' lang='lat' dir='ltr'>portas,</span> <span class='ocrx_word' id='word_1_92' title='bbox 1197 949 1330 997; x_wconf 79' lang='lat' dir='ltr'>princi-</span> 
     </span>
     <span class='ocr_line' id='line_1_15' title="bbox 265 1010 1331 1076; baseline -0.019 -11"><span class='ocrx_word' id='word_1_93' title='bbox 265 1040 336 1076; x_wconf 81' lang='lat' dir='ltr'>pes,</span> <span class='ocrx_word' id='word_1_94' title='bbox 353 1034 497 1070; x_wconf 81' lang='lat' dir='ltr'>vestras,</span> <span class='ocrx_word' id='word_1_95' title='bbox 518 1031 550 1061; x_wconf 88' lang='lat' dir='ltr'>et</span> <span class='ocrx_word' id='word_1_96' title='bbox 569 1023 766 1066; x_wconf 79' lang='lat' dir='ltr'>elevamini,</span> <span class='ocrx_word' id='word_1_97' title='bbox 783 1026 892 1068; x_wconf 82' lang='lat' dir='ltr'>portoe</span> <span class='ocrx_word' id='word_1_98' title='bbox 911 1016 1105 1059; x_wconf 69' lang='lat' dir='ltr'>(eternales,</span> <span class='ocrx_word' id='word_1_99' title='bbox 1122 1020 1153 1050; x_wconf 83' lang='lat' dir='ltr'>et</span> <span class='ocrx_word' id='word_1_100' title='bbox 1173 1010 1331 1048; x_wconf 75' lang='lat' dir='ltr'>introibit</span> 
     </span>
     <span class='ocr_line' id='line_1_16' title="bbox 267 1072 1331 1134; baseline -0.017 -10"><span class='ocrx_word' id='word_1_101' title='bbox 267 1100 327 1124; x_wconf 68' lang='lat' dir='ltr'>reat·</span> <span class='ocrx_word' id='word_1_102' title='bbox 347 1087 481 1134; x_wconf 74' lang='lat' dir='ltr'>ytoriae.</span> <span class='ocrx_word' id='word_1_103' title='bbox 504 1085 592 1129; x_wconf 77' lang='lat' dir='ltr'>Quis</span> <span class='ocrx_word' id='word_1_104' title='bbox 618 1091 668 1120; x_wconf 75' lang='lat' dir='ltr'>est</span> <span class='ocrx_word' id='word_1_105' title='bbox 683 1085 750 1119; x_wconf 83' lang='lat' dir='ltr'>iste</span> <span class='ocrx_word' id='word_1_106' title='bbox 770 1093 832 1118; x_wconf 78' lang='lat' dir='ltr'>rex</span> <span class='ocrx_word' id='word_1_107' title='bbox 858 1079 1004 1127; x_wconf 71' lang='lat' dir='ltr'>ylorioe?</span> <span class='ocrx_word' id='word_1_108' title='bbox 1028 1077 1199 1113; x_wconf 85' lang='lat' dir='ltr'>Dominus</span> <span class='ocrx_word' id='word_1_109' title='bbox 1228 1072 1331 1118; x_wconf 74' lang='lat' dir='ltr'>sortis</span> 
     </span>
     <span class='ocr_line' id='line_1_17' title="bbox 267 1131 1327 1194; baseline -0.018 -9"><span class='ocrx_word' id='word_1_110' title='bbox 267 1156 298 1185; x_wconf 82' lang='lat' dir='ltr'>ec</span> <span class='ocrx_word' id='word_1_111' title='bbox 316 1156 449 1194; x_wconf 82' lang='lat' dir='ltr'>potens,</span> <span class='ocrx_word' id='word_1_112' title='bbox 479 1146 650 1180; x_wconf 74' lang='lat' dir='ltr'>Dominus</span> <span class='ocrx_word' id='word_1_113' title='bbox 681 1149 801 1189; x_wconf 83' lang='lat' dir='ltr'>potens</span> <span class='ocrx_word' id='word_1_114' title='bbox 837 1141 874 1175; x_wconf 82' lang='lat' dir='ltr'>in</span> <span class='ocrx_word' id='word_1_115' title='bbox 906 1138 1027 1185; x_wconf 80' lang='lat' dir='ltr'>proetio</span> <span class='ocrx_word' id='word_1_116' title='bbox 1059 1135 1174 1183; x_wconf 81' lang='lat' dir='ltr'>(Psal.</span> <span class='ocrx_word' id='word_1_117' title='bbox 1205 1131 1327 1178; x_wconf 80' lang='lat' dir='ltr'>xxm).</span> 
     </span>
    </p>
   </div>
   <div class='ocr_carea' id='block_1_5' title="bbox 691 184 2009 263">
    <p class='ocr_par' dir='ltr' id='par_1_5' title="bbox 691 184 2009 263">
     <span class='ocr_line' id='line_1_18' title="bbox 691 184 2009 263; baseline -0.014 -13"><span class='ocrx_word' id='word_1_118' title='bbox 691 214 747 263; x_wconf 69' lang='grc'>,3.</span> <span class='ocrx_word' id='word_1_119' title='bbox 774 210 946 250; x_wconf 80' lang='lat' dir='ltr'>RABANl</span> <span class='ocrx_word' id='word_1_120' title='bbox 967 208 1115 247; x_wconf 69' lang='lat' dir='ltr'>muru</span> <span class='ocrx_word' id='word_1_121' title='bbox 1136 204 1352 245; x_wconf 70' lang='lat' dir='ltr'>AncmEP.</span> <span class='ocrx_word' id='word_1_122' title='bbox 1378 202 1585 243; x_wconf 70' lang='lat' dir='ltr'>uocum.</span> <span class='ocrx_word' id='word_1_123' title='bbox 1609 197 1804 241; x_wconf 69' lang='lat' dir='ltr'>orntum</span> <span class='ocrx_word' id='word_1_124' title='bbox 1821 194 1942 234; x_wconf 76' lang='lat' dir='ltr'>PARS</span> <span class='ocrx_word' id='word_1_125' title='bbox 1964 184 2009 232; x_wconf 77' lang='lat'>1.&#39;</span> 
     </span>
    </p>
   </div>
   <div class='ocr_carea' id='block_1_6' title="bbox 1383 67 2450 814">
    <p class='ocr_par' dir='ltr' id='par_1_6' title="bbox 2028 67 2275 133">
     <span class='ocr_line' id='line_1_19' title="bbox 2028 67 2275 133; baseline -0.016 -42"><span class='ocrx_word' id='word_1_126' title='bbox 2028 79 2086 133; x_wconf 74' lang='grc'><strong>.</strong></span> <span class='ocrx_word' id='word_1_127' title='bbox 2247 67 2275 87; x_wconf 63' lang='lat'>0</span> 
     </span>
    </p>

    <p class='ocr_par' dir='ltr' id='par_1_7' title="bbox 1383 165 2450 814">
     <span class='ocr_line' id='line_1_20' title="bbox 1385 165 2435 325; baseline -0.021 -8"><span class='ocrx_word' id='word_1_128' title='bbox 1385 283 1444 316; x_wconf 75' lang='lat' dir='ltr'>cta</span> <span class='ocrx_word' id='word_1_129' title='bbox 1457 276 1621 325; x_wconf 78' lang='lat' dir='ltr'>operatio</span> <span class='ocrx_word' id='word_1_130' title='bbox 1636 273 1860 321; x_wconf 83' lang='lat' dir='ltr'>designatur.</span> <span class='ocrx_word' id='word_1_131' title='bbox 1874 269 1945 314; x_wconf 80' lang='lat' dir='ltr'>Qui</span> <span class='ocrx_word' id='word_1_132' title='bbox 1959 274 2048 314; x_wconf 78' lang='lat' dir='ltr'>ergo</span> <span class='ocrx_word' id='word_1_133' title='bbox 2061 264 2148 303; x_wconf 87' lang='lat' dir='ltr'>dum</span> <span class='ocrx_word' id='word_1_134' title='bbox 2166 271 2280 311; x_wconf 84' lang='lat' dir='ltr'>aquas</span> <span class='ocrx_word' id='word_1_135' title='bbox 2291 165 2435 300; x_wconf 38' lang='lat' dir='ltr'>bix</span> 
     </span>
     <span class='ocr_line' id='line_1_21' title="bbox 1384 319 2450 388; baseline -0.019 -10"><span class='ocrx_word' id='word_1_136' title='bbox 1384 350 1478 388; x_wconf 80' lang='lat' dir='ltr'>genu</span> <span class='ocrx_word' id='word_1_137' title='bbox 1514 338 1660 375; x_wconf 79' lang='lat' dir='ltr'>flexisse</span> <span class='ocrx_word' id='word_1_138' title='bbox 1697 333 1948 382; x_wconf 81' lang='lat' dir='ltr'>perhibentur,</span> <span class='ocrx_word' id='word_1_139' title='bbox 1989 327 2035 364; x_wconf 83' lang='lat' dir='ltr'>ab</span> <span class='ocrx_word' id='word_1_140' title='bbox 2067 319 2211 363; x_wconf 78' lang='lat' dir='ltr'>issoi-um</span> <span class='ocrx_word' id='word_1_141' title='bbox 2241 322 2418 363; x_wconf 81' lang='lat' dir='ltr'>certamin</span> <span class='ocrx_word' id='word_1_142' title='bbox 2448 328 2450 331; x_wconf 74' lang='grc'>’</span> 
     </span>
     <span class='ocr_line' id='line_1_22' title="bbox 1383 376 2442 448; baseline -0.02 -9"><span class='ocrx_word' id='word_1_143' title='bbox 1383 399 1555 448; x_wconf 82' lang='lat' dir='ltr'>prohibiti</span> <span class='ocrx_word' id='word_1_144' title='bbox 1571 399 1802 435; x_wconf 82' lang='lat' dir='ltr'>recesserunt</span> <span class='ocrx_word' id='word_1_145' title='bbox 1816 404 1827 430; x_wconf 74' lang='grc' dir='ltr'>ε</span> <span class='ocrx_word' id='word_1_146' title='bbox 1841 392 1928 439; x_wconf 87' lang='lat' dir='ltr'>quia</span> <span class='ocrx_word' id='word_1_147' title='bbox 1946 386 2117 427; x_wconf 89' lang='lat' dir='ltr'>cumillis</span> <span class='ocrx_word' id='word_1_148' title='bbox 2134 376 2302 438; x_wconf 67' lang='lat' dir='ltr'>Chiistus</span> <span class='ocrx_word' id='word_1_149' title='bbox 2313 388 2442 420; x_wconf 81' lang='lat' dir='ltr'>contra</span> 
     </span>
     <span class='ocr_line' id='line_1_23' title="bbox 1385 443 2442 504; baseline -0.017 -5"><span class='ocrx_word' id='word_1_150' title='bbox 1385 463 1511 499; x_wconf 86' lang='lat' dir='ltr'>hostes</span> <span class='ocrx_word' id='word_1_151' title='bbox 1532 459 1614 496; x_wconf 82' lang='lat' dir='ltr'>fidei</span> <span class='ocrx_word' id='word_1_152' title='bbox 1630 457 1751 504; x_wconf 77' lang='lat' dir='ltr'>pergit</span> <span class='ocrx_word' id='word_1_153' title='bbox 1779 453 1827 492; x_wconf 86' lang='lat' dir='ltr'>ad</span> <span class='ocrx_word' id='word_1_154' title='bbox 1851 453 2034 501; x_wconf 80' lang='lat' dir='ltr'>praelium,</span> <span class='ocrx_word' id='word_1_155' title='bbox 2066 449 2130 497; x_wconf 84' lang='lat' dir='ltr'>qui</span> <span class='ocrx_word' id='word_1_156' title='bbox 2160 444 2247 485; x_wconf 78' lang='lat' dir='ltr'>cum</span> <span class='ocrx_word' id='word_1_157' title='bbox 2265 443 2442 485; x_wconf 77' lang='lat' dir='ltr'>doctrinae</span> 
     </span>
     <span class='ocr_line' id='line_1_24' title="bbox 1385 497 2446 563; baseline -0.018 -2"><span class='ocrx_word' id='word_1_158' title='bbox 1385 523 1520 560; x_wconf 83' lang='lat' dir='ltr'>fluenta</span> <span class='ocrx_word' id='word_1_159' title='bbox 1549 510 1735 560; x_wconf 78' lang='lat' dir='ltr'>hauriunt,</span> <span class='ocrx_word' id='word_1_160' title='bbox 1770 526 1791 551; x_wconf 82' lang='lat' dir='ltr'>a</span> <span class='ocrx_word' id='word_1_161' title='bbox 1806 514 1810 518; x_wconf 82' lang='grc'><em>’</em></span> <span class='ocrx_word' id='word_1_162' title='bbox 1824 513 2040 563; x_wconf 76' lang='lat' dir='ltr'>rectitudine</span> <span class='ocrx_word' id='word_1_163' title='bbox 2066 519 2216 557; x_wconf 88' lang='lat' dir='ltr'>operum</span> <span class='ocrx_word' id='word_1_164' title='bbox 2241 517 2316 544; x_wconf 76' lang='lat' dir='ltr'>non</span> <span class='ocrx_word' id='word_1_165' title='bbox 2343 497 2446 544; x_wconf 80' lang='lat' dir='ltr'>infle-</span> 
     </span>
     <span class='ocr_line' id='line_1_25' title="bbox 1388 553 2446 627; baseline -0.019 -5"><span class='ocrx_word' id='word_1_166' title='bbox 1388 589 1511 627; x_wconf 89' lang='lat' dir='ltr'>ctunt;</span> <span class='ocrx_word' id='word_1_167' title='bbox 1538 589 1666 618; x_wconf 89' lang='lat' dir='ltr'>omnes</span> <span class='ocrx_word' id='word_1_168' title='bbox 1685 576 1818 623; x_wconf 81' lang='lat' dir='ltr'>quippe</span> <span class='ocrx_word' id='word_1_169' title='bbox 1844 565 1933 611; x_wconf 84' lang='lat' dir='ltr'>tunc</span> <span class='ocrx_word' id='word_1_170' title='bbox 1954 571 2091 609; x_wconf 84' lang='lat' dir='ltr'>bibisse</span> <span class='ocrx_word' id='word_1_171' title='bbox 2115 579 2258 621; x_wconf 81' lang='lat' dir='ltr'>aquam,</span> <span class='ocrx_word' id='word_1_172' title='bbox 2289 553 2446 604; x_wconf 85' lang='lat' dir='ltr'>sednon</span> 
     </span>
     <span class='ocr_line' id='line_1_26' title="bbox 1388 627 2448 688; baseline -0.021 -4"><span class='ocrx_word' id='word_1_173' title='bbox 1388 655 1515 684; x_wconf 87' lang='lat' dir='ltr'>omnes</span> <span class='ocrx_word' id='word_1_174' title='bbox 1534 647 1636 680; x_wconf 85' lang='lat' dir='ltr'>recto</span> <span class='ocrx_word' id='word_1_175' title='bbox 1652 649 1744 688; x_wconf 84' lang='lat' dir='ltr'>genu</span> <span class='ocrx_word' id='word_1_176' title='bbox 1762 637 1889 674; x_wconf 77' lang='lat' dir='ltr'>fecisse</span> <span class='ocrx_word' id='word_1_177' title='bbox 1907 634 2045 672; x_wconf 89' lang='lat' dir='ltr'>narrati</span> <span class='ocrx_word' id='word_1_178' title='bbox 2060 637 2159 670; x_wconf 89' lang='lat' dir='ltr'>sunt.</span> <span class='ocrx_word' id='word_1_179' title='bbox 2174 627 2448 676; x_wconf 82' lang='lat' dir='ltr'>Reprobatique</span> 
     </span>
     <span class='ocr_line' id='line_1_27' title="bbox 1390 689 2449 751; baseline -0.019 -8"><span class='ocrx_word' id='word_1_180' title='bbox 1390 710 1475 743; x_wconf 84' lang='lat' dir='ltr'>sunt</span> <span class='ocrx_word' id='word_1_181' title='bbox 1496 703 1558 751; x_wconf 89' lang='lat' dir='ltr'>qui</span> <span class='ocrx_word' id='word_1_182' title='bbox 1589 711 1717 750; x_wconf 78' lang='lat' dir='ltr'>genua,</span> <span class='ocrx_word' id='word_1_183' title='bbox 1744 699 1831 735; x_wconf 88' lang='lat' dir='ltr'>dum</span> <span class='ocrx_word' id='word_1_184' title='bbox 1869 706 1982 743; x_wconf 84' lang='lat' dir='ltr'>aquas</span> <span class='ocrx_word' id='word_1_185' title='bbox 2006 694 2186 735; x_wconf 85' lang='lat' dir='ltr'>biberent,</span> <span class='ocrx_word' id='word_1_186' title='bbox 2217 689 2449 731; x_wconf 83' lang='lat' dir='ltr'>inflexerunt,</span> 
     </span>
     <span class='ocr_line' id='line_1_28' title="bbox 1392 741 2450 814; baseline -0.018 -11"><span class='ocrx_word' id='word_1_187' title='bbox 1392 767 1490 814; x_wconf 90' lang='lat' dir='ltr'>quia,</span> <span class='ocrx_word' id='word_1_188' title='bbox 1509 767 1705 801; x_wconf 85' lang='lat' dir='ltr'>attestante</span> <span class='ocrx_word' id='word_1_189' title='bbox 1719 758 1907 807; x_wconf 82' lang='lat' dir='ltr'>Apostolo,</span> <span class='ocrx_word' id='word_1_190' title='bbox 1941 768 2008 792; x_wconf 82' lang='lat' dir='ltr'>non</span> <span class='ocrx_word' id='word_1_191' title='bbox 2041 754 2218 791; x_wconf 77' lang='lat' dir='ltr'>auditores</span> <span class='ocrx_word' id='word_1_192' title='bbox 2257 741 2342 797; x_wconf 65' lang='lat' dir='ltr'>teqts</span> <span class='ocrx_word' id='word_1_193' title='bbox 2358 747 2450 796; x_wconf 76' lang='lat' dir='ltr'>justi</span> 
     </span>
    </p>
   </div>
   <div class='ocr_carea' id='block_1_7' title="bbox 1393 812 2453 939">
    <p class='ocr_par' dir='ltr' id='par_1_8' title="bbox 1393 812 2453 939">
     <span class='ocr_line' id='line_1_29' title="bbox 1393 812 2450 875; baseline -0.02 -9"><span class='ocrx_word' id='word_1_194' title='bbox 1393 834 1472 867; x_wconf 81' lang='lat' dir='ltr'>sunt</span> <span class='ocrx_word' id='word_1_195' title='bbox 1492 827 1585 875; x_wconf 83' lang='lat' dir='ltr'>apud</span> <span class='ocrx_word' id='word_1_196' title='bbox 1613 825 1741 867; x_wconf 85' lang='lat' dir='ltr'>Deum,</span> <span class='ocrx_word' id='word_1_197' title='bbox 1771 822 1830 858; x_wconf 75' lang='lat' dir='ltr'>sed</span> <span class='ocrx_word' id='word_1_198' title='bbox 1861 820 2011 867; x_wconf 71' lang='lat' dir='ltr'>factores</span> <span class='ocrx_word' id='word_1_199' title='bbox 2042 817 2127 864; x_wconf 73' lang='lat' dir='ltr'>teqis</span> <span class='ocrx_word' id='word_1_200' title='bbox 2155 812 2450 862; x_wconf 75' lang='lat' dir='ltr'>justificabuntur</span> 
     </span>
     <span class='ocr_line' id='line_1_30' title="bbox 1395 874 2453 939; baseline -0.019 -13"><span class='ocrx_word' id='word_1_201' title='bbox 1395 889 1512 939; x_wconf 88' lang='lat' dir='ltr'>(Rom.</span> <span class='ocrx_word' id='word_1_202' title='bbox 1532 887 1588 934; x_wconf 83' lang='grc' dir='ltr'>ιι).</span> <span class='ocrx_word' id='word_1_203' title='bbox 1617 885 1708 929; x_wconf 91' lang='lat' dir='ltr'>Quia</span> <span class='ocrx_word' id='word_1_204' title='bbox 1725 883 1837 925; x_wconf 86' lang='lat' dir='ltr'>enim,</span> <span class='ocrx_word' id='word_1_205' title='bbox 1850 886 1892 917; x_wconf 82' lang='lat' dir='ltr'>ut</span> <span class='ocrx_word' id='word_1_206' title='bbox 1912 879 2083 919; x_wconf 79' lang='lat' dir='ltr'>diximus.</span> <span class='ocrx_word' id='word_1_207' title='bbox 2098 874 2286 912; x_wconf 82' lang='lat' dir='ltr'>dissolutio</span> <span class='ocrx_word' id='word_1_208' title='bbox 2302 880 2453 919; x_wconf 88' lang='lat' dir='ltr'>operum</span> 
     </span>
    </p>
   </div>
   <div class='ocr_carea' id='block_1_8' title="bbox 1394 939 2526 1119">
    <p class='ocr_par' dir='ltr' id='par_1_9' title="bbox 1394 939 2526 1119">
     <span class='ocr_line' id='line_1_31' title="bbox 1394 939 2526 997; baseline -0.02 -10"><span class='ocrx_word' id='word_1_209' title='bbox 1394 951 1431 987; x_wconf 91' lang='lat' dir='ltr'>in</span> <span class='ocrx_word' id='word_1_210' title='bbox 1452 950 1529 997; x_wconf 89' lang='lat' dir='ltr'>ipsa</span> <span class='ocrx_word' id='word_1_211' title='bbox 1545 956 1702 995; x_wconf 81' lang='lat' dir='ltr'>genuum</span> <span class='ocrx_word' id='word_1_212' title='bbox 1722 942 1973 980; x_wconf 79' lang='lat' dir='ltr'>incurvatione</span> <span class='ocrx_word' id='word_1_213' title='bbox 1993 939 2170 984; x_wconf 88' lang='lat' dir='ltr'>signatur,</span> <span class='ocrx_word' id='word_1_214' title='bbox 2188 939 2286 985; x_wconf 83' lang='lat' dir='ltr'>recte</span> <span class='ocrx_word' id='word_1_215' title='bbox 2305 940 2454 968; x_wconf 86' lang='lat' dir='ltr'>rursum</span> <span class='ocrx_word' id='word_1_216' title='bbox 2489 939 2494 941; x_wconf 84' lang='lat'>·</span> <span class='ocrx_word' id='word_1_217' title='bbox 2516 950 2526 964; x_wconf 84' lang='lat'><em>.</em></span> 
     </span>
     <span class='ocr_line' id='line_1_32' title="bbox 1396 993 2525 1059; baseline -0.02 -11"><span class='ocrx_word' id='word_1_218' title='bbox 1396 1022 1462 1059; x_wconf 89' lang='lat' dir='ltr'>per</span> <span class='ocrx_word' id='word_1_219' title='bbox 1478 1009 1632 1046; x_wconf 90' lang='lat' dir='ltr'>Paulum</span> <span class='ocrx_word' id='word_1_220' title='bbox 1662 1006 1817 1042; x_wconf 81' lang='lat' dir='ltr'>dicitur:</span> <span class='ocrx_word' id='word_1_221' title='bbox 1841 1002 2018 1038; x_wconf 84' lang='lat' dir='ltr'>Remissas</span> <span class='ocrx_word' id='word_1_222' title='bbox 2046 1009 2185 1040; x_wconf 85' lang='lat' dir='ltr'>manus,</span> <span class='ocrx_word' id='word_1_223' title='bbox 2218 993 2455 1039; x_wconf 74' lang='lat' dir='ltr'>dissolutaque</span> <span class='ocrx_word' id='word_1_224' title='bbox 2519 1008 2525 1031; x_wconf 58' lang='lat'>2</span> 
     </span>
     <span class='ocr_line' id='line_1_33' title="bbox 1398 1051 2526 1119; baseline -0.02 -11"><span class='ocrx_word' id='word_1_225' title='bbox 1398 1083 1512 1119; x_wconf 70' lang='lat' dir='ltr'>qenua</span> <span class='ocrx_word' id='word_1_226' title='bbox 1533 1069 1668 1115; x_wconf 74' lang='lat' dir='ltr'>eriqite,</span> <span class='ocrx_word' id='word_1_227' title='bbox 1691 1072 1722 1102; x_wconf 88' lang='lat' dir='ltr'>et</span> <span class='ocrx_word' id='word_1_228' title='bbox 1743 1075 1878 1112; x_wconf 73' lang='lat' dir='ltr'>yressus</span> <span class='ocrx_word' id='word_1_229' title='bbox 1901 1067 2012 1098; x_wconf 81' lang='lat' dir='ltr'>rectos</span> <span class='ocrx_word' id='word_1_230' title='bbox 2026 1059 2130 1105; x_wconf 75' lang='lat' dir='ltr'>facile</span> <span class='ocrx_word' id='word_1_231' title='bbox 2155 1055 2300 1103; x_wconf 82' lang='lat' dir='ltr'>pedibus</span> <span class='ocrx_word' id='word_1_232' title='bbox 2320 1051 2454 1094; x_wconf 74' lang='lat' dir='ltr'>vestris,</span> <span class='ocrx_word' id='word_1_233' title='bbox 2518 1055 2526 1096; x_wconf 62' lang='lat' dir='ltr'>ss</span> 
     </span>
    </p>
   </div>
   <div class='ocr_carea' id='block_1_9' title="bbox 1400 1115 2456 1180">
    <p class='ocr_par' dir='ltr' id='par_1_10' title="bbox 1400 1115 2456 1180">
     <span class='ocr_line' id='line_1_34' title="bbox 1400 1115 2456 1180; baseline -0.02 -12"><span class='ocrx_word' id='word_1_234' title='bbox 1400 1131 1524 1180; x_wconf 84' lang='lat' dir='ltr'>(Hebr.</span> <span class='ocrx_word' id='word_1_235' title='bbox 1544 1128 1626 1176; x_wconf 81' lang='lat' dir='ltr'>xii).</span> <span class='ocrx_word' id='word_1_236' title='bbox 1647 1127 1691 1162; x_wconf 89' lang='lat' dir='ltr'>Hi</span> <span class='ocrx_word' id='word_1_237' title='bbox 1710 1126 1819 1172; x_wconf 82' lang='lat' dir='ltr'>igitur</span> <span class='ocrx_word' id='word_1_238' title='bbox 1835 1124 1980 1160; x_wconf 89' lang='lat' dir='ltr'>Christo</span> <span class='ocrx_word' id='word_1_239' title='bbox 1995 1121 2085 1156; x_wconf 88' lang='lat' dir='ltr'>duce</span> <span class='ocrx_word' id='word_1_240' title='bbox 2109 1118 2154 1153; x_wconf 88' lang='lat' dir='ltr'>ad</span> <span class='ocrx_word' id='word_1_241' title='bbox 2171 1115 2305 1153; x_wconf 89' lang='lat' dir='ltr'>bellum</span> <span class='ocrx_word' id='word_1_242' title='bbox 2328 1123 2456 1160; x_wconf 81' lang='lat' dir='ltr'>proce-</span> 
     </span>
    </p>
   </div>
   <div class='ocr_carea' id='block_1_10' title="bbox 269 1175 2456 1251">
    <p class='ocr_par' dir='ltr' id='par_1_11' title="bbox 269 1175 2456 1251">
     <span class='ocr_line' id='line_1_35' title="bbox 269 1175 2456 1251; baseline -0.017 -6"><span class='ocrx_word' id='word_1_243' title='bbox 269 1210 372 1245; x_wconf 84' lang='lat' dir='ltr'>Hnnc</span> <span class='ocrx_word' id='word_1_244' title='bbox 391 1207 669 1251; x_wconf 86' lang='lat' dir='ltr'>Redemptorem</span> <span class='ocrx_word' id='word_1_245' title='bbox 689 1208 854 1239; x_wconf 90' lang='lat' dir='ltr'>nostrum</span> <span class='ocrx_word' id='word_1_246' title='bbox 876 1210 950 1236; x_wconf 91' lang='lat' dir='ltr'>non</span> <span class='ocrx_word' id='word_1_247' title='bbox 981 1198 1096 1235; x_wconf 88' lang='lat' dir='ltr'>solum</span> <span class='ocrx_word' id='word_1_248' title='bbox 1118 1205 1239 1242; x_wconf 88' lang='lat' dir='ltr'>opere,</span> <span class='ocrx_word' id='word_1_249' title='bbox 1265 1192 1329 1230; x_wconf 86' lang='lat' dir='ltr'>sed</span> <span class='ocrx_word' id='word_1_250' title='bbox 1347 1192 1379 1231; x_wconf 91' lang='lat' dir='ltr'>B</span> <span class='ocrx_word' id='word_1_251' title='bbox 1398 1193 1500 1235; x_wconf 91' lang='lat' dir='ltr'>dunt,</span> <span class='ocrx_word' id='word_1_252' title='bbox 1516 1190 1577 1236; x_wconf 87' lang='lat' dir='ltr'>qui</span> <span class='ocrx_word' id='word_1_253' title='bbox 1595 1190 1664 1225; x_wconf 91' lang='lat' dir='ltr'>hoc</span> <span class='ocrx_word' id='word_1_254' title='bbox 1683 1187 1777 1233; x_wconf 90' lang='lat' dir='ltr'>quod</span> <span class='ocrx_word' id='word_1_255' title='bbox 1794 1195 1857 1221; x_wconf 87' lang='lat' dir='ltr'>ore</span> <span class='ocrx_word' id='word_1_256' title='bbox 1872 1181 2101 1223; x_wconf 78' lang='lat' dir='ltr'>annuntiant,</span> <span class='ocrx_word' id='word_1_257' title='bbox 2119 1187 2229 1223; x_wconf 90' lang='lat' dir='ltr'>opere</span> <span class='ocrx_word' id='word_1_258' title='bbox 2245 1175 2456 1216; x_wconf 86' lang='lat' dir='ltr'>ostendunt,</span> 
     </span>
    </p>
   </div>
   <div class='ocr_carea' id='block_1_11' title="bbox 270 1258 1345 2107">
    <p class='ocr_par' dir='ltr' id='par_1_12' title="bbox 270 1258 1345 2107">
     <span class='ocr_line' id='line_1_36' title="bbox 270 1258 1331 1311; baseline -0.016 -4"><span class='ocrx_word' id='word_1_259' title='bbox 270 1272 380 1308; x_wconf 84' lang='lat' dir='ltr'>etiam</span> <span class='ocrx_word' id='word_1_260' title='bbox 401 1269 548 1304; x_wconf 89' lang='lat' dir='ltr'>nomine</span> <span class='ocrx_word' id='word_1_261' title='bbox 564 1263 814 1311; x_wconf 82' lang='lat' dir='ltr'>prophetavit3</span> <span class='ocrx_word' id='word_1_262' title='bbox 837 1261 983 1298; x_wconf 85' lang='lat' dir='ltr'>Gedeon</span> <span class='ocrx_word' id='word_1_263' title='bbox 1001 1260 1133 1305; x_wconf 87' lang='lat' dir='ltr'>quippe</span> <span class='ocrx_word' id='word_1_264' title='bbox 1153 1258 1331 1302; x_wconf 90' lang='lat' dir='ltr'>interpre-</span> 
     </span>
     <span class='ocr_line' id='line_1_37' title="bbox 272 1320 1333 1368; baseline -0.016 -1"><span class='ocrx_word' id='word_1_265' title='bbox 272 1339 389 1368; x_wconf 80' lang='lat' dir='ltr'>tatura</span> <span class='ocrx_word' id='word_1_266' title='bbox 412 1327 617 1364; x_wconf 75' lang='lat' dir='ltr'>circumiens</span> <span class='ocrx_word' id='word_1_267' title='bbox 632 1326 670 1361; x_wconf 79' lang='lat' dir='ltr'>in</span> <span class='ocrx_word' id='word_1_268' title='bbox 684 1330 797 1360; x_wconf 80' lang='lat' dir='ltr'>utero.</span> <span class='ocrx_word' id='word_1_269' title='bbox 817 1322 992 1358; x_wconf 86' lang='lat' dir='ltr'>Dominus</span> <span class='ocrx_word' id='word_1_270' title='bbox 1016 1320 1113 1356; x_wconf 90' lang='lat' dir='ltr'>enim</span> <span class='ocrx_word' id='word_1_271' title='bbox 1127 1323 1251 1354; x_wconf 89' lang='lat' dir='ltr'>noster</span> <span class='ocrx_word' id='word_1_272' title='bbox 1266 1326 1333 1362; x_wconf 88' lang='lat' dir='ltr'>per</span> 
     </span>
     <span class='ocr_line' id='line_1_38' title="bbox 272 1379 1335 1435; baseline -0.015 -9"><span class='ocrx_word' id='word_1_273' title='bbox 272 1389 470 1435; x_wconf 86' lang='lat' dir='ltr'>majestatis</span> <span class='ocrx_word' id='word_1_274' title='bbox 499 1386 699 1432; x_wconf 88' lang='lat' dir='ltr'>potentiam</span> <span class='ocrx_word' id='word_1_275' title='bbox 728 1384 848 1419; x_wconf 88' lang='lat' dir='ltr'>omnia</span> <span class='ocrx_word' id='word_1_276' title='bbox 878 1379 1200 1426; x_wconf 86' lang='lat' dir='ltr'>circumplectitur,</span> <span class='ocrx_word' id='word_1_277' title='bbox 1225 1382 1261 1412; x_wconf 91' lang='lat' dir='ltr'>et</span> <span class='ocrx_word' id='word_1_278' title='bbox 1279 1380 1335 1410; x_wconf 89' lang='lat' dir='ltr'>ta-</span> 
     </span>
     <span class='ocr_line' id='line_1_39' title="bbox 272 1437 1336 1497; baseline -0.015 -9"><span class='ocrx_word' id='word_1_279' title='bbox 272 1462 354 1488; x_wconf 85' lang='lat' dir='ltr'>men</span> <span class='ocrx_word' id='word_1_280' title='bbox 371 1461 435 1497; x_wconf 87' lang='lat' dir='ltr'>per</span> <span class='ocrx_word' id='word_1_281' title='bbox 446 1447 725 1495; x_wconf 84' lang='lat' dir='ltr'>dispensationis</span> <span class='ocrx_word' id='word_1_282' title='bbox 739 1445 891 1492; x_wconf 83' lang='lat' dir='ltr'>gratiam</span> <span class='ocrx_word' id='word_1_283' title='bbox 913 1444 1007 1478; x_wconf 88' lang='lat' dir='ltr'>intra</span> <span class='ocrx_word' id='word_1_284' title='bbox 1024 1446 1168 1477; x_wconf 89' lang='lat' dir='ltr'>uterum</span> <span class='ocrx_word' id='word_1_285' title='bbox 1184 1437 1336 1484; x_wconf 82' lang='lat' dir='ltr'>virginis</span> 
     </span>
     <span class='ocr_line' id='line_1_40' title="bbox 272 1493 1336 1556; baseline -0.015 -7"><span class='ocrx_word' id='word_1_286' title='bbox 272 1514 381 1550; x_wconf 74' lang='lat' dir='ltr'>venit.</span> <span class='ocrx_word' id='word_1_287' title='bbox 400 1511 493 1556; x_wconf 85' lang='lat' dir='ltr'>Quid</span> <span class='ocrx_word' id='word_1_288' title='bbox 517 1514 572 1546; x_wconf 89' lang='lat' dir='ltr'>est</span> <span class='ocrx_word' id='word_1_289' title='bbox 589 1508 794 1543; x_wconf 77' lang='lat' dir='ltr'>circumiens</span> <span class='ocrx_word' id='word_1_290' title='bbox 810 1506 847 1541; x_wconf 79' lang='lat' dir='ltr'>in</span> <span class='ocrx_word' id='word_1_291' title='bbox 870 1504 995 1540; x_wconf 85' lang='lat' dir='ltr'>utero?</span> <span class='ocrx_word' id='word_1_292' title='bbox 1020 1493 1088 1538; x_wconf 83' lang='lat' dir='ltr'>nisi</span> <span class='ocrx_word' id='word_1_293' title='bbox 1108 1500 1336 1546; x_wconf 87' lang='lat' dir='ltr'>omnipotens</span> 
     </span>
     <span class='ocr_line' id='line_1_41' title="bbox 274 1562 1336 1617; baseline -0.014 -7"><span class='ocrx_word' id='word_1_294' title='bbox 274 1577 368 1611; x_wconf 85' lang='lat' dir='ltr'>Deus</span> <span class='ocrx_word' id='word_1_295' title='bbox 387 1583 453 1609; x_wconf 86' lang='lat' dir='ltr'>sua</span> <span class='ocrx_word' id='word_1_296' title='bbox 469 1570 737 1617; x_wconf 85' lang='lat' dir='ltr'>dispensatione</span> <span class='ocrx_word' id='word_1_297' title='bbox 750 1578 817 1603; x_wconf 89' lang='lat' dir='ltr'>nos</span> <span class='ocrx_word' id='word_1_298' title='bbox 830 1567 1025 1606; x_wconf 88' lang='lat' dir='ltr'>redimens,</span> <span class='ocrx_word' id='word_1_299' title='bbox 1047 1562 1234 1599; x_wconf 85' lang='lat' dir='ltr'>divinitate</span> <span class='ocrx_word' id='word_1_300' title='bbox 1248 1570 1336 1596; x_wconf 89' lang='lat' dir='ltr'>cun·</span> 
     </span>
     <span class='ocr_line' id='line_1_42' title="bbox 276 1627 1339 1679; baseline -0.012 -8"><span class='ocrx_word' id='word_1_301' title='bbox 276 1641 333 1672; x_wconf 89' lang='lat' dir='ltr'>cta</span> <span class='ocrx_word' id='word_1_302' title='bbox 351 1633 610 1679; x_wconf 88' lang='lat' dir='ltr'>complectens,</span> <span class='ocrx_word' id='word_1_303' title='bbox 641 1636 678 1667; x_wconf 91' lang='lat' dir='ltr'>et</span> <span class='ocrx_word' id='word_1_304' title='bbox 706 1629 970 1666; x_wconf 80' lang='lat' dir='ltr'>humanitatem</span> <span class='ocrx_word' id='word_1_305' title='bbox 992 1627 1086 1662; x_wconf 85' lang='lat' dir='ltr'>intra</span> <span class='ocrx_word' id='word_1_306' title='bbox 1113 1630 1257 1661; x_wconf 90' lang='lat' dir='ltr'>uterum</span> <span class='ocrx_word' id='word_1_307' title='bbox 1277 1633 1339 1659; x_wconf 91' lang='lat' dir='ltr'>su-</span> 
     </span>
     <span class='ocr_line' id='line_1_43' title="bbox 275 1687 1339 1743; baseline -0.012 -10"><span class='ocrx_word' id='word_1_308' title='bbox 275 1708 391 1741; x_wconf 85' lang='lat' dir='ltr'>mens,</span> <span class='ocrx_word' id='word_1_309' title='bbox 411 1697 449 1732; x_wconf 93' lang='lat' dir='ltr'>in</span> <span class='ocrx_word' id='word_1_310' title='bbox 467 1706 538 1743; x_wconf 90' lang='lat' dir='ltr'>quo</span> <span class='ocrx_word' id='word_1_311' title='bbox 558 1700 662 1731; x_wconf 89' lang='lat' dir='ltr'>utero</span> <span class='ocrx_word' id='word_1_312' title='bbox 692 1699 727 1730; x_wconf 88' lang='lat' dir='ltr'>et</span> <span class='ocrx_word' id='word_1_313' title='bbox 747 1694 957 1729; x_wconf 86' lang='lat' dir='ltr'>incarnatus</span> <span class='ocrx_word' id='word_1_314' title='bbox 986 1694 1094 1733; x_wconf 88' lang='lat' dir='ltr'>esset,</span> <span class='ocrx_word' id='word_1_315' title='bbox 1128 1692 1165 1724; x_wconf 89' lang='lat' dir='ltr'>et</span> <span class='ocrx_word' id='word_1_316' title='bbox 1195 1687 1339 1723; x_wconf 87' lang='lat' dir='ltr'>clausus</span> 
     </span>
     <span class='ocr_line' id='line_1_44' title="bbox 277 1746 1340 1802; baseline -0.012 -8"><span class='ocrx_word' id='word_1_317' title='bbox 277 1768 349 1794; x_wconf 90' lang='lat' dir='ltr'>non</span> <span class='ocrx_word' id='word_1_318' title='bbox 364 1763 480 1800; x_wconf 90' lang='lat' dir='ltr'>esset;</span> <span class='ocrx_word' id='word_1_319' title='bbox 500 1756 583 1802; x_wconf 86' lang='lat' dir='ltr'>quia</span> <span class='ocrx_word' id='word_1_320' title='bbox 599 1761 635 1791; x_wconf 90' lang='lat' dir='ltr'>et</span> <span class='ocrx_word' id='word_1_321' title='bbox 657 1755 751 1790; x_wconf 90' lang='lat' dir='ltr'>intra</span> <span class='ocrx_word' id='word_1_322' title='bbox 775 1761 917 1789; x_wconf 89' lang='lat' dir='ltr'>uterum</span> <span class='ocrx_word' id='word_1_323' title='bbox 936 1751 1004 1786; x_wconf 83' lang='lat' dir='ltr'>suit</span> <span class='ocrx_word' id='word_1_324' title='bbox 1025 1761 1088 1797; x_wconf 89' lang='lat' dir='ltr'>per</span> <span class='ocrx_word' id='word_1_325' title='bbox 1115 1746 1340 1784; x_wconf 88' lang='lat' dir='ltr'>infirmitatis</span> 
     </span>
     <span class='ocr_line' id='line_1_45' title="bbox 278 1806 1341 1859; baseline -0.012 -5"><span class='ocrx_word' id='word_1_326' title='bbox 278 1817 532 1859; x_wconf 88' lang='lat' dir='ltr'>substantiam,</span> <span class='ocrx_word' id='word_1_327' title='bbox 554 1820 591 1851; x_wconf 87' lang='lat' dir='ltr'>et</span> <span class='ocrx_word' id='word_1_328' title='bbox 610 1819 712 1851; x_wconf 83' lang='lat' dir='ltr'>extra</span> <span class='ocrx_word' id='word_1_329' title='bbox 730 1813 902 1849; x_wconf 89' lang='lat' dir='ltr'>mundum</span> <span class='ocrx_word' id='word_1_330' title='bbox 929 1822 993 1857; x_wconf 89' lang='lat' dir='ltr'>per</span> <span class='ocrx_word' id='word_1_331' title='bbox 1011 1809 1211 1857; x_wconf 91' lang='lat' dir='ltr'>potentiam</span> <span class='ocrx_word' id='word_1_332' title='bbox 1229 1806 1341 1853; x_wconf 74' lang='lat' dir='ltr'>maie-</span> 
     </span>
     <span class='ocr_line' id='line_1_46' title="bbox 278 1866 1342 1920; baseline -0.014 -4"><span class='ocrx_word' id='word_1_333' title='bbox 278 1879 396 1916; x_wconf 83' lang='lat' dir='ltr'>statis.</span> <span class='ocrx_word' id='word_1_334' title='bbox 435 1877 580 1913; x_wconf 86' lang='lat' dir='ltr'>Madian</span> <span class='ocrx_word' id='word_1_335' title='bbox 615 1886 701 1912; x_wconf 70' lang='lat' dir='ltr'>vero</span> <span class='ocrx_word' id='word_1_336' title='bbox 738 1875 998 1920; x_wconf 85' lang='lat' dir='ltr'>interpretatur</span> <span class='ocrx_word' id='word_1_337' title='bbox 1035 1871 1077 1906; x_wconf 83' lang='lat' dir='ltr'>de</span> <span class='ocrx_word' id='word_1_338' title='bbox 1103 1869 1255 1916; x_wconf 82' lang='lat' dir='ltr'>judicio.</span> <span class='ocrx_word' id='word_1_339' title='bbox 1294 1866 1342 1903; x_wconf 89' lang='lat' dir='ltr'>Ut</span> 
     </span>
     <span class='ocr_line' id='line_1_47' title="bbox 279 1932 1341 1985; baseline -0.012 -8"><span class='ocrx_word' id='word_1_340' title='bbox 279 1942 374 1978; x_wconf 88' lang='lat' dir='ltr'>enim</span> <span class='ocrx_word' id='word_1_341' title='bbox 401 1941 525 1976; x_wconf 87' lang='lat' dir='ltr'>hostes</span> <span class='ocrx_word' id='word_1_342' title='bbox 553 1939 631 1985; x_wconf 80' lang='lat' dir='ltr'>ejus</span> <span class='ocrx_word' id='word_1_343' title='bbox 662 1936 857 1984; x_wconf 88' lang='lat' dir='ltr'>repellendi</span> <span class='ocrx_word' id='word_1_344' title='bbox 893 1932 1174 1978; x_wconf 86' lang='lat' dir='ltr'>destruendique</span> <span class='ocrx_word' id='word_1_345' title='bbox 1204 1933 1341 1972; x_wconf 85' lang='lat' dir='ltr'>essent,</span> 
     </span>
     <span class='ocr_line' id='line_1_48' title="bbox 280 1992 1345 2047; baseline -0.012 -8"><span class='ocrx_word' id='word_1_346' title='bbox 280 2014 351 2039; x_wconf 89' lang='lat' dir='ltr'>non</span> <span class='ocrx_word' id='word_1_347' title='bbox 371 2003 414 2038; x_wconf 87' lang='lat' dir='ltr'>de</span> <span class='ocrx_word' id='word_1_348' title='bbox 433 2002 519 2037; x_wconf 78' lang='lat' dir='ltr'>vitio</span> <span class='ocrx_word' id='word_1_349' title='bbox 536 1999 757 2047; x_wconf 87' lang='lat' dir='ltr'>repellentis,</span> <span class='ocrx_word' id='word_1_350' title='bbox 775 1998 838 2035; x_wconf 86' lang='lat' dir='ltr'>sed</span> <span class='ocrx_word' id='word_1_351' title='bbox 856 1997 899 2034; x_wconf 90' lang='lat' dir='ltr'>de</span> <span class='ocrx_word' id='word_1_352' title='bbox 916 1997 1053 2044; x_wconf 64' lang='lat' dir='ltr'>iudicio</span> <span class='ocrx_word' id='word_1_353' title='bbox 1068 1995 1163 2041; x_wconf 84' lang='lat' dir='ltr'>juste</span> <span class='ocrx_word' id='word_1_354' title='bbox 1179 1992 1345 2039; x_wconf 86' lang='lat' dir='ltr'>judican-</span> 
     </span>
     <span class='ocr_line' id='line_1_49' title="bbox 283 2052 1345 2107; baseline -0.012 -7"><span class='ocrx_word' id='word_1_355' title='bbox 283 2065 327 2100; x_wconf 88' lang='lat' dir='ltr'>tis</span> <span class='ocrx_word' id='word_1_356' title='bbox 352 2064 438 2107; x_wconf 83' lang='lat' dir='ltr'>suit3</span> <span class='ocrx_word' id='word_1_357' title='bbox 459 2062 648 2099; x_wconf 82' lang='lat' dir='ltr'>etidcirco</span> <span class='ocrx_word' id='word_1_358' title='bbox 667 2062 709 2096; x_wconf 81' lang='lat' dir='ltr'>de</span> <span class='ocrx_word' id='word_1_359' title='bbox 738 2061 870 2104; x_wconf 78' lang='lat' dir='ltr'>iudicio</span> <span class='ocrx_word' id='word_1_360' title='bbox 899 2063 1092 2100; x_wconf 74' lang='lat' dir='ltr'>vocantur,</span> <span class='ocrx_word' id='word_1_361' title='bbox 1121 2055 1205 2102; x_wconf 88' lang='lat' dir='ltr'>quia</span> <span class='ocrx_word' id='word_1_362' title='bbox 1235 2052 1345 2089; x_wconf 90' lang='lat' dir='ltr'>alieni</span> 
     </span>
    </p>
   </div>
   <div class='ocr_carea' id='block_1_12' title="bbox 284 2103 1395 2170">
    <p class='ocr_par' dir='ltr' id='par_1_13' title="bbox 284 2103 1395 2170">
     <span class='ocr_line' id='line_1_50' title="bbox 284 2103 1395 2170; baseline -0.011 -12"><span class='ocrx_word' id='word_1_363' title='bbox 284 2124 400 2170; x_wconf 85' lang='lat' dir='ltr'>gratia</span> <span class='ocrx_word' id='word_1_364' title='bbox 440 2121 691 2166; x_wconf 84' lang='lat' dir='ltr'>Redemptoris</span> <span class='ocrx_word' id='word_1_365' title='bbox 733 2119 839 2165; x_wconf 75' lang='lat' dir='ltr'>justae</span> <span class='ocrx_word' id='word_1_366' title='bbox 885 2116 1126 2154; x_wconf 87' lang='lat' dir='ltr'>damnationis</span> <span class='ocrx_word' id='word_1_367' title='bbox 1174 2103 1395 2150; x_wconf 82' lang='lat' dir='ltr'>meritumG</span> 
     </span>
    </p>
   </div>
   <div class='ocr_carea' id='block_1_13' title="bbox 285 2175 1372 3873">
    <p class='ocr_par' dir='ltr' id='par_1_14' title="bbox 285 2175 1372 3873">
     <span class='ocr_line' id='line_1_51' title="bbox 285 2175 1346 2218; baseline -0.009 0"><span class='ocrx_word' id='word_1_368' title='bbox 285 2183 394 2218; x_wconf 85' lang='lat' dir='ltr'>etiam</span> <span class='ocrx_word' id='word_1_369' title='bbox 410 2182 447 2218; x_wconf 92' lang='lat' dir='ltr'>in</span> <span class='ocrx_word' id='word_1_370' title='bbox 464 2181 680 2216; x_wconf 78' lang='lat' dir='ltr'>vocatmlum</span> <span class='ocrx_word' id='word_1_371' title='bbox 707 2180 863 2215; x_wconf 90' lang='lat' dir='ltr'>nominis</span> <span class='ocrx_word' id='word_1_372' title='bbox 884 2179 1046 2213; x_wconf 90' lang='lat' dir='ltr'>trahunt.</span> <span class='ocrx_word' id='word_1_373' title='bbox 1067 2176 1202 2211; x_wconf 84' lang='lat' dir='ltr'>Contra</span> <span class='ocrx_word' id='word_1_374' title='bbox 1221 2175 1346 2210; x_wconf 90' lang='lat' dir='ltr'>hostes</span> 
     </span>
     <span class='ocr_line' id='line_1_52' title="bbox 287 2234 1348 2286; baseline -0.01 -6"><span class='ocrx_word' id='word_1_375' title='bbox 287 2245 433 2281; x_wconf 88' lang='lat' dir='ltr'>Gedeon</span> <span class='ocrx_word' id='word_1_376' title='bbox 464 2253 545 2279; x_wconf 91' lang='lat' dir='ltr'>cum</span> <span class='ocrx_word' id='word_1_377' title='bbox 576 2242 747 2278; x_wconf 84' lang='lat' dir='ltr'>trecentis</span> <span class='ocrx_word' id='word_1_378' title='bbox 775 2240 893 2286; x_wconf 86' lang='lat' dir='ltr'>pergit</span> <span class='ocrx_word' id='word_1_379' title='bbox 913 2238 959 2275; x_wconf 89' lang='lat' dir='ltr'>ad</span> <span class='ocrx_word' id='word_1_380' title='bbox 990 2236 1135 2274; x_wconf 83' lang='lat' dir='ltr'>belluni.</span> <span class='ocrx_word' id='word_1_381' title='bbox 1173 2234 1273 2271; x_wconf 87' lang='lat' dir='ltr'>Solet</span> <span class='ocrx_word' id='word_1_382' title='bbox 1309 2234 1348 2269; x_wconf 91' lang='lat' dir='ltr'>in</span> 
     </span>
     <span class='ocr_line' id='line_1_53' title="bbox 289 2292 1345 2346; baseline -0.012 -7"><span class='ocrx_word' id='word_1_383' title='bbox 289 2303 495 2340; x_wconf 88' lang='lat' dir='ltr'>centenario</span> <span class='ocrx_word' id='word_1_384' title='bbox 523 2311 674 2337; x_wconf 82' lang='lat' dir='ltr'>numero</span> <span class='ocrx_word' id='word_1_385' title='bbox 703 2299 891 2346; x_wconf 83' lang='lat' dir='ltr'>plenitudo</span> <span class='ocrx_word' id='word_1_386' title='bbox 917 2295 1151 2344; x_wconf 80' lang='lat' dir='ltr'>perfectionis</span> <span class='ocrx_word' id='word_1_387' title='bbox 1179 2292 1345 2338; x_wconf 82' lang='lat' dir='ltr'>intelligi.</span> 
     </span>
     <span class='ocr_line' id='line_1_54' title="bbox 289 2353 1350 2408; baseline -0.012 -9"><span class='ocrx_word' id='word_1_388' title='bbox 289 2363 381 2408; x_wconf 87' lang='lat' dir='ltr'>Quid</span> <span class='ocrx_word' id='word_1_389' title='bbox 408 2372 493 2408; x_wconf 84' lang='lat' dir='ltr'>ergo</span> <span class='ocrx_word' id='word_1_390' title='bbox 523 2360 728 2396; x_wconf 86' lang='lat' dir='ltr'>interducto</span> <span class='ocrx_word' id='word_1_391' title='bbox 759 2355 967 2395; x_wconf 85' lang='lat' dir='ltr'>centenario</span> <span class='ocrx_word' id='word_1_392' title='bbox 1004 2365 1155 2391; x_wconf 88' lang='lat' dir='ltr'>numero</span> <span class='ocrx_word' id='word_1_393' title='bbox 1183 2353 1350 2399; x_wconf 82' lang='lat' dir='ltr'>designa-</span> 
     </span>
     <span class='ocr_line' id='line_1_55' title="bbox 289 2414 1351 2470; baseline -0.012 -9"><span class='ocrx_word' id='word_1_394' title='bbox 289 2433 362 2470; x_wconf 86' lang='lat' dir='ltr'>tur,</span> <span class='ocrx_word' id='word_1_395' title='bbox 382 2425 451 2460; x_wconf 91' lang='lat' dir='ltr'>nisi</span> <span class='ocrx_word' id='word_1_396' title='bbox 472 2422 634 2470; x_wconf 77' lang='lat' dir='ltr'>perfecta</span> <span class='ocrx_word' id='word_1_397' title='bbox 651 2420 808 2468; x_wconf 76' lang='lat' dir='ltr'>cognitio</span> <span class='ocrx_word' id='word_1_398' title='bbox 822 2418 1029 2462; x_wconf 89' lang='lat' dir='ltr'>Trinitatis;</span> <span class='ocrx_word' id='word_1_399' title='bbox 1046 2427 1127 2453; x_wconf 88' lang='lat' dir='ltr'>cum</span> <span class='ocrx_word' id='word_1_400' title='bbox 1145 2415 1202 2452; x_wconf 89' lang='lat' dir='ltr'>his</span> <span class='ocrx_word' id='word_1_401' title='bbox 1219 2414 1351 2460; x_wconf 87' lang='lat' dir='ltr'>quippe</span> 
     </span>
     <span class='ocr_line' id='line_1_56' title="bbox 290 2473 1352 2522; baseline -0.013 -1"><span class='ocrx_word' id='word_1_402' title='bbox 290 2485 463 2522; x_wconf 88' lang='lat' dir='ltr'>Dominus</span> <span class='ocrx_word' id='word_1_403' title='bbox 483 2490 605 2519; x_wconf 88' lang='lat' dir='ltr'>noster</span> <span class='ocrx_word' id='word_1_404' title='bbox 623 2481 849 2517; x_wconf 82' lang='lat' dir='ltr'>adversarios</span> <span class='ocrx_word' id='word_1_405' title='bbox 874 2479 957 2515; x_wconf 86' lang='lat' dir='ltr'>fidei</span> <span class='ocrx_word' id='word_1_406' title='bbox 989 2475 1153 2519; x_wconf 87' lang='lat' dir='ltr'>destruit,</span> <span class='ocrx_word' id='word_1_407' title='bbox 1187 2485 1267 2510; x_wconf 90' lang='lat' dir='ltr'>cum</span> <span class='ocrx_word' id='word_1_408' title='bbox 1295 2473 1352 2508; x_wconf 90' lang='lat' dir='ltr'>his</span> 
     </span>
     <span class='ocr_line' id='line_1_57' title="bbox 292 2533 1353 2593; baseline -0.014 -10"><span class='ocrx_word' id='word_1_409' title='bbox 292 2548 337 2583; x_wconf 86' lang='lat' dir='ltr'>ad</span> <span class='ocrx_word' id='word_1_410' title='bbox 358 2544 627 2593; x_wconf 60' lang='lat' dir='ltr'>praedicationis</span> <span class='ocrx_word' id='word_1_411' title='bbox 643 2543 739 2579; x_wconf 87' lang='lat' dir='ltr'>bella</span> <span class='ocrx_word' id='word_1_412' title='bbox 758 2540 959 2583; x_wconf 89' lang='lat' dir='ltr'>descendit,</span> <span class='ocrx_word' id='word_1_413' title='bbox 980 2538 1041 2585; x_wconf 88' lang='lat' dir='ltr'>qui</span> <span class='ocrx_word' id='word_1_414' title='bbox 1061 2540 1211 2584; x_wconf 87' lang='lat' dir='ltr'>possunt</span> <span class='ocrx_word' id='word_1_415' title='bbox 1230 2533 1353 2570; x_wconf 80' lang='lat' dir='ltr'>divina</span> 
     </span>
     <span class='ocr_line' id='line_1_58' title="bbox 293 2599 1351 2656; baseline -0.013 -11"><span class='ocrx_word' id='word_1_416' title='bbox 293 2619 523 2656; x_wconf 85' lang='lat' dir='ltr'>cognoscere,</span> <span class='ocrx_word' id='word_1_417' title='bbox 549 2606 612 2652; x_wconf 85' lang='lat' dir='ltr'>qui</span> <span class='ocrx_word' id='word_1_418' title='bbox 631 2605 749 2642; x_wconf 87' lang='lat' dir='ltr'>sciunt</span> <span class='ocrx_word' id='word_1_419' title='bbox 766 2605 809 2640; x_wconf 90' lang='lat' dir='ltr'>de</span> <span class='ocrx_word' id='word_1_420' title='bbox 830 2603 857 2638; x_wconf 91' lang='lat' dir='ltr'>T</span> <span class='ocrx_word' id='word_1_421' title='bbox 863 2602 1029 2644; x_wconf 87' lang='lat' dir='ltr'>rinitate,</span> <span class='ocrx_word' id='word_1_422' title='bbox 1051 2610 1131 2646; x_wconf 56' lang='lat' dir='ltr'>quac</span> <span class='ocrx_word' id='word_1_423' title='bbox 1160 2599 1255 2634; x_wconf 88' lang='lat' dir='ltr'>Deus</span> <span class='ocrx_word' id='word_1_424' title='bbox 1283 2601 1351 2639; x_wconf 86' lang='lat' dir='ltr'>est,</span> 
     </span>
     <span class='ocr_line' id='line_1_59' title="bbox 293 2660 1354 2718; baseline -0.014 -11"><span class='ocrx_word' id='word_1_425' title='bbox 293 2671 454 2718; x_wconf 76' lang='lat' dir='ltr'>perfecta</span> <span class='ocrx_word' id='word_1_426' title='bbox 477 2668 625 2704; x_wconf 88' lang='lat' dir='ltr'>sentire.</span> <span class='ocrx_word' id='word_1_427' title='bbox 647 2665 852 2702; x_wconf 85' lang='lat' dir='ltr'>Notandum</span> <span class='ocrx_word' id='word_1_428' title='bbox 869 2674 957 2700; x_wconf 84' lang='lat' dir='ltr'>vcro</span> <span class='ocrx_word' id='word_1_429' title='bbox 982 2667 1037 2698; x_wconf 83' lang='lat' dir='ltr'>est</span> <span class='ocrx_word' id='word_1_430' title='bbox 1064 2661 1160 2707; x_wconf 86' lang='lat' dir='ltr'>quod</span> <span class='ocrx_word' id='word_1_431' title='bbox 1186 2660 1254 2694; x_wconf 88' lang='lat' dir='ltr'>iste</span> <span class='ocrx_word' id='word_1_432' title='bbox 1281 2662 1354 2693; x_wconf 92' lang='lat' dir='ltr'>tre-</span> 
     </span>
     <span class='ocr_line' id='line_1_60' title="bbox 294 2724 1355 2768; baseline -0.012 -1"><span class='ocrx_word' id='word_1_433' title='bbox 294 2737 481 2768; x_wconf 89' lang='lat' dir='ltr'>centorum</span> <span class='ocrx_word' id='word_1_434' title='bbox 498 2739 671 2765; x_wconf 89' lang='lat' dir='ltr'>numerus</span> <span class='ocrx_word' id='word_1_435' title='bbox 686 2728 721 2763; x_wconf 91' lang='lat' dir='ltr'>in</span> <span class='ocrx_word' id='word_1_436' title='bbox 745 2726 772 2762; x_wconf 93' lang='lat' dir='ltr'>T</span> <span class='ocrx_word' id='word_1_437' title='bbox 793 2726 910 2761; x_wconf 88' lang='lat' dir='ltr'>littera</span> <span class='ocrx_word' id='word_1_438' title='bbox 932 2724 1149 2766; x_wconf 84' lang='lat' dir='ltr'>continetur,</span> <span class='ocrx_word' id='word_1_439' title='bbox 1170 2732 1249 2767; x_wconf 82' lang='lat' dir='ltr'>quac</span> <span class='ocrx_word' id='word_1_440' title='bbox 1275 2729 1355 2755; x_wconf 89' lang='lat' dir='ltr'>cru-</span> 
     </span>
     <span class='ocr_line' id='line_1_61' title="bbox 296 2782 1356 2838; baseline -0.013 -9"><span class='ocrx_word' id='word_1_441' title='bbox 296 2792 350 2830; x_wconf 89' lang='lat' dir='ltr'>cis</span> <span class='ocrx_word' id='word_1_442' title='bbox 369 2791 526 2838; x_wconf 88' lang='lat' dir='ltr'>speciem</span> <span class='ocrx_word' id='word_1_443' title='bbox 553 2794 666 2832; x_wconf 81' lang='lat' dir='ltr'>tenet,</span> <span class='ocrx_word' id='word_1_444' title='bbox 694 2788 751 2823; x_wconf 89' lang='lat' dir='ltr'>cui</span> <span class='ocrx_word' id='word_1_445' title='bbox 777 2788 806 2822; x_wconf 90' lang='lat' dir='ltr'>si</span> <span class='ocrx_word' id='word_1_446' title='bbox 833 2797 940 2832; x_wconf 83' lang='lat' dir='ltr'>super</span> <span class='ocrx_word' id='word_1_447' title='bbox 960 2790 1206 2821; x_wconf 81' lang='lat' dir='ltr'>transversam</span> <span class='ocrx_word' id='word_1_448' title='bbox 1222 2782 1356 2817; x_wconf 87' lang='lat' dir='ltr'>lineam</span> 
     </span>
     <span class='ocr_line' id='line_1_62' title="bbox 297 2842 1358 2899; baseline -0.013 -9"><span class='ocrx_word' id='word_1_449' title='bbox 297 2854 335 2890; x_wconf 91' lang='lat' dir='ltr'>id</span> <span class='ocrx_word' id='word_1_450' title='bbox 352 2853 447 2899; x_wconf 88' lang='lat' dir='ltr'>quod</span> <span class='ocrx_word' id='word_1_451' title='bbox 475 2851 511 2888; x_wconf 92' lang='lat' dir='ltr'>in</span> <span class='ocrx_word' id='word_1_452' title='bbox 531 2860 638 2887; x_wconf 91' lang='lat' dir='ltr'>cruce</span> <span class='ocrx_word' id='word_1_453' title='bbox 657 2849 793 2885; x_wconf 88' lang='lat' dir='ltr'>eminet</span> <span class='ocrx_word' id='word_1_454' title='bbox 811 2847 1017 2890; x_wconf 86' lang='lat' dir='ltr'>adderetur,</span> <span class='ocrx_word' id='word_1_455' title='bbox 1043 2855 1115 2881; x_wconf 88' lang='lat' dir='ltr'>non</span> <span class='ocrx_word' id='word_1_456' title='bbox 1136 2845 1211 2891; x_wconf 77' lang='lat' dir='ltr'>Jam</span> <span class='ocrx_word' id='word_1_457' title='bbox 1238 2842 1358 2878; x_wconf 88' lang='lat' dir='ltr'>crucis</span> 
     </span>
     <span class='ocr_line' id='line_1_63' title="bbox 298 2906 1358 2959; baseline -0.012 -9"><span class='ocrx_word' id='word_1_458' title='bbox 298 2914 451 2959; x_wconf 82' lang='lat' dir='ltr'>species,</span> <span class='ocrx_word' id='word_1_459' title='bbox 469 2912 532 2949; x_wconf 90' lang='lat' dir='ltr'>sed</span> <span class='ocrx_word' id='word_1_460' title='bbox 552 2912 630 2957; x_wconf 86' lang='lat' dir='ltr'>ipsa</span> <span class='ocrx_word' id='word_1_461' title='bbox 650 2921 738 2946; x_wconf 84' lang='lat' dir='ltr'>crux</span> <span class='ocrx_word' id='word_1_462' title='bbox 757 2914 863 2946; x_wconf 87' lang='lat' dir='ltr'>esset.</span> <span class='ocrx_word' id='word_1_463' title='bbox 891 2908 982 2952; x_wconf 87' lang='lat' dir='ltr'>Quia</span> <span class='ocrx_word' id='word_1_464' title='bbox 1013 2917 1101 2952; x_wconf 84' lang='lat' dir='ltr'>ergo</span> <span class='ocrx_word' id='word_1_465' title='bbox 1122 2906 1190 2942; x_wconf 88' lang='lat' dir='ltr'>iste</span> <span class='ocrx_word' id='word_1_466' title='bbox 1215 2910 1358 2940; x_wconf 86' lang='lat' dir='ltr'>trecen-</span> 
     </span>
     <span class='ocr_line' id='line_1_64' title="bbox 299 2963 1358 3010; baseline -0.01 -1"><span class='ocrx_word' id='word_1_467' title='bbox 299 2981 418 3010; x_wconf 89' lang='lat' dir='ltr'>torum</span> <span class='ocrx_word' id='word_1_468' title='bbox 437 2983 609 3008; x_wconf 90' lang='lat' dir='ltr'>numerus</span> <span class='ocrx_word' id='word_1_469' title='bbox 628 2972 665 3006; x_wconf 90' lang='lat' dir='ltr'>in</span> <span class='ocrx_word' id='word_1_470' title='bbox 683 2972 710 3006; x_wconf 88' lang='lat' dir='ltr'>T</span> <span class='ocrx_word' id='word_1_471' title='bbox 727 2971 847 3005; x_wconf 87' lang='lat' dir='ltr'>littera</span> <span class='ocrx_word' id='word_1_472' title='bbox 870 2969 1088 3008; x_wconf 83' lang='lat' dir='ltr'>continetur,</span> <span class='ocrx_word' id='word_1_473' title='bbox 1105 2971 1141 3001; x_wconf 90' lang='lat' dir='ltr'>et</span> <span class='ocrx_word' id='word_1_474' title='bbox 1163 2975 1227 3010; x_wconf 90' lang='lat' dir='ltr'>per</span> <span class='ocrx_word' id='word_1_475' title='bbox 1249 2965 1276 2999; x_wconf 91' lang='lat' dir='ltr'>T</span> <span class='ocrx_word' id='word_1_476' title='bbox 1297 2963 1358 2999; x_wconf 88' lang='lat' dir='ltr'>lit-</span> 
     </span>
     <span class='ocr_line' id='line_1_65' title="bbox 301 3023 1360 3077; baseline -0.008 -7"><span class='ocrx_word' id='word_1_477' title='bbox 301 3039 429 3077; x_wconf 88' lang='lat' dir='ltr'>teram,</span> <span class='ocrx_word' id='word_1_478' title='bbox 449 3033 542 3068; x_wconf 90' lang='lat' dir='ltr'>sicut</span> <span class='ocrx_word' id='word_1_479' title='bbox 559 3033 729 3073; x_wconf 79' lang='lat' dir='ltr'>diximus,</span> <span class='ocrx_word' id='word_1_480' title='bbox 746 3030 885 3075; x_wconf 85' lang='lat' dir='ltr'>species</span> <span class='ocrx_word' id='word_1_481' title='bbox 905 3028 1022 3064; x_wconf 87' lang='lat' dir='ltr'>crucis</span> <span class='ocrx_word' id='word_1_482' title='bbox 1045 3027 1263 3070; x_wconf 86' lang='lat' dir='ltr'>ostenditur,</span> <span class='ocrx_word' id='word_1_483' title='bbox 1287 3023 1360 3061; x_wconf 80' lang='lat' dir='ltr'>non</span> 
     </span>
     <span class='ocr_line' id='line_1_66' title="bbox 300 3088 1359 3135; baseline -0.01 -2"><span class='ocrx_word' id='word_1_484' title='bbox 300 3096 484 3133; x_wconf 86' lang='lat' dir='ltr'>immerito</span> <span class='ocrx_word' id='word_1_485' title='bbox 500 3095 537 3130; x_wconf 90' lang='lat' dir='ltr'>in</span> <span class='ocrx_word' id='word_1_486' title='bbox 557 3093 615 3129; x_wconf 88' lang='lat' dir='ltr'>his</span> <span class='ocrx_word' id='word_1_487' title='bbox 637 3091 806 3127; x_wconf 82' lang='lat' dir='ltr'>trecentis</span> <span class='ocrx_word' id='word_1_488' title='bbox 827 3090 1032 3126; x_wconf 88' lang='lat' dir='ltr'>Gedeonem</span> <span class='ocrx_word' id='word_1_489' title='bbox 1055 3089 1290 3135; x_wconf 87' lang='lat' dir='ltr'>sequentibus</span> <span class='ocrx_word' id='word_1_490' title='bbox 1310 3088 1359 3123; x_wconf 89' lang='lat' dir='ltr'>illi</span> 
     </span>
     <span class='ocr_line' id='line_1_67' title="bbox 304 3149 1361 3206; baseline -0.014 -10"><span class='ocrx_word' id='word_1_491' title='bbox 304 3157 479 3206; x_wconf 85' lang='lat' dir='ltr'>designati</span> <span class='ocrx_word' id='word_1_492' title='bbox 500 3160 595 3198; x_wconf 91' lang='lat' dir='ltr'>sunt,</span> <span class='ocrx_word' id='word_1_493' title='bbox 617 3153 745 3200; x_wconf 85' lang='lat' dir='ltr'>quibus</span> <span class='ocrx_word' id='word_1_494' title='bbox 767 3151 901 3188; x_wconf 84' lang='lat' dir='ltr'>dictum</span> <span class='ocrx_word' id='word_1_495' title='bbox 932 3155 1011 3186; x_wconf 87' lang='lat' dir='ltr'>est:</span> <span class='ocrx_word' id='word_1_496' title='bbox 1037 3150 1105 3192; x_wconf 78' lang='lat' dir='ltr'>Qui</span> <span class='ocrx_word' id='word_1_497' title='bbox 1125 3149 1197 3184; x_wconf 77' lang='lat' dir='ltr'>vult</span> <span class='ocrx_word' id='word_1_498' title='bbox 1215 3155 1289 3195; x_wconf 81' lang='lat' dir='ltr'>post</span> <span class='ocrx_word' id='word_1_499' title='bbox 1307 3159 1361 3182; x_wconf 84' lang='lat' dir='ltr'>me</span> 
     </span>
     <span class='ocr_line' id='line_1_68' title="bbox 303 3209 1358 3263; baseline -0.015 -6"><span class='ocrx_word' id='word_1_500' title='bbox 303 3220 433 3262; x_wconf 80' lang='lat' dir='ltr'>venire,</span> <span class='ocrx_word' id='word_1_501' title='bbox 464 3218 605 3263; x_wconf 63' lang='lat' dir='ltr'>abneget</span> <span class='ocrx_word' id='word_1_502' title='bbox 625 3214 859 3260; x_wconf 80' lang='lat' dir='ltr'>semetipsum,</span> <span class='ocrx_word' id='word_1_503' title='bbox 892 3217 924 3247; x_wconf 88' lang='lat' dir='ltr'>et</span> <span class='ocrx_word' id='word_1_504' title='bbox 951 3209 1050 3245; x_wconf 77' lang='lat' dir='ltr'>tollat</span> <span class='ocrx_word' id='word_1_505' title='bbox 1083 3219 1220 3244; x_wconf 82' lang='lat' dir='ltr'>crucem</span> <span class='ocrx_word' id='word_1_506' title='bbox 1241 3219 1358 3250; x_wconf 83' lang='lat' dir='ltr'>suam,</span> 
     </span>
     <span class='ocr_line' id='line_1_69' title="bbox 305 3266 1359 3328; baseline -0.017 -10"><span class='ocrx_word' id='word_1_507' title='bbox 305 3289 336 3318; x_wconf 87' lang='lat' dir='ltr'>et</span> <span class='ocrx_word' id='word_1_508' title='bbox 366 3285 530 3328; x_wconf 79' lang='lat' dir='ltr'>sequatur</span> <span class='ocrx_word' id='word_1_509' title='bbox 547 3288 601 3312; x_wconf 85' lang='lat' dir='ltr'>me</span> <span class='ocrx_word' id='word_1_510' title='bbox 635 3273 779 3323; x_wconf 69' lang='lat' dir='ltr'>(Manli.</span> <span class='ocrx_word' id='word_1_511' title='bbox 809 3271 897 3319; x_wconf 81' lang='lat' dir='ltr'>xvl).</span> <span class='ocrx_word' id='word_1_512' title='bbox 933 3271 1002 3315; x_wconf 86' lang='lat' dir='ltr'>Qui</span> <span class='ocrx_word' id='word_1_513' title='bbox 1027 3273 1220 3315; x_wconf 84' lang='lat' dir='ltr'>sequentes</span> <span class='ocrx_word' id='word_1_514' title='bbox 1244 3266 1359 3302; x_wconf 90' lang='lat' dir='ltr'>Deum</span> 
     </span>
     <span class='ocr_line' id='line_1_70' title="bbox 306 3325 1365 3378; baseline -0.018 1"><span class='ocrx_word' id='word_1_515' title='bbox 306 3346 407 3378; x_wconf 87' lang='lat' dir='ltr'>tanto</span> <span class='ocrx_word' id='word_1_516' title='bbox 419 3339 540 3377; x_wconf 79' lang='lat' dir='ltr'>verius</span> <span class='ocrx_word' id='word_1_517' title='bbox 555 3344 699 3373; x_wconf 88' lang='lat' dir='ltr'>crucem</span> <span class='ocrx_word' id='word_1_518' title='bbox 714 3332 857 3376; x_wconf 90' lang='lat' dir='ltr'>tollunt,</span> <span class='ocrx_word' id='word_1_519' title='bbox 876 3328 1012 3378; x_wconf 82' lang='lat' dir='ltr'>quanto</span> <span class='ocrx_word' id='word_1_520' title='bbox 1026 3325 1148 3370; x_wconf 72' lang='lat' dir='ltr'>&#39;acrius</span> <span class='ocrx_word' id='word_1_521' title='bbox 1166 3331 1204 3363; x_wconf 85' lang='lat' dir='ltr'>et</span> <span class='ocrx_word' id='word_1_522' title='bbox 1220 3337 1259 3362; x_wconf 91' lang='lat' dir='ltr'>se</span> <span class='ocrx_word' id='word_1_523' title='bbox 1278 3326 1365 3361; x_wconf 87' lang='lat' dir='ltr'>edo-</span> 
     </span>
     <span class='ocr_line' id='line_1_71' title="bbox 308 3383 1364 3447; baseline -0.016 -8"><span class='ocrx_word' id='word_1_524' title='bbox 308 3407 409 3439; x_wconf 86' lang='lat' dir='ltr'>mant</span> <span class='ocrx_word' id='word_1_525' title='bbox 427 3399 470 3437; x_wconf 67' lang='lat' dir='ltr'>u</span> <span class='ocrx_word' id='word_1_526' title='bbox 485 3410 569 3447; x_wconf 88' lang='lat' dir='ltr'>erga</span> <span class='ocrx_word' id='word_1_527' title='bbox 595 3397 779 3445; x_wconf 84' lang='lat' dir='ltr'>proximos</span> <span class='ocrx_word' id='word_1_528' title='bbox 799 3403 884 3432; x_wconf 91' lang='lat' dir='ltr'>suos</span> <span class='ocrx_word' id='word_1_529' title='bbox 907 3383 1097 3430; x_wconf 81' lang='lat' dir='ltr'>charitatis</span> <span class='ocrx_word' id='word_1_530' title='bbox 1113 3388 1364 3435; x_wconf 88' lang='lat' dir='ltr'>compassione</span> 
     </span>
     <span class='ocr_line' id='line_1_72' title="bbox 309 3437 1365 3507; baseline -0.015 -7"><span class='ocrx_word' id='word_1_531' title='bbox 309 3462 530 3507; x_wconf 82' lang='lat' dir='ltr'>cruciantur.</span> <span class='ocrx_word' id='word_1_532' title='bbox 549 3458 651 3497; x_wconf 88' lang='lat' dir='ltr'>Unde</span> <span class='ocrx_word' id='word_1_533' title='bbox 665 3464 701 3495; x_wconf 88' lang='lat' dir='ltr'>et</span> <span class='ocrx_word' id='word_1_534' title='bbox 717 3468 782 3505; x_wconf 87' lang='lat' dir='ltr'>per</span> <span class='ocrx_word' id='word_1_535' title='bbox 796 3452 966 3494; x_wconf 87' lang='lat' dir='ltr'>Ezechiel</span> <span class='ocrx_word' id='word_1_536' title='bbox 983 3458 1080 3491; x_wconf 89' lang='lat' dir='ltr'>certe</span> <span class='ocrx_word' id='word_1_537' title='bbox 1098 3452 1133 3488; x_wconf 92' lang='lat' dir='ltr'>in</span> <span class='ocrx_word' id='word_1_538' title='bbox 1150 3437 1208 3488; x_wconf 76' lang='lat' dir='ltr'>bis</span> <span class='ocrx_word' id='word_1_539' title='bbox 1222 3455 1365 3487; x_wconf 89' lang='lat' dir='ltr'>trecen-</span> 
     </span>
     <span class='ocr_line' id='line_1_73' title="bbox 312 3507 1368 3575; baseline -0.015 -12"><span class='ocrx_word' id='word_1_540' title='bbox 312 3525 371 3570; x_wconf 83' lang='lat' dir='ltr'>tis,</span> <span class='ocrx_word' id='word_1_541' title='bbox 390 3524 453 3575; x_wconf 75' lang='lat' dir='ltr'>qui</span> <span class='ocrx_word' id='word_1_542' title='bbox 471 3523 509 3559; x_wconf 92' lang='lat' dir='ltr'>in</span> <span class='ocrx_word' id='word_1_543' title='bbox 536 3522 564 3559; x_wconf 91' lang='lat' dir='ltr'>T</span> <span class='ocrx_word' id='word_1_544' title='bbox 583 3521 718 3567; x_wconf 90' lang='lat' dir='ltr'>littera,</span> <span class='ocrx_word' id='word_1_545' title='bbox 737 3513 830 3558; x_wconf 80' lang='lat' dir='ltr'>sicut</span> <span class='ocrx_word' id='word_1_546' title='bbox 863 3509 972 3566; x_wconf 62' lang='lat' dir='ltr'>stffii‘a</span> <span class='ocrx_word' id='word_1_547' title='bbox 1001 3517 1137 3553; x_wconf 88' lang='lat' dir='ltr'>dictum</span> <span class='ocrx_word' id='word_1_548' title='bbox 1157 3507 1226 3558; x_wconf 84' lang='lat' dir='ltr'>est,</span> <span class='ocrx_word' id='word_1_549' title='bbox 1252 3510 1368 3549; x_wconf 88' lang='lat' dir='ltr'>conti-</span> 
     </span>
     <span class='ocr_line' id='line_1_74' title="bbox 311 3567 1366 3638; baseline -0.013 -14"><span class='ocrx_word' id='word_1_550' title='bbox 311 3584 459 3631; x_wconf 82' lang='lat' dir='ltr'>nentur,</span> <span class='ocrx_word' id='word_1_551' title='bbox 478 3579 549 3623; x_wconf 76' lang='lat' dir='ltr'>hoc</span> <span class='ocrx_word' id='word_1_552' title='bbox 564 3578 746 3630; x_wconf 85' lang='lat' dir='ltr'>exprimit,</span> <span class='ocrx_word' id='word_1_553' title='bbox 768 3581 865 3628; x_wconf 91' lang='lat' dir='ltr'>quod</span> <span class='ocrx_word' id='word_1_554' title='bbox 884 3578 1021 3615; x_wconf 78' lang='lat' dir='ltr'>serrum</span> <span class='ocrx_word' id='word_1_555' title='bbox 1057 3577 1223 3638; x_wconf 56' lang='lat' dir='ltr'>hosting</span> <span class='ocrx_word' id='word_1_556' title='bbox 1246 3567 1366 3612; x_wconf 78' lang='lat' dir='ltr'>crucis</span> 
     </span>
     <span class='ocr_line' id='line_1_75' title="bbox 314 3628 1368 3702; baseline -0.012 -15"><span class='ocrx_word' id='word_1_557' title='bbox 314 3649 412 3697; x_wconf 84' lang='lat' dir='ltr'>ligno</span> <span class='ocrx_word' id='word_1_558' title='bbox 428 3637 628 3702; x_wconf 27' lang='lat' dir='ltr'>superetur.</span> <span class='ocrx_word' id='word_1_559' title='bbox 651 3638 779 3699; x_wconf 42' lang='lat' dir='ltr'>Erech.</span> <span class='ocrx_word' id='word_1_560' title='bbox 801 3637 868 3691; x_wconf 81' lang='lat' dir='ltr'>rx).</span> <span class='ocrx_word' id='word_1_561' title='bbox 895 3628 1072 3688; x_wconf 75' lang='lat' dir='ltr'>‘nactique</span> <span class='ocrx_word' id='word_1_562' title='bbox 1104 3642 1188 3676; x_wconf 91' lang='lat' dir='ltr'>sunt</span> <span class='ocrx_word' id='word_1_563' title='bbox 1220 3629 1268 3676; x_wconf 88' lang='lat' dir='ltr'>ad</span> <span class='ocrx_word' id='word_1_564' title='bbox 1298 3634 1368 3674; x_wconf 85' lang='lat' dir='ltr'>flu-</span> 
     </span>
     <span class='ocr_line' id='line_1_76' title="bbox 316 3686 1371 3762; baseline -0.013 -16"><span class='ocrx_word' id='word_1_565' title='bbox 316 3709 415 3749; x_wconf 88' lang='lat' dir='ltr'>vium</span> <span class='ocrx_word' id='word_1_566' title='bbox 433 3712 473 3744; x_wconf 92' lang='lat' dir='ltr'>ut</span> <span class='ocrx_word' id='word_1_567' title='bbox 492 3699 605 3762; x_wconf 71' lang='lat' dir='ltr'>aquas</span> <span class='ocrx_word' id='word_1_568' title='bbox 622 3694 809 3748; x_wconf 59' lang='lat' dir='ltr'>biberenss</span> <span class='ocrx_word' id='word_1_569' title='bbox 825 3702 959 3759; x_wconf 75' lang='lat' dir='ltr'>quique</span> <span class='ocrx_word' id='word_1_570' title='bbox 974 3711 1088 3748; x_wconf 87' lang='lat' dir='ltr'>aquas</span> <span class='ocrx_word' id='word_1_571' title='bbox 1102 3689 1206 3737; x_wconf 75' lang='lat' dir='ltr'>flexis</span> <span class='ocrx_word' id='word_1_572' title='bbox 1219 3686 1371 3747; x_wconf 68' lang='lat' dir='ltr'>genibus</span> 
     </span>
     <span class='ocr_line' id='line_1_77' title="bbox 318 3749 1371 3820; baseline -0.013 -16"><span class='ocrx_word' id='word_1_573' title='bbox 318 3767 532 3812; x_wconf 86' lang='lat' dir='ltr'>hauserunt,</span> <span class='ocrx_word' id='word_1_574' title='bbox 554 3759 576 3804; x_wconf 78' lang='lat' dir='ltr'>a</span> <span class='ocrx_word' id='word_1_575' title='bbox 595 3756 726 3820; x_wconf 49' lang='lat' dir='ltr'>belliff</span> <span class='ocrx_word' id='word_1_576' title='bbox 743 3757 944 3803; x_wconf 72' lang='lat' dir='ltr'>intentione</span> <span class='ocrx_word' id='word_1_577' title='bbox 966 3760 1096 3800; x_wconf 83' lang='lat' dir='ltr'>remoti</span> <span class='ocrx_word' id='word_1_578' title='bbox 1123 3764 1232 3798; x_wconf 89' lang='lat' dir='ltr'>sunt:</span> <span class='ocrx_word' id='word_1_579' title='bbox 1267 3749 1371 3806; x_wconf 81' lang='lat' dir='ltr'>aquis</span> 
     </span>
     <span class='ocr_line' id='line_1_78' title="bbox 322 3806 1372 3873; baseline -0.01 -11"><span class='ocrx_word' id='word_1_580' title='bbox 322 3822 476 3873; x_wconf 77' lang='lat' dir='ltr'>namque</span> <span class='ocrx_word' id='word_1_581' title='bbox 496 3822 659 3864; x_wconf 84' lang='lat' dir='ltr'>doctrina</span> <span class='ocrx_word' id='word_1_582' title='bbox 689 3810 888 3871; x_wconf 66' lang='lat' dir='ltr'>sapientiae,</span> <span class='ocrx_word' id='word_1_583' title='bbox 909 3808 1029 3860; x_wconf 50' lang='lat' dir='ltr'>stante</span> <span class='ocrx_word' id='word_1_584' title='bbox 1054 3811 1176 3858; x_wconf 76' lang='lat' dir='ltr'>autem</span> <span class='ocrx_word' id='word_1_585' title='bbox 1195 3810 1287 3867; x_wconf 57' lang='lat' dir='ltr'>²genu</span> <span class='ocrx_word' id='word_1_586' title='bbox 1299 3806 1372 3853; x_wconf 51' lang='grc' dir='ltr'>ἣ-</span> 
     </span>
    </p>
   </div>
   <div class='ocr_carea' id='block_1_14' title="bbox 920 3906 1200 3935">
    <p class='ocr_par' dir='ltr' id='par_1_15' title="bbox 920 3906 1200 3935">
     <span class='ocr_line' id='line_1_79' title="bbox 920 3906 1200 3935; baseline -0.007 -2"><span class='ocrx_word' id='word_1_587' title='bbox 920 3931 933 3933; x_wconf 59' lang='lat'><em>„</em></span> <span class='ocrx_word' id='word_1_588' title='bbox 957 3929 974 3935; x_wconf 65' lang='grc'>,</span> <span class='ocrx_word' id='word_1_589' title='bbox 1020 3927 1065 3934; x_wconf 81' lang='grc'>,,,</span> <span class='ocrx_word' id='word_1_590' title='bbox 1099 3906 1200 3933; x_wconf 59' lang='lat'>„2-6&#39;</span> 
     </span>
    </p>
   </div>
   <div class='ocr_carea' id='block_1_15' title="bbox 1398 1238 2525 1299">
    <p class='ocr_par' dir='ltr' id='par_1_16' title="bbox 1398 1238 2525 1299">
     <span class='ocr_line' id='line_1_80' title="bbox 1398 1238 2525 1299; baseline -0.02 -10"><span class='ocrx_word' id='word_1_591' title='bbox 1398 1253 1459 1299; x_wconf 89' lang='lat' dir='ltr'>qui</span> <span class='ocrx_word' id='word_1_592' title='bbox 1474 1251 1608 1287; x_wconf 87' lang='lat' dir='ltr'>fluenta</span> <span class='ocrx_word' id='word_1_593' title='bbox 1633 1247 1806 1284; x_wconf 84' lang='lat' dir='ltr'>doctrinae</span> <span class='ocrx_word' id='word_1_594' title='bbox 1823 1242 2033 1288; x_wconf 85' lang='lat' dir='ltr'>spiritaliter</span> <span class='ocrx_word' id='word_1_595' title='bbox 2051 1238 2238 1279; x_wconf 89' lang='lat' dir='ltr'>hauriunt,</span> <span class='ocrx_word' id='word_1_596' title='bbox 2253 1246 2319 1271; x_wconf 90' lang='lat' dir='ltr'>nec</span> <span class='ocrx_word' id='word_1_597' title='bbox 2336 1240 2458 1271; x_wconf 88' lang='lat' dir='ltr'>tamen</span> <span class='ocrx_word' id='word_1_598' title='bbox 2523 1284 2525 1287; x_wconf 10' lang='grc' dir='ltr'>ᾖ</span> 
     </span>
    </p>
   </div>
   <div class='ocr_carea' id='block_1_16' title="bbox 1399 1294 2463 1537">
    <p class='ocr_par' dir='ltr' id='par_1_17' title="bbox 1399 1294 2463 1537">
     <span class='ocr_line' id='line_1_81' title="bbox 1399 1294 2460 1357; baseline -0.016 -9"><span class='ocrx_word' id='word_1_599' title='bbox 1399 1313 1436 1348; x_wconf 90' lang='lat' dir='ltr'>in</span> <span class='ocrx_word' id='word_1_600' title='bbox 1456 1311 1580 1357; x_wconf 71' lang='lat' dir='ltr'>pravis</span> <span class='ocrx_word' id='word_1_601' title='bbox 1598 1307 1769 1353; x_wconf 90' lang='lat' dir='ltr'>operibus</span> <span class='ocrx_word' id='word_1_602' title='bbox 1785 1302 1980 1340; x_wconf 86' lang='lat' dir='ltr'>carnaliter</span> <span class='ocrx_word' id='word_1_603' title='bbox 2002 1298 2257 1340; x_wconf 85' lang='lat' dir='ltr'>inflectuntur;</span> <span class='ocrx_word' id='word_1_604' title='bbox 2276 1295 2359 1341; x_wconf 88' lang='lat' dir='ltr'>quia</span> <span class='ocrx_word' id='word_1_605' title='bbox 2390 1294 2460 1331; x_wconf 86' lang='lat' dir='ltr'>sic-</span> 
     </span>
     <span class='ocr_line' id='line_1_82' title="bbox 1401 1360 2461 1416; baseline -0.016 -7"><span class='ocrx_word' id='word_1_606' title='bbox 1401 1379 1441 1409; x_wconf 89' lang='lat' dir='ltr'>ut</span> <span class='ocrx_word' id='word_1_607' title='bbox 1467 1371 1642 1416; x_wconf 88' lang='lat' dir='ltr'>scriptum</span> <span class='ocrx_word' id='word_1_608' title='bbox 1668 1372 1750 1404; x_wconf 85' lang='lat' dir='ltr'>est:</span> <span class='ocrx_word' id='word_1_609' title='bbox 1772 1366 1854 1402; x_wconf 89' lang='lat' dir='ltr'>Non</span> <span class='ocrx_word' id='word_1_610' title='bbox 1871 1370 1921 1400; x_wconf 73' lang='lat' dir='ltr'>est</span> <span class='ocrx_word' id='word_1_611' title='bbox 1951 1363 2107 1410; x_wconf 75' lang='lat' dir='ltr'>speciosa</span> <span class='ocrx_word' id='word_1_612' title='bbox 2137 1360 2214 1396; x_wconf 78' lang='lat' dir='ltr'>laus</span> <span class='ocrx_word' id='word_1_613' title='bbox 2239 1360 2277 1395; x_wconf 76' lang='lat' dir='ltr'>in</span> <span class='ocrx_word' id='word_1_614' title='bbox 2302 1370 2360 1394; x_wconf 83' lang='lat' dir='ltr'>ore</span> <span class='ocrx_word' id='word_1_615' title='bbox 2383 1369 2461 1404; x_wconf 83' lang='lat' dir='ltr'>pec-</span> 
     </span>
     <span class='ocr_line' id='line_1_83' title="bbox 1403 1420 2463 1478; baseline -0.015 -9"><span class='ocrx_word' id='word_1_616' title='bbox 1403 1433 1532 1469; x_wconf 81' lang='lat' dir='ltr'>catoris</span> <span class='ocrx_word' id='word_1_617' title='bbox 1561 1429 1673 1478; x_wconf 76' lang='lat' dir='ltr'>(Ecct.</span> <span class='ocrx_word' id='word_1_618' title='bbox 1705 1427 1782 1475; x_wconf 85' lang='lat' dir='ltr'>xv).</span> <span class='ocrx_word' id='word_1_619' title='bbox 1817 1427 1910 1463; x_wconf 86' lang='lat' dir='ltr'>Itum</span> <span class='ocrx_word' id='word_1_620' title='bbox 1936 1429 1992 1461; x_wconf 91' lang='lat' dir='ltr'>est</span> <span class='ocrx_word' id='word_1_621' title='bbox 2018 1433 2105 1469; x_wconf 83' lang='lat' dir='ltr'>ergo</span> <span class='ocrx_word' id='word_1_622' title='bbox 2125 1422 2171 1458; x_wconf 91' lang='lat' dir='ltr'>ad</span> <span class='ocrx_word' id='word_1_623' title='bbox 2198 1420 2360 1467; x_wconf 79' lang='lat' dir='ltr'>praelium</span> <span class='ocrx_word' id='word_1_624' title='bbox 2379 1428 2463 1455; x_wconf 82' lang='lat' dir='ltr'>cuin</span> 
     </span>
     <span class='ocr_line' id='line_1_84' title="bbox 1403 1481 2463 1537; baseline -0.015 -7"><span class='ocrx_word' id='word_1_625' title='bbox 1403 1494 1514 1537; x_wconf 91' lang='lat' dir='ltr'>tubis,</span> <span class='ocrx_word' id='word_1_626' title='bbox 1535 1502 1616 1528; x_wconf 90' lang='lat' dir='ltr'>cum</span> <span class='ocrx_word' id='word_1_627' title='bbox 1634 1489 1872 1535; x_wconf 86' lang='lat' dir='ltr'>lampadibus,</span> <span class='ocrx_word' id='word_1_628' title='bbox 1892 1497 1975 1522; x_wconf 91' lang='lat' dir='ltr'>cnm</span> <span class='ocrx_word' id='word_1_629' title='bbox 1998 1484 2150 1531; x_wconf 83' lang='lat' dir='ltr'>lagenis.</span> <span class='ocrx_word' id='word_1_630' title='bbox 2167 1482 2285 1527; x_wconf 83' lang='lat' dir='ltr'>Atque</span> <span class='ocrx_word' id='word_1_631' title='bbox 2312 1481 2396 1523; x_wconf 91' lang='lat' dir='ltr'>iste,</span> <span class='ocrx_word' id='word_1_632' title='bbox 2422 1484 2463 1515; x_wconf 89' lang='lat' dir='ltr'>ut</span> 
     </span>
    </p>
   </div>
   <div class='ocr_carea' id='block_1_17' title="bbox 1405 1539 2531 1595">
    <p class='ocr_par' dir='ltr' id='par_1_18' title="bbox 1405 1539 2531 1595">
     <span class='ocr_line' id='line_1_85' title="bbox 1405 1539 2531 1595; baseline -0.015 -5"><span class='ocrx_word' id='word_1_633' title='bbox 1405 1554 1576 1595; x_wconf 86' lang='lat' dir='ltr'>diximus,</span> <span class='ocrx_word' id='word_1_634' title='bbox 1594 1551 1662 1586; x_wconf 85' lang='lat' dir='ltr'>suit</span> <span class='ocrx_word' id='word_1_635' title='bbox 1681 1549 1770 1586; x_wconf 90' lang='lat' dir='ltr'>ordo</span> <span class='ocrx_word' id='word_1_636' title='bbox 1797 1546 2012 1594; x_wconf 78' lang='lat' dir='ltr'>praeliandi?</span> <span class='ocrx_word' id='word_1_637' title='bbox 2029 1544 2248 1582; x_wconf 85' lang='lat' dir='ltr'>Cecinerunt</span> <span class='ocrx_word' id='word_1_638' title='bbox 2265 1541 2382 1583; x_wconf 87' lang='lat' dir='ltr'>tubis;</span> <span class='ocrx_word' id='word_1_639' title='bbox 2407 1539 2463 1575; x_wconf 90' lang='lat' dir='ltr'>in·</span> <span class='ocrx_word' id='word_1_640' title='bbox 2526 1560 2531 1563; x_wconf 28' lang='grc' dir='ltr'><strong>Δ</strong></span> 
     </span>
    </p>
   </div>
   <div class='ocr_carea' id='block_1_18' title="bbox 1406 1599 2480 2204">
    <p class='ocr_par' dir='ltr' id='par_1_19' title="bbox 1406 1599 2480 2204">
     <span class='ocr_line' id='line_1_86' title="bbox 1406 1599 2467 1659; baseline -0.016 -8"><span class='ocrx_word' id='word_1_641' title='bbox 1406 1620 1463 1650; x_wconf 89' lang='lat' dir='ltr'>tra</span> <span class='ocrx_word' id='word_1_642' title='bbox 1479 1614 1625 1659; x_wconf 81' lang='lat' dir='ltr'>lagenas</span> <span class='ocrx_word' id='word_1_643' title='bbox 1643 1616 1764 1647; x_wconf 89' lang='lat' dir='ltr'>autem</span> <span class='ocrx_word' id='word_1_644' title='bbox 1784 1614 1869 1646; x_wconf 89' lang='lat' dir='ltr'>sunt</span> <span class='ocrx_word' id='word_1_645' title='bbox 1894 1608 2014 1644; x_wconf 82' lang='lat' dir='ltr'>missae</span> <span class='ocrx_word' id='word_1_646' title='bbox 2045 1604 2250 1650; x_wconf 86' lang='lat' dir='ltr'>lampades;</span> <span class='ocrx_word' id='word_1_647' title='bbox 2271 1599 2467 1638; x_wconf 81' lang='lat' dir='ltr'>confractis</span> 
     </span>
     <span class='ocr_line' id='line_1_87' title="bbox 1407 1672 2465 1721; baseline -0.015 -8"><span class='ocrx_word' id='word_1_648' title='bbox 1407 1687 1494 1713; x_wconf 86' lang='lat' dir='ltr'>vero</span> <span class='ocrx_word' id='word_1_649' title='bbox 1518 1675 1656 1721; x_wconf 86' lang='lat' dir='ltr'>lagenis</span> <span class='ocrx_word' id='word_1_650' title='bbox 1674 1672 1859 1718; x_wconf 83' lang='lat' dir='ltr'>lampades</span> <span class='ocrx_word' id='word_1_651' title='bbox 1885 1675 2042 1706; x_wconf 78' lang='lat' dir='ltr'>ostensae</span> <span class='ocrx_word' id='word_1_652' title='bbox 2061 1672 2160 1710; x_wconf 86' lang='lat' dir='ltr'>sunt,</span> <span class='ocrx_word' id='word_1_653' title='bbox 2181 1674 2335 1711; x_wconf 88' lang='lat' dir='ltr'>quarum</span> <span class='ocrx_word' id='word_1_654' title='bbox 2355 1673 2465 1699; x_wconf 90' lang='lat' dir='ltr'>coru-</span> 
     </span>
     <span class='ocr_line' id='line_1_88' title="bbox 1410 1723 2467 1777; baseline -0.017 -1"><span class='ocrx_word' id='word_1_655' title='bbox 1410 1743 1534 1777; x_wconf 90' lang='lat' dir='ltr'>scante</span> <span class='ocrx_word' id='word_1_656' title='bbox 1552 1738 1632 1773; x_wconf 90' lang='lat' dir='ltr'>luce</span> <span class='ocrx_word' id='word_1_657' title='bbox 1650 1737 1773 1772; x_wconf 88' lang='lat' dir='ltr'>hostes</span> <span class='ocrx_word' id='word_1_658' title='bbox 1801 1732 1920 1770; x_wconf 91' lang='lat' dir='ltr'>territi</span> <span class='ocrx_word' id='word_1_659' title='bbox 1940 1732 1977 1768; x_wconf 90' lang='lat' dir='ltr'>in</span> <span class='ocrx_word' id='word_1_660' title='bbox 2007 1729 2129 1776; x_wconf 83' lang='lat' dir='ltr'>sugam</span> <span class='ocrx_word' id='word_1_661' title='bbox 2145 1731 2347 1763; x_wconf 87' lang='lat' dir='ltr'>vertuntur.</span> <span class='ocrx_word' id='word_1_662' title='bbox 2368 1723 2467 1760; x_wconf 90' lang='lat' dir='ltr'>Desi-</span> 
     </span>
     <span class='ocr_line' id='line_1_89' title="bbox 1412 1785 2471 1850; baseline -0.017 -12"><span class='ocrx_word' id='word_1_663' title='bbox 1412 1807 1542 1850; x_wconf 82' lang='lat' dir='ltr'>gnatur</span> <span class='ocrx_word' id='word_1_664' title='bbox 1572 1801 1695 1845; x_wconf 88' lang='lat' dir='ltr'>itaque</span> <span class='ocrx_word' id='word_1_665' title='bbox 1735 1798 1772 1833; x_wconf 90' lang='lat' dir='ltr'>in</span> <span class='ocrx_word' id='word_1_666' title='bbox 1810 1795 1905 1831; x_wconf 87' lang='lat' dir='ltr'>tubis</span> <span class='ocrx_word' id='word_1_667' title='bbox 1938 1793 2076 1830; x_wconf 89' lang='lat' dir='ltr'>clamor</span> <span class='ocrx_word' id='word_1_668' title='bbox 2114 1787 2399 1836; x_wconf 85' lang='lat' dir='ltr'>praedicantium,</span> <span class='ocrx_word' id='word_1_669' title='bbox 2434 1785 2471 1821; x_wconf 89' lang='lat' dir='ltr'>in</span> 
     </span>
     <span class='ocr_line' id='line_1_90' title="bbox 1412 1847 2472 1908; baseline -0.014 -10"><span class='ocrx_word' id='word_1_670' title='bbox 1412 1861 1638 1908; x_wconf 88' lang='lat' dir='ltr'>lampadibus</span> <span class='ocrx_word' id='word_1_671' title='bbox 1652 1858 1798 1895; x_wconf 85' lang='lat' dir='ltr'>claritas</span> <span class='ocrx_word' id='word_1_672' title='bbox 1812 1854 2084 1895; x_wconf 87' lang='lat' dir='ltr'>miraculorum,</span> <span class='ocrx_word' id='word_1_673' title='bbox 2095 1851 2133 1886; x_wconf 92' lang='lat' dir='ltr'>in</span> <span class='ocrx_word' id='word_1_674' title='bbox 2144 1849 2280 1895; x_wconf 84' lang='lat' dir='ltr'>lagenis</span> <span class='ocrx_word' id='word_1_675' title='bbox 2293 1847 2472 1894; x_wconf 79' lang='lat' dir='ltr'>fragilitas</span> 
     </span>
     <span class='ocr_line' id='line_1_91' title="bbox 1414 1911 2472 1971; baseline -0.018 -9"><span class='ocrx_word' id='word_1_676' title='bbox 1414 1934 1621 1971; x_wconf 88' lang='lat' dir='ltr'>corporum.</span> <span class='ocrx_word' id='word_1_677' title='bbox 1655 1921 1759 1958; x_wconf 88' lang='lat' dir='ltr'>Tales</span> <span class='ocrx_word' id='word_1_678' title='bbox 1777 1919 1910 1966; x_wconf 86' lang='lat' dir='ltr'>quippe</span> <span class='ocrx_word' id='word_1_679' title='bbox 1939 1926 2062 1954; x_wconf 90' lang='lat' dir='ltr'>secum</span> <span class='ocrx_word' id='word_1_680' title='bbox 2083 1915 2153 1951; x_wconf 79' lang='lat' dir='ltr'>dux</span> <span class='ocrx_word' id='word_1_681' title='bbox 2173 1917 2295 1949; x_wconf 90' lang='lat' dir='ltr'>noster</span> <span class='ocrx_word' id='word_1_682' title='bbox 2312 1911 2356 1946; x_wconf 89' lang='lat' dir='ltr'>ad</span> <span class='ocrx_word' id='word_1_683' title='bbox 2378 1919 2472 1956; x_wconf 86' lang='lat' dir='ltr'>prae-</span> 
     </span>
     <span class='ocr_line' id='line_1_92' title="bbox 1415 1973 2474 2030; baseline -0.017 -7"><span class='ocrx_word' id='word_1_684' title='bbox 1415 1985 1607 2023; x_wconf 84' lang='lat' dir='ltr'>dicationis</span> <span class='ocrx_word' id='word_1_685' title='bbox 1638 1983 1802 2030; x_wconf 76' lang='lat' dir='ltr'>praelium</span> <span class='ocrx_word' id='word_1_686' title='bbox 1832 1981 1947 2024; x_wconf 85' lang='lat' dir='ltr'>duxit,</span> <span class='ocrx_word' id='word_1_687' title='bbox 1970 1980 2031 2025; x_wconf 86' lang='lat' dir='ltr'>qui</span> <span class='ocrx_word' id='word_1_688' title='bbox 2062 1978 2230 2022; x_wconf 88' lang='lat' dir='ltr'>despecta</span> <span class='ocrx_word' id='word_1_689' title='bbox 2258 1973 2373 2010; x_wconf 87' lang='lat' dir='ltr'>salute</span> <span class='ocrx_word' id='word_1_690' title='bbox 2391 1980 2474 2006; x_wconf 86' lang='lat' dir='ltr'>cor-</span> 
     </span>
     <span class='ocr_line' id='line_1_93' title="bbox 1415 2040 2476 2095; baseline -0.018 -11"><span class='ocrx_word' id='word_1_691' title='bbox 1415 2048 1516 2095; x_wconf 88' lang='lat' dir='ltr'>poris</span> <span class='ocrx_word' id='word_1_692' title='bbox 1531 2048 1653 2083; x_wconf 86' lang='lat' dir='ltr'>hostes</span> <span class='ocrx_word' id='word_1_693' title='bbox 1667 2055 1752 2080; x_wconf 87' lang='lat' dir='ltr'>suos</span> <span class='ocrx_word' id='word_1_694' title='bbox 1772 2043 1959 2079; x_wconf 89' lang='lat' dir='ltr'>moriendo</span> <span class='ocrx_word' id='word_1_695' title='bbox 1975 2040 2260 2085; x_wconf 86' lang='lat' dir='ltr'>prosternerent,</span> <span class='ocrx_word' id='word_1_696' title='bbox 2277 2040 2476 2076; x_wconf 87' lang='lat' dir='ltr'>eorumque</span> 
     </span>
     <span class='ocr_line' id='line_1_94' title="bbox 1417 2095 2479 2156; baseline -0.019 -11"><span class='ocrx_word' id='word_1_697' title='bbox 1417 2109 1552 2156; x_wconf 85' lang='lat' dir='ltr'>gladios</span> <span class='ocrx_word' id='word_1_698' title='bbox 1571 2117 1643 2142; x_wconf 91' lang='lat' dir='ltr'>non</span> <span class='ocrx_word' id='word_1_699' title='bbox 1662 2103 1774 2141; x_wconf 87' lang='lat' dir='ltr'>armis</span> <span class='ocrx_word' id='word_1_700' title='bbox 1800 2107 1836 2138; x_wconf 88' lang='lat' dir='ltr'>et</span> <span class='ocrx_word' id='word_1_701' title='bbox 1868 2100 2009 2146; x_wconf 87' lang='lat' dir='ltr'>gladiis,</span> <span class='ocrx_word' id='word_1_702' title='bbox 2042 2097 2106 2134; x_wconf 86' lang='lat' dir='ltr'>sed</span> <span class='ocrx_word' id='word_1_703' title='bbox 2125 2095 2302 2143; x_wconf 87' lang='lat' dir='ltr'>patientia</span> <span class='ocrx_word' id='word_1_704' title='bbox 2330 2101 2479 2138; x_wconf 87' lang='lat' dir='ltr'>supera-</span> 
     </span>
     <span class='ocr_line' id='line_1_95' title="bbox 1416 2153 2480 2204; baseline -0.018 0"><span class='ocrx_word' id='word_1_705' title='bbox 1416 2172 1510 2204; x_wconf 87' lang='lat' dir='ltr'>rent.</span> <span class='ocrx_word' id='word_1_706' title='bbox 1534 2165 1672 2201; x_wconf 86' lang='lat' dir='ltr'>Armati</span> <span class='ocrx_word' id='word_1_707' title='bbox 1696 2163 1791 2199; x_wconf 91' lang='lat' dir='ltr'>enim</span> <span class='ocrx_word' id='word_1_708' title='bbox 1811 2166 1990 2197; x_wconf 83' lang='lat' dir='ltr'>venerunt</span> <span class='ocrx_word' id='word_1_709' title='bbox 2017 2159 2083 2194; x_wconf 90' lang='lat' dir='ltr'>sub</span> <span class='ocrx_word' id='word_1_710' title='bbox 2114 2156 2204 2191; x_wconf 88' lang='lat' dir='ltr'>duce</span> <span class='ocrx_word' id='word_1_711' title='bbox 2231 2163 2296 2190; x_wconf 89' lang='lat' dir='ltr'>suo</span> <span class='ocrx_word' id='word_1_712' title='bbox 2316 2153 2361 2188; x_wconf 88' lang='lat' dir='ltr'>ad</span> <span class='ocrx_word' id='word_1_713' title='bbox 2386 2161 2480 2198; x_wconf 76' lang='lat' dir='ltr'>prae-</span> 
     </span>
    </p>
   </div>
   <div class='ocr_carea' id='block_1_19' title="bbox 1417 2211 2535 2270">
    <p class='ocr_par' dir='ltr' id='par_1_20' title="bbox 1417 2211 2535 2270">
     <span class='ocr_line' id='line_1_96' title="bbox 1417 2211 2535 2270; baseline -0.016 -7"><span class='ocrx_word' id='word_1_714' title='bbox 1417 2229 1505 2264; x_wconf 89' lang='lat' dir='ltr'>lium</span> <span class='ocrx_word' id='word_1_715' title='bbox 1531 2218 1710 2270; x_wconf 87' lang='lat' dir='ltr'>martyres</span> <span class='ocrx_word' id='word_1_716' title='bbox 1740 2221 1868 2263; x_wconf 87' lang='lat' dir='ltr'>nostri,</span> <span class='ocrx_word' id='word_1_717' title='bbox 1904 2219 1968 2255; x_wconf 90' lang='lat' dir='ltr'>sed</span> <span class='ocrx_word' id='word_1_718' title='bbox 1995 2217 2105 2259; x_wconf 89' lang='lat' dir='ltr'>tubis,</span> <span class='ocrx_word' id='word_1_719' title='bbox 2139 2215 2202 2251; x_wconf 88' lang='lat' dir='ltr'>sed</span> <span class='ocrx_word' id='word_1_720' title='bbox 2233 2213 2384 2259; x_wconf 85' lang='lat' dir='ltr'>lagenis,</span> <span class='ocrx_word' id='word_1_721' title='bbox 2418 2211 2482 2248; x_wconf 90' lang='lat' dir='ltr'>sed</span> <span class='ocrx_word' id='word_1_722' title='bbox 2534 2228 2535 2231; x_wconf 64' lang='lat'><em>=</em></span> 
     </span>
    </p>
   </div>
   <div class='ocr_carea' id='block_1_20' title="bbox 1418 2271 2487 2881">
    <p class='ocr_par' dir='ltr' id='par_1_21' title="bbox 1418 2271 2487 2881">
     <span class='ocr_line' id='line_1_97' title="bbox 1418 2271 2482 2334; baseline -0.015 -10"><span class='ocrx_word' id='word_1_723' title='bbox 1418 2286 1642 2334; x_wconf 83' lang='lat' dir='ltr'>lampadibus</span> <span class='ocrx_word' id='word_1_724' title='bbox 1677 2285 1959 2321; x_wconf 87' lang='lat' dir='ltr'>consonuerunt.</span> <span class='ocrx_word' id='word_1_725' title='bbox 1995 2279 2228 2316; x_wconf 62' lang='lat' dir='ltr'>cecinerunt*</span> <span class='ocrx_word' id='word_1_726' title='bbox 2251 2275 2360 2317; x_wconf 90' lang='lat' dir='ltr'>tubis,</span> <span class='ocrx_word' id='word_1_727' title='bbox 2394 2271 2482 2309; x_wconf 88' lang='lat' dir='ltr'>dum</span> 
     </span>
     <span class='ocr_line' id='line_1_98' title="bbox 1420 2334 2483 2396; baseline -0.017 -9"><span class='ocrx_word' id='word_1_728' title='bbox 1420 2350 1642 2396; x_wconf 80' lang='lat' dir='ltr'>praedicant;</span> <span class='ocrx_word' id='word_1_729' title='bbox 1680 2346 1934 2391; x_wconf 78' lang='lat' dir='ltr'>confregerunt</span> <span class='ocrx_word' id='word_1_730' title='bbox 1978 2342 2149 2388; x_wconf 84' lang='lat' dir='ltr'>lagenas,</span> <span class='ocrx_word' id='word_1_731' title='bbox 2190 2338 2275 2374; x_wconf 89' lang='lat' dir='ltr'>dum</span> <span class='ocrx_word' id='word_1_732' title='bbox 2311 2334 2483 2372; x_wconf 80' lang='lat' dir='ltr'>solvenda</span> 
     </span>
     <span class='ocr_line' id='line_1_99' title="bbox 1421 2400 2481 2459; baseline -0.018 -10"><span class='ocrx_word' id='word_1_733' title='bbox 1421 2414 1457 2449; x_wconf 92' lang='lat' dir='ltr'>in</span> <span class='ocrx_word' id='word_1_734' title='bbox 1475 2412 1641 2459; x_wconf 87' lang='lat' dir='ltr'>passione</span> <span class='ocrx_word' id='word_1_735' title='bbox 1658 2420 1721 2445; x_wconf 88' lang='lat' dir='ltr'>sua</span> <span class='ocrx_word' id='word_1_736' title='bbox 1736 2417 1888 2453; x_wconf 88' lang='lat' dir='ltr'>corpora</span> <span class='ocrx_word' id='word_1_737' title='bbox 1906 2404 2099 2442; x_wconf 90' lang='lat' dir='ltr'>hostilibus</span> <span class='ocrx_word' id='word_1_738' title='bbox 2119 2400 2246 2449; x_wconf 85' lang='lat' dir='ltr'>gladiis</span> <span class='ocrx_word' id='word_1_739' title='bbox 2267 2401 2452 2444; x_wconf 90' lang='lat' dir='ltr'>opponunt</span> <span class='ocrx_word' id='word_1_740' title='bbox 2470 2406 2481 2439; x_wconf 89' lang='lat'>;</span> 
     </span>
     <span class='ocr_line' id='line_1_100' title="bbox 1421 2457 2484 2520; baseline -0.018 -10"><span class='ocrx_word' id='word_1_741' title='bbox 1421 2472 1725 2520; x_wconf 87' lang='lat' dir='ltr'>resplenduerunt</span> <span class='ocrx_word' id='word_1_742' title='bbox 1762 2467 2000 2513; x_wconf 88' lang='lat' dir='ltr'>lampadibus,</span> <span class='ocrx_word' id='word_1_743' title='bbox 2034 2465 2119 2500; x_wconf 87' lang='lat' dir='ltr'>dum</span> <span class='ocrx_word' id='word_1_744' title='bbox 2149 2466 2232 2508; x_wconf 88' lang='lat' dir='ltr'>post</span> <span class='ocrx_word' id='word_1_745' title='bbox 2267 2457 2484 2495; x_wconf 82' lang='lat' dir='ltr'>solutionem</span> 
     </span>
     <span class='ocr_line' id='line_1_101' title="bbox 1423 2518 2484 2581; baseline -0.017 -10"><span class='ocrx_word' id='word_1_746' title='bbox 1423 2543 1616 2581; x_wconf 88' lang='lat' dir='ltr'>corporum</span> <span class='ocrx_word' id='word_1_747' title='bbox 1649 2529 1833 2568; x_wconf 88' lang='lat' dir='ltr'>miraculis</span> <span class='ocrx_word' id='word_1_748' title='bbox 1858 2535 2051 2564; x_wconf 90' lang='lat' dir='ltr'>coruscare</span> <span class='ocrx_word' id='word_1_749' title='bbox 2082 2522 2368 2569; x_wconf 87' lang='lat' dir='ltr'>conspiciuntur,</span> <span class='ocrx_word' id='word_1_750' title='bbox 2401 2518 2484 2564; x_wconf 81' lang='lat' dir='ltr'>lege</span> 
     </span>
     <span class='ocr_line' id='line_1_102' title="bbox 1425 2580 2475 2636; baseline -0.018 -4"><span class='ocrx_word' id='word_1_751' title='bbox 1425 2595 1589 2631; x_wconf 72' lang='lat' dir='ltr'>veritatis</span> <span class='ocrx_word' id='word_1_752' title='bbox 1608 2592 1717 2634; x_wconf 86' lang='lat' dir='ltr'>sacta,</span> <span class='ocrx_word' id='word_1_753' title='bbox 1735 2589 1830 2636; x_wconf 87' lang='lat' dir='ltr'>quod</span> <span class='ocrx_word' id='word_1_754' title='bbox 1846 2588 1882 2624; x_wconf 88' lang='lat' dir='ltr'>in</span> <span class='ocrx_word' id='word_1_755' title='bbox 1901 2597 2020 2634; x_wconf 84' lang='lat' dir='ltr'>pugna</span> <span class='ocrx_word' id='word_1_756' title='bbox 2037 2584 2204 2621; x_wconf 80' lang='lat' dir='ltr'>venirent</span> <span class='ocrx_word' id='word_1_757' title='bbox 2231 2580 2475 2617; x_wconf 88' lang='lat' dir='ltr'>crediderunt.</span> 
     </span>
     <span class='ocr_line' id='line_1_103' title="bbox 1427 2641 2483 2698; baseline -0.02 -6"><span class='ocrx_word' id='word_1_758' title='bbox 1427 2655 1644 2692; x_wconf 80' lang='lat' dir='ltr'>Cecinerunt</span> <span class='ocrx_word' id='word_1_759' title='bbox 1677 2661 1763 2698; x_wconf 80' lang='lat' dir='ltr'>crgo</span> <span class='ocrx_word' id='word_1_760' title='bbox 1794 2650 1890 2685; x_wconf 87' lang='lat' dir='ltr'>tubis</span> <span class='ocrx_word' id='word_1_761' title='bbox 1909 2676 1918 2691; x_wconf 95' lang='lat'>,</span> <span class='ocrx_word' id='word_1_762' title='bbox 1956 2651 1996 2682; x_wconf 87' lang='lat' dir='ltr'>ut</span> <span class='ocrx_word' id='word_1_763' title='bbox 2035 2645 2171 2691; x_wconf 77' lang='lat' dir='ltr'>lagena:</span> <span class='ocrx_word' id='word_1_764' title='bbox 2203 2641 2483 2685; x_wconf 71' lang='lat' dir='ltr'>li‘angerentur3</span> 
     </span>
     <span class='ocr_line' id='line_1_104' title="bbox 1428 2704 2487 2763; baseline -0.021 -11"><span class='ocrx_word' id='word_1_765' title='bbox 1428 2718 1564 2763; x_wconf 81' lang='lat' dir='ltr'>lagenae</span> <span class='ocrx_word' id='word_1_766' title='bbox 1585 2714 1709 2749; x_wconf 79' lang='lat' dir='ltr'>fractae</span> <span class='ocrx_word' id='word_1_767' title='bbox 1728 2715 1822 2754; x_wconf 88' lang='lat' dir='ltr'>sunt,</span> <span class='ocrx_word' id='word_1_768' title='bbox 1842 2714 1882 2745; x_wconf 88' lang='lat' dir='ltr'>ut</span> <span class='ocrx_word' id='word_1_769' title='bbox 1899 2706 2084 2752; x_wconf 87' lang='lat' dir='ltr'>lampades</span> <span class='ocrx_word' id='word_1_770' title='bbox 2113 2704 2347 2749; x_wconf 79' lang='lat' dir='ltr'>apparerent3</span> <span class='ocrx_word' id='word_1_771' title='bbox 2379 2706 2487 2743; x_wconf 88' lang='lat' dir='ltr'>appa-</span> 
     </span>
     <span class='ocr_line' id='line_1_105' title="bbox 1430 2763 2484 2818; baseline -0.021 -5"><span class='ocrx_word' id='word_1_772' title='bbox 1430 2780 1580 2813; x_wconf 88' lang='lat' dir='ltr'>ruerunt</span> <span class='ocrx_word' id='word_1_773' title='bbox 1605 2772 1803 2818; x_wconf 85' lang='lat' dir='ltr'>lampades,</span> <span class='ocrx_word' id='word_1_774' title='bbox 1825 2775 1864 2806; x_wconf 89' lang='lat' dir='ltr'>ut</span> <span class='ocrx_word' id='word_1_775' title='bbox 1894 2770 2017 2805; x_wconf 89' lang='lat' dir='ltr'>hostes</span> <span class='ocrx_word' id='word_1_776' title='bbox 2034 2766 2070 2802; x_wconf 91' lang='lat' dir='ltr'>in</span> <span class='ocrx_word' id='word_1_777' title='bbox 2096 2764 2218 2811; x_wconf 80' lang='lat' dir='ltr'>sugam</span> <span class='ocrx_word' id='word_1_778' title='bbox 2235 2763 2484 2802; x_wconf 87' lang='lat' dir='ltr'>verterentnr;</span> 
     </span>
     <span class='ocr_line' id='line_1_106' title="bbox 1430 2825 2487 2881; baseline -0.02 -7"><span class='ocrx_word' id='word_1_779' title='bbox 1430 2838 1466 2874; x_wconf 86' lang='lat' dir='ltr'>id</span> <span class='ocrx_word' id='word_1_780' title='bbox 1494 2843 1563 2879; x_wconf 86' lang='lat' dir='ltr'>est,</span> <span class='ocrx_word' id='word_1_781' title='bbox 1586 2835 1873 2881; x_wconf 53' lang='lat' dir='ltr'>praedicaverunt</span> <span class='ocrx_word' id='word_1_782' title='bbox 1903 2834 2098 2875; x_wconf 86' lang='lat' dir='ltr'>martyres,</span> <span class='ocrx_word' id='word_1_783' title='bbox 2123 2825 2238 2861; x_wconf 87' lang='lat' dir='ltr'>donec</span> <span class='ocrx_word' id='word_1_784' title='bbox 2257 2829 2382 2858; x_wconf 90' lang='lat' dir='ltr'>eorum</span> <span class='ocrx_word' id='word_1_785' title='bbox 2407 2827 2487 2854; x_wconf 88' lang='lat' dir='ltr'>cor-</span> 
     </span>
    </p>
   </div>
   <div class='ocr_carea' id='block_1_21' title="bbox 1378 2881 2536 3062">
    <p class='ocr_par' dir='ltr' id='par_1_22' title="bbox 1378 2881 2536 3062">
     <span class='ocr_line' id='line_1_107' title="bbox 1429 2881 2532 2945; baseline -0.02 -11"><span class='ocrx_word' id='word_1_786' title='bbox 1429 2909 1520 2945; x_wconf 86' lang='lat' dir='ltr'>pora</span> <span class='ocrx_word' id='word_1_787' title='bbox 1547 2897 1583 2932; x_wconf 91' lang='lat' dir='ltr'>in</span> <span class='ocrx_word' id='word_1_788' title='bbox 1601 2900 1719 2932; x_wconf 90' lang='lat' dir='ltr'>morte</span> <span class='ocrx_word' id='word_1_789' title='bbox 1740 2893 1984 2933; x_wconf 59' lang='lat' dir='ltr'>solt-eremum</span> <span class='ocrx_word' id='word_1_790' title='bbox 2004 2894 2155 2933; x_wconf 85' lang='lat' dir='ltr'>corpora</span> <span class='ocrx_word' id='word_1_791' title='bbox 2173 2891 2298 2920; x_wconf 89' lang='lat' dir='ltr'>eorum</span> <span class='ocrx_word' id='word_1_792' title='bbox 2316 2881 2353 2916; x_wconf 89' lang='lat' dir='ltr'>in</span> <span class='ocrx_word' id='word_1_793' title='bbox 2371 2883 2489 2915; x_wconf 89' lang='lat' dir='ltr'>morte</span> <span class='ocrx_word' id='word_1_794' title='bbox 2521 2923 2532 2926; x_wconf 62' lang='lat'>,</span> 
     </span>
     <span class='ocr_line' id='line_1_108' title="bbox 1432 2944 2535 3004; baseline -0.021 -8"><span class='ocrx_word' id='word_1_795' title='bbox 1432 2960 1550 3004; x_wconf 85' lang='lat' dir='ltr'>soluta</span> <span class='ocrx_word' id='word_1_796' title='bbox 1566 2963 1660 3001; x_wconf 88' lang='lat' dir='ltr'>sunt,</span> <span class='ocrx_word' id='word_1_797' title='bbox 1679 2962 1716 2992; x_wconf 83' lang='lat' dir='ltr'>ut</span> <span class='ocrx_word' id='word_1_798' title='bbox 1734 2954 1916 2992; x_wconf 90' lang='lat' dir='ltr'>miraculis</span> <span class='ocrx_word' id='word_1_799' title='bbox 1930 2950 2185 2990; x_wconf 82' lang='lat' dir='ltr'>coruscarent;</span> <span class='ocrx_word' id='word_1_800' title='bbox 2204 2944 2490 2981; x_wconf 85' lang='lat' dir='ltr'>coruscaverunt</span> <span class='ocrx_word' id='word_1_801' title='bbox 2532 2978 2535 2980; x_wconf 47' lang='grc'>,</span> 
     </span>
     <span class='ocr_line' id='line_1_109' title="bbox 1378 2991 2536 3062; baseline -0.022 -4"><span class='ocrx_word' id='word_1_802' title='bbox 1378 2991 1415 3043; x_wconf 64' lang='lat' dir='ltr'>b</span> <span class='ocrx_word' id='word_1_803' title='bbox 1434 3019 1634 3062; x_wconf 86' lang='lat' dir='ltr'>miraculis,</span> <span class='ocrx_word' id='word_1_804' title='bbox 1653 3023 1694 3053; x_wconf 87' lang='lat' dir='ltr'>nt</span> <span class='ocrx_word' id='word_1_805' title='bbox 1709 3018 1831 3053; x_wconf 89' lang='lat' dir='ltr'>hostes</span> <span class='ocrx_word' id='word_1_806' title='bbox 1855 3023 1939 3050; x_wconf 89' lang='lat' dir='ltr'>suos</span> <span class='ocrx_word' id='word_1_807' title='bbox 1958 3015 2003 3048; x_wconf 83' lang='lat' dir='ltr'>ex</span> <span class='ocrx_word' id='word_1_808' title='bbox 2027 3009 2148 3046; x_wconf 90' lang='lat' dir='ltr'>divina</span> <span class='ocrx_word' id='word_1_809' title='bbox 2176 3006 2256 3042; x_wconf 89' lang='lat' dir='ltr'>luce</span> <span class='ocrx_word' id='word_1_810' title='bbox 2282 3006 2489 3050; x_wconf 86' lang='lat' dir='ltr'>prosterne-</span> <span class='ocrx_word' id='word_1_811' title='bbox 2516 2998 2536 3042; x_wconf 63' lang='lat' dir='ltr'>js</span> 
     </span>
    </p>
   </div>
   <div class='ocr_carea' id='block_1_22' title="bbox 1434 3062 2491 3181">
    <p class='ocr_par' dir='ltr' id='par_1_23' title="bbox 1434 3062 2491 3181">
     <span class='ocr_line' id='line_1_110' title="bbox 1434 3062 2487 3126; baseline -0.022 -8"><span class='ocrx_word' id='word_1_812' title='bbox 1434 3087 1529 3126; x_wconf 88' lang='lat' dir='ltr'>rent,</span> <span class='ocrx_word' id='word_1_813' title='bbox 1551 3085 1729 3126; x_wconf 89' lang='lat' dir='ltr'>quatenus</span> <span class='ocrx_word' id='word_1_814' title='bbox 1761 3083 1990 3122; x_wconf 85' lang='lat' dir='ltr'>nequaquam</span> <span class='ocrx_word' id='word_1_815' title='bbox 2015 3071 2089 3107; x_wconf 85' lang='lat' dir='ltr'>Deo</span> <span class='ocrx_word' id='word_1_816' title='bbox 2118 3067 2231 3105; x_wconf 87' lang='lat' dir='ltr'>erecti</span> <span class='ocrx_word' id='word_1_817' title='bbox 2265 3062 2487 3105; x_wconf 84' lang='lat' dir='ltr'>resisterent,</span> 
     </span>
     <span class='ocr_line' id='line_1_111' title="bbox 1435 3123 2491 3181; baseline -0.02 0"><span class='ocrx_word' id='word_1_818' title='bbox 1435 3145 1497 3181; x_wconf 87' lang='lat' dir='ltr'>sed</span> <span class='ocrx_word' id='word_1_819' title='bbox 1531 3152 1613 3179; x_wconf 90' lang='lat' dir='ltr'>eum</span> <span class='ocrx_word' id='word_1_820' title='bbox 1643 3140 1776 3178; x_wconf 87' lang='lat' dir='ltr'>subditi</span> <span class='ocrx_word' id='word_1_821' title='bbox 1805 3137 2055 3174; x_wconf 83' lang='lat' dir='ltr'>formidarent.</span> <span class='ocrx_word' id='word_1_822' title='bbox 2086 3133 2131 3169; x_wconf 88' lang='lat' dir='ltr'>Et</span> <span class='ocrx_word' id='word_1_823' title='bbox 2157 3128 2354 3167; x_wconf 83' lang='lat' dir='ltr'>notandum</span> <span class='ocrx_word' id='word_1_824' title='bbox 2391 3123 2491 3172; x_wconf 82' lang='lat' dir='ltr'>quod</span> 
     </span>
    </p>
   </div>
   <div class='ocr_carea' id='block_1_23' title="bbox 1433 3182 2535 3371">
    <p class='ocr_par' dir='ltr' id='par_1_24' title="bbox 1433 3182 2535 3371">
     <span class='ocr_line' id='line_1_112' title="bbox 1435 3182 2531 3245; baseline -0.023 -2"><span class='ocrx_word' id='word_1_825' title='bbox 1435 3211 1612 3243; x_wconf 90' lang='lat' dir='ltr'>steterunt</span> <span class='ocrx_word' id='word_1_826' title='bbox 1631 3203 1755 3240; x_wconf 78' lang='lat' dir='ltr'>hostes</span> <span class='ocrx_word' id='word_1_827' title='bbox 1774 3205 1858 3237; x_wconf 81' lang='lat' dir='ltr'>ante</span> <span class='ocrx_word' id='word_1_828' title='bbox 1886 3182 2238 3245; x_wconf 48' lang='lat' dir='ltr'>lagenas‚&#39;‘st1gei·unt</span> <span class='ocrx_word' id='word_1_829' title='bbox 2254 3189 2339 3226; x_wconf 88' lang='lat' dir='ltr'>ante</span> <span class='ocrx_word' id='word_1_830' title='bbox 2351 3187 2494 3232; x_wconf 86' lang='lat' dir='ltr'>lampa·</span> <span class='ocrx_word' id='word_1_831' title='bbox 2520 3187 2531 3216; x_wconf 72' lang='grc'>’.</span> 
     </span>
     <span class='ocr_line' id='line_1_113' title="bbox 1435 3244 2530 3309; baseline -0.019 -9"><span class='ocrx_word' id='word_1_832' title='bbox 1435 3265 1512 3307; x_wconf 87' lang='lat' dir='ltr'>des,</span> <span class='ocrx_word' id='word_1_833' title='bbox 1546 3264 1631 3309; x_wconf 84' lang='lat' dir='ltr'>quia</span> <span class='ocrx_word' id='word_1_834' title='bbox 1665 3260 1836 3296; x_wconf 90' lang='lat' dir='ltr'>nimirum</span> <span class='ocrx_word' id='word_1_835' title='bbox 1867 3259 1933 3302; x_wconf 81' lang='lat' dir='ltr'>per</span> <span class='ocrx_word' id='word_1_836' title='bbox 1965 3254 2216 3301; x_wconf 80' lang='lat' dir='ltr'>persecutores</span> <span class='ocrx_word' id='word_1_837' title='bbox 2247 3250 2380 3284; x_wconf 62' lang='lat' dir='ltr'>sanetae</span> <span class='ocrx_word' id='word_1_838' title='bbox 2410 3244 2494 3281; x_wconf 84' lang='lat' dir='ltr'>fidei</span> <span class='ocrx_word' id='word_1_839' title='bbox 2516 3264 2530 3297; x_wconf 58' lang='grc' dir='ltr'>Δι</span> 
     </span>
     <span class='ocr_line' id='line_1_114' title="bbox 1433 3305 2535 3371; baseline -0.02 -12"><span class='ocrx_word' id='word_1_840' title='bbox 1433 3317 1728 3371; x_wconf 68' lang='lat' dir='ltr'>praedicatoribus</span> <span class='ocrx_word' id='word_1_841' title='bbox 1751 3316 1869 3352; x_wconf 82' lang='lat' dir='ltr'>adhuc</span> <span class='ocrx_word' id='word_1_842' title='bbox 1885 3314 1923 3350; x_wconf 88' lang='lat' dir='ltr'>in</span> <span class='ocrx_word' id='word_1_843' title='bbox 1940 3309 2091 3358; x_wconf 76' lang='lat' dir='ltr'>coi-pore</span> <span class='ocrx_word' id='word_1_844' title='bbox 2110 3307 2240 3356; x_wconf 83' lang='lat' dir='ltr'>positis</span> <span class='ocrx_word' id='word_1_845' title='bbox 2257 3305 2492 3347; x_wconf 82' lang='lat' dir='ltr'>restiterunt;</span> <span class='ocrx_word' id='word_1_846' title='bbox 2528 3335 2535 3337; x_wconf 58' lang='lat'><em>„</em></span> 
     </span>
    </p>
   </div>
   <div class='ocr_carea' id='block_1_24' title="bbox 1433 3360 2499 3881">
    <p class='ocr_par' dir='ltr' id='par_1_25' title="bbox 1433 3360 2499 3881">
     <span class='ocr_line' id='line_1_115' title="bbox 1433 3360 2499 3430; baseline -0.018 -11"><span class='ocrx_word' id='word_1_847' title='bbox 1433 3385 1518 3430; x_wconf 85' lang='lat' dir='ltr'>post</span> <span class='ocrx_word' id='word_1_848' title='bbox 1536 3377 1751 3417; x_wconf 78' lang='lat' dir='ltr'>solutionem</span> <span class='ocrx_word' id='word_1_849' title='bbox 1771 3383 1859 3412; x_wconf 83' lang='lat' dir='ltr'>vero</span> <span class='ocrx_word' id='word_1_850' title='bbox 1878 3360 2359 3418; x_wconf 50' lang='lat' dir='ltr'>corporum-&#39;hpparentibns</span> <span class='ocrx_word' id='word_1_851' title='bbox 2387 3362 2499 3400; x_wconf 62' lang='lat' dir='ltr'>mit-a-⁴</span> 
     </span>
     <span class='ocr_line' id='line_1_116' title="bbox 1437 3422 2444 3486; baseline -0.02 -7"><span class='ocrx_word' id='word_1_852' title='bbox 1437 3441 1527 3479; x_wconf 86' lang='lat' dir='ltr'>culis</span> <span class='ocrx_word' id='word_1_853' title='bbox 1544 3440 1583 3476; x_wconf 89' lang='lat' dir='ltr'>in</span> <span class='ocrx_word' id='word_1_854' title='bbox 1597 3438 1718 3486; x_wconf 83' lang='lat' dir='ltr'>fugam</span> <span class='ocrx_word' id='word_1_855' title='bbox 1735 3434 1832 3473; x_wconf 86' lang='lat' dir='ltr'>versi</span> <span class='ocrx_word' id='word_1_856' title='bbox 1855 3434 1954 3477; x_wconf 77' lang='lat' dir='ltr'>sunt,</span> <span class='ocrx_word' id='word_1_857' title='bbox 1973 3430 2057 3478; x_wconf 82' lang='lat' dir='ltr'>quia</span> <span class='ocrx_word' id='word_1_858' title='bbox 2087 3429 2222 3478; x_wconf 71' lang='lat' dir='ltr'>pavore</span> <span class='ocrx_word' id='word_1_859' title='bbox 2251 3422 2444 3463; x_wconf 84' lang='lat' dir='ltr'>conterriti</span> 
     </span>
     <span class='ocr_line' id='line_1_117' title="bbox 1438 3479 2492 3554; baseline -0.023 -11"><span class='ocrx_word' id='word_1_860' title='bbox 1438 3494 1692 3554; x_wconf 81' lang='lat' dir='ltr'>persecutione</span> <span class='ocrx_word' id='word_1_861' title='bbox 1723 3491 1884 3537; x_wconf 78' lang='lat' dir='ltr'>fideliuri&#39;t</span> <span class='ocrx_word' id='word_1_862' title='bbox 1913 3493 2170 3536; x_wconf 85' lang='lat' dir='ltr'>cessaverunt;</span> <span class='ocrx_word' id='word_1_863' title='bbox 2199 3479 2434 3536; x_wconf 63' lang='lat' dir='ltr'>praedicatloh</span> <span class='ocrx_word' id='word_1_864' title='bbox 2488 3487 2492 3492; x_wconf 84' lang='grc'><em>·</em></span> 
     </span>
     <span class='ocr_line' id='line_1_118' title="bbox 1441 3542 2463 3608; baseline -0.023 0"><span class='ocrx_word' id='word_1_865' title='bbox 1441 3569 1495 3608; x_wconf 87' lang='lat' dir='ltr'>sci</span> <span class='ocrx_word' id='word_1_866' title='bbox 1510 3570 1518 3579; x_wconf 88' lang='lat'><strong>‘</strong></span> <span class='ocrx_word' id='word_1_867' title='bbox 1542 3557 1581 3606; x_wconf 75' lang='lat' dir='ltr'>ei</span> <span class='ocrx_word' id='word_1_868' title='bbox 1612 3561 1780 3604; x_wconf 75' lang='lat' dir='ltr'>&#39;tubarum</span> <span class='ocrx_word' id='word_1_869' title='bbox 1793 3589 1804 3607; x_wconf 87' lang='lat'>,</span> <span class='ocrx_word' id='word_1_870' title='bbox 1840 3556 1966 3597; x_wconf 71' lang='lat' dir='ltr'>fractis</span> <span class='ocrx_word' id='word_1_871' title='bbox 1996 3556 2134 3607; x_wconf 73' lang='lat' dir='ltr'>lagenis</span> <span class='ocrx_word' id='word_1_872' title='bbox 2162 3548 2389 3602; x_wconf 55' lang='lat' dir='ltr'>numerurm,</span> <span class='ocrx_word' id='word_1_873' title='bbox 2407 3542 2463 3584; x_wconf 64' lang='lat' dir='ltr'>itis</span> 
     </span>
     <span class='ocr_line' id='line_1_119' title="bbox 1442 3569 2314 3726; baseline -0.025 -58"><span class='ocrx_word' id='word_1_874' title='bbox 1442 3569 1642 3726; x_wconf 46' lang='lat' dir='ltr'>“th</span> <span class='ocrx_word' id='word_1_875' title='bbox 1655 3618 1727 3668; x_wconf 66' lang='lat' dir='ltr'>lain</span> <span class='ocrx_word' id='word_1_876' title='bbox 1752 3613 1879 3660; x_wconf 64' lang='lat' dir='ltr'>adibus</span> <span class='ocrx_word' id='word_1_877' title='bbox 1897 3606 2170 3712; x_wconf 29' lang='lat' dir='ltr'>miraculo&amp;</span> <span class='ocrx_word' id='word_1_878' title='bbox 2180 3599 2314 3649; x_wconf 58' lang='lat' dir='ltr'>&#39;filine&#39;</span> 
     </span>
     <span class='ocr_line' id='line_1_120' title="bbox 1610 3633 2345 3729; baseline -0.021 -6.379"><span class='ocrx_word' id='word_1_879' title='bbox 1610 3675 1662 3691; x_wconf 64' lang='lat'>“²‘&#39;</span> <span class='ocrx_word' id='word_1_880' title='bbox 1712 3633 2345 3729; x_wconf 49' lang='lat' dir='ltr'>iiiiesenptuhieitffusrudextj</span> 
     </span>
     <span class='ocr_line' id='line_1_121' title="bbox 1442 3719 2353 3800; baseline -0.022 -11"><span class='ocrx_word' id='word_1_881' title='bbox 1442 3740 1592 3800; x_wconf 55' lang='lat' dir='ltr'>&#39;lt-getiae</span> <span class='ocrx_word' id='word_1_882' title='bbox 1612 3740 1763 3786; x_wconf 67' lang='lat' dir='ltr'>autem&#39;</span> <span class='ocrx_word' id='word_1_883' title='bbox 1824 3730 2207 3795; x_wconf 9' lang='lat' dir='ltr'>sinisti-atw&#39;ieriueriiiit.</span> <span class='ocrx_word' id='word_1_884' title='bbox 2239 3719 2312 3771; x_wconf 75' lang='lat' dir='ltr'>Prii</span> <span class='ocrx_word' id='word_1_885' title='bbox 2350 3780 2353 3786; x_wconf 27' lang='grc' dir='ltr'>Ι</span> 
     </span>
     <span class='ocr_line' id='line_1_122' title="bbox 1446 3772 2475 3881; baseline -0.016 -32"><span class='ocrx_word' id='word_1_886' title='bbox 1446 3804 1544 3849; x_wconf 61' lang='lat' dir='ltr'>&#39;enim</span> <span class='ocrx_word' id='word_1_887' title='bbox 1553 3799 1687 3847; x_wconf 60' lang='lat' dir='ltr'>tatere</span> <span class='ocrx_word' id='word_1_888' title='bbox 1703 3803 1774 3845; x_wconf 68' lang='lat' dir='ltr'>dim</span> <span class='ocrx_word' id='word_1_889' title='bbox 1838 3772 2475 3881; x_wconf 49' lang='lat' dir='ltr'>saddqaiaiirogfmguosentffl</span> 
     </span>
    </p>
   </div>
   <div class='ocr_carea' id='block_1_25' title="bbox 2486 632 2492 649">
    <p class='ocr_par' dir='ltr' id='par_1_26' title="bbox 2486 632 2492 649">
     <span class='ocr_line' id='line_1_123' title="bbox 2486 632 2492 649; baseline 0 0"><span class='ocrx_word' id='word_1_890' title='bbox 2486 632 2492 649; x_wconf 77' lang='lat' dir='ltr'>t</span> 
     </span>
    </p>
   </div>
   <div class='ocr_carea' id='block_1_26' title="bbox 2487 683 2497 694">
    <p class='ocr_par' dir='ltr' id='par_1_27' title="bbox 2487 683 2497 694">
     <span class='ocr_line' id='line_1_124' title="bbox 2487 683 2497 694; baseline 0 0"><span class='ocrx_word' id='word_1_891' title='bbox 2487 683 2497 694; x_wconf 69' lang='grc' dir='ltr'><strong><em>Ἴ</em></strong></span> 
     </span>
    </p>
   </div>
   <div class='ocr_carea' id='block_1_27' title="bbox 2452 0 2540 4016">
    <p class='ocr_par' dir='ltr' id='par_1_28' title="bbox 2452 0 2540 4016">
     <span class='ocr_line' id='line_1_125' title="bbox 2452 0 2540 4016; baseline 0 0"><span class='ocrx_word' id='word_1_892' title='bbox 2452 0 2540 4016; x_wconf 95' lang='lat' dir='ltr'> </span> 
     </span>
    </p>
   </div>
  </div>
 </body>
</html>
