2540 4016
352 263 420 301 399
768 249 809 283 Β.
836 244 1007 282 RABANI
1030 240 1178 279 MAURI
1201 236 1415 275 ARCHIEP.
1440 232 1646 272 MOGUNT.
1671 224 1861 269 OPERUM
1885 219 2006 260 PARS
2030 218 2060 254 I.
2419 210 2513 249 100·

993 325 1026 355 et
1051 316 1187 364 asperqi
1212 313 1387 362 pulverem
1405 313 1442 352 Α
1456 309 1636 345 mesticam
1653 306 1730 352 ejus
1743 299 1937 338 Ecclesiam
1953 292 2102 342 (Coloss.
2117 289 2183 336 tv).
2200 287 2294 332 Quia
2305 287 2409 323 multi
2417 296 2507 334 pro-
2524 288 2540 400 ,Ξ

350 340 428 376 radi
455 336 659 373 intrinsecus
687 337 746 374 per
771 323 967 363 circuitum,

349 408 482 436 rasuroe
510 399 607 430 extra
633 387 749 424 urbem
776 385 813 418 in
839 382 913 417 loco
942 376 1121 415 immundo
1140 403 1150 420 ,
1188 374 1388 421 lapidesque

349 459 436 496 alios
451 453 566 501 reponi
583 459 643 497 pro
659 447 712 482 his
729 443 788 491 qui
808 440 916 477 ablati
938 438 1083 483 fuerint,
1098 441 1131 472 et
1151 434 1224 470 luto
1245 433 1314 469 alio
1341 431 1386 466 li-

350 518 417 555 niri
434 516 587 550 domum.
608 507 672 544 Sin
697 509 811 539 autem
831 506 1014 547 postquam
1035 496 1125 532 eruti
1149 499 1229 530 sunl
1255 491 1387 538 lapides

348 583 379 612 et
395 571 506 621 'pulvis
525 568 646 608 elatus,
669 570 701 599 el
721 563 792 597 alia
814 567 906 595 terra
929 558 1007 600 lita,
1029 556 1203 602 ingressus
1226 550 1387 588 sacerdos

346 633 466 671 viderit
481 636 650 664 reversam
663 623 809 669 lepram,
826 626 856 655 et
874 619 1022 665 parietes
1041 626 1197 662 aspersos
1225 610 1385 652 maculis,

345 693 438 738 lepra
452 694 500 725 est
514 694 744 734 perseverans,
761 687 791 716 et
804 678 984 715 immunda
1001 677 1137 719 domus,
1153 685 1256 721 quam
1271 671 1389 707 statim

346 752 531 790 destruent,
554 751 585 781 et
611 741 740 789 lapides
770 739 845 785 ejus
870 749 911 772 ac
938 736 1032 782 liqna
1061 742 1162 781 atque
1189 733 1388 768 universum

345 810 516 858 pulverem
535 804 712 852 projicient
728 807 826 836 extra
847 798 1023 845 oppidum,
1045 796 1082 830 in
1100 795 1174 829 loco
1193 791 1386 828 immundo.

348 870 417 914 Qui
438 867 614 904 intraverit
633 865 774 899 domum
798 859 935 907 quando
959 857 1079 893 clausa
1102 861 1166 897 est,
1188 853 1389 889 immundus

347 931 412 966 erit
427 938 532 974 usque
553 926 598 961 ad
621 932 795 969 vesperam
808 932 820 963 ;
846 926 876 955 et
892 919 950 965 qui
966 916 1145 952 dormierit
1170 914 1206 948 in
1224 924 1264 947 ea
1286 919 1316 947 et
1333 922 1391 946 co-

347 990 488 1026 mederit
504 987 693 1034 quidpiam,
720 983 847 1018 lavabit
872 980 1073 1016 vestimenta
1092 988 1170 1018 sua,
1192 980 1228 1010 et
1245 979 1389 1010 caetera.

349 1049 420 1096 (Ea)
434 1044 634 1092 Hesychio.)
656 1043 745 1079 Cum
764 1040 929 1087 ingressi,
954 1037 1086 1083 inquit,
1117 1032 1275 1077 fueritis,
1293 1033 1393 1078 Moy-

351 1118 408 1144 ses
440 1112 476 1142 et
504 1105 638 1146 Aaron,
673 1103 709 1137 in
741 1106 873 1136 terram
894 1098 1191 1134 Chananaeorum.
1224 1093 1393 1137 Quaenam

349 1174 406 1205 est
422 1166 521 1203 haec?
541 1164 652 1207 Quam
673 1172 732 1208 eqo
755 1161 842 1196 dabo
862 1159 955 1194 vobis
976 1159 1011 1193 in
1024 1156 1282 1203 possessionem.
1304 1153 1393 1196 Quia

351 1229 449 1265 enim
482 1231 620 1271 septem
649 1231 798 1258 numero
836 1224 981 1266 gentes,
1020 1218 1055 1253 id
1089 1223 1156 1259 est,
1184 1213 1392 1254 Chuni-anzei,
1412 1207 1444 1245 B

351 1286 544 1327 Pherezaei,
575 1282 766 1328 Gergesaei‚
798 1279 1010 1322 Amorrhaei,
1043 1276 1210 1319 Jebusaei,
1244 1273 1393 1315 Cethaei,

351 1353 388 1383 et
402 1344 554 1386 Aradaei,
577 1349 711 1378 terram
735 1340 949 1387 promissam
972 1338 1125 1373 Abrahae
1150 1334 1393 1382 possidebant,

351 1404 544 1450 imaginem
579 1406 697 1436 autem
735 1400 905 1446 gerebant
935 1399 990 1433 bae
1022 1402 1158 1442 septem
1190 1395 1396 1439 iniquorum

355 1466 556 1511 spirituum,
583 1463 626 1498 de
655 1462 784 1508 quibus
803 1460 974 1495 Dominus
1006 1459 1040 1494 in
1059 1457 1262 1503 Evangeliis
1283 1456 1368 1491 dicit
1386 1466 1393 1488 ε

351 1525 443 1560 Dum
470 1524 611 1570 spiritus
641 1521 839 1556 immundus
868 1520 985 1555 exierit
1010 1519 1053 1553 ab
1073 1519 1223 1561 homine,
1253 1517 1398 1552 assumit

352 1586 440 1621 alios
464 1590 590 1631 septem
613 1583 755 1628 spiritus
775 1581 954 1627 nequiores
972 1591 1023 1623 se,
1050 1585 1081 1614 et
1098 1578 1255 1613 habitant
1279 1579 1316 1611 in
1337 1577 1399 1611 ho-

354 1646 444 1680 mine
466 1672 475 1687 ‚
519 1644 618 1689 cujus
662 1642 847 1677 novissima
890 1646 969 1675 sunt
1012 1639 1183 1674 deteriora
1226 1637 1399 1683 prioribus

356 1703 497 1750 (Matth.
514 1702 602 1748 xn);
631 1702 669 1736 hi
694 1707 813 1736 autem
833 1700 978 1745 spiritus
995 1694 1117 1734 veram
1136 1703 1268 1733 terram
1287 1698 1400 1743 ipsius

355 1764 522 1806 Abrahae,
550 1763 585 1798 id
602 1767 671 1805 est,
695 1762 852 1808 gentium
881 1761 1128 1796 haereditatem
1154 1759 1397 1804 possidebant.

355 1824 423 1868 lpst
451 1823 547 1858 enim
572 1823 706 1858 dictum
736 1827 791 1857 est
808 1833 815 1855 :
835 1820 925 1863 Quia
948 1826 1080 1866 patrem
1105 1818 1295 1853 multarum
1316 1828 1401 1863 qen-

357 1884 443 1917 tium
460 1882 559 1928 posui
575 1888 618 1916 te.
635 1881 783 1925 Quando
804 1881 942 1926 Moyses
959 1884 995 1915 ει
1007 1879 1128 1914 Aaron
1151 1878 1221 1925 (lex
1239 1877 1403 1912 videlicet

355 1948 392 1977 et
407 1941 602 1986 prophetae,
624 1940 752 1975 horum
779 1939 875 1974 enim
902 1937 937 1972 hi
967 1937 1115 1981 figuram
1136 1941 1285 1981 gerunt;
1318 1935 1402 1980 quia

355 1999 476 2035 Aaron
495 1999 607 2045 Moysi
626 2008 681 2041 os,
707 1998 767 2042 qui
797 1996 946 2042 figuram
973 1996 1061 2042 legis
1086 1995 1200 2040 gerit,
1230 1995 1403 2039 propheta

358 2070 438 2095 esse
455 2059 571 2094 dietus
590 2057 658 2103 est)
687 2057 839 2103 ingressi
866 2056 999 2091 suerint
1023 2055 1116 2090 inter
1141 2062 1288 2101 gentes,
1321 2059 1404 2089 tunc

361 2129 426 2164 pcr
459 2129 520 2153 eos
544 2118 639 2152 Deus
666 2116 892 2162 tyrannidem
928 2116 1128 2150 obtinentes
1161 2115 1198 2149 in
1225 2114 1403 2160 gentibus,
1423 2101 1452 2141 C

361 2179 422 2223 qui
443 2183 525 2213 sunt
545 2176 784 2222 intelligibiles
801 2175 1037 2218 Chananaeos,
1054 2175 1244 2220 praedictos
1262 2174 1407 2219 expellit

360 2238 522 2284 spiritus.
545 2237 813 2272 Possessionem
835 2241 952 2271 autem
976 2235 1066 2280 legis
1083 2241 1119 2270 et
1138 2236 1404 2280 prophetarum,

361 2303 397 2334 et
421 2299 497 2333 haec
519 2297 789 2343 praedicantium
827 2297 903 2342 ipse
922 2306 1001 2332 esse
1019 2295 1181 2331 concedit
1195 2301 1328 2340 gentes,
1349 2296 1410 2340 qui

360 2370 422 2395 eas
438 2360 583 2405 proprio
598 2359 787 2404 acquisivit
803 2358 993 2404 sanguine3
1017 2363 1090 2392 tam
1105 2366 1170 2402 per
1189 2357 1408 2392 ablutionem

361 2420 654 2466 regenerationis,
680 2429 788 2464 quam
808 2418 1073 2454 renovationem
1101 2417 1216 2452 sancti
1238 2415 1406 2461 Spiritus,

360 2491 466 2528 quem
484 2479 610 2515 effudit
630 2479 769 2515 abunde
795 2489 902 2524 super
926 2488 1006 2521 nos,
1024 2477 1181 2513 liberans
1200 2487 1266 2512 nos
1287 2477 1331 2512 ab
1354 2477 1410 2512 his

361 2541 490 2586 quibus
518 2539 650 2575 dudum
673 2538 943 2574 serviebamus:
963 2543 1002 2572 ut
1021 2542 1056 2572 et
1081 2537 1118 2571 hi
1138 2537 1198 2582 qui
1221 2546 1264 2572 ex
1295 2537 1413 2581 genti-

360 2602 428 2637 bus
462 2605 546 2635 sunt
575 2604 721 2645 possent
751 2598 852 2634 lsaiae
877 2598 1058 2634 canticum
1087 2597 1236 2632 dicere:
1263 2597 1411 2631 Domine

362 2661 456 2696 Deus
471 2666 599 2703 noster,
613 2659 836 2706 possederunt
852 2670 913 2694 nos
927 2659 1059 2694 domini
1069 2658 1196 2704 absque
1205 2665 1259 2700 te;
1277 2664 1409 2693 tantum

363 2721 402 2756 in
420 2726 451 2755 te
473 2720 742 2755 recordabamur
762 2720 910 2754 nominis
935 2719 986 2754 tui
1002 2719 1090 2766 (Isa.
1111 2719 1198 2766 xvi).
1235 2719 1410 2762 Quaecun-

365 2790 435 2825 que
469 2785 586 2815 autem
617 2778 694 2823 ejus
725 2780 905 2824 possessio
934 2785 1004 2821 est,
1028 2779 1137 2814 etiam
1163 2789 1348 2814 servorum
1377 2783 1413 2813 et

365 2841 615 2877 ministrorum
648 2838 725 2884 ejus
749 2840 875 2885 procul
907 2839 1013 2875 dubio
1045 2845 1111 2875 est.
1146 2839 1239 2884 Ergo
1270 2839 1413 2884 quando

366 2902 551 2945 prophetae
583 2906 619 2935 et
647 2899 706 2935 lex
734 2899 772 2934 in
800 2900 959 2945 gentium
988 2899 1232 2935 haereditatem
1264 2899 1414 2944 ingressi

368 2959 524 3002 fuerint,
559 2958 806 2993 ministrantes
836 2958 1048 3003 evangelicae
1074 2957 1341 3002 praedicationi,
1378 2963 1414 2992 et

369 3030 413 3056 ea
432 3029 512 3066 quae
530 3029 626 3055 nunc
648 3023 692 3054 de
721 3018 1011 3064 intelligibilibus
1028 3018 1192 3055 domibus
1212 3019 1305 3054 dicta
1332 3024 1416 3054 sunt

371 3088 545 3126 apparere
570 3077 766 3124 potuerint,
788 3077 855 3112 ibit
880 3077 981 3122 cujus
1004 3081 1059 3112 est
1090 3077 1216 3113 domus
1245 3078 1414 3113 nuntians

371 3138 565 3181 sacerdoti,
587 3141 623 3173 et
643 3136 762 3172 dicet:
787 3135 896 3179 Quasi
920 3135 1024 3181 playa
1046 3135 1150 3182 leproe
1174 3136 1309 3171 videtur
1331 3136 1415 3170 milti

370 3209 444 3235 esse
460 3198 498 3234 in
511 3197 613 3233 domo
635 3207 726 3231 mea.
745 3195 833 3239 Quae
849 3195 945 3231 enim
964 3200 1046 3231 sunt
1071 3195 1276 3231 domesticae
1293 3195 1417 3231 Eccle-

372 3260 456 3302 siae,
475 3264 512 3294 et
532 3263 720 3305 propterea
742 3256 794 3292 ait
813 3267 823 3292 ε
841 3255 912 3292 Ibit
933 3256 1033 3301 cnjus
1055 3261 1104 3291 est
1123 3256 1246 3290 domus
1259 3282 1270 3300 ,
1288 3256 1415 3291 audia-

371 3330 453 3356 mus
470 3318 621 3355 Paulum
640 3318 819 3355 dicentem
836 3327 846 3352 τ
866 3316 1025 3353 Salutate
1039 3314 1241 3353 Priscillam
1264 3323 1297 3353 et
1311 3317 1418 3364 Aqui-

373 3380 445 3416 lam
469 3387 502 3416 et
528 3380 755 3417 domesticam
789 3389 909 3415 eorum
935 3377 1130 3414 Ecclesiam
1160 3377 1196 3425 (Ι
1225 3376 1306 3413 Cor.
1327 3378 1417 3424 xvl).

375 3439 444 3483 Qui
461 3449 547 3486 ergo
561 3440 646 3477 huic
658 3443 801 3486 praeest,
818 3438 850 3475 si
865 3438 976 3476 sentit
987 3437 1126 3485 lepram
1145 3436 1419 3484 intelligibilem,

375 3497 415 3534 id
427 3503 496 3542 est,
512 3499 544 3535 si
558 3499 662 3536 malfe
677 3505 713 3536 et
731 3499 851 3546 impiae
865 3499 1040 3536 doctrinae
1053 3509 1201 3536 sensum
1214 3501 1420 3546 quempiam

377 3560 701 3607 comprehenderit,
720 3562 850 3599 timens
869 3572 916 3598 ne
933 3562 1003 3599 hoc
1020 3561 1117 3608 quod
1135 3561 1274 3613 studuit
1293 3561 1339 3598 ad
1359 3559 1420 3606 iu-

377 3620 512 3656 stitiam
530 3619 592 3656 fiat
609 3621 642 3656 ei
659 3622 704 3657 ad
721 3621 909 3667 judicium,
927 3623 1034 3659 vadet
1051 3622 1099 3660 ad
1116 3623 1341 3660 sacerdotem
1357 3622 1420 3669 qui

379 3680 584 3719 discernere
602 3682 730 3728 possit.
751 3683 832 3731 Ipse
852 3684 949 3720 enim
974 3695 1047 3722 non
1067 3685 1230 3723 absolute
1252 3685 1421 3723 sacerdos

381 3743 452 3782 est,
472 3741 567 3784 quod
582 3742 814 3780 manifestim!
831 3748 889 3781 est
901 3754 948 3781 ex
970 3745 1029 3782 his
1045 3757 1126 3792 quae
1145 3757 1272 3784 rursus
1287 3746 1421 3787 Paulus

383 3795 432 3831 ad
444 3794 671 3836 Colossenses
699 3800 843 3848 sei-ipsit
864 3813 873 3839 z
891 3801 1049 3840 Salutate
1072 3804 1271 3853 Nympham
1293 3811 1326 3843 el
1351 3805 1418 3843 do-

1455 376 1537 418 pter
1557 370 1671 405 zelum
1690 370 1726 401 et
1741 365 1912 410 pietatem
1933 356 2107 394 ecclesias
2126 360 2162 391 et
2179 351 2398 390 domesticas
2415 361 2508 388 con-

1457 432 1661 471 stituentes,
1683 427 1719 462 in
1737 424 1790 459 eis
1809 422 1976 458 doctores
1999 417 2217 458 divinorum,
2236 413 2507 458 ministrosque,
2527 401 2540 474 j

1455 502 1524 529 nec
1536 501 1608 527 non
1622 494 1659 525 et
1672 484 1961 523 communionem
1974 486 2081 526 atque
2095 477 2371 515 exsultationem
2382 483 2510 511 eorum
2520 478 2540 528 ,ξ

1457 551 1714 589 convenientes
1744 544 2000 590 suscipiebant.
2034 542 2068 578 ls
2098 550 2185 587 ergo
2213 538 2275 585 qui
2306 530 2540 597 hujusmodi}

1455 616 1524 655 est,
1544 611 1611 646 ibit
1636 609 1681 644 ad
1702 617 1784 643 eum
1810 605 1872 651 qui
1894 603 1970 640 veri
1997 599 2190 639 sacerdotii
2219 599 2370 646 figuram
2402 595 2540 660 geria}

1457 668 1582 716 quales
1608 667 1756 704 fuerunt
1775 666 1903 702 Petrus
1934 663 1989 699 vel
2018 661 2151 697 Paulus
2170 687 2179 704 ,
2209 659 2267 696 vel
2286 658 2509 699 Timotheus,
2520 662 2540 691 ,ἐ

1458 729 1650 774 caeterique
1679 726 1740 772 qui
1760 735 1884 761 eorum
1915 722 2116 759 doctrinam
2133 720 2356 764 virtutesque
2385 717 2511 753 eusto-

1459 789 1603 826 dierunt
1619 815 1628 831 ,
1666 783 2000 832 irreprehensibiles
2048 786 2300 828 permanentes
2328 791 2336 814 :
2371 781 2513 824 oportet

1459 852 1554 888 enim
1569 851 1775 896 episcopum
1791 844 2144 892 irreprehensibilem
2159 853 2252 885 esse,
2267 846 2308 876 ut
2320 845 2513 886 propterea

1458 913 1573 960 possit
1591 912 1707 947 aliena
1718 910 1882 955 judicare
1900 913 2062 953 peccata.
2088 905 2132 940 Et
2151 904 2264 940 dicet:
2283 902 2394 945 Quasi
2408 900 2489 947 play

1460 972 1565 1018 l‘eproe
1592 970 1731 1006 videtur
1751 969 1835 1003 mihi
1855 978 1927 1002 esse
1949 967 1986 1001 in
2014 966 2130 1008 domo,
2151 964 2187 999 id
2205 967 2275 1006 est,
2300 970 2425 997 sensus
2447 959 2516 994 im-

1460 1032 1529 1077 piae
1542 1031 1715 1068 doctrinae
1735 1030 1771 1065 in
1789 1038 1870 1064 mea
1891 1027 2088 1063 domestica
2108 1030 2256 1070 apparet
2272 1021 2448 1058 Ecclesia.
2468 1020 2512 1054 Al

1462 1092 1520 1128 ille
1541 1093 1715 1139 proecipiet
1740 1097 1777 1126 ut
1801 1090 1963 1135 auferant
1994 1088 2153 1122 universa
2181 1086 2223 1121 de
2250 1085 2369 1126 domo,
2393 1088 2434 1118 ut
2451 1080 2523 1116 Se-

1463 1154 1653 1201 ptuaginta
1686 1153 1808 1195 edunt,
1830 1157 1861 1186 et
1878 1150 2053 1196 proecipiet
2083 1146 2244 1182 sacerdos
2272 1145 2426 1190 deteqere
2455 1142 2494 1176 d

1463 1227 1578 1258 mum,
1613 1220 1645 1248 el
1673 1223 1741 1247 non
1773 1209 1909 1257 florebit
1945 1210 1982 1243 in
2015 1217 2149 1242 omnem
2178 1205 2343 1244 domum,·
2378 1203 2414 1238 id
2446 1205 2501 1237 est

1462 1274 1646 1323 praecipiet
1668 1272 1838 1308 recedere
1857 1278 2001 1305 omnem
2020 1266 2190 1314 populum
2211 1265 2272 1311 qui
2297 1264 2332 1299 in
2351 1272 2392 1298 ea
2414 1261 2524 1298 colli--

1463 1337 1615 1383 gebatur
1640 1346 1649 1369 ε
1675 1333 1734 1368 hic
1753 1336 1809 1368 est
1827 1335 1943 1366 tectus
1961 1329 2089 1365 domus
2106 1327 2182 1362 sive
2201 1325 2435 1366 instructura,
2463 1332 2494 1358 s

1465 1397 1620 1433 cundum
1638 1393 1732 1440 quod
1751 1391 1961 1438 frequenter
1984 1387 2220 1424 ostendimus.
2243 1384 2436 1420 Discedere
2457 1392 2502 1417 au

1465 1462 1537 1491 tem
1556 1465 1619 1491 eos
1634 1452 1817 1501 praecepit,
1832 1451 1868 1487 id
1883 1454 1950 1493 est,
1966 1458 2074 1494 opere
2089 1446 2279 1482 ostendere
2297 1443 2392 1490 quod
2409 1442 2530 1478 alieni

1466 1517 1539 1553 sint
1556 1526 1576 1550 a
1593 1514 1687 1550 malo
1706 1512 1802 1559 quod
1821 1510 1985 1557 apparuit
2009 1509 2046 1544 in
2064 1507 2242 1549 Ecclesia,
2262 1511 2298 1541 et
2318 1515 2388 1540 non
2418 1513 2498 1539 com

1466 1578 1652 1613 municent
1675 1583 1790 1621 poenae
1808 1581 1887 1617 quae
1906 1575 1961 1606 est
1983 1569 2103 1614 impiis
2130 1566 2338 1613 ingerenda.
2367 1563 2516 1609 Propte

1467 1637 1562 1684 quod
1593 1641 1629 1672 et
1654 1634 1794 1681 Moyses
1826 1630 1968 1677 quando
1995 1629 2136 1664 Dathan
2165 1632 2200 1662 et
2218 1626 2354 1662 Abiron
2377 1625 2422 1660 ad
2451 1633 2500 1670 pu

1468 1698 1639 1734 niendum
1663 1702 1772 1741 atque
1797 1691 2074 1739 disperdendum
2100 1689 2318 1725 deducturus
2337 1690 2427 1728 erat,
2463 1694 2503 1720 re

1469 1760 1597 1796 cedere
1629 1756 1804 1802 reliquam
1840 1751 2121 1794 multitudinem,
2155 1754 2194 1785 ut
2227 1759 2298 1784 non
2328 1746 2514 1793 participe

1469 1819 1696 1856 efficerentur
1723 1824 1851 1861 poenae,
1885 1812 2055 1858 praecepit
2086 1810 2212 1857 (Num.
2238 1808 2325 1855 xw).
2360 1806 2435 1843 Hoc
2467 1815 2507 1842 es

1471 1881 1565 1916 enim
1580 1878 1675 1924 quod
1691 1877 1741 1912 ait
1758 1888 1766 1910 2
1785 1875 1819 1910 N
1822 1886 1838 1910 e
1852 1873 2032 1909 immunda
2046 1873 2134 1918 fiant
2148 1870 2266 1906 omnia
2278 1879 2355 1915 quoe
2369 1869 2405 1903 in
2420 1867 2497 1902 dom

1471 1945 1550 1974 sunt
1564 1965 1573 1981 ,
1595 1937 1806 1982 intrabitque
1821 1940 1939 1981 poslea
1958 1932 2118 1968 sacerdos
2132 1936 2169 1965 ut
2190 1928 2380 1965 consideret
2399 1927 2505 1961 domu

1473 1998 1616 2044 lepram.
1635 1998 1681 2032 Et
1700 2007 1778 2032 cum
1793 1995 1915 2030 viderit
1934 1995 1968 2028 in
1990 1991 2180 2039 parietibus
2200 1990 2294 2025 illius
2308 1989 2408 2036 quasi
2424 1986 2523 2022 valli.

1474 2056 1568 2091 culas
1585 2056 1717 2102 pallore
1737 2056 1807 2091 sive
1827 2054 1951 2089 rubore
1970 2052 2155 2099 deformes.
2179 2050 2250 2098 (Ea,
2261 2046 2464 2094 Hesycltio.)
2481 2046 2509 2081 E

1476 2126 1620 2155 caetera.
1649 2119 1811 2154 Parietes
1839 2119 1965 2154 domus
1986 2121 2083 2152 recte
2110 2115 2277 2151 dicuntur
2303 2112 2341 2147 hi
2365 2110 2486 2157 quiea
2510 2124 2515 2142 ι

1477 2181 1677 2222 continent,
1709 2180 1744 2215 id
1764 2184 1831 2222 est,
1862 2179 2006 2214 ordines
2037 2176 2158 2212 divina
2194 2173 2388 2210 dicentium
2417 2176 2503 2216 atqu

1478 2241 1682 2278 docentium
1703 2252 1711 2274 ε
1734 2250 1777 2275 ex
1803 2240 1859 2275 his
1888 2240 2018 2285 quippe
2048 2248 2133 2274 vere
2159 2235 2324 2273 consistit
2349 2233 2510 2270 Ecclesia

1477 2308 1512 2341 et
1532 2312 1604 2337 non
1635 2302 1728 2338 sicut
1748 2302 1891 2348 quidam
1909 2307 2037 2347 putant
2061 2311 2105 2336 ex
2131 2300 2238 2346 lignis
2267 2304 2373 2343 atque
2398 2294 2524 2341 lapidis

1477 2363 1557 2399 hus.
1593 2363 1695 2399 Unde
1727 2368 1764 2398 ot
1794 2363 1934 2409 Moyses
1968 2362 2113 2407 quando
2139 2361 2309 2405 colligere
2337 2356 2521 2403 jubebatu

1479 2423 1694 2466 Ecclesiam,
1716 2432 1787 2458 non
1808 2423 1904 2467 ligna
1930 2427 1966 2457 et
1989 2421 2124 2466 lapides
2150 2425 2352 2463 caeteraque
2380 2415 2502 2452 simili

1479 2483 1540 2519 sed
1574 2482 1730 2527 plebem,
1762 2481 1922 2517 seniores
1949 2480 2163 2525 Levitasque
2193 2478 2428 2514 convocabat.
2465 2476 2511 2511 S

1481 2543 1638 2578 cundum
1666 2551 1774 2586 quam
1807 2541 1982 2576 rationem
2010 2541 2119 2574 etiam
2142 2537 2295 2573 Jacobus
2321 2542 2356 2572 et
2374 2535 2509 2581 Cepha

1479 2607 1515 2638 et
1529 2601 1685 2637 Joannes
1701 2601 1875 2636 columnae
1896 2599 2065 2635 Ecclesiae
2085 2598 2308 2634 dicebantur.
2322 2597 2416 2642 Ergo
2432 2605 2494 2631 rec

1479 2663 1649 2709 parietes,
1683 2660 1841 2696 ministri
1872 2669 2060 2695 sacrorum
2091 2659 2348 2703 doctoresque,
2381 2660 2420 2691 ut
2447 2665 2494 2700 po

1480 2723 1548 2769 ipsi
1567 2721 1800 2759 stabilitatem
1819 2720 1989 2756 Ecclesiae
2006 2719 2211 2761 fulcientes,
2229 2723 2269 2753 ut
2283 2717 2424 2763 plebem
2441 2726 2504 2761 qu·
2516 2704 2526 2740 Ϊ

1481 2781 1671 2818 dammodo
1693 2781 1788 2815 intra
1809 2780 2022 2826 semetipsos
2053 2778 2273 2825 colligentes.
2303 2776 2445 2812 Pallens
2467 2785 2488 2810 a
2511 2818 2515 2821 ,

1483 2846 1568 2883 tem,
1604 2849 1679 2881 seu,
1713 2844 1754 2874 ut
1783 2838 2030 2885 Septuaginta,
2061 2837 2228 2880 viridans,
2268 2841 2304 2872 et
2331 2831 2527 2872 rubicun='

1482 2900 1623 2935 macula
1640 2899 1758 2944 qualis
1777 2910 1900 2944 quaeve
1920 2901 1978 2943 sit,
2010 2899 2098 2935 satis
2131 2897 2379 2944 interpretatio
2395 2906 2468 2943 prae
2499 2908 2526 2931 ι.

1483 2960 1602 2995 dentis
1630 2960 1827 2995 sanctionis
1855 2960 2035 3003 ostendit;
2058 2969 2137 2996 esse
2165 2959 2262 2994 enim
2289 2957 2386 2992 illam
2401 2965 2507 2992 vana·

1487 3021 1637 3068 gloriam
1662 3026 1771 3066 atque
1797 3022 2002 3067 superbiam
2024 3019 2294 3057 demonstravit.
2327 3018 2382 3054 Ex
2403 3027 2518 3063 quwv

1485 3082 1642 3118 maxime
1667 3082 1823 3128 parietes
1859 3082 2030 3118 Ecclesia}
2063 3090 2264 3126 corpusque
2293 3088 2397 3115 sacra
2428 3077 2511 3113 min

1487 3142 1677 3178 strantium
1702 3142 1904 3184 doctorum,
1933 3142 1995 3186 qui
2015 3141 2060 3177 ad
2085 3140 2200 3176 malas
2216 3149 2259 3175 ac
2281 3137 2439 3174 nefarias
2466 3130 2515 3171 12?

1485 3202 1637 3247 piasque
1665 3201 1848 3237 doctrinas
1878 3191 2131 3245 prorumpunt.
2163 3199 2203 3235 Si
2230 3207 2315 3244 ergo
2347 3201 2470 3243 aspect
2498 3235 2505 3249 ι

1488 3261 1665 3306 parietem
1686 3259 1872 3294 valliculas
1892 3268 1956 3294 seu
1979 3257 2096 3294 fossas
2121 3259 2328 3301 habentem,
2349 3256 2385 3293 id
2413 3260 2484 3298 est,
2498 3289 2507 3305 ‚

1487 3319 1679 3357 humiliora
1701 3328 1803 3354 sacra
1818 3317 2099 3353 ministrantium
2115 3317 2173 3352 vel
2189 3318 2445 3362 magistrorum
2465 3328 2471 3347 ι
2495 3319 2499 3321 “

1487 3380 1632 3416 ιιὶοιιειιι
1650 3377 1976 3422 vallescentemque
2009 3375 2272 3422 quodammodo
2303 3386 2348 3412 ex
2371 3385 2493 3422 comp

1488 3441 1600 3477 benso
1621 3443 1768 3486 peccato
1780 3436 2026 3483 perspexerit,
2044 3436 2239 3483 eqredielur
2253 3436 2380 3471 ostium
2393 3434 2439 3471 do
2488 3433 2497 3448 ³

1489 3506 1522 3537 et
1538 3500 1655 3538 statim
1669 3498 1808 3537 claudet
1827 3508 1904 3534 eam
1922 3504 2050 3545 septem
2063 3498 2198 3534 diebus.
2220 3498 2392 3536 Ecclesiae
2417 3512 2433 3528 ⁵1
2452 3512 2457 3528 ι
2477 3520 2479 3523 .

1472 3567 1608 3611 >ratam
1621 3561 1788 3608 ingerens
1805 3559 2103 3605 increpationem,
2121 3569 2201 3606 quae
2217 3557 2439 3606 paeniteatne

1487 3623 1575 3670 cipit
1599 3622 1741 3659 veniam
1770 3625 1809 3656 et
1836 3619 2060 3657 absolvitur:
2085 3620 2313 3668 septenarius
2342 3617 2440 3660 enim
2468 3611 2470 3615 ’

1474 3675 1610 3722 Ιἰιιει-ιιε
1642 3677 1781 3729 peccati
1815 3681 1957 3718 veniam
1994 3681 2186 3728 significat.
2217 3680 2473 3727 flammeus

1471 3735 1633 3794 ”septima
1644 3743 1877 3781 considerabit
1887 3755 1987 3787 canu
2003 3743 2034 3780 εἰ
2047 3744 2216 3781 invenerit
2225 3742 2381 3792 ww
2396 3729 2398 3731 ¹
2428 3762 2434 3789 χ
2444 3743 2465 3788 g'

1481 3803 1618 3854 jubebit
1638 3804 1717 3859 erui
1734 3803 1867 3852 lapides
1890 3796 1927 3840 in
1951 3796 2075 3852 quibus
2103 3803 2200 3852 lepra
2231 3791 2296 3848 est,
2321 3807 2386 3840 etv
2422 3821 2426 3829 ι

1550 3926 1576 3946 ἱ
