2540 4016
53 146 66 173 ³
89 164 176 208 761·

554 165 911 208 manmnouns
935 168 983 207 m
1003 168 1181 209 Lmnun
1202 161 1590 210 3611330301(ρᾷ
1608 173 1697 212 Lm.
1721 175 1780 213 111.

2200 188 2281 227 762.

59 222 65 224 ,
89 247 216 294 cades,
235 248 316 286 sons
332 253 388 286 est
406 247 545 295 judicii.
561 247 687 286 omnis
699 248 798 285 enim
812 248 875 295 qui
893 258 932 285 se
946 248 991 285 ad
1011 248 1146 284 sancti-
1162 233 1203 289 A
1213 248 1360 294 pedum,
1392 252 1429 283 et
1449 249 1671 294 serpentium
1683 277 1694 294 ,
1727 251 1918 290 serviendo
1949 264 2122 298 creaturae
2149 265 2270 310 potius

87 311 247 348 moniam
265 310 464 354 convertit,
500 310 610 347 habet
629 319 773 356 semper
796 314 882 346 ante
906 309 1030 346 oculos
1061 320 1146 346 suos

86 371 223 409 sontem
237 372 377 418 judicii.
394 373 570 420 Prospicit
587 373 685 410 enim
699 371 828 418 judicii
846 373 955 416 diem,
971 377 1007 408 61
1017 371 1146 418 puriti-

86 439 168 470 cato
184 434 294 470 corde
308 439 383 470 tam
399 433 577 470 malorum
594 443 733 480 poenas,
769 442 878 480 quam
894 433 1036 479 piorum
1056 431 1146 467 hea-

87 495 259 531 titudines
273 500 483 531 contuetur:
501 495 547 531 Et
572 495 650 531 haec
667 494 804 531 faciens
823 503 948 530 onmes
968 491 1146 527 Amaleci-

85 560 204 591 tarum
233 556 414 602 principes
434 556 631 602 prosternit
660 561 697 592 et
716 556 850 603 dejicit.
881 554 919 591 Si
947 554 1007 601 qui
1026 558 1146 590 autem

84 626 156 652 11011
185 627 224 652 36
241 617 488 652 converterint
510 617 555 652 ad
576 616 704 660 Gades,
740 617 776 653 id
800 621 870 660 est,
890 617 935 651 ad
953 615 1146 652 sanctimo-

83 677 180 713 niam
199 676 407 722 fontemque
436 676 576 722 judicii,
601 687 716 722 neque
749 676 908 712 futurum
926 675 1054 720 judicii
1087 685 1147 710 co-

83 738 199 785 gitant
215 738 325 781 diem,
353 738 413 774 isti
438 740 591 786 subjecti
623 744 706 775 sunt
729 739 954 786 principibus
982 737 1142 772 Amalec.

81 798 186 837 Nunc
203 804 323 835 autem
341 800 528 836 videamus
554 806 590 836 et
609 801 719 837 istum
750 800 911 842 Amalec,
940 798 1052 833 lilium
1074 797 1145 833 Eti-

81 859 174 906 phaz
197 859 426 905 primogeniti
459 860 570 903 Esau,
593 871 700 906 quem
731 860 872 905 peperit
893 858 927 894 ei
963 858 1144 894 Thaumas

82 919 282 955 concubina
299 929 388 954 sua:
416 919 518 965 cujus
537 925 640 966 pater
669 925 724 955 est
747 918 910 964 Eliphaz,
945 916 1005 961 qui
1034 916 1145 952 inter-

80 988 244 1028 pretatur
267 983 362 1018 Deus
381 993 435 1017 me
465 981 641 1026 dispersit.
666 979 779 1014 Mater
800 984 918 1012 autem
944 977 1142 1019 Thaumas,

81 1055 159 1090 quae
173 1044 297 1089 etipsa
317 1043 434 1088 primo
455 1041 599 1085 quidem
629 1044 684 1092 est
702 1038 864 1083 deneqer,
884 1037 1011 1073 deinde
1032 1038 1144 1073 inter-

78 1108 241 1150 pretatur
275 1100 421 1146 defectio
461 1105 646 1134 commota.
685 1098 729 1133 Et
755 1098 962 1134 necessario
992 1098 1140 1144 utiquc,

78 1165 139 1211 qui
160 1165 204 1200 ab
231 1163 288 1199 his
308 1162 438 1198 talibus
457 1161 626 1208 gignitur,
647 1160 761 1196 hostis
782 1165 836 1195 631
862 1159 987 1201 131361,
1005 1159 1063 1195 vel
1083 1160 1143 1195 de·
1162 1151 1193 1189 B

78 1227 215 1263 clinans
225 1225 410 1271 populum.
422 1223 564 1258 Primus
583 1222 678 1258 enim
694 1222 770 1266 ipse
786 1220 966 1256 llaebraeos
977 1229 1142 1267 egressos

77 1298 122 1324 ex
143 1286 313 1332 AEgypto,
350 1284 443 1321 116110
461 1293 652 1329 aggressus
676 1287 731 1318 est
753 1281 789 1316 in
816 1281 1024 1326 Raphidim,
1058 1286 1142 1316 tunc

76 1358 157 1384 cum
177 1347 316 1393 Moyses
346 1346 397 1381 ait
428 1345 472 1380 ad
489 1343 610 1380 Jesum
629 1356 636 1379 :
659 1343 759 1389 Eliqe
777 1343 838 1377 tibi
857 1343 947 1377 viros
967 1348 998 1377 et
1022 1342 1091 1383 eri,
1109 1348 1141 1377 et

76 1410 221 1455 confliqe
237 1419 315 1443 cum
333 1407 475 1442 Amalec
493 1406 644 1441 crastino
656 1417 667 1448 ;
681 1411 712 1440 et
727 1416 802 1440 ecce
818 1415 878 1450 eqo
896 1410 948 1438 sto
964 1405 1000 1439 in
1019 1405 1141 1439 vertice

78 1470 193 1512 collis,
218 1475 251 1504 et
271 1470 367 1514 virqa
392 1468 457 1502 Dei
487 1468 523 1502 in
542 1477 649 1501 ’nanu
670 1477 747 1500 mea
766 1466 844 1499 erit.
871 1464 913 1498 Et
939 1464 1020 1510 fecit
1038 1464 1140 1499 Jesus

75 1534 163 1568 sicat
183 1532 270 1566 (lixit
293 1532 323 1566 ei
345 1530 483 1575 Moyses
500 1556 508 1571 ,
531 1535 561 1563 et
583 1527 739 1573 conflixit
771 1538 846 1562 cum
864 1525 1021 1561 Amalec.
1044 1525 1142 1571 Moy-

73 1606 127 1630 ses
146 1599 262 1629 autem
285 1598 314 1627 et
335 1591 468 1633 Aaron,
490 1596 520 1625 et
541 1589 635 1632 Hur,
655 1588 885 1624 ascenderunt
910 1588 945 1623 in
982 1588 1140 1623 verticem

76 1654 186 1691 collis.
219 1653 265 1688 Et
283 1653 414 1699 sactum
438 1658 487 1687 est
520 1657 557 1686 nt
591 1662 670 1685 cnm
693 1649 819 1685 levaret
841 1659 965 1684 mamis
986 1648 1138 1693 Moyses,

74 1714 303 1751 invalesceret
343 1712 471 1748 Israel.
522 1710 610 1746 Cum
644 1717 759 1746 autem
794 1709 977 1755 deponeret
1015 1718 1140 1742 titanas

73 1789 172 1821 suas,
206 1776 434 1813 invalescebat
470 1774 636 1810 Amalech
672 1773 804 1820 (Ea-od.
845 1771 948 1818 xvii).
986 1771 1030 1806 Et
1059 1775 1141 1816 post

73 1849 189 1885 1131163
205 1839 335 1874 iterum
352 1837 526 1882 scriptum
542 1841 610 1878 631,
628 1835 711 1881 quia
729 1834 901 1880 suqaveric
913 1832 937 1867 J
940 1843 1017 1867 esus
1033 1832 1140 1867 Ama-

74 1900 137 1941 lec,
169 1906 202 1934 et
235 1898 401 1945 populum
420 1898 496 1943 ejus
518 1896 634 1942 qladio
654 1895 829 1941 dejecerit,
853 1900 935 1929 tunc
969 1905 1046 1928 cum
1070 1893 1140 1927 Do-

74 1962 188 1996 minus
206 1960 333 1996 dixerit
359 1959 404 1994 ad
430 1958 574 2004 Moysen
589 1969 601 1993 :
623 1956 808 1992 Conscribe
842 1957 916 1991 lzoec
944 1956 990 1990 acl
1007 1967 1138 1991 memo-

73 2024 164 2058 riam
177 2023 213 2057 in
231 2022 319 2056 libro
335 2033 347 2064 ;
372 2027 405 2056 et
424 2021 469 2055 da
502 2021 538 2056 in
555 2020 698 2055 auribus
717 2019 818 2062 Jesu,
838 2020 922 2066 quia
943 2018 1062 2054 delens
1080 2018 1140 2053 de-

73 2084 148 2120 lebo
177 2083 380 2118 memoriam
412 2079 553 2116 Amalec
588 2080 630 2115 cle
656 2079 720 2114 sub
752 2079 849 2114 coelo.
888 2077 934 2114 Et
954 2079 1139 2123 melificavit

73 2144 212 2191 Moyses
232 2143 373 2181 callare.-
408 2148 439 2177 et
468 2142 660 2177 nominavit
691 2151 816 2175 nomen
840 2140 937 2186 ejus,
970 2140 1140 2176 Dominus

76 2204 250 2250 refugium
275 2214 402 2245 meum,
430 2208 461 2237 et
484 2203 562 2237 ait:
592 2201 684 2245 Quia
711 2201 748 2237 in
773 2212 879 2236 manu
900 2201 1055 2244 occulta,
1077 2201 1141 2235 boc

73 2271 136 2307 est,
158 2262 346 2305 invisibili,
366 2262 538 2298 Dominus
568 2262 788 2308 expugnabat
809 2261 970 2305 Amalec,
1000 2274 1022 2298 a
1039 2274 1142 2308 qene-

73 2326 208 2360 ratione
240 2325 276 2359 in
318 2324 588 2370 aenei-ationem.
630 2322 700 2358 Sed
722 2324 757 2358 in
783 2323 1063 2360 Deuteronomio
1088 2324 1141 2360 ita

73 2387 249 2434 scriptum
266 2391 347 2422 est:
372 2385 545 2421 Memento
569 2390 702 2432 quanta
731 2384 850 2429 fecerit
871 2385 918 2419 ibi
944 2383 1086 2420 Amalec
1103 2385 1141 2421 in

71 2448 138 2489 via,
158 2453 189 2482 et
214 2446 341 2483 excidit
357 2445 508 2481 caudam
529 2452 643 2488 tuam,
670 2456 789 2480 omnes
806 2446 866 2492 qui
883 2445 1043 2482 laborant
1063 2451 1141 2492 post

71 2516 116 2545 te.
131 2508 182 2543 Tu
192 2514 305 2544 autem
318 2507 494 2543 esuriebas
509 2512 540 2542 et
558 2506 758 2549 laborabas,
770 2512 802 2542 et
819 2517 888 2541 non
904 2506 1019 2541 timuit
1028 2506 1140 2541 Deum

72 2569 192 2615 (Deut.
212 2567 313 2614 xxv).
346 2566 506 2603 Observa
525 2577 611 2612 ergo
644 2573 680 2602 et
711 2567 770 2602 hic
789 2566 969 2611 quomodo
993 2566 1139 2603 Amalec

72 2629 213 2667 obstitit
239 2627 362 2663 Israeli
382 2628 507 2670 invia,
541 2627 603 2662 sed
635 2632 758 2662 tamen
787 2637 856 2662 non
883 2627 998 2672 potuit
1033 2631 1140 2672 caput

73 2695 154 2736 ejus
172 2688 400 2730 abscindere,
428 2686 499 2722 nisi
515 2687 667 2722 caudam
687 2692 837 2729 tantum,
869 2687 904 2722 id
923 2692 990 2729 est,
1020 2688 1055 2723 in
1076 2697 1138 2724 cos

72 2752 190 2799 potuit
206 2750 384 2792 obtinere,
406 2749 467 2794 qui
484 2753 578 2785 retro
592 2748 699 2794 positi
719 2754 837 2792 erant,
856 2748 917 2794 qui
937 2749 1054 2784 ultimi
1075 2759 1136 2785 se-

74 2813 299 2859 quebantur;
335 2819 401 2845 nec
421 2819 462 2845 ea
494 2814 689 2854 (1111616110
724 2813 828 2845 erant
859 2809 1136 2853 obliviscuntur,

73 2874 316 2911 extendebant
333 2882 372 2908 se
392 2872 438 2908 ad
457 2882 499 2907 ca
517 2881 597 2916 (1οω
617 2871 738 2907 11131116
758 2875 853 2907 311111.
876 2870 921 2906 Et
940 2870 1021 2907 ideo
1037 2877 1135 2917 puto,

74 2938 158 2984 (11113
192 2935 366 2972 Dominus
404 2933 635 2981 praecipiebat
667 2933 704 2968 in
733 2932 940 2979 Evangeliis
976 2933 1132 2969 dicens:

77 2999 189 3035 Nemo
208 2999 348 3034 mittens
372 3007 516 3032 manum
537 3007 637 3031 suam
652 2995 698 3030 ad
719 3003 877 3031 aratrum
893 3023 902 3038 ,
924 3001 957 3031 et
974 3001 1065 3031 retro
1083 3007 1135 3031 re-

75 3060 234 3108 spiciens,
267 3064 369 3104 aptus
397 3063 446 3093 est
473 3069 578 3103 reqno
598 3057 664 3092 Dei
689 3056 790 3104 (Luc.
819 3056 885 3105 tx).
920 3057 964 3092 Et
990 3058 1132 3093 merito.

76 3119 114 3156 Si
130 3119 227 3155 enim
260 3122 358 3153 retro
378 3117 459 3163 quis
478 3117 622 3153 intuens
646 3116 768 3159 fuerit,
794 3117 830 3153 in
854 3118 964 3152 cauda
991 3117 1134 3153 abscin-

76 3182 136 3218 det
165 3190 247 3217 eum
275 3179 436 3216 Amalec.
469 3179 571 3223 Quod
593 3180 657 3223 ait,
677 3180 816 3216 inicium
845 3180 997 3226 ⁸qentium
1029 3179 1136 3215 Ama-

76 3242 140 3286 lec,
163 3247 303 3278 certum
324 3246 393 3284 est,
418 3241 502 3287 quia
538 3241 636 3277 nullo
654 3246 760 3286 pacto
779 3241 823 3276 ad
845 3240 942 3276 illum
966 3241 1027 3286 qui
1051 3245 1136 3276 tunc

77 3310 155 3341 crat
173 3305 210 3340 in
241 3313 349 3340 carne
376 3302 547 3347 Amalec,
579 3302 708 3339 referri
738 3303 865 3348 possit.
899 3302 1023 3348 Neque
1039 3303 1136 3338 enim

77 3365 215 3412 primus
235 3371 314 3401 erat
329 3364 556 3411 antiquitatis
574 3364 734 3411 origine,
759 3364 823 3401 sed
850 3363 896 3399 ad
916 3364 1136 3400 invisibilem

78 3423 250 3463 Amalech
274 3425 404 3462 melius
428 3425 617 3471 reseretur,
636 3426 697 3472 qui
720 3425 932 3462 declinando
950 3425 1099 3471 populos
1115 3434 1136 3460 a

78 3483 168 3528 Deo,
189 3490 226 3521 et
241 3484 406 3522 faciendo
422 3485 587 3533 gentiles,
607 3497 653 3523 ex
674 3486 738 3522 Dei
768 3484 965 3522 cultoribus
989 3485 1137 3520 Amalec

79 3545 298 3582 nominatur.
335 3545 380 3582 Et
398 3546 480 3582 inde
513 3551 612 3583 recte
632 3547 774 3582 initium
794 3545 954 3592 gentium
987 3544 1133 3588 dicitur,

80 3603 184 3648 quasi
202 3603 286 3641 talis
317 3605 481 3652 quaedam
499 3605 616 3643 virtus
635 3606 815 3642 contraria
834 3615 914 3651 quae
927 3604 1044 3652 prima
1062 3604 1133 3640 ini-

82 3658 172 3696 tium
187 3662 338 3710 dederit,
369 3670 409 3701 ut
426 3665 592 3703 homines
615 3667 767 3714 gentiles
785 3667 934 3710 tierent,
962 3667 1135 3704 mutando

83 3719 236 3768 gloriam
252 3722 532 3773 incorruptibilis
553 3727 617 3764 Dei
647 3728 685 3764 in
704 3728 977 3765 similitudinem
1010 3728 1137 3775 imagi-

84 3779 143 3818 nis
156 3782 403 3830 oermptibttis
424 3785 584 3825 hominis
614 3792 652 3825 et
681 3787 886 3834 volucrum,
918 3789 1136 3837 6111331113-

1215 319 1325 355 quam
1354 308 1525 346 creatori.
1551 307 1654 345 Sicut
1683 310 1838 347 6111111111
1855 314 1986 358 populo
2004 317 2066 355 Dei
2094 308 2270 370 seripu'lm

1214 373 1283 411 est,
1307 369 1450 406 initium
1470 369 1652 413 Christus,
1672 370 1739 413 sic,
1760 380 1781 407 e
1799 374 1995 418 contrario,
2011 376 2047 412 in
2063 384 2193 427 populo
2206 386 2270 431 (fui

1214 429 1382 467 declinat„
1400 442 1420 466 a
1438 431 1514 468 Deo
1531 435 1568 467 et
1586 431 1731 483 gentilis
1745 431 1912 477 efficitur,
1932 434 2074 473 initium
2090 446 2147 476 est
2163 442 2270 482 Ama.

1213 489 1298 527 lec:
1333 491 1436 538 cujus
1469 497 1631 529 extrema
1663 493 1881 540 perdentur,
1916 496 1986 532 hoc
2018 502 2074 534 est
2100 499 2182 536 finis
2197 492 2273 549 eiusv

1212 555 1282 592 erit
1301 564 1415 598 mors,
1439 565 1511 590 non
1529 555 1598 591 ista
1617 555 1763 601 quidem
1783 565 1959 602 corporea
1971 585 1980 601 ,
2002 559 2065 595 sed
2085 560 2145 596 illa
2166 563 2273 608 spiri-

1214 615 1294 651 talis
1311 625 1390 660 quae
1409 619 1584 661 perpetua
1601 620 1669 650 est.
1691 614 1789 658 Sive,
1806 621 1846 651 ut
1863 616 1933 652 alia
1951 617 2062 654 editio
2080 619 2202 664 habet,
2223 634 2276 659 se-

1213 687 1292 712 men
1309 686 1431 711 eorum
1450 674 1586 722 peribit.
1624 674 1757 712 Semen
1777 686 1905 713 eorum
1939 683 1996 714 est
2029 680 2216 725 persuasio
2238 687 2276 718 et

1214 737 1392 779 doctrina,
1426 747 1497 782 qua
1530 735 1732 773 docuerunt
1761 738 1928 774 homines
1946 739 2128 775 declinare
2150 750 2171 775 a
2189 740 2276 777 Deo.

1212 798 1310 834 Istud
1341 808 1428 844 ergo
1449 808 1571 834 semen
1589 798 1736 842 matum,
1759 804 1796 835 et
1814 799 1977 836 doctriua
1997 801 2171 846 pessima,
2205 812 2278 838 non

1213 858 1281 904 ipsi
1307 858 1343 893 in
1369 859 1499 904 quibus
1532 860 1748 895 seminatum
1771 866 1839 904 est,
1866 861 2049 907 peribunt.
2086 862 2156 909 Ipsi
2182 863 2279 898 enim

1212 933 1294 958 cum
1314 923 1479 959 conversi
1506 923 1762 970 ingemuerint,
1798 924 1887 960 salvi
1908 929 2026 960 erunt.
2058 925 2104 961 Et
2123 926 2219 968 vide,
2248 924 2278 961 si

1212 994 1283 1018 non
1304 984 1387 1019 talis
1402 985 1594 1029 expositio,
1615 985 1725 1020 etiam
1746 985 1816 1021 illis
1834 986 2090 1022 convenienter
2109 987 2276 1028 obsistat,

1212 1043 1273 1088 qui
1297 1043 1411 1078 Deum
1445 1043 1535 1089 legis
1554 1044 1652 1079 velut
1684 1045 1825 1081 duritiae
1856 1051 1893 1081 et
1915 1047 2139 1084 crudelitatis
2170 1059 2278 1084 accu-

1213 1109 1317 1147 sant;
1341 1104 1401 1149 qui
1428 1115 1500 1140 non
1526 1105 1642 1140 solum
1670 1112 1812 1151 gentem
1850 1107 2016 1150 Amalec,
2052 1111 2115 1145 sed
2143 1116 2180 1145 et
2214 1120 2275 1145 se-

1213 1175 1295 1200 men
1311 1164 1389 1210 ejus
1403 1165 1612 1209 pronuntiet
1629 1166 1846 1212 periturum,
1867 1177 1949 1203 cum
1965 1178 2052 1213 gens
2071 1169 2215 1214 quidem
2233 1170 2278 1205 ad

1212 1227 1393 1273 spiritales
1423 1228 1604 1273 nequitias
1636 1228 1828 1271 reseratur,
1850 1240 1971 1266 semen
1999 1242 2086 1267 vero
2102 1233 2194 1278 ejus,
2216 1234 2280 1270 do-

1212 1288 1327 1323 ctrina
1351 1289 1632 1333 supersitionum
1652 1290 1838 1335 gentilium
1853 1318 1861 1331 ,
1890 1296 1926 1326 61
1945 1291 2061 1328 61111113
2083 1292 2275 1337 111010111111,

1211 1353 1318 1392 atquc
1336 1349 1454 1384 onmis
1478 1355 1592 1392 secta,
1627 1360 1706 1395 quac
1737 1361 1757 1385 a
1786 1351 1858 1386 Deo
1893 1352 2060 1397 populum
2097 1354 2279 1391 declinare

1211 1408 1375 1450 suadeat,
1397 1416 1613 1453 exponatur.
1645 1409 1913 1446 Commemorat
1938 1418 2059 1447 autem
2089 1415 2278 1459 prophetia

1210 1475 1292 1515 post
1326 1469 1473 1506 Amalec
1493 1498 1501 1514 ‚
1534 1471 1694 1507 Cinzcnm
1731 1472 1855 1509 dicens
1883 1486 1890 1508 :
1924 1473 2017 1509 Vidit
2052 1487 2187 1521 quoque
2219 1476 2278 1511 Ci-

1211 1542 1340 1574 na’um,
1361 1538 1392 1566 et
1418 1538 1596 1578 assumpta
1621 1533 1789 1579 parabola
1809 1535 1857 1570 ait
1877 1544 1888 1568 .·
1922 1535 2116 1572 Robustum
2133 1537 2276 1583 quidem

1210 1598 1258 1626 est
1280 1591 1544 1627 tabernaculum
1564 1599 1675 1636 11111111,
1707 1594 1766 1629 sed
1799 1596 1829 1630 si
1862 1596 1899 1630 in
1917 1603 2015 1642 petra
2047 1599 2204 1640 posueris
2224 1600 2277 1634 ni-

1210 1651 1294 1686 dum
1309 1658 1420 1695 tumn,
1454 1660 1485 1689 et
1506 1653 1614 1698 fueris
1631 1655 1759 1692 electus
1791 1656 1833 1691 cle
1853 1658 1958 1703 stirpe
1992 1658 2090 1701 Geni,
2116 1660 2276 1705 quandiu

1209 1715 1337 1759 poteris
1362 1718 1593 1760 permanere?
1629 1717 1772 1755 Cinaeus
1797 1730 1986 1765 possessor
2003 1721 2277 1767 interpretatur.

1211 1774 1255 1809 Et
1276 1775 1336 1820 qui
1359 1781 1442 1812 sunt
1462 1777 1523 1822 qui
1552 1779 1744 1823 praesentia
1772 1780 1969 1825 possident,
1994 1781 2063 1817 nisi
2083 1782 2119 1817 hi
2140 1783 2200 1829 (1111
2220 1783 2276 1819 in-

1211 1836 1316 1881 genio
1338 1837 1523 1882 sapientiae
1550 1839 1732 1876 saecularis
1752 1841 1910 1876 callent?
1930 1841 1997 1886 Qui
2018 1843 2055 1878 in
2084 1844 2151 1879 hoc
2171 1854 2276 1879 vera-

1211 1898 1301 1933 citer
1323 1898 1510 1934 robustum
1538 1900 1606 1935 sibi
1633 1902 1878 1937 habitaculum
1899 1909 2125 1946 construunt,
2151 1904 2181 1940 si
2210 1915 2274 1950 1161·

1210 1958 1452 1994 humilitatem
1479 1960 1619 2005 parvuli
1640 1962 1733 2007 apud
1751 1964 1964 2009 semctipsos
1984 1963 2070 2000 sacti
2102 1970 2198 2007 sunt,
2237 1965 2274 2002 in

1211 2019 1345 2056 Christi
1364 2021 1584 2058 sublimitate
1617 2024 1849 2068 nutriantur;
1881 2025 1910 2061 si
1937 2027 2151 2072 semetipsos
2171 2026 2275 2062 intir-

1210 2094 1288 2119 mos
1308 2083 1479 2127 sentiant,
1497 2090 1533 2119 et
1553 2085 1694 2121 excelsa
1715 2087 1916 2122 humilitate
1934 2088 2085 2134 cogniti,
2120 2089 2277 2124 Redem-

1208 2145 1303 2190 ptori
1335 2143 1526 2180 fovendam
1566 2146 1698 2181 mentis
1728 2146 1898 2182 fiduciam
1937 2152 2085 2193 ponant.
2128 2147 2276 2183 Summa

1209 2216 1281 2241 11011
1303 2210 1484 2251 appetant,
1518 2207 1581 2242 sed
1604 2215 1711 2242 omne
1743 2208 1837 2253 quod
1867 2209 2042 2254 pra‘terit,
2070 2209 2190 2245 cordis
2210 2220 2276 2245 vo-

1208 2267 1283 2302 latu
1303 2268 1571 2303 transcendant.
1600 2268 1795 2305 Videamus
1815 2275 1978 2306 sanctum
2000 2271 2131 2314 virum,
2155 2271 2272 2317 quali-

1211 2335 1264 2363 ter
1288 2328 1323 2362 in
1341 2333 1444 2373 petra
1472 2334 1581 2374 ponat
1599 2330 1724 2364 nidum
1748 2340 1866 2365 suum.
1903 2331 1964 2366 Ait
1982 2331 2078 2366 enim
2100 2343 2108 2366 τ
2141 2330 2272 2368 Nostra

1209 2390 1421 2423 conversatio
1443 2390 1478 2424 in
1497 2389 1590 2424 coelis
1607 2396 1669 2425 est.
1690 2391 1890 2427 Etrursum
1908 2403 1916 2426 :
1945 2391 2014 2434 Qui
2031 2404 2110 2427 cum
2126 2394 2276 2429 resusci-

1209 2448 1292 2482 tavit
1322 2459 1398 2490 nos,
1435 2454 1466 2483 et
1493 2450 1671 2484 considere
1703 2450 1783 2495 fecit
1806 2451 1843 2486 in
1872 2450 2084 2495 coelestibus,
2116 2453 2152 2488 in
2170 2459 2272 2499 petra

1207 2509 1303 2554 ponit
1331 2508 1451 2543 nidum
1471 2509 1554 2555 quia
1585 2510 1738 2555 profecto
1755 2511 1792 2545 in
1807 2512 1966 2556 supernis
1988 2511 2065 2558 fiyit
2085 2513 2269 2549 consiliam

1209 2567 1319 2615 (Phil.
1351 2568 1421 2611 111).
1449 2568 1527 2603 Νο11
1543 2569 1618 2605 vult
1638 2575 1794 2606 mentem
1815 2571 1850 2606 in
1871 2570 1965 2607 ssuxa
1981 2571 2135 2617 dejicere
2155 2585 2163 2609 :
2198 2584 2271 2611 non

1207 2629 1282 2665 vult
1304 2639 1369 2674 per
1387 2628 1626 2673 abJectionem
1659 2632 1943 2668 conversationis
1970 2634 2135 2669 humanae
2153 2634 2190 2670 in
2217 2635 2271 2671 in-

1207 2690 1302 2726 fimis
1322 2690 1499 2725 habitare.
1529 2690 1629 2727 Tunc
1664 2692 1797 2728 Paulus
1815 2693 1970 2729 sortasse
1991 2694 2026 2728 in
2048 2705 2194 2731 carcere
2215 2701 2270 2731 16-

1207 2752 1373 2794 1161131111,
1408 2762 1491 2787 611111
1522 2762 1560 2788 36
1579 2752 1704 2789 36(1616
1726 2763 1806 2789 611111
1841 2753 1986 2790 Christo
2008 2754 2043 2790 in
2062 2756 2269 2793 coelestihus

1207 2818 1372 2848 testatur.
1416 2811 1485 2847 Sed
1506 2812 1556 2848 ibi
1583 2819 1683 2857 erat,
1714 2814 1776 2849 ubi
1797 2814 1984 2850 ardentem
2014 2814 2090 2861 jam
2110 2822 2268 2853 mentem

1207 2871 1336 2907 fixerat
1355 2884 1364 2915 ;
1389 2883 1459 2908 non
1479 2872 1552 2909 illic
1569 2874 1630 2910 ubi
1663 2873 1762 2910 illum
1781 2876 1987 2911 necessario
2022 2876 2125 2923 pigra
2152 2878 2269 2915 adhuc

1207 2944 1292 2970 6310
1308 2935 1497 2971 1611361131.
1520 2935 1567 2970 Et
1594 2936 1624 2970 si
1645 2935 1769 2981 saeris,
1788 2935 1924 2982 inquit,
1944 2937 2071 2972 electus
2091 2938 2134 2973 de
2162 2939 2269 2985 stirpe

1206 2995 1303 3038 Certi,
1337 2995 1492 3041 quandiu
1508 2996 1636 3042 poteris
1653 2998 1883 3042 permanere?
1915 2997 2003 3034 Ceni
2028 2998 2133 3034 nidus
2150 3009 2265 3043 meus,

1204 3056 1279 3092 sive
1308 3056 1490 3101 possessio
1522 3056 1792 3102 interpretatur.
1839 3057 1884 3094 At
1921 3059 1958 3094 hi
1985 3059 2045 3104 qui
2069 3059 2204 3095 suerint
2223 3061 2267 3095 dc

1204 3118 1318 3162 stirpe
1345 3116 1430 3153 Ccni
1448 3117 1573 3161 electi,
1610 3118 1678 3154 hoc
1698 3124 1753 3154 est
1785 3120 1829 3155 de
1864 3120 2079 3164 sapientium
2099 3128 2262 3162 numero,

1203 3176 1368 3212 veritatis
1385 3176 1518 3213 suerint
1536 3179 1611 3214 veri
1633 3179 1908 3224 investigatores
1932 3179 2082 3221 inventi,
2104 3178 2163 3212 diu
2185 3188 2262 3222 pos-

1205 3243 1289 3274 sunt
1306 3248 1532 3284 permanere,
1557 3239 1641 3284 quia
1662 3239 1734 3274 vita
1754 3238 1903 3284 longaevi
1923 3238 2045 3273 vivent
2070 3243 2259 3283 perpetua.

1204 3298 1308 3336 Unde
1336 3309 1402 3345 per
1424 3300 1635 3345 proplietam
1666 3298 1823 3333 dicitur:
1866 3296 2020 3339 Quoerite
2050 3295 2256 3342 Dominum,

1203 3365 1235 3394 et
1258 3360 1340 3395 vivet
1383 3359 1501 3394 anima
1528 3363 1638 3393 vestra
1671 3355 1784 3402 (Psal.
1819 3354 1960 3401 vatu).
1995 3355 2040 3391 Et
2073 3354 2158 3391 alibi
2194 3366 2258 3402 per

1202 3419 1329 3466 ipsam*
1346 3419 1558 3464 sapientiam
1577 3418 1707 3452 dicitur
1727 3428 1736 3451 ε
1774 3416 1843 3458 Qui
1870 3415 2046 3452 elucidant
2067 3427 2134 3460 me,
2153 3418 2260 3454 vitam

1203 3488 1369 3518 aeternam
1399 3477 1700 3525 habebuntOEccl.
1722 3477 1836 3524 xxiv).
1874 3477 1954 3514 Alia
1993 3486 2113 3515 autem
2146 3480 2258 3516 editio

1204 3541 1257 3577 sic
1276 3541 1408 3576 habet:
1445 3539 1485 3575 Si
1503 3539 1659 3586 posueris
1677 3539 1714 3574 in
1730 3545 1827 3585 petra
1845 3539 1966 3576 nidum
1986 3546 2099 3584 tuum,
2128 3546 2160 3576 et
2181 3540 2257 3586 [ue-

1203 3601 1248 3636 rit
1265 3598 1424 3634 tibiBeor
1435 3597 1539 3634 nidus
1555 3598 1707 3642 astutae,
1726 3598 1862 3646 Assyrii
1879 3601 2051 3647 captivum
2069 3607 2100 3636 te
2114 3601 2255 3638 dacem.

1204 3665 1354 3703 Videtur
1389 3663 1476 3700 mihi
1508 3663 1603 3709 quod
1620 3662 1778 3700 Cinaeum
1808 3673 1880 3700 non
1910 3664 2013 3700 valde
2031 3664 2259 3711 culpabiliter

1204 3727 1377 3764 nominet.
1407 3725 1486 3771 lpse
1505 3730 1561 3762 est
1591 3725 1686 3762 enim
1713 3726 1771 3763 cui
1796 3726 1833 3762 in
1855 3726 2098 3773 superioribus
2115 3726 2258 3765 dicebat

1206 3787 1317 3825 Saul:
1347 3786 1496 3825 Discede
1519 3787 1562 3825 de
1586 3787 1697 3826 medio
1724 3786 1880 3834 1411111166,
1908 3795 1940 3825 et
1970 3798 2039 3824 non
2063 3787 2258 3836 percutiam
