2540 4016
0 3935 12 4016 “Cha

285 162 351 199 5¹1
698 152 739 188 B.
764 151 938 189 RABANI
962 150 1111 190 MAURI
1134 143 1348 188 ARCHIEP.
1376 141 1582 183 MOGUNT.
1610 147 1802 188 OPERUM
1829 151 1947 189 PARS
1967 150 1998 188 1.
2374 155 2445 192 512

281 241 319 272 ut
347 230 500 269 breviter
525 227 806 275 perstringamus
822 254 833 271 ,
866 237 937 263 nox
966 231 1023 262 est
1047 231 1189 271 tempus
1214 222 1321 267 hujus
1337 218 1375 259 A
1389 221 1542 266 panibus
1556 223 1633 260 sine
1649 225 1839 270 fermento,
1861 235 2010 262 munera
2027 225 2197 264 sacrificii
2210 227 2446 273 pacificorum

278 295 369 335 vine,
390 297 426 327 et
443 296 513 325 tres
531 299 642 335 panes
659 294 766 332 sunt,
797 298 889 325 unus
903 288 965 334 qui
992 288 1030 323 in
1049 287 1203 328 elibano,
1231 284 1322 320 alius

277 354 335 399 qui
355 353 391 387 in
409 349 604 395 sartagine,
639 350 766 384 tertius
785 349 847 394 qui
877 348 913 384 in
935 346 1107 384 craticula
1138 345 1318 391 coquitur.

274 413 359 448 Post
375 412 474 447 haec:
496 414 529 444 et
543 418 654 451 omne,
673 408 802 453 inquit,
823 407 1034 452 sacrificium
1052 407 1230 452 sactumin
1246 405 1321 442 oleo

272 473 341 508 sive
367 482 436 506 non
453 470 594 516 factum,
631 467 788 502 omnibus
806 466 890 512 filiis
920 466 1040 501 Aaron
1069 467 1135 501 erit
1172 466 1320 513 sinqulis

273 529 462 577 (equaliter,
487 527 579 573 quod
604 525 820 562 sacrificium
838 531 892 562 est
917 525 1054 561 sactum
1081 525 1119 562 in
1137 525 1231 571 oleo,
1263 527 1320 562 vel

271 590 363 637 quod
380 594 518 625 estnon
535 586 667 622 factum
687 586 723 621 in
740 585 833 622 oleo,

677 659 827 696 CAPUT
853 659 896 697 V.

268 721 318 758 De
338 720 409 768 leqe
426 720 547 756 ltostioe
576 720 799 767 pacificorum
822 718 1061 766 quae'offertur
1081 720 1232 758 Domino
1255 733 1316 768 pro

559 768 748 814 yratiarum
776 768 923 803 actione.

314 841 429 889 (Iam.)
448 841 533 877 Hoec
551 846 599 876 est
619 840 673 876 lea:
702 840 823 876 hostioe
834 840 1059 886 pacificorum
1078 851 1156 887 quae
1173 842 1318 886 offertur

267 902 414 938 Domino
429 913 440 937 .·
459 903 488 936 si
511 912 572 947 pro
589 901 780 946 qratiarum
796 901 932 935 actione
953 900 1058 945 fuerit
1075 899 1317 946 oblatio,!offe-

266 968 341 997 rent
359 973 463 1008 panes
477 961 600 1008 absque
619 961 786 1007 fermento
802 971 1001 1007 conspersos
1020 960 1094 996 oleo
1110 987 1119 1003 ‚
1145 968 1176 995 et
1190 960 1318 1005 laqana

265 1033 386 1067 azyma
403 1028 505 1057 uncta
523 1021 609 1063 oleo,
623 1028 822 1067 coctamque
836 1021 988 1056 similam
1005 1029 1035 1055 et
1052 1020 1240 1066 collyridas
1251 1019 1317 1055 olei

265 1082 468 1117 admistione
478 1094 678 1128 conspersas
693 1093 706 1124 ;
725 1093 831 1128 panes
848 1092 982 1128 qnoque
999 1082 1222 1127 fermentatos
1239 1092 1316 1116 cum

265 1145 375 1180 hostia
404 1146 613 1190 ²qratiarum,
637 1155 713 1191 quoe
732 1142 934 1179 immolatur
964 1154 1026 1188 pro
1057 1143 1243 1188 pacificis:
1276 1154 1318 1177 ev

265 1205 388 1251 quibus
410 1217 497 1240 unus
520 1216 580 1251 pro
610 1205 771 1251 primitiis
802 1205 966 1249 offeretur
992 1203 1163 1246 Domino,
1191 1209 1221 1238 et
1253 1204 1318 1238 erit

266 1265 454 1300 sacerdotis
470 1266 527 1311 qui
543 1265 662 1310 fundet
682 1265 802 1299 lzostice
815 1264 1018 1309 sanquinem
1037 1274 1049 1298 .·
1076 1263 1178 1308 cujus
1196 1274 1316 1297 carnes

265 1325 385 1360 eadem
402 1325 621 1360 comedentur
637 1325 704 1367 die,
727 1336 786 1359 nec
802 1324 988 1359 remanebit
1003 1334 1044 1358 ex
1063 1324 1111 1358 eis
1127 1323 1317 1368 quidquam

266 1398 371 1431 usque
390 1397 502 1421 mane.
523 1385 594 1431 (Ex
614 1384 790 1430 Oriqene.)
814 1384 1036 1420 Sacrificium
1055 1384 1135 1425 hoc,
1149 1383 1244 1428 quod
1259 1393 1317 1418 sa-

264 1446 379 1481 lutare
412 1445 621 1491 appellatur,
646 1446 681 1480 in
710 1445 799 1480 duas
822 1445 950 1480 dividit
977 1448 1122 1490 partes;
1146 1448 1181 1479 ct
1207 1454 1315 1478 unam

264 1505 405 1550 quidem
430 1505 643 1541 laudationis
667 1506 843 1549 nominat,
873 1506 1021 1542 alteram
1048 1506 1146 1549 voti3
1178 1511 1318 1541 utrum-

265 1577 332 1612 que
350 1572 467 1602 tamen
484 1567 698 1603 sacrificium
719 1567 875 1603 salutare
892 1569 1111 1604 nominatur.

314 1627 384 1675 (Ex
407 1627 610 1675 Hesyclzio.)
641 1628 748 1664 Vides
769 1629 982 1664 rationalem
1010 1635 1046 1665 et
1065 1630 1217 1665 activam
1238 1639 1318 1666 esse

265 1688 376 1724 vitam
403 1698 448 1723 ex
471 1689 516 1724 iis
540 1698 618 1733 quae
637 1688 740 1724 nobis
761 1689 804 1724 ad
823 1689 972 1734 pacifica
1004 1690 1078 1725 sive
1103 1690 1146 1725 ad
1167 1690 1317 1725 salutem

266 1750 532 1785 transeuntibus
562 1750 674 1793 dedit,
710 1755 922 1796 potestatem
952 1751 1112 1787 tribuens
1145 1761 1254 1797 quam
1273 1761 1318 1787 ex

265 1810 426 1855 utrisque
453 1809 668 1846 voluerimus
707 1811 863 1857 eligere,
897 1812 981 1857 quia
1013 1812 1108 1847 enim
1139 1811 1317 1847 rationale

265 1872 440 1916 quoddam
470 1877 524 1907 est
556 1871 784 1916 sacrificium,
822 1872 1021 1917 gratiarum
1054 1872 1220 1914 actionis,
1242 1872 1319 1908 sive

266 1932 459 1968 secundum
505 1932 738 1979 Septuaginta
782 1933 1009 1968 laudationis.
1057 1932 1148 1967 Audi
1190 1932 1315 1973 David,

264 1998 451 2039 postquam
474 1993 655 2039 prohibuit
673 1992 851 2028 sacrificia
874 2002 954 2037 quae
974 1992 1171 2027 secuudum
1202 1992 1318 2039 legem

265 2057 380 2093 erant,
399 2052 576 2086 dicentem
595 2063 602 2084 :
635 2050 786 2085 Immola
810 2050 882 2085 Deo
908 2051 1120 2095 sacrificium
1138 2050 1267 2094 laudis,
1287 2058 1318 2087 et

267 2112 370 2146 redde
389 2111 565 2145 Altissimo
580 2116 658 2145 vota
682 2116 756 2145 tua.
779 2110 849 2156 (Ex
870 2109 1047 2158 Oriyene.)
1078 2111 1138 2147 llle
1154 2122 1240 2158 ergo
1257 2114 1321 2149 oh-

267 2173 349 2208 tulit
365 2171 579 2208 sacrificium
601 2171 730 2214 laudis,
749 2181 815 2216 pro
836 2170 937 2215 eujus
953 2172 1106 2215 actibus,
1127 2182 1195 2218 pro
1219 2173 1320 2218 cujus

268 2233 431 2270 doctrina
445 2259 454 2275 ,
483 2242 549 2278 pro
570 2231 670 2276 cnjus
697 2231 806 2267 verbo
822 2237 858 2267 et
888 2232 1047 2269 moribus
1066 2238 1103 2268 et
1134 2234 1321 2279 disciplina

266 2295 431 2331 laudatur
448 2299 484 2329 et
496 2293 719 2329 benedicitur
744 2293 852 2335 Deus,
874 2293 966 2328 sicut
980 2303 999 2329 e
1023 2294 1207 2329 contrario
1238 2299 1322 2330 sunt

268 2354 331 2395 illi,
368 2354 412 2389 de
442 2353 571 2398 quibus
596 2352 750 2388 dicitur:
773 2351 865 2395 Quia
898 2364 959 2398 per
989 2363 1046 2387 vos
1065 2364 1189 2388 nomen
1206 2364 1320 2388 meum

270 2413 527 2459 blasphematur
543 2414 633 2448 inter
647 2418 762 2458 yentes
784 2412 902 2459 (Rom.
926 2413 980 2459 11).
1002 2412 1093 2448 Audi
1119 2418 1155 2448 et
1170 2413 1321 2449 Paulum

269 2474 314 2509 ad
331 2473 499 2509 Hehraeos
513 2473 727 2508 scribentem
737 2482 801 2518 per
818 2482 876 2507 se:
899 2472 985 2507 dicit
999 2477 1138 2508 autem:
1159 2471 1217 2508 Sic
1237 2473 1322 2518 offe-

267 2544 383 2569 ramus
401 2533 548 2569 hostiam
582 2532 697 2568 laudis
729 2543 863 2578 semper
879 2531 953 2567 Deo
973 2532 1128 2577 fructum
1146 2532 1320 2569 labiorum

268 2593 502 2638 confitentium
522 2593 652 2628 nomini
672 2592 747 2638 ejus
774 2591 897 2639 (Hebr.
919 2591 1014 2637 xm).
1047 2591 1233 2636 Quomodo
1254 2603 1319 2628 au-

269 2659 340 2689 tem
355 2653 458 2699 jubet
491 2652 578 2687 illud
609 2651 758 2688 offerri?
795 2651 926 2697 Offeret
959 2663 1065 2697 panes
1101 2652 1228 2698 absque
1251 2654 1322 2699 ser-

269 2719 382 2749 mento
413 2722 612 2757 conspersos
635 2711 724 2753 oleo,
745 2717 777 2746 et
796 2711 924 2757 layana
949 2723 1073 2758 azyma
1101 2719 1206 2749 uncta
1230 2714 1319 2759 oleo,

270 2779 466 2818 coctamque
484 2770 633 2806 similam
652 2775 684 2804 et
711 2769 912 2815 collyridas,
934 2770 1000 2805 olei
1017 2771 1223 2808 admistione
1243 2785 1322 2810 con-

270 2843 430 2879 spersas;
464 2831 558 2877 quod
592 2830 824 2876 Septuaginta
855 2830 906 2865 ita
939 2830 1074 2867 edunt:
1107 2832 1151 2866 Et
1171 2833 1322 2869 similam

271 2903 487 2940 conspersam
498 2891 572 2927 oleo
589 2892 626 2927 in
645 2890 824 2937 collyridis
839 2901 969 2937 panum
988 2902 1190 2937 azymorum
1201 2894 1320 2938 offeret

269 2964 412 2989 munera
427 2964 490 2988 sua
505 2962 607 2999 super
626 2950 737 2987 altare
762 2950 974 2986 laudationis
998 2950 1179 2987 salutaris.
1202 2952 1320 2990 Panes

270 3015 348 3050 sine
365 3013 553 3056 fermento,
571 3012 648 3048 sive
671 3020 818 3057 azymos
835 3020 1047 3056 conspersos
1067 3011 1105 3046 in
1127 3011 1220 3054 oleo,
1238 3022 1321 3058 apo-

270 3075 415 3112 stolicos
431 3074 554 3117 libros,
572 3073 700 3119 lagana
724 3076 831 3108 uncta
849 3071 943 3114 oleo,
972 3072 1200 3117 propheticos
1217 3072 1320 3108 intel-

270 3135 339 3181 lige
364 3147 372 3170 :
394 3135 479 3181 quia
506 3133 555 3169 illi
578 3132 724 3179 quidem
744 3130 852 3167 nimis
869 3130 1070 3177 opulenter,
1106 3131 1166 3166 isti
1198 3137 1319 3168 autem

272 3196 340 3232 etsi
358 3201 398 3232 ut
413 3196 481 3242 ipsi
505 3195 704 3241 opulenter,
726 3203 798 3230 non
815 3198 933 3228 tamen
953 3197 1093 3227 tantum
1105 3193 1319 3229 annuntiant

274 3257 553 3294 misericordiam
567 3256 647 3300 Dei,
663 3257 746 3292 dum
764 3253 1021 3291 misericordiae
1037 3258 1184 3299 propter
1200 3254 1322 3290 inobe-

275 3317 442 3354 dientiam
456 3316 660 3354 ludaeorum
677 3315 894 3363 permiscent
908 3314 1046 3357 minas,
1067 3315 1163 3351 unde
1193 3319 1231 3352 et
1248 3325 1321 3352 non

277 3388 466 3425 conspersa
492 3381 570 3417 oleo
593 3380 722 3427 lagana
736 3406 746 3424 ,
778 3379 841 3416 sed
863 3384 1003 3415 tantum
1026 3384 1138 3415 uncta
1164 3389 1245 3415 esse
1268 3379 1322 3415 di-

279 3443 434 3474 cuntur:
466 3446 603 3476 coctam
634 3447 755 3478 autem
783 3440 936 3477 similam
955 3445 991 3477 et
1023 3441 1216 3487 collyridas
1249 3440 1320 3477 olei

280 3497 524 3534 commistione
554 3509 763 3546 conspersa,
794 3500 852 3538 vel
881 3501 974 3538 sicut
1004 3499 1239 3548 Septuaginta
1268 3500 1321 3537 di-

281 3561 378 3600 cunt,
411 3555 458 3592 Et
477 3558 627 3594 similam
647 3571 864 3608 conspersam
881 3561 968 3609 {oleo
996 3561 1174 3609 collyridis
1189 3573 1320 3609 panum

283 3626 493 3662 azymorum.
528 3617 687 3656 similam
714 3621 750 3657 in
778 3621 858 3659 oleo
875 3632 1105 3669 conspersam
1127 3632 1210 3660 cum
1226 3622 1322 3660 elee-

283 3681 428 3723 mosyna
444 3677 654 3725 theologiam
669 3679 910 3728 intelligimus,
932 3682 1027 3718 unde
1045 3686 1081 3719 et
1099 3680 1216 3719 simila
1237 3691 1322 3729 pro-

284 3738 366 3780 pter
381 3736 610 3777 subtilitatem
633 3739 776 3778 dicitur.
801 3741 1058 3780 Verumtamen
1082 3741 1122 3780 in
1136 3741 1320 3790 collyridis

1392 295 1457 321 seu
1473 286 1642 323 salutaris
1661 289 1838 334 praecepit
1870 288 1949 324 fieri
1974 288 2011 323 in
2041 288 2249 334 apostolicis
2278 291 2448 330 videlicet

1391 347 1589 395 Scripturis
1606 362 1614 385 :
1634 351 1867 396 apostolicam
1892 357 2013 387 autem
2033 352 2236 390 doctrinam
2253 354 2356 402 sequi
2371 366 2448 393 ma·-

1388 410 1486 446 xime
1505 417 1647 457 oportet
1664 421 1746 447 eum
1765 412 1827 458 qui
1846 411 1979 447 salvari
1995 412 2200 458 desiderat3
2223 425 2336 461 panes
2358 426 2448 462 quo-

1389 481 1460 517 que
1492 472 1729 509 fermentatos
1749 482 1830 508 cum
1853 473 1973 508 hostia
1994 475 2190 520 gratiarum
2223 486 2302 522 quae
2319 477 2449 514 immo-

1387 532 1484 568 latur
1500 532 1673 578 pacificis,
1694 544 1738 569 ex
1755 533 1884 579 quihus
1899 544 1992 570 unus
2010 545 2076 580 pro
2092 535 2261 580 primitiis
2278 536 2449 575 offeretur

1387 593 1474 635 Deo,
1510 598 1547 628 et
1573 593 1642 628 erit
1663 594 1865 629 sacerdotis
1895 593 1956 639 qui
1990 593 2116 631 fundet
2141 596 2269 632 hostiae
2304 598 2449 644 sangui-

1386 663 1482 689 nem.
1504 653 1737 699 Septuaginta
1756 661 1876 692 autem
1901 656 2025 692 dicunt
2043 669 2050 692 :
2078 656 2126 693 Et
2142 659 2262 704 offeret
2279 659 2321 695 de
2337 661 2451 696 omni-

1388 712 1450 748 bus
1469 714 1670 750 muneribus
1689 716 1775 758 suis,
1800 716 2039 753 laudationem
2060 718 2147 763 Deo,
2173 721 2349 756 sacerdoti
2367 733 2449 768 pro-

1388 773 1547 817 fundenti
1564 776 1767 821 sanquinem
1792 777 1959 813 salutaris
1991 777 2045 813 illi
2063 780 2140 815 erit.
2176 779 2269 823 Quid
2286 790 2352 827 per
2370 781 2448 817 haec

1387 836 1638 879 ostendentes,
1673 838 1756 882 quia
1777 843 2096 886 quantumcunque
2127 840 2236 877 homo
2267 841 2383 887 egerit
2411 848 2448 878 et

1387 897 1532 941 vixerit,
1571 900 1771 934 cucurrerit
1805 905 1841 935 et
1869 901 2183 947 comprehenderit
2201 903 2276 939 sive
2305 913 2449 940 assecu-

1387 963 1446 994 tus
1479 958 1598 1001 suerit,
1634 959 1711 995 sive
1732 959 1911 1004 adjutorio
1950 961 2092 997 Domini
2126 963 2277 998 salutem
2300 964 2448 1009 adipisci

1386 1018 1462 1054 sive
1478 1020 1621 1065 assequi
1641 1030 1712 1055 non
1726 1026 1858 1066 potest.
1880 1020 2034 1066 Propter
2047 1023 2142 1068 quod
2160 1029 2196 1059 et
2205 1023 2339 1060 Paulus
2353 1024 2450 1060 dice-

1387 1079 1472 1114 bat:
1496 1078 1579 1114 Non
1598 1079 1742 1115 volentis
1764 1092 1872 1125 neque
1890 1083 2075 1124 currentis,
2100 1083 2160 1118 sed
2185 1085 2379 1119 miserentis
2399 1089 2449 1119 est

1337 1122 1452 1174 BDei
1474 1149 1486 1173 .·
1511 1140 1577 1186 ipsi
1612 1147 1729 1175 autem
1768 1142 1940 1176 sacerdoti
1979 1143 2206 1187 profundenti
2242 1145 2448 1189 sanquinem

1385 1198 1552 1234 salutaris
1586 1199 1701 1246 (Rom.
1739 1199 1804 1245 lx),
1839 1201 1873 1235 id
1902 1206 1970 1243 est,
2005 1201 2139 1237 Christi
2170 1203 2393 1239 ministranti
2415 1209 2451 1239 et

1385 1258 1586 1304 perficienti
1617 1258 1836 1294 sacrificium
1864 1269 1929 1305 per
1960 1270 2064 1295 suum
2086 1260 2303 1306 adjutorium
2323 1262 2451 1307 primi-

1386 1319 1455 1354 tias
1467 1319 1576 1364 jussit
1592 1318 1727 1354 offerri.
1747 1318 1903 1355 Attende
1919 1325 2040 1356 autem
2058 1321 2215 1366 qualiter
2230 1322 2339 1357 etiam
2360 1332 2451 1367 prae-

1385 1384 1524 1415 sentem
1546 1379 1634 1424 legis
1654 1380 1875 1416 sanctionem
1898 1381 2075 1416 conclusit
2094 1392 2104 1417 ε
2123 1380 2235 1428 Cujus
2252 1394 2374 1418 carnes
2394 1394 2452 1419 ea-

1385 1441 1464 1476 dem
1489 1440 1711 1476 comedentur
1734 1442 1801 1483 die,
1827 1453 1887 1477 nec
1905 1443 2093 1478 remanebit
2114 1454 2156 1478 ex
2184 1445 2233 1479 eis
2258 1444 2449 1491 quidquam

1385 1511 1492 1547 usque
1519 1512 1634 1544 mane,
1659 1501 1730 1544 vel,
1749 1502 1843 1538 sicut
1862 1501 2109 1548 Septuaginta,
2136 1508 2172 1538 et
2201 1515 2323 1539 carnes
2341 1506 2452 1540 sacri-

1384 1563 1458 1608 ficii
1479 1562 1594 1597 laudis
1613 1562 1782 1599 salutaris
1802 1564 1868 1610 ipsi
1899 1570 1999 1599 erunt
2020 1575 2032 1600 :
2055 1564 2223 1602 videlicet
2251 1565 2448 1612 offerentis,

1385 1629 1418 1657 et
1431 1623 1467 1657 in
1485 1634 1691 1669 quacunque
1711 1623 1766 1660 die
1786 1623 1931 1659 donabit
1949 1625 2157 1667 comedetur,
2176 1637 2245 1661 non
2258 1626 2451 1673 relinquent

1385 1696 1428 1721 ex
1443 1696 1482 1720 eo
1507 1696 1614 1731 usque
1632 1696 1748 1720 mane.
1782 1685 1847 1721 Hie
1868 1694 1986 1729 mane,
2012 1685 2182 1722 saeculum
2207 1686 2368 1722 futurum
2388 1698 2451 1734 ap-

1384 1746 1505 1792 pellat,
1525 1752 1564 1782 ut
1582 1753 1665 1793 pote
1693 1747 1755 1793 qui
1775 1753 1873 1783 totus
1889 1753 1944 1783 est
1962 1747 2068 1791 lucis,
2087 1753 2124 1784 et
2143 1749 2240 1785 nocti
2262 1750 2452 1795 praesentis

1386 1807 1505 1842 saeculi
1525 1809 1698 1844 succedit.
1731 1807 1811 1844 Non
1828 1808 1904 1843 vult
1929 1817 2015 1855 ergo
2035 1809 2079 1844 (16
2093 1809 2264 1845 carnibus
2279 1809 2450 1846 sacrificii

1387 1868 1558 1904 salutaris
1599 1869 1637 1904 in
1666 1879 1772 1905 mane
1797 1869 1977 1914 relinqui,
2004 1878 2070 1914 per
2101 1879 2191 1915 quas
2222 1880 2288 1906 nos
2311 1876 2453 1916 oportet

1385 1929 1530 1964 salvari.
1566 1928 1730 1966 Scientes
1749 1930 1834 1976 quia
1848 1939 1920 1965 non
1942 1934 2056 1966 restat
2078 1929 2116 1965 in
2134 1929 2194 1965 illo
2212 1930 2345 1967 saeculo
2364 1941 2451 1977 ope-

1387 1990 1492 2025 ratio.
1522 1990 1593 2037 (Ex
1610 1990 1789 2038 Oriqene.)
1813 1991 1916 2037 Saepe
1943 1990 2019 2037 jam
2039 1992 2196 2028 diximus
2215 1993 2309 2037 quod
2324 2003 2450 2029 carnes

1388 2050 1425 2086 in
1446 2050 1642 2097 Scripturis
1662 2053 1816 2088 solidum
1836 2054 1998 2089 indicant
2020 2054 2154 2096 cibum,
2178 2054 2450 2100 perfectamque

1387 2112 1587 2147 doctrinam
1605 2123 1614 2154 ;
1650 2113 1847 2148 secundum
1884 2114 2090 2160 Scripturas
2126 2113 2223 2150 enim
2261 2114 2337 2150 scio
2370 2123 2451 2150 esse

1388 2172 1517 2207 animae
1554 2172 1671 2207 cibum
1710 2175 1903 2218 quemdam
1941 2175 2046 2210 lactis
2063 2201 2073 2218 ,
2109 2179 2147 2211 et
2182 2174 2293 2210 alium
2329 2174 2449 2210 cibum

1388 2232 1517 2267 animae
1539 2231 1677 2267 olerum
1696 2238 1731 2267 et
1752 2233 1860 2268 aliam
1888 2236 2020 2276 carnis,
2048 2235 2142 2270 sicut
2160 2234 2238 2280 ipse
2257 2234 2450 2280 Apostolus

1389 2294 1432 2329 de
1459 2292 1673 2338 quibusdam
1693 2293 1795 2336 dicit,
1813 2293 1905 2337 Quia
1927 2294 2016 2330 lacte
2036 2306 2094 2331 vos
2111 2296 2243 2341 potavi,
2265 2306 2336 2330 non
2356 2306 2449 2338 esca,

1389 2353 1542 2388 nondum
1562 2353 1654 2388 enim
1672 2354 1852 2398 poteratis,
1868 2354 1928 2389 sed
1943 2366 2005 2389 nec
2026 2355 2141 2389 adhuc
2158 2355 2314 2400 potestis,
2335 2354 2450 2390 adhuc

1388 2414 1480 2448 enim
1506 2413 1585 2448 estis
1600 2412 1758 2447 carnales
1781 2412 1814 2459 (Ι
1834 2412 1969 2449 Corint.
1990 2413 2061 2460 ιιι).
2081 2414 2125 2449 Et
2146 2414 2279 2448 iterum
2297 2414 2382 2449 alibi
2401 2415 2450 2450 di-

1388 2474 1437 2510 cit
1453 2485 1461 2508 :
1483 2472 1582 2509 Alius
1596 2473 1736 2519 quidem
1752 2473 1861 2508 credit
1873 2474 2088 2509 manducare
2107 2474 2237 2516 omnia,
2258 2474 2319 2516 qui
2335 2479 2451 2510 autem

1387 2533 1547 2579 infirmus
1564 2540 1629 2577 est,
1648 2535 1743 2569 olera
1761 2534 1947 2569 manducet
1979 2533 2099 2580 (Rom.
2121 2533 2211 2581 xiv).
2240 2534 2285 2569 Et
2302 2545 2446 2571 rursum

1388 2593 1472 2628 alibi
1494 2605 1501 2627 ε
1541 2592 1779 2638 Persectorum
1814 2597 1931 2627 autem
1964 2597 2014 2627 est
2049 2592 2146 2628 cibus
2179 2592 2312 2628 solidus
2329 2620 2339 2636 ,
2376 2600 2446 2629 etc.

1389 2653 1513 2700 (Hebr.
1539 2652 1591 2699 v).
1623 2651 1690 2688 Hic
1710 2663 1797 2698 ergo
1813 2662 1944 2688 carnes
1959 2653 2129 2689 sacrificii
2157 2653 2327 2691 salutaris
2353 2655 2449 2700 quod

1388 2713 1537 2749 offertur
1555 2723 1619 2759 pro
1656 2712 1884 2757 laudatione,
1913 2714 2026 2759 ipsius
2046 2713 2194 2758 jubetur
2220 2725 2302 2751 esse
2328 2725 2448 2751 sacer-

1389 2774 1495 2810 dotis.
1521 2773 1575 2808 Ex
1589 2773 1706 2808 simila
1727 2783 1811 2808 vero
1827 2773 2019 2818 tripliciter
2049 2772 2184 2817 oblata,
2205 2778 2248 2809 ut
2265 2783 2374 2819 supra
2391 2774 2446 2810 di-

1388 2833 1532 2868 ximus:
1566 2843 1676 2868 unum
1696 2838 1834 2867 tantum
1854 2833 1950 2878 quod
1974 2833 2151 2879 placuerit
2175 2834 2355 2871 sacerdoti
2384 2835 2447 2870 de-

1389 2898 1548 2938 putatur,
1560 2898 1690 2928 caetera
1706 2892 1891 2929 offerentis
1902 2899 1987 2929 sunt
2003 2894 2100 2938 laici,
2118 2895 2169 2930 ita
2184 2899 2305 2930 tamen
2323 2899 2362 2929 ut
2381 2895 2447 2931 sub

1390 2952 1447 2987 die
1477 2953 1736 2995 comedantur,
1780 2962 1848 2988 nec
1880 2958 2068 2989 remaneat
2100 2964 2145 2990 ex
2173 2954 2230 2990 his
2259 2953 2393 2999 aliquid
2409 2954 2448 2990 in

1389 3024 1508 3050 mane.
1542 3013 1677 3049 Carnes
1701 3023 1787 3059 ergo
1820 3014 2007 3059 inquibus
2032 3014 2168 3052 solidus
2197 3014 2299 3051 cibus
2326 3018 2382 3051 est
2410 3019 2447 3051 et

1388 3073 1550 3120 perfecta
1567 3073 1732 3117 scientia,
1755 3073 2003 3110 sacerdotibus
2020 3074 2255 3119 deputantur,
2277 3075 2361 3121 quia
2387 3074 2448 3111 de·

1387 3135 1474 3170 bent
1492 3135 1528 3170 in
1547 3134 1714 3170 omnibus
1731 3143 1811 3170 esse
1832 3133 1996 3178 perfecti,
2020 3135 2056 3170 in
2072 3135 2251 3179 doctrina,
2273 3135 2311 3171 in
2327 3135 2444 3172 virtu-

1387 3195 1495 3236 tibus,
1516 3194 1554 3230 in
1570 3193 1755 3236 moribus;
1782 3193 1812 3228 si
1831 3193 1928 3228 enim
1945 3193 2014 3229 hoc
2032 3194 2069 3228 in
2088 3203 2128 3229 se
2145 3204 2219 3230 non
2237 3194 2444 3240 habuerint,

1390 3254 1433 3290 de
1448 3253 1709 3294 sacrificiorum
1739 3251 1909 3287 carnibus
1933 3261 2006 3287 non
2035 3252 2156 3288 edent.
2190 3253 2283 3290 Caro
2296 3264 2376 3300 quae
2399 3264 2446 3290 ex

1391 3312 1580 3351 sacrificiis
1610 3311 1858 3347 sacerdotibus
1887 3311 2092 3356 deputatur,
2124 3313 2276 3348 verbum
2301 3314 2365 3350 Dei
2388 3317 2445 3350 est

1391 3374 1486 3421 quod
1504 3374 1541 3409 in
1559 3371 1722 3408 Ecclesia
1738 3371 1880 3407 docent.
1915 3370 1985 3405 Per
1999 3370 2069 3406 hoc
2091 3380 2191 3418 ergo,
2225 3371 2351 3418 figuris
2367 3383 2444 3420 my-

1391 3436 1491 3473 sticis
1510 3436 1783 3471 commonentur
1797 3458 1808 3476 ‚
1836 3435 1878 3467 ut
1907 3441 1990 3467 cum
2006 3430 2171 3478 proferre
2199 3432 2245 3468 ad
2272 3432 2443 3479 populum

1391 3505 1596 3535 sermonem
1623 3492 1812 3540 eoeperint,
1839 3501 1913 3528 non
1933 3492 2102 3529 hesterna
2128 3491 2333 3539 proferant,
2369 3504 2442 3532 non

1390 3563 1514 3595 vetera
1546 3565 1627 3602 quae
1644 3559 1729 3591 sunt
1743 3551 1942 3590 secundum
1971 3552 2128 3589 litteram
2155 3553 2438 3600 proloquantur3

1390 3620 1455 3657 sed
1470 3628 1535 3666 per
1555 3617 1709 3664 gratiam
1737 3614 1802 3652 Dei
1818 3623 1912 3651 nova
1942 3623 2082 3661 semper
2097 3614 2296 3660 proterant,
2319 3619 2358 3652 et
2371 3614 2444 3668 spi-

1389 3678 1509 3717 ritalia
1533 3686 1681 3723 semper
1693 3674 1904 3718 inveniann
1930 3674 1962 3710 si
1989 3674 2084 3710 enim
2107 3683 2151 3710 ea
2165 3673 2443 3730 quae-didioeffl'

1390 3751 1411 3779 a
1427 3737 1560 3779 ludaeis
1580 3738 1759 3776 hesternae
1782 3735 1840 3773 die
1857 3735 1936 3772 haec
1950 3734 2060 3774 hodie
2073 3734 2113 3773 in
2136 3731 2445 3800 Ecclesiam&
