2540 4016
297 206 364 247 8ss

294 343 408 379 hiems
422 338 585 387 praeterit
605 344 642 374 et
673 338 764 383 abit,
799 339 944 385 quando
962 339 1059 375 veris
1077 338 1266 374 exordium
1284 342 1354 383 est,

294 398 437 448 quando
463 403 562 435 terra
591 398 763 445 parturit,
796 398 941 444 quando
961 403 1092 434 cuncta
1119 403 1353 435 renovantur.

293 462 338 499 Et
356 459 496 498 eximus
515 459 643 505 quinta
659 458 796 495 decima
828 457 886 494 die
912 459 1048 495 mensis
1074 458 1195 505 primi,
1218 459 1255 495 in
1272 469 1354 495 cra-

294 522 429 560 stinum
457 519 621 563 Paschae,
657 518 765 565 pleno
795 519 931 556 mensis
956 519 1105 564 lumine,
1141 523 1223 567 post
1253 530 1356 557 esum

293 583 375 631 agni
394 581 632 625 immaculati,
654 586 686 617 et
701 579 874 617 calceatos
896 581 999 628 pedes
1013 580 1176 617 habentes
1195 580 1239 617 de
1257 580 1356 627 Apo-

293 644 396 688 stolo,
421 649 454 679 et
487 642 661 679 accinctos
692 641 863 689 pudicitia
890 639 1024 678 lumbos
1052 641 1196 689 (Epltes.
1225 640 1291 689 vi),
1321 646 1358 678 et

292 705 439 742 baculos
471 703 509 740 in
543 702 710 739 manibus
738 707 976 750 praeparatos.
1011 702 1183 747 Quamvis
1201 702 1357 738 enimin

294 765 451 813 AEgypto
469 764 741 811 quartadecima
767 763 825 800 die
853 763 989 800 mensis
1019 763 1159 799 Pascha
1180 762 1358 799 facientes

294 826 559 863 comederimus
589 835 734 872 agnum,
764 829 886 861 tamen
908 830 995 861 tunc
1026 826 1131 862 nobis
1162 824 1224 860 lux
1250 825 1357 871 plena

294 887 504 934 completur,
527 886 671 933 quando
690 886 728 922 in
743 896 854 922 manu
871 886 1015 923 excelsa
1037 886 1211 922 Ramesse
1233 886 1357 922 dimit-

294 950 419 992 timus,
442 958 521 995 quae
540 946 684 983 excelsa
707 946 851 990 dieitur,
872 946 930 983 vel
952 946 1048 993 quod
1062 945 1258 993 AEgyptum
1276 957 1359 992 per-

293 1012 460 1055 cusserit,
482 1010 539 1047 vel
563 1011 659 1057 quod
673 1010 875 1056 protexerit
890 1009 1001 1046 lsrael
1017 1009 1224 1047 videntibus
1249 1009 1359 1057 AEgy-

290 1075 397 1123 ptiis:
427 1074 489 1120 qui
518 1072 745 1108 admirantur
761 1082 827 1108 nos
853 1073 975 1118 egredi
996 1073 1039 1108 de
1071 1074 1215 1117 saeeulo,
1232 1078 1268 1109 et
1285 1078 1359 1108 tor-

292 1140 450 1183 quentur
469 1133 604 1169 invidia
622 1143 631 1175 ;
652 1137 688 1167 et
706 1137 833 1178 postea
855 1137 977 1168 tenere
1004 1133 1189 1179 cupientes
1218 1132 1254 1167 in
1274 1142 1354 1178 per-

292 1195 538 1234 secutionibus
553 1193 786 1237 suffocantur,
798 1194 941 1239 quando
955 1199 992 1229 et
1007 1193 1356 1243 AEgyptiisepeliunt
1373 1179 1406 1218 Β
1432 1198 1532 1234 (labit
1546 1197 1744 1234 vindictam
1764 1195 1938 1232 Dominus
1964 1195 2001 1230 in
2028 1193 2196 1230 omnibus
2214 1192 2284 1228 diis
2301 1190 2493 1237 AEgyptio-

290 1257 554 1307 primogenitos
577 1261 742 1299 su0s;et
773 1260 893 1301 patres
927 1256 1061 1291 mortui
1094 1256 1248 1292 terrenis
1277 1266 1362 1302 ope-

291 1319 395 1355 ribus
414 1317 626 1362 opprimunt
644 1319 807 1350 mortuos
826 1315 930 1352 filios.
956 1315 1042 1350 Mihi
1062 1315 1230 1351 videntur
1249 1316 1362 1362 AEgy-

291 1380 450 1426 ptiorum
473 1375 714 1422 primogenita
736 1375 902 1421 dogmata
936 1384 1018 1410 esse
1050 1375 1360 1420 philosophorum,

290 1440 420 1485 quibus
451 1437 620 1481 deceptos
654 1435 818 1470 homines
840 1440 948 1479 atque
984 1434 1145 1468 irretitos
1177 1434 1359 1470 tenebant.

289 1500 375 1543 Quae
392 1508 473 1534 cum
495 1495 607 1531 Israel
627 1495 731 1530 vivus
750 1493 929 1540 effugerit,
958 1494 1187 1529 circumdant
1210 1495 1361 1531 mortuis

291 1560 380 1603 suis,
399 1569 443 1593 ne
461 1556 672 1593 exeuntium
690 1555 880 1591 imitentur
896 1554 1115 1601 exemplum.
1137 1554 1251 1590 Porro
1265 1555 1361 1601 quod

289 1620 467 1667 sequitur,
488 1618 527 1654 ln
549 1616 617 1652 diis
636 1626 760 1652 eorum
787 1614 1035 1661 secitJ'udieia‚
1056 1615 1131 1650 sive
1148 1620 1187 1650 ut
1205 1614 1360 1662 Septua-

289 1682 387 1728 ginta
411 1678 689 1720 transtulerunt,
717 1675 879 1719 ultiones,
902 1676 988 1711 illud
1010 1675 1151 1711 Hebraei
1172 1682 1362 1712 autumant

288 1743 385 1789 quod
404 1747 509 1778 nocte
527 1751 597 1787 qua
613 1749 782 1787 egressus
799 1744 853 1774 est
868 1739 1035 1784 populns,
1054 1738 1174 1774 onmia
1193 1738 1229 1774 in
1249 1738 1360 1786 AEgy-

287 1809 349 1850 pto
379 1801 512 1848 templa
548 1802 732 1837 destructa
773 1804 869 1841 sunt,
908 1799 983 1833 sive
1018 1804 1117 1834 motu
1143 1803 1263 1841 terrae,
1284 1798 1360 1834 sive

288 1868 386 1898 tactu
418 1861 624 1898 fulminum.
663 1859 885 1907 Spiritaliter
921 1864 1043 1895 autem
1077 1860 1231 1896 dicimus
1262 1859 1360 1905 quod

289 1922 558 1969 egredientibus
587 1921 692 1958 nobis
721 1931 765 1957 ex
786 1920 943 1967 AEgypto
971 1930 1137 1955 errorum
1166 1919 1259 1956 idola
1279 1930 1359 1955 cor-

287 1991 409 2029 ruant,
433 1990 469 2022 et
504 1984 623 2020 omnis
647 1993 903 2030 perversarum
935 1982 1184 2017 doctrinarum
1217 1981 1357 2017 cultura

287 2048 487 2095 quatiatur.
512 2045 583 2082 Alii
618 2045 853 2092 quaerendum
883 2050 1011 2090 putant
1048 2044 1228 2089 quomodo
1261 2042 1357 2079 Deus

286 2109 484 2145 vindictam
503 2106 613 2142 saciat
635 2106 670 2141 in
699 2106 894 2148 daemoneS,
914 2116 998 2140 cum
1029 2105 1154 2150 utique
1189 2103 1358 2139 vindictae

289 2171 364 2206 dies
382 2167 559 2214 etjudicii
591 2166 751 2202 nondum
784 2166 938 2201 venerit.
975 2165 1046 2199 Sed
1066 2165 1159 2200 hanc
1185 2174 1252 2212 ego
1271 2170 1358 2211 puto

287 2232 324 2267 in
339 2231 520 2266 daemones
540 2228 618 2264 fieri
637 2227 850 2270 vindictam,
883 2237 965 2262 cum
997 2226 1027 2261 is
1044 2225 1105 2272 qui
1133 2225 1178 2260 ab
1198 2225 1269 2260 illis
1290 2226 1355 2260 de-

287 2296 417 2336 ceptus
433 2290 552 2325 suerat
570 2293 606 2323 ut
637 2287 733 2323 idola
767 2287 915 2329 coleret,
943 2297 1008 2332 per
1027 2285 1178 2321 verbum
1213 2284 1357 2321 Domini

289 2359 499 2393 conversus,
519 2349 633 2385 Deum
651 2348 749 2391 colit,
766 2353 802 2383 et
818 2358 862 2383 ex
877 2348 954 2394 ipso
968 2357 1076 2394 opere
1095 2345 1355 2390 conversionis,

290 2413 446 2448 sindieta
467 2412 503 2446 in
524 2421 607 2447 eum
634 2410 696 2457 qui
715 2410 908 2455 deceperat
928 2409 1046 2443 datur.
1076 2406 1250 2443 Similiter
1271 2412 1309 2442 et
1326 2407 1357 2443 si

288 2475 393 2521 isqui
411 2473 636 2510 daemonibus
667 2472 841 2518 deceptus
873 2469 991 2505 suerat
1026 2468 1072 2504 ad
1104 2468 1357 2504 fornicandum

285 2541 515 2573 convertatur
529 2536 575 2571 ad
592 2534 817 2581 pudicitiam,
833 2532 958 2579 diligat
976 2531 1194 2573 castitatem,
1216 2541 1357 2567 errasse

286 2609 325 2634 se
343 2597 485 2641 defleat,
507 2595 732 2642 poenitentiae
760 2594 874 2640 ipsius
910 2593 1080 2640 lacrymis
1108 2593 1228 2628 uritur
1247 2597 1283 2628 et
1302 2591 1356 2627 in·-

288 2659 453 2695 cenditur
470 2658 624 2700 daemon,
647 2663 683 2692 et
701 2656 754 2691 sic
774 2654 934 2690 vindicta
953 2655 1059 2690 datur
1078 2653 1114 2688 in
1133 2652 1356 2701 deceptionis

287 2725 487 2755 auctorem.
507 2717 683 2752 Similiter
702 2717 811 2752 etiam
833 2716 862 2751 si
880 2715 961 2760 quis
978 2715 1022 2750 de
1043 2714 1214 2760 superbia
1229 2713 1273 2749 ad
1290 2714 1357 2749 hu·-

285 2780 489 2822 militatem,
511 2778 555 2814 de
575 2777 719 2812 luxuria
734 2777 777 2812 ad
804 2776 1067 2823 parcimoniam
1087 2777 1224 2819 redeat,
1242 2780 1278 2811 et
1291 2785 1357 2821 per

283 2841 362 2878 haec
380 2839 519 2887 singula
549 2839 731 2875 daemones
750 2837 811 2882 qui
832 2848 870 2872 se
891 2838 925 2872 in
947 2838 1022 2872 hare
1053 2837 1270 2882 deceperant
1288 2835 1355 2871 ssa-

284 2902 392 2950 gellat
409 2906 446 2937 et
463 2899 615 2936 cruciat.
642 2898 793 2941 Quantis
811 2907 873 2932 cos
904 2897 1038 2942 putatis
1072 2897 1129 2942 agi
1149 2897 1355 2941 tormentis,

286 2962 317 2998 si
335 2970 444 3006 quem
474 2958 622 2995 videant
650 2955 848 2993 seeundum
869 2956 1019 2991 verbum
1037 2956 1181 2991 Domini
1210 2957 1357 2992 vendere

218 3055 223 3059 ,
287 3021 407 3056 omnia
426 3030 491 3054 sua
514 3029 592 3064 quae
611 3016 776 3063 possidet,
797 3021 827 3049 et
843 3016 928 3050 dare
945 3016 1169 3062 pauperibus,
1188 3022 1218 3051 et
1233 3016 1352 3053 tollere

218 3089 225 3101 ²
284 3091 422 3116 crucem
443 3090 546 3115 suam
564 3084 595 3113 et
628 3077 725 3124 sequi
747 3074 952 3111 Christum?
971 3075 1071 3122 (Luc.
1092 3075 1212 3123 xvm.)
1235 3075 1352 3123 Super

284 3141 408 3179 omnia
425 3151 512 3177 vero
544 3139 597 3176 eis
629 3143 685 3174 est
718 3141 979 3173 tormentorum
1014 3146 1162 3182 genera,
1184 3143 1220 3174 et
1244 3148 1352 3183 super

283 3215 412 3243 omnes
426 3214 571 3251 poenas,
607 3203 638 3240 si
658 3211 766 3249 quem
798 3200 943 3237 videant
973 3199 1083 3236 verbo
1118 3200 1182 3236 Dei
1203 3210 1351 3247 operam

285 3265 386 3309 dare,
421 3263 610 3302 scientiam
630 3262 760 3301 divinae
795 3261 886 3308 legis
916 3265 952 3297 et
981 3261 1156 3308 mysteria
1190 3260 1352 3307 Scriptu-

285 3336 410 3363 rarum
429 3324 579 3361 intentis
599 3322 728 3360 studiis
746 3321 1017 3370 perquirentem
1036 3332 1046 3356 ε
1067 3320 1104 3355 ἱη
1134 3320 1205 3356 hoc
1221 3329 1351 3356 eorum

285 3387 453 3425 omnibus
472 3387 485 3400 *
507 3384 666 3422 flammis
685 3388 756 3429 est,
784 3383 822 3419 in
848 3381 907 3419 his
929 3386 1006 3418 toto
1036 3385 1193 3417 uruntur
1223 3380 1349 3416 incen-

286 3450 359 3492 dio,
378 3448 550 3494 quoniam
567 3447 715 3495 quidem
749 3444 963 3492 ignorantiae
997 3443 1159 3481 tenebris
1173 3442 1351 3480 humanas

286 3510 574 3547 obscuraverant
603 3513 760 3552 menteS,
789 3511 828 3544 et
860 3516 925 3554 per
956 3506 1034 3543 haee
1065 3504 1296 3542 obtinuerant
1311 3507 1352 3539 ut

286 3572 383 3609 Deus
395 3570 543 3619 quidem
561 3570 805 3618 ignoraretur,
826 3569 870 3606 ad
889 3569 987 3616 ipsos
1004 3577 1089 3604 vero
1103 3565 1217 3603 divini
1232 3565 1349 3604 cultus

287 3633 409 3670 studia
439 3630 742 3669 transferrentur.
765 3629 854 3674 Quae
877 3635 985 3677 putas
1020 3629 1060 3665 in
1078 3627 1159 3667 illos
1193 3623 1350 3683 vindicta

289 3692 411 3737 datur,
428 3703 510 3740 quae
537 3691 693 3733 iuret-uir
711 3690 765 3727 eis
792 3688 938 3727 flamma
966 3697 1177 3738 mnarum,
1195 3697 1283 3727 cm
1292 3686 1350 3726 vi»-

291 3753 378 3790 dent
402 3755 482 3793 haee
509 3753 647 3793 lumine
678 3750 845 3791 veritatis
878 3749 1028 3798 aperiri,
1059 3755 1098 3791 et
1119 3749 1352 3801 fraudis&

291 3813 443 3850 nebulas
455 3823 520 3859 per
534 3813 755 3860 agnffmnem
769 3811 862 3859 legis
885 3810 1016 3848 divinae
1041 3810 1201 3849 nudari?
1231 3809 1353 3848 Possi-

731 202 772 239 Β.
800 199 971 240 RABANI
995 200 1144 241 MAum
1166 199 1382 240 Ancmnr.
1408 197 1616 242 uocum.
1644 198 1838 241 omnum
1848 162 1982 241 ³PARS
2001 197 2030 240 t.

270 258 444 319 ιῙιοιιίῑιηιῑ
480 275 628 324 gaudio,
661 277 802 315 eximus
824 277 861 313 in
890 285 1015 314 mense
1041 276 1173 324 primo,
1206 275 1350 323 quando
1366 276 1504 319 A-dent
1518 281 1667 314 cunctos
1679 277 1742 324 qui
1761 275 1963 324 ignorantia
1974 274 2115 318 vivunt,
2129 277 2252 311 anon
2267 270 2385 316 solun
2395 274 2480 323 ilios

1373 2984 1409 3025 D
1427 2963 1546 3010 gimus
1561 2961 1681 2996 locum
1705 2960 1840 2996 Soeoth
1856 2960 1973 2996 adhuc
1999 2957 2107 3003 juxta
2122 2956 2271 3004 AEgypti
2299 2957 2412 2994 fuisse
2434 2967 2511 3018 remq

2401 197 2485 240 stt.

1423 338 1484 385 qui
1507 337 1545 375 ln
1562 338 1767 386 ignorantia
1795 330 1912 375 adhue
1936 339 2034 379 sunt,
2054 335 2118 372 sed
2136 331 2305 383 ingerunt
2323 341 2364 372 se
2385 339 2481 386 sape

1421 401 1480 438 his
1501 400 1612 438 etiam
1643 401 1705 448 qui
1738 402 1963 446 agnoverunt
1992 396 2122 441 neum,
2157 402 2194 434 et
2217 404 2344 434 rursus
2361 397 2399 434 in
2417 406 2482 435 eos

1423 472 1533 509 opera
1547 460 1758 509 ignorantiae
1777 465 1956 496 conantur
1977 458 2134 506 operari.
2148 455 2274 506 Neque
2289 458 2386 496 enim
2403 458 2485 496 sine

1423 523 1512 570 ipsis
1530 525 1803 560 consummatur
1821 530 1927 557 omne
1944 525 2147 567 peccatum.
2168 517 2260 557 Nam
2280 529 2362 556 eum
2382 518 2484 556 adul-

1423 583 1556 620 terium
1579 583 1660 628 quis
1680 581 1852 625 admittit,
1870 591 1943 617 non
1969 585 2025 617 est
2054 581 2180 627 utique
2207 580 2284 618 sine
2307 578 2484 618 daemone.

1425 645 1490 682 Vei
1510 654 1594 680 eum
1628 642 1707 690 ipsa
1726 643 1740 657 ⁶
1757 642 1951 679 immorata
1981 642 2136 689 rapitur,
2165 640 2223 679 vel
2261 651 2344 679 eum
2362 639 2489 687 diripit

1425 704 1556 749 aliena,
1575 703 1691 749 etqui
1709 704 1838 740 sedens
1862 704 2038 740 adversus
2066 703 2273 750 proximum
2303 710 2409 740 suum
2425 702 2489 738 de·-

1425 766 1553 811 trahit,
1573 771 1609 803 et
1628 765 1801 803 adversus
1817 765 1932 803 filium
1958 766 2086 803 matris
2115 776 2190 803 snae
2209 765 2311 814 ponit
2328 765 2483 803 scanda-

1426 826 1515 872 lum,
1538 838 1609 864 non
1640 828 1791 865 estsine
1821 828 1996 864 daemone.
2018 828 2062 864 Et
2079 828 2160 866 ideo
2179 826 2358 876 agendum
2382 826 2487 864 nobis
2520 861 2522 865 .

1427 896 1482 927 est
1513 899 1559 926 ne
1589 889 1685 926 sorte
1720 890 1972 938 AEgyptiorum
2006 889 2246 938 primogenita
2265 917 2275 934 ,
2310 888 2368 926 vel
2401 889 2488 926 deos
2513 880 2515 882 V

1426 961 1568 995 eorum,
1589 961 1680 997 quos
1698 951 1872 987 Dominus
1890 950 2070 998 percussit
2093 955 2130 986 et
2154 947 2341 993 exstinxit,
2359 958 2406 985 ne
2422 948 2506 985 nos‘

1427 1012 1643 1049 suscitemus
1663 1012 1700 1047 in
1718 1011 1838 1055 nobis,
1860 1011 1890 1047 si
1906 1012 1960 1048 eis
1979 1010 2099 1048 locum
2120 1010 2325 1047 dederimus
2340 1018 2494 1055 operan-

1428 1073 1463 1109 di
1477 1073 1511 1108 in
1533 1072 1637 1108 nobis
1657 1082 1700 1108 ea
1722 1082 1803 1118 quae
1821 1072 1896 1107 odit
1911 1071 2020 1107 Deus.
2041 1070 2080 1107 Si
2098 1075 2220 1107 autem
2240 1070 2286 1106 ab
2302 1068 2360 1105 his
2376 1067 2495 1105 omni-

1426 1136 1493 1172 bus
1509 1136 1759 1172 contineamus
1774 1144 1841 1170 nos
1861 1142 1904 1169 eo
1923 1133 2030 1169 modo
2050 1143 2121 1179 quo
2136 1132 2303 1177 superius
2320 1130 2492 1174 diximus,

1431 1271 1525 1302 rum,
1536 1269 1734 1305 poenasque
1748 1269 1793 1294 ex
1807 1263 1931 1294 nostra
1944 1256 2195 1293 emendatione
2207 1259 2244 1291 et
2258 1252 2496 1289 conversione
2530 1264 2540 1282 ε

1430 1320 1644 1366 suscipiunt.
1664 1318 1956 1360 Proficiscentes‚
1978 1316 2108 1362 inquit,
2132 1314 2195 1350 filii
2226 1312 2336 1350 lsrael
2355 1311 2398 1348 de
2424 1311 2498 1347 Ra-
2531 1283 2540 1365 ἓ

1430 1391 1560 1423 messe,
1581 1379 1829 1416 castrametati
1851 1384 1934 1415 sunt
1960 1378 1997 1413 in
2027 1377 2173 1413 Socoth.
2207 1374 2373 1411 Secunda
2390 1382 2498 1408 man-
2530 1387 2540 1416 ς

1431 1439 1498 1474 sio.
1523 1438 1563 1473 in
1589 1439 1659 1474 liae
1684 1443 1845 1482 coquunt
1865 1446 1977 1483 panes
2010 1446 2167 1482 azymos,
2186 1440 2223 1471 et
2241 1435 2396 1481 primum
2419 1438 2499 1469 ten·
2530 1441 2540 1462 ε

1431 1500 1520 1536 dunt
1535 1497 1782 1540 tabernacula,
1799 1497 1892 1532 unde
1907 1507 1951 1532 ex
1964 1506 2004 1531 re
2013 1495 2115 1532 locus
2126 1505 2258 1530 nomen
2267 1494 2417 1540 aceepit.
2431 1492 2500 1530 So-

1430 1562 1516 1598 cotli
1542 1561 1674 1607 quippe
1691 1560 1952 1606 interpretatur
1972 1557 2009 1593 in
2035 1556 2157 1603 lingua
2176 1560 2301 1591 nostra
2336 1555 2499 1590 taberna·-

1431 1622 1510 1657 cula
1529 1621 1605 1657 sive
1625 1620 1787 1655 tentoria.
1816 1619 1861 1654 Et
1879 1618 1923 1654 ab
1944 1618 2013 1654 hoe
2044 1617 2198 1664 septimo
2226 1625 2352 1652 mense
2372 1615 2499 1661 quinta

1431 1683 1571 1718 decima
1591 1681 1648 1717 die
1678 1680 1813 1716 mensis
1849 1678 2059 1716 solemnitas
2079 1676 2411 1714 Tabernaculorum
2427 1680 2496 1712 est.
2532 1713 2540 1715 ,

1430 1743 1520 1780 Cum
1547 1753 1633 1788 ergo
1652 1741 1849 1777 exierimus
1882 1751 1928 1776 ex
1960 1739 2130 1787 AEgypto,
2154 1738 2314 1785 primum
2332 1737 2500 1773 taberna-

1429 1805 1548 1841 culum
1569 1802 1725 1849 figimus,
1751 1801 1936 1838 sciendum
1966 1801 2070 1836 nobis
2088 1798 2134 1835 ad
2153 1798 2327 1834 ulteriora
2345 1805 2498 1844 progre-
2528 1820 2540 1845 -ff

1430 1865 1614 1901 diendum.
1650 1862 1750 1899 Tune
1778 1863 1874 1898 enim
1906 1872 1978 1897 non
2008 1860 2234 1897 comedimus
2253 1859 2296 1895 de
2314 1859 2500 1894 fermento
2531 1882 2540 1897 Ξ

1429 1924 1594 1972 AEgypti,
1615 1923 1657 1959 de
1677 1924 1846 1970 fermento
1874 1921 2023 1958 melitite
2040 1927 2072 1957 et
2098 1920 2273 1967 nequitae,
2293 1919 2355 1955 sed
2381 1919 2499 1955 vesei-

1429 1998 1508 2022 mur
1531 1987 1663 2033 azymis
1697 1985 1908 2021 sinceritatis
1939 1990 1971 2020 et
1999 1984 2152 2020 veritatis
2185 1982 2220 2030 (Ι
2236 1981 2318 2018 Cor.
2341 1981 2401 2030 v);
2423 1981 2497 2018 Do·-
2529 1980 2540 1987 ⁷

1429 2047 1518 2083 mini
1549 2052 1727 2092 praecepta
1746 2056 1855 2092 opere
1875 2049 2172 2082 consummantes
2192 2055 2199 2078 ε
2233 2041 2359 2077 Cavete
2379 2053 2399 2076 α
2422 2041 2496 2087 fer-
2528 2058 2536 2059 ff

1428 2114 1542 2142 mento
1563 2105 1825 2142 Phar-istrorum
1857 2100 1957 2153 (Luc.
1977 2103 2058 2151 xn).
2086 2103 2126 2139 Iu
2155 2103 2224 2139 itae
2244 2102 2347 2138 nobis
2369 2101 2499 2148 praeei-
2532 2099 2540 2102 “

1427 2169 1524 2216 pitur
1540 2169 1724 2205 mansione
1744 2174 1784 2204 ut
1796 2178 1938 2214 semper
1954 2176 2134 2203 memores
2150 2165 2263 2202 simus
2278 2164 2496 2212 egressionis
2534 2204 2540 2205 ἶ

1427 2240 1470 2264 ex
1487 2228 1658 2275 AEgypto,
1682 2235 1721 2264 ut
1741 2229 1965 2265 celebremus
1992 2226 2198 2267 transitum,
2219 2225 2254 2261 id
2287 2231 2358 2268 est,
2378 2225 2494 2271 phase
2527 2224 2540 2263 ἒ

1427 2291 1594 2335 Domini;
1617 2296 1656 2326 ut
1674 2292 1916 2338 primogenita
1947 2290 2062 2326 nostri
2094 2288 2190 2324 uteri
2207 2293 2497 2333 cunctarumque
2527 2334 2540 2337 Β

1426 2351 1602 2386 virtutum
1619 2362 1684 2397 pro
1701 2351 1951 2397 primogenitis
1968 2349 2114 2397 AEgypti
2130 2359 2209 2396 quae
2222 2358 2394 2394 pereussa
2413 2350 2498 2382 sunt
2526 2343 2540 2388 ,J

1426 2412 1579 2447 Domino
1597 2422 1866 2447 consecremus.
1894 2411 1940 2445 Et
1958 2411 2106 2456 profecti
2129 2410 2170 2444 cle
2199 2408 2341 2452 Socotlt,
2361 2414 2497 2444 castra-

1426 2472 1546 2508 metati
1568 2477 1649 2507 sunt
1668 2472 1704 2506 in
1725 2471 1869 2513 Elltam,
1886 2481 1964 2516 qua:
1989 2476 2038 2504 est
2055 2471 2092 2504 in
2109 2476 2261 2505 extremo
2277 2467 2493 2503 solitudinis.
2537 2488 2540 2489 ν

1426 2531 1549 2568 Tertia
1569 2531 1709 2567 mansio
1728 2531 1876 2567 oss'ertur
1895 2534 1975 2576 post
1999 2529 2243 2572 tabernacula,
2263 2528 2302 2563 itt
2332 2538 2401 2574 qua
2421 2527 2496 2573 pri-

1426 2607 1528 2634 mum
1546 2596 1689 2631 videtur
1719 2595 1892 2631 Dominus
1926 2599 2035 2629 nocte
2068 2593 2106 2628 in
2126 2592 2294 2628 columna
2313 2591 2434 2634 nubis,
2453 2595 2494 2626 ut

1427 2657 1612 2705 praeeedat
1628 2655 1802 2702 populum
1821 2659 1857 2689 et
1874 2653 1944 2689 dux
1968 2653 2016 2689 sit
2051 2652 2205 2688 itineris.
2239 2651 2369 2687 Etham
2389 2651 2494 2687 nobis

1427 2722 1605 2754 consonat
1639 2715 1809 2762 fortitudo
1849 2714 1925 2750 sive
1944 2712 2124 2760 perfectio,
2157 2712 2202 2748 de
2236 2722 2306 2757 qua
2324 2718 2360 2748 et
2381 2710 2494 2747 David

1427 2780 1551 2816 canit:
1576 2778 1628 2813 Tu
1651 2777 1815 2824 dirupisti
1849 2775 1973 2822 fluvios
1993 2774 2125 2810 Etham
2155 2772 2270 2821 (Psal.
2286 2771 2432 2819 Lxxui),
2457 2772 2494 2808 id

1426 2847 1494 2885 est,
1513 2840 1629 2877 sortis·
1652 2839 1807 2876 Grandis
1822 2843 1879 2874 est
1892 2837 2066 2874 fortitudo
2083 2835 2280 2882 AEgyptum
2294 2834 2490 2878 dimittere,

1427 2908 1463 2938 et
1483 2902 1521 2937 in
1541 2907 1703 2937 extrema
1724 2899 1917 2935 solitudine
1933 2897 2165 2934 commorari.
2189 2896 2243 2932 Ex
2261 2906 2332 2942 quo
2358 2896 2492 2932 intelli-

1426 3024 1563 3071 giones.
1584 3023 1622 3058 ln
1642 3033 1685 3058 eo
1706 3023 1803 3058 enim
1823 3021 1919 3068 quod
1939 3021 2085 3063 dicitur,
2110 3019 2172 3065 qui
2189 3026 2246 3056 est
2263 3019 2298 3054 in
2318 3019 2490 3058 extremis
2503 3042 2518 3067 -r

1426 3084 1559 3121 finibus
1597 3084 1816 3128 solitudinis,
1854 3082 2059 3119 ostenditur
2091 3081 2187 3118 inter
2221 3079 2380 3116 confinia
2410 3089 2491 3116 esse

1424 3145 1539 3182 eremi
1555 3149 1592 3180 et
1609 3143 1770 3191 AEgypti.
1801 3143 2007 3179 Notandum
2025 3146 2146 3178 autem
2165 3140 2262 3187 quod
2278 3140 2349 3176 alia
2378 3140 2490 3176 editio

1422 3215 1490 3251 pro
1507 3203 1637 3239 Etlmm
1651 3203 1793 3238 Buthan
1821 3203 1944 3239 habet.
1973 3202 2117 3239 Buthan
2135 3211 2222 3247 ergo
2239 3199 2406 3236 convallis
2425 3211 2491 3247 ap-

1422 3265 1592 3311 pellatur.
1624 3264 1788 3299 Diximus
1820 3264 1918 3299 enim
1943 3263 2122 3299 virtutum
2151 3264 2193 3299 in
2221 3263 2282 3300 his
2302 3272 2386 3301 esse
2402 3272 2499 3310 pro-n

1419 3322 1571 3359 fectum.
1592 3321 1716 3358 Virtus
1734 3327 1856 3357 autem
1889 3331 1965 3358 non
1987 3321 2060 3358 nisi
2094 3322 2263 3359 exercitu
2293 3327 2334 3358 en
2361 3321 2488 3360 labore

1421 3381 1663 3429 conquiritur.
1697 3379 1772 3416 Nee
1805 3384 1947 3416 tantum
1981 3379 2020 3415 in
2049 3379 2236 3426 prosperis
2255 3385 2431 3426 quanttnn
2449 3382 2488 3419 in

1421 3442 1583 3484 adversis
1605 3441 1796 3490 probatur.
1829 3439 1984 3478 Venitur
2013 3450 2103 3488 ergo
2133 3439 2181 3477 ad
2211 3441 2426 3479 convallem.
2445 3442 2491 3485 In·

1421 3503 1644 3541 convallibus
1657 3507 1781 3539 autem
1798 3499 2083 3539 etinfertoeibns
2108 3499 2203 3539 loeis
2219 3506 2409 3541 certamen

1419 3566 1526 3603 betur
1541 3565 1738 3604 adversum
1763 3561 1949 3600 diabolum
1978 3567 2017 3599 et
2045 3562 2252 3609 somnias
2270 3568 2468 3610 potestates

1417 3627 1459 3665 ln
1477 3625 1706 3668 convallibus
1717 3634 1807 3673 exuo
1831 3633 1928 3672 agon
1942 3623 2127 3670 gerendus
2139 3629 2214 3668 est,
2226 3629 2266 3661 οι
2282 3624 2321 3660 in
2337 3635 2409 3663 eon

1417 3689 1514 3733 libus
1527 3687 1765 3736 pugnandum
1782 3690 1854 3724 est.
1884 3680 2055 3734 Denique
2070 3689 2108 3725 ot
2125 3685 2314 3723 Abraham
2334 3686 2376 3724 in

1419 3746 1630 3791 §minarum
1645 3745 1824 3797 pugnavit
1840 3745 2034 3784 aerenum
2050 3744 2229 3782 barbaros
2241 3754 2365 3794 regen,
2376 3745 2439 3790 et?

1419 3808 1610 3847 victoriam
1640 3813 1859 3846 consecutus
1874 3811 1950 3850 eu-
1974 3805 2168 3850 new
2184 3817 2272 3847 vero
2286 3806 2404 3846 viator
2446 3797 2463 3815 ””
