2540 4016
37 0 79 62 '⁴2-

462 0 499 10 ⁴

891 0 946 66 θα1

512 22 553 77 ⁵*
792 44 806 54 v,

38 161 42 166 α
132 111 154 127 ”
422 95 472 140 ἦ.
668 98 715 154 ‘J
775 123 785 137 r
848 119 873 147 Ὁ
1035 117 1059 143 οι

38 204 41 207 “
98 198 172 240 ‘ets

558 195 940 270 &amuranus
961 198 1010 238 m
1032 196 1211 239 mmmm
1233 196 1547 239 maenum.
1571 216 1620 231 ⁶—-
1644 200 1734 242 m.
1755 203 1787 241 1.

2211 215 2305 253 altr

58 277 320 332 splendorem
339 272 518 328 mysterii,
533 281 571 316 et
587 277 678 328 legis
695 274 871 327 spiritalis
885 275 1021 319 lumen,
1047 275 1078 312 si
1093 286 1158 323 pu-
1175 282 1210 323 Α
1226 275 1322 314 filius
1353 276 1486 320 Aaron,
1518 275 1650 324 quihus
1676 277 1746 314 ista
1771 275 1982 317 concedam·
2003 281 2100 323 nuda
2126 291 2164 325 et
2183 264 2297 328 reve-²

92 350 155 377 rus
173 340 238 377 tibi
263 345 320 377 est
337 339 468 376 mentis
486 338 625 384 oculus,
653 342 839 375 contuere.
866 334 906 373 si
925 335 1006 384 quis
1027 336 1155 384 dignus

53 409 60 414 ·
91 406 146 438 est
165 412 209 438 ex
231 402 289 439 his
309 402 371 450 qui
402 403 475 440 Deo
503 401 728 448 ministrant,
749 400 871 438 divina
895 409 1027 448 capere
1045 403 1082 435 et
1100 397 1155 435 vi-

91 463 176 500 dere
200 464 389 511 mysteria,
409 464 454 500 ad
469 457 558 510 quae
574 462 777 500 contuenda
805 460 928 498 caeteri
949 460 1070 496 minus
1095 469 1155 496 ca-

38 526 43 531 '
87 534 198 572 paces
229 530 326 568 sunt,
359 524 419 561 hic
441 524 562 561 Aaron
582 525 640 561 vel
669 524 765 561 filius
783 522 905 559 Aaron
924 531 1004 559 esse
1023 519 1156 557 intelli-

86 592 204 635 gatur,
237 586 299 635 qui
325 587 465 633 ing-redi
488 592 607 635 potest
630 587 675 627 ad
700 597 742 624 ea
761 596 842 634 quae
869 585 971 622 adire
995 584 1076 624 aliis
1098 583 1155 620 fas

87 652 248 685 nonest.
286 647 324 684 Si
356 649 437 694 quis
464 659 550 696 ergo
580 649 664 686 talis
683 654 752 693 est,
782 648 867 685 huic
899 647 967 684 soli
995 646 1154 684 revelata

85 713 189 758 patet
215 718 301 745 arca
330 710 537 746 testamenti
558 722 566 745 :
588 710 648 746 hie
674 710 772 746 videt
800 719 930 745 urnam
961 708 1154 744 habentem

84 780 230 814 manna,
245 770 305 807 hic
319 770 525 807 considerat
539 777 576 808 et
590 771 756 819 intelligit
774 769 1077 818 propitiatorium,
1094 768 1154 804 hic

85 829 248 870 intuetur
265 836 301 868 et
321 831 508 868 cherubim
522 839 728 878 utrumque,
744 837 780 867 et
793 840 958 867 mensam
972 834 1150 874 sanctam,

84 895 122 930 et
140 891 398 929 caudelabrum
431 892 577 929 luminis
599 897 636 928 et
655 892 769 928 altare
794 889 944 927 incensi.
973 889 1045 925 Iste
1074 889 1152 925 haec

84 953 304 999 considerat,
324 960 359 991 et
379 953 546 1000 intelligit
568 952 791 999 spiritaliter,
813 950 851 987 id
869 953 940 993 est,
962 949 1024 995 qui
1040 950 1151 985 verbo

83 1014 148 1051 Dei
179 1019 216 1051 et
242 1014 427 1061 sapientia}
445 1013 629 1060 mysteriis
649 1021 796 1060 operam
816 1012 890 1054 dat,
913 1016 949 1047 et
978 1010 1052 1047 Deo
1083 1010 1150 1046 soli

82 1077 120 1115 iu
150 1075 285 1112 sanetis
311 1079 427 1110 vacat.
454 1065 553 1110 Sciat
578 1082 664 1109 sane
692 1072 748 1109 cui
769 1073 845 1108 haee
872 1071 1090 1115 revelantur,
1114 1076 1149 1107 et

81 1136 294 1182 spiritaliter
321 1136 546 1181 inspiciendo
573 1135 783 1178 creduntur,
815 1144 883 1170 nec
907 1134 974 1170 sihi
1006 1138 1147 1169 tantum

1222 336 1296 373 lata
1314 337 1541 385 perspicere,
1565 342 1608 373 ut
1627 337 1746 374 sciant
1771 337 1840 374 sibl
1858 335 2009 378 'velanda
2033 339 2110 382 ltaec
2136 353 2174 384 et
2199 360 2286 398 ope-

1222 397 1371 442 rienda,
1396 397 1459 434 ubi
1492 397 1633 434 caeteris
1664 397 1744 434 dari
1774 407 1843 442 ca,
1879 391 1916 435 et
1946 398 1986 435 lu
2017 410 2107 447 opus
2131 407 2283 450 prorem

1223 458 1316 494 ratio
1355 459 1574 505 poposcerit.
1622 458 1708 496 Post
1749 459 1828 495 liaec
1869 459 2001 497 dicitur
2040 461 2086 499 de
2125 462 2282 513 Levitis,

1223 518 1308 566 quia
1338 518 1515 556 tolluntur
1548 530 1569 555 a
1596 519 1782 556 tricesimo
1808 525 1904 557 anno
1933 525 1971 556 et
1998 527 2107 568 supra
2123 549 2134 567 ,
2173 533 2287 572 usque

1222 581 1268 617 ad
1285 579 1628 627 quinquagesimum
1662 590 1813 625 annum,
1846 589 1972 618 omnes
1991 581 2054 628 qui
2079 582 2287 631 ingrediun-

1223 647 1283 678 tur
1306 642 1351 678 ad
1375 642 1617 679 ministerium
1638 642 1860 680 tabernaculi
1886 642 2045 688 foederis,
2068 646 2144 683 sive
2160 657 2287 686 secun-

1223 703 1308 740 dum
1337 703 1534 741 editionem
1565 703 1676 749 LXX,
1708 704 1882 740 tolluntur
1905 705 2040 743 Levltae
2065 716 2087 742 a
2115 707 2287 746 vicesimo

1221 767 1347 815 quinto
1364 778 1460 804 anno
1478 772 1514 804 et
1532 778 1656 814 supra,
1677 777 1791 814 usque
1806 768 1850 804 ad
1868 767 2206 816 quinquagesimum
2224 780 2287 806 an-

1221 839 1323 873 num,
1358 839 1484 865 omnes
1506 829 1568 874 qui
1587 829 1789 875 procedunt
1805 827 1849 863 ad
1882 838 1972 876 opus
1995 839 2160 876 operum,
2188 837 2225 867 et
2242 832 2288 868 ad

1221 900 1331 935 opera
1357 900 1438 937 quae
1455 894 1649 937 portantur
1673 889 1896 927 tabernaculi
1917 891 2131 928 testimonii.
2159 892 2288 930 Obser-

1220 963 1266 988 va
1282 953 1319 988 in
1334 953 1391 989 his
1402 954 1673 990 distinctionem
1693 965 1903 991 sermonum
1928 955 2125 1003 Scripturae
2139 957 2282 993 divinae.

1221 1011 1290 1048 Ubi
1310 1013 1353 1048 de
1370 1014 1543 1059 operibus
1573 1013 1731 1050 filiorum
1762 1014 1873 1051 lsrael
1901 1015 2078 1062 loquitur,
2105 1027 2176 1053 non
2195 1017 2286 1054 dixit

1219 1083 1329 1121 opera
1351 1084 1517 1121 operum,
1554 1075 1617 1111 sed
1636 1075 1713 1111 sola
1738 1086 1861 1122 opera.
1883 1076 1953 1113 Ubi
1968 1088 2055 1113 vero
2089 1078 2133 1114 de
2154 1078 2285 1114 officiis

1218 1134 1443 1179 Levitarum,
1465 1145 1536 1170 non
1553 1134 1629 1171 sola
1646 1146 1773 1181 opera,
1792 1135 1854 1172 sed
1874 1146 1984 1182 opera
1999 1147 2162 1183 operum.
2182 1137 2284 1174 Sicut

81 1208 162 1234 esse
181 1197 322 1244 aperire
338 1197 428 1240 haee,
450 1202 485 1232 et
504 1195 662 1243 pandere
677 1195 808 1241 quibus
829 1205 898 1230 non
921 1194 1003 1230 licet
1024 1193 1147 1241 pandi,
1168 1193 1200 1233 B
1218 1197 1315 1234 enim
1333 1203 1416 1233 sunt
1434 1197 1598 1243 quaedam
1615 1202 1756 1241 sancta,
1779 1203 1863 1232 sunt
1883 1203 2003 1234 autem
2021 1203 2058 1235 et
2073 1198 2143 1234 alia
2155 1205 2283 1235 sancta

78 1260 142 1297 sed
162 1260 306 1306 operire
337 1259 442 1295 debet
473 1258 625 1306 singula,
648 1264 685 1294 ct
712 1263 836 1304 operta
865 1257 1005 1294 caeteris
1029 1257 1148 1292 minus

79 1321 271 1367 capacibus
305 1320 447 1356 tradere
479 1319 656 1367 portanda
691 1319 853 1355 humeris
880 1325 916 1354 et
947 1319 1147 1355 cervicibus

79 1382 310 1429 imponenda.
328 1381 416 1418 Cum
436 1382 530 1417 enini
554 1392 595 1417 ex
621 1381 742 1417 verbis
762 1380 924 1427 mysticis
955 1380 1087 1416 eruditi
1111 1385 1147 1416 et

76 1444 226 1491 perfecti
248 1445 380 1490 quique
404 1445 570 1480 doctores
590 1454 699 1489 opera
723 1442 863 1491 populis
884 1443 1090 1489 injungunt,
1111 1447 1147 1478 et

75 1505 177 1548 plebs
202 1504 274 1548 agit
306 1504 450 1550 quidem
481 1510 517 1539 ct
538 1503 662 1549 implet
689 1513 768 1548 qnae
804 1504 1038 1546 mandantur,
1074 1513 1146 1538 non

77 1570 199 1600 tamen
218 1575 342 1600 corum
362 1576 441 1610 qua:
459 1570 634 1610 geruntur
661 1564 829 1610 iutelligit
846 1563 1039 1606 rationem,
1060 1564 1146 1610 quid

75 1628 172 1665 aliud
192 1630 343 1676 geritur,
362 1629 430 1664 nisi
448 1639 558 1673 opera
583 1634 619 1663 et
638 1627 756 1663 velata
779 1626 915 1663 Sancta
937 1634 1145 1663 sanctorum

75 1701 185 1736 super
205 1692 375 1727 humeros
395 1689 608 1736 portantur?
628 1689 672 1724 Et
690 1696 729 1724 ut
747 1688 974 1725 manifestius
995 1699 1074 1734 quae
1093 1688 1146 1724 di-

75 1759 208 1790 cuutur
228 1754 411 1797 advertas,
438 1752 613 1798 exemplis
634 1757 666 1787 te
684 1761 728 1787 ex
750 1751 881 1787 divinis
900 1751 1144 1786 voluminibus

75 1816 250 1852 adhibitis
266 1815 557 1851 informabimus.
579 1813 720 1860 Moyses
743 1813 966 1859 intelligebat
982 1813 1060 1849 sine
1084 1813 1145 1848 du-

74 1877 134 1913 bio
163 1887 244 1923 quae
270 1881 368 1913 esset
397 1886 482 1912 vera
515 1875 758 1918 circumcisio,
793 1874 1017 1921 intelligebat
1049 1876 1144 1920 quod

73 1943 169 1974 csset
198 1948 323 1974 verum
349 1938 505 1984 pascha;
533 1936 670 1972 sciebat
693 1946 774 1981 qua>
793 1941 916 1972 essent
939 1946 1032 1972 verae
1059 1946 1143 1972 uco-

72 1999 215 2042 meniae,
237 2005 272 2035 et
290 2009 371 2044 quae
387 2009 474 2035 vera
497 1999 660 2034 sabbata.
682 1998 727 2034 Et
745 2008 827 2034 cum
847 1998 923 2034 haec
941 1999 1063 2034 omnia
1084 1999 1142 2035 in-

74 2060 269 2096 tellexisset
300 2061 336 2096 in
368 2060 512 2106 spiritu,
546 2059 666 2096 verbis
699 2065 821 2096 tamen
854 2066 890 2097 ct
922 2071 988 2107 per
1020 2072 1141 2097 rerum

1218 1264 1439 1302 sanctorum,
1473 1259 1522 1294 ita
1539 1260 1807 1304 suntquaedam
1831 1270 1954 1306 opera,
1994 1264 2030 1296 ct
2064 1260 2134 1295 alia
2169 1271 2279 1306 opera

1216 1331 1381 1367 operum.
1404 1320 1505 1356 Unde
1529 1321 1672 1356 videtur
1694 1321 1783 1356 mihi
1814 1321 1898 1366 quia
1923 1321 2065 1369 Moyses
2086 1322 2146 1357 ubi
2168 1323 2282 1358 sensit

1216 1392 1295 1417 esse
1314 1382 1479 1427 quaedam
1500 1392 1610 1427 opera
1628 1381 1784 1416 risibilia
1806 1381 1967 1427 quidem,
1997 1382 2059 1418 sed
2077 1383 2209 1429 quibus
2230 1383 2280 1418 in-

1216 1447 1311 1478 esset
1344 1442 1495 1477 interior
1528 1441 1599 1476 alia
1619 1442 1770 1488 mystica
1793 1447 1828 1477 et
1855 1442 1997 1478 occulta
2027 1442 2277 1489 intelligentia,

1216 1503 1293 1538 haee
1332 1513 1403 1538 uon
1441 1502 1555 1538 solum
1581 1513 1706 1549 opera,
1740 1503 1802 1538 sed
1832 1513 1942 1549 opera
1961 1513 2111 1550 operum
2133 1504 2278 1539 dixerit.

1217 1564 1303 1608 Quae
1338 1574 1424 1599 vero
1456 1564 1662 1598 communia
1697 1568 1733 1598 et
1752 1564 1942 1609 praesentis
1963 1565 2078 1600 solum
2107 1565 2281 1610 temporis

1215 1636 1324 1672 opera
1342 1624 1530 1667 intellexit,
1554 1625 1631 1660 haec
1648 1624 1763 1661 solum
1786 1635 1893 1670 opera
1914 1625 2168 1660 nominaverit.
2189 1625 2282 1661 Sunt

1214 1695 1300 1731 ergo
1336 1685 1501 1730 quaedam
1535 1694 1644 1731 opera
1684 1695 1849 1730 operum,
1881 1695 1960 1730 quae
1986 1695 2052 1732 ego
2087 1691 2174 1732 puto
2200 1696 2280 1721 esse

1213 1747 1290 1783 haee
1306 1747 1439 1790 onmia,
1458 1747 1501 1783 de
1518 1748 1646 1793 quibus
1663 1747 1718 1782 vel
1739 1748 1776 1782 in
1796 1747 1966 1792 praesenti
1983 1747 2149 1792 lectione,
2167 1749 2224 1783 v<el
2243 1749 2280 1784 in

1213 1807 1350 1849 Exodo,
1371 1807 1460 1842 etin
1486 1806 1628 1842 caeteris
1656 1806 1744 1842 locis
1781 1808 1848 1842 sub
1884 1807 2037 1843 occultis
2070 1808 2280 1854 praecipitur

1213 1869 1420 1916 mysteriis;
1443 1874 1558 1914 etpro
1574 1874 1675 1914 parte
1700 1869 1735 1903 iu
1763 1869 1950 1914 praesenti,
1973 1879 2039 1915 pro
2058 1878 2161 1915 parte
2186 1880 2274 1905 vero

1213 1931 1399 1977 explendis
1418 1930 1454 1965 iu
1470 1928 1632 1964 futurum
1653 1939 1661 1964 z
1679 1940 1758 1975 quac
1775 1935 1908 1973 tamen,
1927 1935 1967 1965 ut
1985 1931 2278 1976 dixinuts,opera

1212 1990 1370 2040 operum'
1395 2003 1468 2029 non
1510 1990 1673 2033 cuilibet,
1711 1991 1774 2026 sed
1812 1991 1931 2027 levitis
1972 1991 2059 2028 solis
2104 1992 2278 2028 tradenda

1212 2054 1452 2096 mandantur3
1475 2059 1512 2087 et
1530 2052 1625 2087 inter
1641 2051 1789 2087 Levitas
1809 2051 1906 2097 ipsos
1924 2061 1995 2086 non
2018 2051 2117 2096 prius
2136 2052 2181 2086 ad
2201 2051 2279 2086 haec

72 2122 316 2167 corporalium
349 2122 487 2168 species
518 2121 883 2167 adumbrationesque
910 2121 1067 2158 velabat,
1098 2122 1143 2158 Ει
1162 2119 1193 2161 C
1213 2125 1323 2160 opera
1345 2113 1538 2159 quisquam
1579 2117 1744 2155 vocatur,
1771 2110 1841 2146 nisi
1870 2111 2042 2146 vicesimo
2074 2111 2217 2146 demum
2243 2116 2280 2146 et

72 2192 154 2219 cum
182 2183 292 2221 sciret
323 2193 449 2218 verum
478 2183 614 2228 pascha
646 2182 904 2220 immolandum
933 2193 1012 2219 esse
1033 2182 1138 2220 Chria

71 2250 182 2286 stum,
201 2243 390 2290 corporale
422 2243 600 2279 immolari
629 2244 778 2280 mandat
802 2245 951 2290 pascha.
976 2245 1139 2291 Cumque

72 2306 182 2343 sciret
198 2306 292 2342 diem
311 2306 442 2342 festum
459 2316 565 2352 agere
583 2306 716 2342 debere
735 2307 770 2342 iu
791 2306 929 2354 azymis
943 2306 1137 2342 sincerita-

79 2367 124 2403 tis
143 2372 179 2403 et
198 2368 374 2410 veritatis,
395 2373 514 2404 tamen
533 2368 576 2403 ‹ic
592 2367 718 2403 farinae
737 2368 873 2415 azymis
889 2367 1136 2414 praecipiebat.

70 2426 154 2463 Haec
167 2437 252 2473 ergo
270 2434 306 2464 et
322 2427 527 2473 hujusmodi
543 2433 647 2464 crant
663 2420 795 2463 Sancta
813 2434 1033 2464 sauctorum.
1052 2427 1137 2472 Qua}

70 2497 151 2522 eum
172 2487 312 2534 Moyses
332 2489 506 2534 portanda
525 2489 666 2524 cacteris
685 2489 858 2531 traderet,
882 2488 919 2523 id
938 2494 1007 2531 cst,
1030 2489 1139 2523 rebus

70 2552 107 2582 ct
138 2549 306 2592 operibus
335 2549 531 2594 implenda,
555 2553 725 2595 cooperta
756 2554 876 2582 tamen
901 2558 941 2583 ea
965 2553 1000 2582 et
1020 2547 1139 2583 velata

72 2611 256 2646 communi
273 2620 480 2646 sermonum
498 2611 662 2645 tradebat
677 2610 834 2655 eloquio.
851 2609 1001 2644 llumeri
1019 2614 1139 2645 autem

71 2672 166 2717 quod
184 2682 331 2718 operum
355 2671 530 2709 iudicium
553 2675 713 2713 teneant,
740 2671 776 2709 in
794 2670 916 2706 multis
942 2670 1139 2717 Scripturae

70 2733 162 2770 locis
180 2743 274 2780 saepe-
294 2734 530 2770 ostendimus.
554 2732 623 2768 Sed
643 2733 679 2768 in
699 2732 954 2769 ecclesiasticis
971 2733 1139 2769 ohserva-

71 2794 228 2830 tionibus
247 2800 330 2830 sunt
346 2793 519 2830 nonrmlla
540 2792 760 2838 hujusmodi,
779 2803 859 2839 quac
876 2793 1044 2829 omnihus
1063 2793 1139 2838 qui-

71 2856 152 2893 dem
177 2856 296 2893 facere
318 2866 466 2892 necesse
490 2860 558 2899 cst,
589 2866 657 2892 nee
676 2861 798 2892 tamen
817 2855 985 2891 omnibus
1011 2865 1138 2890 eorum

70 2923 170 2964 patet
183 2918 397 2956 intellectus.
417 2917 507 2954 Nam
528 2916 622 2963 quod
643 2916 742 2960 verbi
757 2916 873 2964 gratia
889 2927 1005 2963 genua
1027 2915 1138 2952 ssecti-

37 3009 42 3022 ,
72 2989 152 3015 mus
171 2984 334 3023 orantes,
355 2984 391 3015 et
411 2979 506 3024 quod
524 2988 571 3014 ex
598 2977 764 3013 omnibus
780 2976 861 3014 coeli
877 2976 992 3024 plagis
1013 2977 1059 3012 ad
1080 2987 1137 3012 so-

38 3031 44 3052 ¹'
71 3038 142 3076 lam
167 3040 318 3082 orientis
341 3039 483 3086 plagam
513 3038 678 3075 conversi
705 3038 906 3075 orationem
937 3038 1133 3082 fundimus,

72 3109 143 3136 non
162 3099 258 3136 sacili
280 3100 449 3146 cuiquam
478 3105 564 3146 puto
592 3099 730 3136 ratione
749 3105 986 3144 compertum.
1010 3098 1133 3135 Sedet

72 3161 300 3197 eucharistiae
324 3161 400 3196 sive
423 3160 677 3207 percipiendae,
708 3160 783 3196 sive
811 3169 938 3195 eorum
963 3159 1035 3195 ritu
1052 3170 1132 3207 quae

71 3221 209 3268 geritur
238 3221 479 3269 explicandae,
513 3221 570 3258 vel
604 3231 731 3258 eorum
774 3231 854 3267 quae
883 3227 1058 3268 geruntur
1094 3221 1132 3257 in

71 3281 250 3328 baptismo
280 3283 472 3330 verborum
505 3287 780 3330 gestorumque,
813 3288 850 3320 et
876 3283 1044 3320 ordinum
1078 3289 1133 3319 at-

72 3351 143 3388 que
166 3342 501 3389 interrogationum,
529 3342 608 3389 quis
634 3342 740 3380 facile
757 3342 914 3390 explicet
931 3344 1131 3380 rationem?

74 3400 121 3438 Et
149 3407 269 3440 tamen
299 3403 420 3440 omnia
450 3405 527 3441 haec
554 3413 663 3454 opera
692 3403 777 3441 licet
807 3410 844 3442 et
871 3405 990 3441 velata
1013 3411 1133 3452 porta-

75 3471 156 3499 mus
178 3473 286 3511 super
308 3465 479 3502 humeros
505 3470 660 3509 nostros,
691 3475 773 3502 cum
799 3466 848 3502 ita
875 3466 1063 3512 implemus
1089 3476 1131 3502 ea

74 3530 114 3562 et
145 3528 394 3573 exsequimur,
425 3533 466 3563 ut
497 3538 520 3567 a
550 3538 680 3575 magno
712 3528 884 3575 pontifice
919 3535 1026 3574 atque
1054 3527 1132 3573 ejus

76 3580 160 3623 tuus
191 3588 324 3624 tradita
361 3594 398 3629 et
432 3588 683 3627 commendata
717 3589 954 3636 suscepimus.
994 3587 1132 3624 Cuncta

78 3654 168 3693 ⁶18⁰
192 3647 272 3690 hnc
297 3655 335 3689 et
362 3651 495 3689 horum
518 3650 652 3688 similia
681 3640 762 3687 cum
790 3650 964 3698 gerimus,
995 3660 1062 3686 nec
1086 3654 1137 3685 ta-

77 3716 164 3749 men.
184 3715 312 3758 m
325 3711 553 3764 assequimur
567 3712 766 3757 rationem,
789 3711 952 3749 levamus
974 3710 1136 3748 humeris

80 3770 215 3808 nostris
256 3774 295 3808 et
327 3765 514 3820 portamus
549 3773 720 3821 adoperta
757 3779 794 3810 et
831 3773 975 3810 obtecta
1016 3771 1136 3809 divina

10 3778 256 4016 knystoria
285 3843 294 3852 ·
329 3831 400 3870 uisi
428 3832 461 3871 si
493 3832 575 3879 quis
613 3832 662 3870 sit
693 3832 789 3870 inter
817 3842 884 3870 nos
916 3831 1038 3869 Aaron
1073 3835 1137 3868 aut

1209 2177 1336 2223 quinte
1347 2187 1441 2212 anno
1458 2175 1542 2211 vitae
1552 2185 1640 2217 suae,
1653 2183 1769 2219 usquc
1779 2173 1824 2208 ad
1834 2172 2192 2219 quinquagesimum.
2207 2171 2277 2208 Sed

1207 2247 1280 2273 non
1297 2241 1398 2272 caret
1416 2241 1662 2278 sacramento,
1684 2244 1731 2270 ue
1762 2234 1839 2280 ips-e
1863 2234 2007 2280 quidem
2028 2233 2154 2279 viginti
2171 2233 2278 2279 quiu-

1207 2308 1277 2344 que
1296 2303 1332 2332 et
1350 2296 1614 2342 quinquaginta
1641 2305 1814 2331 numerus
1844 2305 2036 2329 annerum.
2062 2293 2153 2328 Nam
2172 2294 2207 2328 in
2224 2294 2277 2328 vi-

1208 2359 1345 2405 gesimo
1373 2358 1499 2402 quinto
1530 2366 1680 2391 numero
1699 2356 1859 2402 quinque
1894 2365 2065 2391 sensuum
2098 2353 2273 2399 perfectio

1209 2419 1431 2461 declaratur,
1479 2418 1529 2452 ita
1562 2422 1603 2452 ut
1635 2416 1826 2462 quinquies
1860 2415 1987 2460 quinto
2022 2419 2270 2449 numerentur.

1208 2481 1311 2524 Quod
1330 2480 1451 2524 utique
1469 2478 1603 2514 indicat
1622 2488 1704 2513 euni
1724 2477 1847 2512 vocari
1872 2477 1916 2511 ad
1935 2486 2045 2521 opera
2066 2485 2215 2521 operum
2232 2475 2267 2510 iu

1208 2538 1410 2575 ministerio
1441 2536 1659 2584 peragenda,
1682 2536 1744 2581 qui
1773 2546 1818 2570 ex
1850 2536 1947 2571 ouini
1976 2540 2078 2580 parte
2099 2534 2271 2580 multipli-

1208 2601 1298 2637 eatis
1315 2605 1351 2635 ct
1366 2599 1565 2644 purificatis
1581 2598 1762 2639 sensibus,
1781 2596 1963 2632 iuvenitur
1979 2606 2059 2632 esse
2073 2595 2270 2642 perfectus.

1211 2662 1250 2698 Si
1270 2667 1390 2696 autem
1411 2660 1632 2696 voluerimus
1666 2659 1783 2704 legere
1815 2658 2040 2694 tricesimum
2062 2668 2269 2702 numerum,

1207 2730 1247 2761 ut
1269 2725 1334 2760 sub
1355 2734 1398 2759 eo
1430 2722 1678 2768 ingrediantur
1709 2720 1843 2756 Levitae
1880 2721 1924 2756 ad
1950 2720 2193 2755 ministerium
2218 2727 2270 2756 ta«

1207 2785 1407 2827 bernacuh,
1438 2785 1596 2820 sciamus
1614 2783 1683 2820 hoc
1708 2792 1780 2818 non
1802 2783 1880 2818 sine
1899 2792 2003 2818 sacro
2032 2791 2111 2818 esse
2132 2787 2267 2829 myste-

1207 2847 1275 2882 rio.
1298 2845 1519 2881 Tricesimus
1539 2843 1636 2879 euim
1665 2854 1837 2879 numerus
1857 2854 1927 2890 quo
1947 2843 2118 2879 denarius
2138 2854 2267 2880 nume-

1207 2917 1270 2941 rus
1286 2910 1340 2940 ter
1360 2910 1499 2941 constat
1517 2914 1598 2940 esse
1626 2903 1901 2949 multiplicatus,
1924 2903 2167 2950 integritatem
2185 2904 2269 2940 sulci

1207 2967 1388 3015 significat
1418 2977 1501 3003 eum
1532 2965 1756 3011 perfectione
1789 2966 1967 3002 bonorum
1990 2976 2154 3012 operum,
2190 2967 2266 3002 sine

1154 3032 1190 3072 D
1208 3029 1340 3076 quibus
1369 3028 1488 3064 nullus
1516 3033 1621 3074 aptus
1647 3033 1701 3063 est
1736 3027 1781 3064 ad
1817 3028 2057 3064 ministerium
2090 3029 2264 3064 divinum.

1207 3091 1278 3127 Sed
1299 3097 1333 3126 et
1353 3091 1553 3126 innumeris
1571 3090 1769 3135 Scriptura}
1790 3096 1924 3129 saneta:
1943 3090 2032 3125 locis
2050 3089 2266 3124 tricenarius

1205 3141 1389 3195 numerus,
1423 3152 1561 3188 Christi
1594 3157 1632 3188 et
1661 3151 1832 3187 Ecclesiae
1857 3151 2094 3187 sacramentis
2122 3154 2265 3195 aptatus

1204 3215 1402 3252 invenitur.
1441 3214 1534 3250 Nam
1568 3219 1605 3249 ct
1629 3213 1762 3259 ,loseph
1780 3212 1840 3259 qui
1861 3213 1897 3247 in
1918 3212 2069 3258 figuram
2098 3221 2262 3247 resurre-

1203 3277 1335 3314 ctionis
1348 3276 1512 3322 Novique
1524 3275 1745 3311 Testamenti
1762 3273 1943 3318 octoginta
1953 3272 2058 3307 annis
2071 3270 2262 3319 AEgyptios

1205 3348 1227 3374 a
1250 3337 1347 3373 same
1363 3336 1536 3379 defendit,
1563 3334 1779 3370 tricenarius
1804 3331 1937 3367 ablutis
1959 3330 2131 3377 ergastuli
2151 3331 2264 3368 sordi-

1203 3398 1284 3442 bus,
1307 3398 1408 3445 regui
1438 3394 1683 3444 gubernacula
1719 3393 1896 3438 suscepit3
1928 3397 1965 3427 et
1987 3392 2100 3428 David
2133 3393 2260 3429 eadem

1202 3463 1310 3494 aetate
1329 3466 1480 3503 regnum
1500 3454 1595 3500 quod
1625 3452 1936 3499 septuagenarius,
1952 3451 2022 3488 hoc
2042 3458 2111 3496 est,
2130 3462 2260 3499 perpe-

1202 3524 1264 3555 tua
1287 3519 1408 3565 quiete
1433 3517 1562 3563 dignus
1582 3515 1794 3562 compleret,
1815 3514 2008 3558 inchoavit,
2031 3522 2069 3552 et
2090 3515 2259 3556 Ezechiel

1203 3579 1350 3624 triginta
1375 3587 1567 3619 annorum,
1594 3575 1730 3621 apertis
1747 3574 1815 3612 sibi
1835 3574 1936 3612 coetis
1941 3575 2149 3624 prophetiae
2165 3575 2260 3612 dona

1201 3638 1414 3688 promeruit.
1434 3637 1479 3672 Et
1487 3636 1572 3683 quia
1586 3646 1652 3683 per
1665 3635 1772 3672 tidem
1785 3639 1822 3672 et
1834 3634 1986 3672 adversa
2001 3635 2258 3685 longanlmlter

1201 3701 1302 3746 ferri,
1326 3705 1362 3737 et
1380 3698 1584 3736 sublimiter
1603 3697 1734 3735 debent
1751 3697 1898 3745 praemia
1923 3697 2079 3745 sperari,
2108 3700 2147 3735 et
2163 3688 2258 3736 aaa

1200 3762 1256 3801 vel
1272 3759 1396 3807 templi
1417 3758 1584 3803 altitudo,
1602 3764 1640 3795 et
1658 3757 1883 3795 tabernaculi
1901 3757 2088 3806 longitudo
2104 3754 2254 3806 triginta

1201 3824 1333 3864 cubitis
1358 3825 1601 3860 mensuratur.
1630 3819 1958 3869 Quinquagesimus
1985 3823 2106 3858 autem
2129 3829 2256 3858 nume-
