2540 4016
310 147 408 188 1125
757 139 798 175 B.
825 135 994 174 RABANI
1019 135 1168 182 MAURI
1193 129 1406 179 ARCHIEP.

307 231 375 258 nus
394 214 652 264 diripientium.
664 213 832 259 Quandiu
855 211 935 257 quis
948 210 1023 246 Deo
1038 210 1164 253 servit,
1193 218 1266 245 non
1283 211 1360 242 tra-
1377 205 1414 246 A

308 282 404 318 ditur
425 279 462 314 in
479 285 608 312 manus
628 272 898 320 diripientium;
921 279 1003 307 eum
1024 274 1147 306 autem
1161 267 1362 314 derelique-

306 342 354 377 rit
371 340 499 381 Deum,
522 340 558 372 et
576 334 713 371 servire
738 331 891 378 eoeperit
909 330 1141 378 passionibus
1159 329 1248 373 suis,
1275 333 1371 365 tunc

307 403 437 440 dicitur
451 401 495 436 de
515 409 572 440 eo,
597 396 682 443 quia
713 394 863 431 tradidit
893 404 976 431 eum
996 393 1092 430 Deus
1108 392 1146 429 in
1175 391 1364 439 passiones

306 461 523 511 ignominiae.
559 458 606 494 Et
641 458 774 494 iterum
792 468 800 491 :
820 454 982 491 Tradidit
1012 465 1070 491 eos
1106 454 1143 490 in
1181 452 1363 500 reprobum

306 535 466 568 sensum,
485 526 523 559 ut
558 519 690 567 saciant
711 530 752 554 ea
779 529 856 566 quae
882 528 952 553 non
971 516 1191 553 conveniunt.
1214 513 1365 560 Quare?

308 586 399 629 Quia
433 581 553 630 repleti
585 584 679 623 sunt,
701 577 829 627 inquit,
851 577 947 612 omni
974 575 1172 623 iniquitate,
1194 574 1362 621 nequitia,

306 644 551 693 fornicatione,
571 639 734 682 avaritia,
749 643 786 675 et
801 637 941 675 caeteris
960 636 1126 673 omnibus
1142 645 1222 682 quae
1241 634 1365 671 dieun-

307 714 364 744 tur
382 706 500 755 (Rom.
523 702 563 751 1).
595 701 697 739 Sicut
710 705 747 736 et
764 699 825 736 hie
851 698 974 743 modo,
1002 698 1062 745 qui
1081 697 1290 739 servierunt,
1307 695 1364 730 in-

307 770 398 816 quit,
435 773 466 803 et
493 765 729 802 adoraverunt
756 760 898 798 Baalim
932 765 965 797 et
990 759 1192 802 Astartlien‚
1221 757 1366 793 tradidit

308 830 386 867 illos
420 829 515 864 Deus
543 827 580 861 in
608 823 770 861 titanibus
798 820 1050 868 diripientium,
1084 825 1114 855 et
1136 819 1249 864 sactus
1263 822 1311 852 est
1331 816 1368 851 in

309 889 468 925 manibus
484 886 706 923 inimicorum
730 892 888 918 suorum.
910 879 987 917 Hoc
1005 889 1092 926 ergo
1119 878 1226 914 modo
1243 876 1368 911 intelli-

308 949 463 996 gendum
484 951 539 983 est
555 946 670 982 Deum
686 943 830 980 tradere
850 951 941 987 quos
959 939 1084 983 tradit,
1097 949 1169 975 non
1189 938 1272 983 quia
1290 937 1369 982 ipse

310 1013 430 1048 tradat
449 1011 622 1057 aliquem,
644 1007 706 1044 sed
720 1016 765 1043 ex
782 1015 825 1041 eo
840 1003 936 1052 quod
951 1001 1167 1048 derelinquit
1188 1000 1366 1046 indignos,

309 1083 371 1108 005
392 1071 531 1108 seilicet
568 1079 629 1114 (1111
653 1077 692 1103 50
723 1076 795 1101 11011
814 1065 864 1100 113
885 1063 1056 1100 excolunt
1072 1067 1108 1097 et
1123 1072 1144 1096 a
1160 1060 1257 1096 vitiis
1285 1069 1370 1107 pur-

310 1137 411 1179 gant,
427 1135 467 1167 ut
485 1131 638 1166 libenter
662 1128 698 1162 iu
718 1126 770 1162 eis
783 1125 924 1161 habitet
938 1124 1045 1158 Deus.
1075 1121 1155 1167 Ipso
1170 1120 1369 1166 refugiente
1387 1116 1420 1160 B

310 1199 418 1238 atque
437 1194 621 1227 avertente
641 1197 681 1223 se
698 1187 743 1222 ab
760 1185 892 1225 anima,
925 1193 1004 1229 quae
1025 1182 1061 1218 in
1079 1180 1307 1217 immunditia
1327 1190 1370 1217 ae

310 1255 409 1291 vitiis
440 1253 558 1299 posita
585 1254 651 1292 est,
673 1248 807 1284 tradita
826 1245 958 1282 dieitur
975 1255 1019 1279 ex
1037 1254 1080 1279 eo
1099 1243 1193 1289 quod
1210 1242 1284 1278 Deo
1304 1252 1368 1278 va—

310 1326 378 1352 cua
407 1312 601 1353 invenitur,
642 1313 678 1344 et
700 1307 879 1342 invaditur
913 1316 932 1339 a
959 1303 1088 1350 spiritu
1117 1313 1286 1348 nequam.
1324 1302 1370 1337 Et

311 1374 393 1410 ideo
411 1381 478 1407 nos
495 1378 635 1406 summo
653 1366 772 1403 studio
791 1365 993 1410 vigilemus,
1022 1367 1057 1398 et
1074 1362 1284 1398 festinemus
1304 1371 1370 1397 nos

310 1441 466 1479 purgare
484 1428 618 1465 avitiis
647 1432 682 1463 et
699 1423 1000 1471 concupiscentiis
1031 1422 1156 1464 malis,
1189 1426 1228 1456 ut
1256 1422 1369 1456 Deum

310 1495 408 1530 intra
428 1502 494 1529 nos
509 1496 629 1528 tenere
645 1488 836 1535 possimus,
869 1490 904 1521 et
918 1490 956 1520 ut
972 1485 1135 1520 habitare
1152 1483 1320 1529 dignetur
1333 1482 1369 1518 in

307 1554 425 1598 nobis,
442 1554 527 1590 dum
543 1551 743 1588 delectatur
760 1553 796 1584 et
811 1546 951 1583 aetibus
966 1549 1001 1581 et
1018 1544 1245 1581 sermonibus
1259 1548 1295 1579 et
1310 1553 1369 1579 co-

307 1616 542 1665 gitationibus
562 1613 710 1650 nostris.

701 1715 852 1752 CAPUT
880 1713 967 1751 vlu.

310 1811 412 1856 Quod
441 1810 553 1845 iratus
584 1809 756 1844 Dominus
778 1813 900 1842 contra
932 1804 1058 1846 Israel,
1080 1802 1225 1838 tradidit
1257 1813 1312 1837 eos
1334 1801 1370 1836 in

355 1868 481 1893 manas
503 1856 762 1902 diripientiunt;
784 1854 859 1895 sed,
876 1853 924 1888 eis
946 1850 1202 1898 poenitentibus,
1223 1849 1370 1883 suscita-

355 1906 403 1941 vit
430 1906 556 1940 iterum
570 1902 708 1950 judiees
738 1902 796 1949 qui
817 1900 1003 1935 liberarent
1021 1909 1077 1934 eos
1098 1898 1139 1933 de
1159 1896 1369 1932 vastantium

356 1952 531 1990 inanibus-

357 2039 475 2087 (inm.)
491 2039 679 2085 Iratusque
692 2036 861 2072 Dominus
878 2040 998 2070 contra
1012 2031 1139 2075 Israel,
1151 2031 1297 2067 tradidit
1314 2042 1370 2066 eos
1390 2019 1420 2061 C

312 2101 347 2135 in
361 2111 484 2135 manus
500 2098 751 2143 diripientium,
766 2097 824 2142 qui
843 2101 1004 2140 ceperunt
1020 2104 1078 2128 eos
1096 2099 1126 2127 et
1142 2091 1370 2127 vendiderunt

310 2160 466 2196 hostibus
484 2159 543 2204 qui
562 2157 765 2192 habitabant
787 2166 848 2201 per
871 2165 1014 2200 qyrunu
1037 2164 1098 2187 nec
1117 2156 1302 2198 potuerunt
1319 2161 1372 2184 re-

310 2221 432 2256 sistere
453 2217 666 2254 adversariis
686 2216 775 2259 suis,
793 2215 852 2250 sed
869 2224 1073 2261 quocunque
1089 2222 1228 2259 perqere
1245 2210 1373 2245 voluis-

310 2287 398 2324 sent,
421 2291 546 2315 manus
567 2278 708 2314 Domini
737 2283 810 2312 erat
831 2287 934 2322 super
953 2285 1023 2316 eos,
1043 2275 1132 2308 sicut
1152 2272 1288 2307 Iocutus
1306 2278 1370 2315 est,

310 2347 342 2378 et
355 2340 488 2386 juravit
505 2340 576 2382 eis,·
595 2343 625 2373 et
642 2338 856 2373 veliementer
871 2335 987 2381 afflicti
1004 2339 1098 2369 sunt.
1119 2332 1372 2377 Suscitavitque

311 2401 482 2437 Dominus
493 2399 632 2446 judiees
647 2397 705 2445 qui
725 2396 910 2431 liberarent
931 2406 987 2430 eos
1006 2394 1047 2429 tle
1065 2393 1274 2429 vastantium
1294 2402 1371 2427 ma-

313 2463 428 2506 nibus,
444 2461 503 2497 sed
525 2471 585 2496 nec
605 2458 684 2495 illos
702 2457 825 2493 audire
851 2455 1048 2498 voluerunt,
1066 2454 1278 2500 fornicantes
1294 2463 1372 2488 cum

311 2524 378 2560 diis
403 2522 542 2566 alienis,
560 2526 591 2557 et
620 2520 807 2556 adorantes
837 2529 908 2561 eos,
930 2518 996 2552 cito
1025 2516 1252 2551 deseruerunt
1281 2514 1373 2550 viam

311 2596 372 2632 per
397 2595 502 2632 quam
525 2581 672 2629 inqressi
690 2580 830 2626 fuerant
846 2585 961 2626 patres
987 2588 1121 2620 eornm,
1143 2582 1174 2611 et
1193 2574 1372 2611 audientes

313 2645 481 2682 mandata
508 2644 664 2687 Domini,
683 2642 800 2678 omnia
831 2640 940 2686 fecere
964 2639 1156 2682 contraria,
1173 2643 1209 2674 et
1226 2643 1369 2674 eaetera.

315 2706 394 2742 Alia
418 2712 539 2743 autem
561 2705 672 2741 editio
692 2704 744 2740 sic
765 2703 875 2740 habet
893 2714 902 2739 t
919 2702 966 2737 Et
994 2702 1146 2738 vendidit
1166 2712 1224 2737 eos
1242 2701 1279 2736 in
1295 2712 1372 2735 ma-

315 2780 399 2806 num
434 2768 655 2804 inimicorum
691 2777 835 2802 suorum
864 2766 902 2801 in
930 2765 1090 2800 circuitu.
1133 2763 1253 2808 Quaeri
1283 2762 1374 2800 solet

315 2839 428 2876 quare
458 2827 614 2863 dixerit:
637 2825 814 2869 Vendidit,
837 2830 1008 2871 tanquam
1042 2823 1186 2870 aliquod
1218 2823 1372 2870 pretium

315 2890 537 2936 intelligatur
564 2887 709 2924 datum?
731 2886 803 2923 Sed
827 2893 862 2922 et
881 2886 918 2921 in
938 2885 1081 2921 Psalmo
1100 2885 1254 2930 legitur:
1280 2882 1371 2918 Ven-

316 2950 436 2985 didisti
451 2949 617 2996 populum
638 2954 736 2983 tuum
764 2948 839 2983 sine
856 2947 965 2994 pretio
986 2945 1063 2992 (Ps.
1080 2945 1196 2991 111111).
1219 2945 1264 2980 Et
1281 2945 1375 2990 apud
1389 2927 1427 2969 D

317 3011 531 3058 prophetam
548 3021 557 3044 ε
575 3008 692 3044 Gratis
712 3009 840 3044 venditi
868 3008 963 3049 estis,
980 3012 1013 3042 et
1040 3017 1108 3042 non
1135 3018 1214 3041 eum
1232 3013 1374 3053 arqento

317 3069 536 3107 redimemini
559 3067 662 3116 (lsai.
680 3066 759 3114 111).
792 3066 910 3110 Quare
928 3076 1014 3112 ergo
1030 3065 1179 3110 venditi,
1201 3065 1231 3101 si
1251 3066 1372 3112 qratia,

318 3138 356 3170 et
374 3133 449 3168 sine
465 3131 588 3179 pretio,
604 3135 640 3166 et
654 3139 726 3165 non
738 3129 858 3176 potius
875 3127 1020 3164 donati?
1034 3128 1089 3163 An
1105 3128 1196 3164 t'orte
1212 3128 1375 3174 Scriptu-

319 3205 445 3232 rarum
473 3192 607 3230 locutio
638 3197 707 3236 est,
725 3195 766 3227 ut
792 3189 959 3227 venditus
988 3190 1098 3225 etiam
1129 3191 1189 3236 qui
1221 3190 1374 3226 donatur

319 3257 390 3295 diei
406 3255 543 3302 possit?
559 3254 626 3290 Hie
644 3257 764 3290 autem
780 3262 906 3289 sensus
924 3255 979 3288 est
994 3251 1149 3297 optimus
1168 3251 1203 3286 in
1218 3261 1261 3287 eo
1277 3252 1373 3296 quod

319 3319 454 3356 dietum
469 3322 526 3354 est
544 3329 552 3352 :
571 3313 688 3351 Gratis
706 3313 833 3351 venditi
847 3313 928 3349 estis
939 3324 952 3356 ,·
973 3317 1032 3350 et:
1054 3311 1249 3348 Vendidisti
1266 3323 1374 3359 popa-

320 3377 393 3414 lum
414 3382 512 3413 tuum
529 3377 603 3412 sine
627 3375 737 3422 pretio
754 3385 766 3410 .·
781 3374 865 3420 quia
883 3373 934 3409 illi
960 3373 1090 3421 qulbus
1109 3374 1286 3410 tradidisti
1315 3383 1376 3419 po-

319 3438 458 3487 pulum,
485 3437 588 3484 impii
615 3437 773 3480 suerunt,
792 3446 864 3472 non
882 3435 996 3472 Deum
1015 3434 1165 3472 colendo
1182 3434 1276 3471 tradi
1306 3434 1375 3471 sibi

319 3498 424 3543 illum
451 3498 622 3546 populum
644 3501 869 3540 meruerunt,
887 3500 928 3532 ut
957 3495 1036 3542 ipse
1057 3494 1174 3532 cultus
1203 3498 1376 3542 tanquam

320 3560 482 3610 pretium‘
491 3559 687 3596 videretur.
703 3557 807 3602 Quod
820 3566 907 3593 vero
921 3556 1056 3592 dietum
1073 3561 1141 3600 est,
1162 3554 1283 3604 Neque
1297 3565 1376 3591 cum

323 3628 466 3672 arqento
488 3621 728 3664 redimemini;
747 3630 820 3660 non
852 3619 913 3662 ait,
933 3629 1040 3666 neque
1071 3629 1150 3654 cum
1171 3618 1296 3666 pretio,
1313 3617 1377 3655 sed

326 3698 434 3739 neque
456 3698 534 3723 cum
555 3691 711 3735 arqento,
733 3689 773 3721 ut
789 3684 948 3732 pretium
973 3683 1230 3730 redemptionis
1249 3681 1378 3722 intelli-

327 3752 452 3800 gatur:
467 3747 573 3803 1111310
600 3746 688 3794 dicit
713 3745 896 3802 apostolus
927 3743 1055 3785 Petrus
1073 3755 1081 3780 ε
1099 3743 1181 3781 Νοη
1203 3744 1295 3793 enim
1318 3752 1378 3780 ar-

1432 129 1639 169 Moauur.
1665 128 1856 179 ornauit
1879 129 1999 168 mus
2023 130 2052 167 1.

1427 204 1529 252 qent‘o
1558 210 1592 241 et
1620 214 1708 241 auro
1740 205 1906 253 redempti
1935 206 2033 250 estis,
2051 206 2112 243 sed
2140 206 2292 260 pretioso

1429 266 1512 313 aqut
1528 265 1747 302 immaculati
1762 265 1797 314 (Ι
1816 265 1914 303 Petr.
1929 266 2021 314 1).1n
2033 273 2182 314 argento
2199 258 2297 306 enim
2311 278 2337 316 p
2363 287 2369 302 ι

1429 335 1575 362 omnem
1593 327 1786 373 pecuniam
1804 327 2035 374 significavit,
2052 326 2117 364 ubi
2139 326 2216 366 nit:
2232 329 2317 366 Non
2330 340 2409 367 eum
2514 316 2517 324 ’

1429 393 1531 434 qento
1548 387 1790 432 redimemini;
1809 389 1978 436 quoniam
2002 389 2119 436 pretio
2137 389 2298 437 quidem,
2314 402 2370 429 sa·
2388 408 2395 435 ;
2415 416 2417 420 v
2437 402 2439 405 ⁴
2461 381 2468 392 ⁹

1431 448 1582 493 Christi,
1597 459 1671 484 non
1694 453 1813 485 tamen
1843 449 1963 494 pretio
1989 449 2200 495 pecuniario
2226 440 2372 489 merant

1430 511 1564 547 mendi.
1593 510 1632 546 ln
1649 519 1692 546 eo
1708 510 1804 555 quod
1819 509 1993 546 Dominus
2007 511 2095 547 dicit
2113 522 2122 547 z
2141 510 2188 548 Et
2205 523 2267 559 eqo
2285 523 2355 550 non
2378 520 2483 562 appa*

1432 582 1514 606 nam
1546 570 1686 617 auferre
1704 569 1817 606 virum
1835 581 1857 606 a
1877 569 1967 616 facie
1985 571 2140 619 ipsorum
2167 572 2211 608 de
2226 573 2383 620 yentibus
2401 585 2471 620 qua

1433 631 1571 678 reliquit
1599 630 1696 676 filius
1724 630 1839 675 Nave,
1861 637 1895 667 et
1918 631 2054 669 dimisit
2080 633 2126 669 ad
2155 635 2359 671 tentandum
2384 636 2422 673 in

1434 690 1559 734 Israel,
1583 691 1614 726 si
1649 691 1878 727 observabunt
1908 692 2000 728 viam
2026 693 2182 738 Domini,
2204 694 2301 731 abire
2328 696 2366 731 in
2396 707 2474 732 eam
2512 709 2516 718 ·

1433 751 1727 798 quemadmodum
1757 752 1997 789 custodierunt
2025 759 2142 800 patres
2170 766 2376 800 eorum‚an
2403 769 2448 794 no
2510 750 2517 771 ³

1435 812 1481 847 Et
1501 813 1631 848 dimisit
1648 812 1821 849 Dominus
1839 819 1955 860 qentes
1982 815 2058 860 lias,
2077 822 2115 851 ut
2143 827 2211 852 non
2234 818 2388 862 auferret
2409 818 2471 855 illa
2490 847 2495 854 .

1437 878 1531 916 111110,
1549 880 1578 908 et
1601 884 1669 908 uon
1689 873 1836 908 tradidit
1854 873 1933 909 illas
1949 874 1983 910 in
2002 885 2127 911 nianus
2139 876 2223 911 Jesu
2234 888 2247 919 ;
2262 877 2352 913 satis
2367 882 2461 914 oste·
2496 903 2498 906 .

1437 934 1533 971 ditm·
1565 944 1674 970 eausa
1712 945 1823 980 quare
1854 945 1926 971 non
1944 924 2065 972 'Jesus
2101 947 2228 973 omnes
2259 937 2338 974 illas
2367 926 2513 985 30111051.ι

1437 995 1604 1031 bellando
1625 995 1815 1036 deleverim
1838 997 1920 1042 quia
1954 997 2022 1033 1100
2043 998 2072 1033 si
2094 998 2211 1042 lieret,
2232 1010 2303 1036 nou
2335 1006 2431 1036 esset
2456 993 2511 1037 ini
2531 1010 2534 1011 ’

1438 1055 1566 1101 quibus
1596 1056 1655 1092 isti
1684 1056 1940 1102 probarentur.
1968 1058 2167 1094 Potuerunt
2198 1065 2318 1096 autem
2351 1071 2430 1097 esse
2449 1059 2495 1096 ad
2530 1050 2539 1070 ³⁴

1438 1116 1631 1152 utilitatem
1651 1117 1826 1163 ipsorum,
1846 1118 1875 1153 si
1893 1118 2021 1153 tentati
2041 1118 2076 1153 in
2098 1119 2160 1162 eis,
2183 1131 2255 1155 non
2276 1120 2421 1166 reprobi
2440 1121 2495 1156 in-
2525 1117 2540 1162 ξ

1440 1178 1669 1221 venirentur;
1694 1178 1818 1224 eisque
1848 1178 1979 1214 talibus
1999 1179 2154 1214 inventis
2182 1180 2305 1224 quales
2324 1190 2387 1216 eos
2415 1190 2496 1217 esse
2523 1167 2540 1220 -ἷ

1439 1239 1570 1274 debere
1589 1243 1810 1284 praeceperat
1831 1239 2016 1280 Dominus,
2029 1237 2104 1282 jam
2123 1244 2245 1283 gentes
2277 1239 2346 1275 illae
2380 1240 2499 1276 aufer-

1438 1306 1566 1335 rentur
1585 1311 1603 1334 a
1626 1299 1718 1334 faeie
1737 1309 1877 1342 eorum,
1899 1299 1928 1334 si
1949 1299 1998 1334 ita
2031 1299 2204 1343 viverent,
2226 1311 2292 1336 nee
2313 1300 2416 1337 bellis
2434 1311 2497 1338 eos
2521 1289 2540 1337 Ξ

1439 1359 1600 1394 exerceri
1634 1363 1830 1404 oporteret.
1865 1358 1983 1394 Verba
2007 1359 2102 1394 enim
2133 1359 2275 1395 Domini
2293 1360 2364 1396 hue
2383 1344 2540 1406 usquo}-

1440 1420 1649 1465 aeeipienda
1669 1425 1772 1455 sunt':
1790 1418 1940 1465 Propter
1967 1420 2059 1466 qnod
2083 1427 2179 1455 tanta
2207 1421 2388 1468 dereliquit
2414 1431 2500 1468 qens
2520 1424 2540 1476 {-

1439 1479 1512 1515 hoec
1530 1486 1772 1515 testamentum
1800 1490 1929 1523 meum,
1960 1481 2052 1526 quod
2083 1480 2245 1516 ntandavi
2266 1481 2422 1527 patribus
2441 1492 2499 1516 eo-
2526 1486 2540 1519 ἓ

1439 1551 1532 1583 rum,
1550 1546 1580 1575 et
1601 1551 1669 1575 non
1695 1540 1898 1575 obedierunt
1930 1541 2001 1575 voci
2031 1551 2138 1583 mean
2155 1546 2186 1576 et
2206 1551 2268 1586 eqo
2300 1552 2368 1577 non
2393 1551 2501 1587 appo·
2520 1542 2540 1574 ὲ,

1440 1612 1521 1636 nam
1544 1601 1683 1646 auferre
1710 1601 1821 1636 virum
1841 1612 1862 1635 a
1881 1601 1971 1646 facie
1993 1602 2162 1647 ipsorum,
2182 1601 2217 1636 id
2247 1606 2303 1638 est
2330 1601 2501 1638 adversa·
2524 1594 2537 1633 ἶ

1441 1664 1547 1699 rium.
1573 1663 1710 1699 Caetera
1727 1674 1814 1699 vero
1836 1663 1945 1698 verba
1961 1664 2147 1709 scriptoris
2167 1668 2264 1707 sunt,
2285 1665 2500 1709 exponentis
2521 1667 2535 1704 ξ

1439 1724 1533 1760 unde
1555 1724 1685 1760 dixerit
1705 1724 1878 1760 Dominus
1908 1735 1979 1760 non
2014 1735 2052 1760 se
2078 1724 2282 1760 ablaturum
2311 1725 2431 1760 virum
2454 1726 2501 1763 de
2522 1708 2540 1766 ,ἶ

1439 1786 1606 1832 gentibus
1638 1796 1728 1832 quas
1757 1786 1948 1832 dereliquit
1979 1784 2082 1822 Jesus
2114 1785 2207 1822 filius
2227 1785 2338 1822 Nave.
2360 1785 2499 1823 Deinde
2521 1778 2540 1820 ’.ῑ

1440 1848 1658 1894 subjungens
1673 1860 1741 1894 qua
1754 1859 1863 1884 eausa
1878 1848 2130 1895 dereliquerit:
2147 1848 2192 1883 Et
2208 1848 2354 1892 dimisit,
2369 1839 2540 1894 111111111,.ζ

1441 1911 1485 1946 ad
1506 1910 1711 1946 tentandum
1728 1909 1852 1954 lsrael,
1873 1911 1903 1945 si
1920 1911 2100 1946 observant
2119 1910 2210 1945 riam
2229 1910 2385 1952 Domini,
2404 1909 2501 1946 abire
2524 1908 2540 1925 Τ

1441 1972 1477 2006 in
1505 1983 1559 2015 ea,
1579 1971 1874 2018 quemadmodum
1894 1971 2133 2007 custodierunt
2155 1976 2271 2017 patres
2301 1981 2435 2014 eorum,
2455 1963 2540 2011 (11υὲ

1443 2044 1532 2074 non;
1559 2042 1621 2068 005
1637 2033 1763 2068 volens
1789 2032 1940 2077 intelligi
1961 2037 2083 2076 patres
2101 2031 2301 2067 custodisse
2318 2030 2412 2065 viam
2431 2030 2503 2066 Do-
2519 2028 2540 2069 ἐ

1442 2092 1541 2134 mini,
1564 2093 1623 2138 qui
1648 2092 1791 2127 fuerant
1806 2101 1889 2126 eum
1915 2089 2012 2134 Jesn,
2041 2091 2076 2126 id
2099 2095 2154 2126 est
2180 2100 2223 2126 eo
2250 2095 2413 2136 tempore
2429 2099 2502 2136 (1110
2519 2087 2540 2124 ε’

1442 2153 1499 2189 1110
1525 2153 1680 2188 vIvebat.
1701 2151 1979 2187 Generationem
2005 2151 2137 2196 quippe
2161 2150 2313 2186 alteram
2336 2150 2503 2195 superius
2519 2144 2540 2183 j

1442 2213 1565 2249 retulit
1597 2212 1800 2248 surrexisse
1817 2216 1901 2257 post
1921 2210 1999 2246 illos
2017 2210 2078 2255 qui
2097 2210 2264 2245 vixerant
2290 2219 2373 2246 eum
2399 2207 2501 2254 Jesu,
2519 2204 2540 2243 {-

1443 2279 1476 2309 01
1497 2273 1542 2307 ab
1562 2272 1648 2318 ipsis
1666 2271 1820 2317 coepisse
1843 2270 2151 2317 transgressiones
2175 2280 2255 2317 quae
2275 2269 2503 2307 offenderent
2520 2252 2540 2297 ⁴⁴-

1442 2333 1647 2375 Dominum,
1684 2342 1751 2378 pro
1782 2331 1913 2377 quihus
1946 2331 2140 2374 tentandis,
2159 2331 2194 2366 id
2219 2336 2276 2366 est
2290 2330 2500 2377 probandis,
2520 2324 2540 2388 Ξ

1442 2393 1576 2429 relictae
1597 2392 1741 2428 fuerant
1763 2396 1908 2437 gentes,
1929 2401 1994 2427 nec
2013 2391 2263 2426 exterminatae
2280 2399 2345 2436 per
2362 2388 2498 2426 Jesum.
2536 2414 2540 2415 γ

1441 2452 1576 2488 Deinde
1594 2461 1639 2487 110
1658 2455 1845 2497 putaretur
1861 2450 1931 2486 hoc
1946 2449 2052 2486 Jesus
2065 2449 2217 2486 consilio
2231 2458 2310 2491 suo,
2326 2454 2501 2495 tanquam
2523 2444 2540 2488 ζ

1442 2515 1613 2556 humano,
1632 2512 1762 2560 egisse,
1780 2517 1819 2548 ut
1839 2516 1964 2559 gentes
1994 2511 2064 2547 illae
2091 2510 2395 2555 relinquerentur,
2416 2509 2502 2545 sub-

1437 2575 1558 2622 Jungit
1578 2575 1762 2620 Scriptura
1779 2586 1787 2608 z
1805 2572 1851 2608 Et
1870 2572 2002 2608 dimisit
2029 2571 2200 2607 Dominus
2233 2575 2348 2617 yemes
2369 2570 2447 2614 has,
2462 2573 2502 2606 ut
2522 2578 2540 2628 j

1444 2648 1512 2672 non
1530 2635 1681 2681 auferret
1699 2633 1780 2669 illas
1798 2633 1977 2675 celeriter;
2002 2637 2034 2667 et
2053 2642 2122 2667 non
2139 2630 2284 2666 tradidit
2299 2640 2358 2665 eas
2370 2629 2409 2664 in
2428 2639 2505 2665 ma-

1443 2708 1508 2732 nus
1529 2696 1627 2732 Jesu.
1654 2695 1791 2732 Deinde
1809 2693 1972 2740 sequitur
1989 2704 1997 2728 τ
2014 2693 2060 2728 Et
2091 2693 2146 2728 hae
2169 2697 2284 2738 yentes
2313 2700 2400 2737 quas
2419 2687 2512 2724 reli-»1

1442 2759 1515 2806 quit
1539 2757 1656 2800 Jesus,
1679 2761 1880 2792 attentaret
1899 2755 1937 2790 in
1956 2754 2005 2789 eis
2025 2752 2139 2789 Israel
2156 2763 2273 2787 omnes
2290 2750 2350 2797 qui
2370 2749 2505 2790 nescie-

1441 2825 1524 2854 runt
1540 2818 1657 2853 omnia
1677 2808 1766 2852 bella
1795 2815 1966 2851 Ghanaan
1981 2824 1993 2849 :
2008 2824 2130 2849 verum
2148 2817 2288 2859 propter
2305 2809 2506 2856 qenai-atio*

1445 2892 1504 2916 nes
1523 2880 1678 2926 [iliorum
1695 2877 1822 2921 Israel,
1838 2876 1959 2912 docere
1974 2874 2052 2910 illos
2069 2872 2206 2909 bellum.
2223 2870 2311 2906 Erat
2326 2879 2411 2916 ergo
2430 2869 2505 2909 ista,¹

1443 2951 1552 2978 eausa
1582 2940 1618 2975 in
1652 2949 1778 2976 eorum
1810 2937 2061 2977 tentationem,
2080 2937 2122 2969 ut
2138 2930 2275 2968 bellare
2303 2931 2508 2974 discerent*

1443 3006 1479 3042 id
1498 3011 1566 3048 est,
1586 3008 1626 3039 111
1646 3007 1747 3038 tanta
1763 3001 1897 3048 pietate
1917 3002 1952 3035 et
1967 2994 2171 3034 ohedientia
2189 2993 2280 3039 legis
2298 2992 2362 3028 Dei
2387 2991 2510 3042 bella-*Q

1444 3071 1537 3109 rent,
1557 3069 1693 3112 quanta
1724 3067 1847 3114 patres
1876 3069 2001 3098 eorum
2032 3057 2094 3104 qui
2122 3055 2274 3094 Domino
2292 3054 2368 3091 Deo
2388 3053 2502 3098 0113111

1442 3127 1608 3164 bellando
1641 3126 1967 3173 placueruntznon
1999 3120 2083 3167 quia
2112 3115 2268 3165 optabile
2294 3114 2429 3162 aliquid
2443 3110 2507 3167 est]

1443 3189 1591 3232 bellum,
1609 3188 1671 3223 sed
1700 3186 1783 3232 quia
1803 3185 1920 3230 pietas
1943 3180 2133 3218 laudabilis
2150 3178 2240 3215 etin
2266 3177 2372 3214 bello.
2394 3170 2510 3221 Quod!

1445 3254 1565 3285 311ιο111
1582 3247 1757 3292 sequitur,
1779 3244 1908 3279 Veram
1925 3242 1985 3288 qui
2003 3245 2082 3276 ante
2095 3237 2175 3274 illos
2192 3242 2307 3280 erant,
2323 3247 2392 3271 non
2410 3236 2505 3271 scie-z

1445 3313 1528 3343 runt
1547 3306 1649 3347 inas,-
1667 3303 1753 3351 quid
1773 3301 1843 3337 nisi
1862 3304 1988 3348 gentes
2014 3297 2091 3335 vult
2122 3295 2286 3341 intelligi,
2312 3304 2402 3341 quas
2429 3305 2481 3331 110
2499 3329 2510 3336 ,

1445 3370 1605 3407 scierunt
1636 3364 1804 3402 bellando
1831 3362 1893 3408 qui
1923 3360 2068 3397 fuerunt
2096 3363 2178 3395 ante
2206 3359 2309 3401 istos,
2342 3367 2456 3404 quoru

1447 3427 1652 3472 tentationi,
1671 3427 1740 3463 hoe
1764 3429 1819 3461 est
1849 3421 2051 3470 probationi
2069 3420 2203 3456 relietae
2222 3418 2330 3455 sunt?
2358 3418 2423 3455 Μ

1448 3497 1734 3529 commemorans
1764 3493 1844 3532 quae
1870 3483 1963 3526 sint,
1980 3482 2152 3529 quinque,
2170 3478 2299 3526 inquit,
2319 3482 2395 3515 satu·
2443 3478 2452 3488 '

1445 3553 1721 3599 alienigenarum
1734 3557 1748 3584 .·
1762 3555 1850 3594 quas
1869 3543 2024 3582 inlibris
2047 3543 2252 3591 Regnorum
2268 3539 2449 3576 manioesti

1443 3611 1626 3662 exprimit.
1653 3608 1827 3656 satrapiae
1855 3611 1976 3644 autem
1995 3605 2164 3643 dionunt
2189 3602 2292 3650 quasi
2308 3610 2420 3649 parva
2463 3603 2466 3606 ’

1444 3687 1526 3725 gna,
1545 3674 1676 3722 quibus
1693 3676 1857 3718 satrapes
1874 3670 2054 3718 praeerant
2067 3679 2078 3704 1
2089 3665 2191 3714 quod
2212 3673 2344 3702 nomen
2362 3662 2402 3703 in

1445 3735 1816 3792 partibus-eujusdam
1833 3733 1985 3774 honoris
1997 3737 2068 3779 est,
2083 3730 2160 3769 sive
2177 3729 2256 3767 tuit.
2273 3727 2338 3766 Εἰ.
