2540 4016
0 3966 14 4016 :4⁸4⁴-
0 3944 13 3954 .“

101 193 171 230 -m

690 181 1024 224 fflOSfflONES
1048 181 1097 218 m
1122 179 1390 223 mmmm,
1413 198 1460 209 ·-··
1482 181 1571 221 ΕΗΒ.
1597 183 1656 222 vi.

2237 88 2291 129 ’ἒ

2193 193 2264 234 ma

94 266 187 305 dixit
204 265 243 302 in
258 265 357 302 luctu
372 264 493 301 facere
516 269 601 299 eum
626 259 865 306 prohibitum,
885 257 924 294 id
939 261 1008 300 est,
1035 261 1145 301 caput
1161 264 1198 304 Α
1210 255 1328 303 gratia
1347 255 1411 292 Dei
1419 265 1493 292 non
1503 257 1717 302 aegrotabat.
1737 255 1905 303 nunquid
1922 261 1976 297 sie.
1991 265 2100 303 etiam
2114 266 2159 303 de
2172 266 2266 304 filio.

93 326 232 364 nudare
254 324 449 372 cydarimt
470 321 687 359 vestimenta
710 318 890 356 scindere.
921 315 1147 353 Vestimenta

93 387 192 423 enim
213 385 378 423 scindere
397 382 601 428 lugentibus
625 385 704 417 erat
723 379 968 424 antiquorum,
989 377 1084 416 sicut
1102 376 1148 412 de

94 446 162 484 Job
180 447 352 492 scriptum
374 449 444 487 est,
462 453 545 480 eum
565 442 599 477 ei
618 441 683 477 filii
702 440 780 486 ejus
803 440 908 475 ruina
939 438 1148 479 nuntiaren-

94 512 155 542 tur
162 506 324 553 oppressi
335 505 370 554 (J
375 505 430 540 ob.
448 504 492 552 ι).
502 503 645 540 Nudare
659 508 779 538 autem
788 505 896 546 caput
910 499 1050 546 cydari,
1063 508 1148 544 pro—

94 573 218 613 pterea
238 567 393 612 lugentis
410 575 489 602 esse
506 564 636 611 potuit,
662 563 747 609 quia
768 562 945 598 detractio
962 566 1018 596 est
1042 570 1147 595 orna-

94 629 222 664 menti.
242 628 344 671 Quod
357 638 443 665 vero
471 627 534 669 ait,
562 626 759 663 secundum
786 622 1023 670 Septuaginta
1042 647 1052 663 ,
1083 620 1149 656 Su-

94 698 301 734 peromnem
322 688 478 723 animam
496 692 672 722 mortuam
692 696 762 727 non
777 683 948 726 introibit,
968 682 1149 728 quomodo

94 746 191 782 dieat
212 746 373 780 animam
404 750 595 786 mortuam,
623 755 754 790 corpus
777 749 973 784 mortuum,
1005 740 1148 776 difficile

93 812 149 842 est
173 805 392 852 intelligere;
430 815 473 841 ea
500 812 618 840 tamen
653 806 915 851 seripturarum
935 808 991 838 est
1014 802 1147 837 usitata

92 866 238 909 locutio,
272 877 352 912 quac
379 867 482 902 nobis
511 865 783 901 inusitatissima
804 868 871 898 est.
897 861 1032 896 Nomen
1061 871 1147 908 ergo

92 927 259 977 rectricis
275 928 471 963 suceetiam
491 937 622 972 corpus
640 925 769 969 accipit
785 924 904 958 anima
918 922 1145 965 destitutum,

92 988 262 1033 quoniam
282 987 501 1023 reddendum
525 985 575 1020 illi
600 990 656 1020 cst
680 985 715 1018 in
740 983 1007 1018 resurrectione
1025 995 1032 1016 ε
1052 983 1147 1018 sicut

91 1044 282 1084 aedificium
302 1048 398 1092 quod
416 1046 616 1092 appellatur
631 1044 799 1086 eeclesia,
822 1044 931 1079 etiam
958 1054 1039 1079 cum
1064 1043 1146 1078 inde

91 1109 249 1145 Ecclesia
281 1108 433 1150 exierit,
475 1108 536 1152 qui
568 1106 732 1143 homines
766 1110 851 1140 sunt
865 1131 874 1147 ,
912 1105 1146 1140 nihilominus

89 1171 240 1207 ccclesia
259 1171 399 1206 dicitur.
424 1169 495 1204 Sed
516 1179 596 1204 cum
615 1178 745 1213 eorpus
762 1177 832 1202 non
849 1166 1002 1211 accipiat
1015 1166 1144 1200 animtc

88 1241 219 1267 nomen
245 1231 280 1265 in
314 1229 458 1265 homine
481 1229 637 1270 vivente,
672 1227 852 1274 quomodo
882 1231 967 1262 tunc
996 1230 1144 1261 vocetur

88 1294 207 1329 anima
238 1302 317 1327 cum
351 1291 511 1326 caruerit
541 1290 675 1332 anima,
709 1289 842 1324 mirum
874 1293 942 1323 est.
973 1287 1087 1322 Porro
1114 1287 1145 1323 si

88 1355 243 1390 animam
269 1358 447 1388 mortuam
478 1352 760 1387 intellexerimus
785 1362 805 1386 a
829 1360 980 1396 corpore
999 1359 1145 1394 separa-

88 1419 173 1456 tam,
199 1420 237 1449 ut
257 1415 371 1460 ipsam
398 1414 662 1459 separationem
691 1418 844 1448 mortem
874 1413 1008 1447 dixisse
1026 1412 1146 1446 videa-

89 1481 156 1517 tur,
181 1477 215 1511 id
240 1482 309 1518 est,
329 1481 368 1510 nt
393 1477 513 1511 anima
538 1481 680 1510 mortua
710 1476 769 1516 sit,
799 1475 977 1519 dirempta
1011 1484 1031 1508 a
1063 1483 1145 1509 cor-

88 1548 188 1584 pore,
207 1548 278 1572 non
296 1543 422 1572 natura
452 1547 515 1572 sua
539 1537 678 1582 perdita
700 1548 707 1571 ε
727 1547 797 1571 non
817 1536 914 1571 enim
932 1541 968 1571 et
992 1546 1072 1570 cum
1093 1535 1145 1569 di-

88 1598 203 1633 cimur
238 1598 369 1633 mortui
399 1602 561 1642 peccato,
594 1602 724 1632 natura
760 1597 914 1632 dicimur
947 1596 1142 1637 interiisse,

88 1657 151 1693 sed
172 1658 269 1702 quod
291 1657 366 1701 jam
386 1664 536 1702 peceato
558 1667 631 1692 non
651 1657 801 1699 utimur,
833 1661 872 1691 nt
893 1657 945 1691 sic
967 1656 1145 1701 intelliga-

88 1723 147 1752 tur
167 1718 287 1752 anima
311 1724 465 1759 mortua,
487 1718 522 1753 id
544 1722 611 1759 est,
632 1727 785 1762 corpore
806 1722 962 1758 mortua,
986 1717 1079 1761 quod
1101 1727 1143 1751 eo

88 1777 138 1811 nti
158 1777 317 1819 desierit,
339 1784 419 1812 eum
445 1777 480 1811 in
500 1787 563 1812 sua
580 1782 710 1812 natura
731 1778 841 1812 vivat.
870 1777 1057 1820 Quomodo
1080 1787 1144 1821 po-

87 1841 157 1871 test
177 1837 365 1880 quisquam
387 1836 522 1870 intrare
537 1845 645 1880 super
662 1836 820 1870 animam
835 1841 1029 1878 mortuam,
1048 1837 1143 1881 quod

87 1897 251 1931 sacerdos
270 1895 337 1930 iste
356 1896 579 1940 prohibetur,
604 1906 685 1930 cum
705 1895 869 1940 quisquis
889 1896 1013 1937 intrat,
1034 1905 1147 1945 snper·

85 1962 268 1992 mortuum
300 1965 429 2001 corpus
463 1957 586 1999 intret,
616 1966 686 1991 non
719 1967 827 2001 snper
857 1957 1026 1995 animam,
1063 1966 1142 2000 quae

86 2017 249 2053 discessit
284 2026 305 2051 a
332 2016 508 2061 corpore?
534 2016 589 2050 An
623 2016 738 2061 ipsam
762 2017 872 2051 vitam
906 2016 1141 2061 temporalem

84 2078 214 2114 anima}
234 2077 407 2114 vocabulo
429 2077 619 2123 appellavit
637 2089 645 2111 ε
669 2087 749 2121 quae
770 2078 893 2122 ntique
921 2083 1064 2112 mortua
1085 2083 1140 2113 est

86 2139 123 2174 in
143 2139 310 2174 defuncto
326 2149 491 2184 corpore,
514 2139 634 2174 anima
660 2139 722 2174 illa
746 2138 926 2185 migrante
953 2149 1033 2184 quse
1050 2140 1142 2174 mori

86 2211 157 2236 non
188 2207 320 2246 potest,
353 2211 425 2236 non
447 2201 542 2246 quod
563 2201 638 2246 ipsa
663 2201 736 2236 vita
768 2201 886 2235 anima
922 2200 1042 2243 fuerit,
1079 2200 1142 2236 scd

86 2260 180 2304 quod
198 2268 262 2305 per
280 2261 408 2295 animae
422 2261 652 2306 praesentiam
666 2261 899 2303 subsistebat,
918 2267 1048 2296 nomen
1064 2262 1142 2307 ejus

87 2321 279 2365 acceperit,
298 2321 389 2356 sicut
409 2321 641 2356 distinximus
661 2331 742 2356 cum
764 2322 808 2357 de
826 2322 1001 2367 sangnine
1020 2322 1143 2368 loque-

85 2391 221 2422 remur,
239 2381 335 2426 quod
349 2382 484 2417 dictum
500 2381 546 2416 sit
566 2393 573 2416 :
592 2380 719 2416 Anima
738 2383 850 2416 omnis
866 2383 982 2416 carnis
996 2383 1140 2427 sanquis

86 2441 163 2487 ejvs
178 2446 228 2476 est
240 2451 253 2484 ,⁴
267 2440 322 2477 est
341 2442 438 2477 enim
453 2442 579 2488 etipse
593 2443 740 2488 sanguis
755 2447 917 2478 mortuus
936 2443 972 2478 in
988 2453 1139 2488 corpore

86 2503 244 2537 mortui:
266 2513 337 2538 non
358 2506 478 2539 antem
503 2513 583 2538 cum
601 2503 817 2539 abscedente
850 2504 971 2539 anima
997 2505 1143 2539 absces-

87 2562 146 2597 sit.
190 2563 312 2598 Vetuit
356 2573 442 2608 ergo
478 2563 666 2608 Scriptura
699 2574 879 2599 summum
917 2563 1141 2598 sacerdotem

87 2623 197 2657 etiam
215 2633 322 2668 super
339 2623 452 2668 patris
474 2624 531 2658 vel
567 2625 693 2659 matris
725 2624 831 2658 sunus
865 2624 1014 2667 intrare,
1049 2625 1142 2670 quod

87 2683 282 2720 secundnm
303 2688 374 2719 non
394 2684 593 2729 probibuit.
622 2683 794 2729 Sequitur
811 2685 906 2719 enim
926 2697 934 2719 :

136 2745 249 2791 Super
269 2744 411 2780 Patrem
441 2755 542 2780 snum
561 2749 592 2780 et
607 2751 752 2780 matrem
769 2757 869 2780 suam
893 2757 962 2781 non
981 2746 1143 2793 inquina-

87 2805 191 2840 bitur.
209 2804 305 2840 Ordo
324 2810 380 2840 est
394 2810 515 2840 autem
531 2805 737 2847 verborum,
755 2815 863 2851 super
873 2811 1013 2851 patrem
1036 2816 1141 2842 suum

87 2875 158 2902 non
177 2865 434 2911 inquinabitur,
455 2875 522 2901 nec
552 2871 658 2911 super
689 2869 842 2900 matrem
871 2875 987 2900 suam.
1024 2866 1068 2901 Et
1101 2863 1142 2902 de

87 2927 216 2962 sanctis
231 2937 301 2962 non
318 2925 438 2969 exibit,
457 2936 500 2962 eo
516 2926 641 2972 procul
659 2925 769 2962 dnbio
788 2931 948 2972 tempore
964 2938 1035 2973 quo
1055 2937 1141 2964 suo-

87 2997 167 3022 rnm
181 2987 307 3022 funera
324 2987 564 3030 celebrantur,
587 2988 679 3023 sicut
701 2987 733 3022 el
757 2993 895 3033 septem
916 2989 1040 3024 diebus
1059 2989 1140 3034 qni„
1158 3009 1193 3048 D

86 3047 153 3083 bus
181 3047 475 3083 sanctificabatur
492 3046 536 3082 de
557 3047 692 3082 sanctis
719 3052 775 3082 est.
793 3048 894 3084 exire
922 3049 1137 3094 prohibitus.

86 3105 164 3143 Non
185 3112 303 3143 autem
325 3117 467 3154 semper
487 3117 498 3143 τ
519 3117 605 3143 sane
625 3107 654 3143 si
670 3116 805 3144 uxores
822 3104 955 3147 ducere
973 3109 1030 3144 vel
1048 3109 1139 3146 tilios

87 3167 233 3213 gignere
262 3176 333 3203 non
373 3167 587 3203 vetabantur
626 3168 757 3204 summi
795 3159 890 3222 ‘fib
919 3171 1138 3215 sacerdotes,

87 3237 216 3274 magna
239 3222 355 3263 oritur
372 3229 535 3274 quaestio‚
556 3234 637 3265 cum
657 3224 712 3266 lex
734 3223 847 3266 etiaih
863 3228 1040 3278 conjugali
1053 3241 1140 3267 con-

88 3289 211 3324 cubitu
237 3286 461 3325 immundum
485 3287 667 3326 hominem
687 3289 782 3327 dlcat
803 3301 919 3338 usque
949 3293 993 3328 ad
1014 3302 1140 3339 vespe-

89 3355 177 3389 ram,
201 3349 308 3385 etiam
330 3355 413 3386 cnm
438 3347 591 3386 abluerit
614 3360 745 3398 eorpus
771 3362 875 3388 suum
895 3361 1003 3399 aqua,
1028 3359 1063 3390 et
1085 3353 1143 3398 ju-

87 3405 214 3444 beatur
259 3408 261 3410 ’
361 3414 403 3447 us
429 3411 597 3447 sacerdos
627 3416 776 3458 propter
811 3411 998 3449 incensum
1031 3413 1143 3449 conti-

89 3464 270 3508 nunilonis·
292 3462 358 3508 'bis
391 3472 430 3507 in
463 3466 521 3507 die
553 3471 714 3517 quotidie
746 3473 884 3508 intrare
907 3473 1002 3510 ultra
1020 3473 1139 3510 velum

90 3527 152 3564 tibi
168 3530 248 3567 erat
262 3528 384 3569 litare
400 3532 552 3576 incensi,
578 3537 646 3569 nec
674 3539 889 3579 quemquam
916 3534 1140 3570 immundum

93 3581 277 3627 &taneta
294 3590 350 3628 ras
373 3595 470 3629 esset
497 3589 682 3637 accedere,
707 3593 887 3639 quomodo
915 3593 951 3629 id
981 3594 1142 3640 quotidie

94 3642 266 3691 mih&
281 3649 451 3690 sacerdos
485 3652 667 3700 implebat,
713 3653 744 3690 si
772 3653 867 3690 tilios
901 3653 1140 3701 procreabat?

93 3704 233 3745 Nam-fl
249 3713 422 3761 neritum
442 3713 493 3750 illi
514 3714 722 3757 accidisset,
738 3715 820 3763 quis
842 3713 924 3752 ioco
953 3715 1031 3762 eins
1051 3715 1140 3759 ‚i'un-

93 3757 261 3819 gerem
277 3754 433 3821 dm*
446 3773 623 3823 inquirat,
650 3775 865 3822 responderi
893 3779 1014 3824 potest
1041 3776 1138 3823 quoa

1214 326 1295 352 rum
1310 316 1559 362 procreatione
1582 316 1792 362 responderi
1820 319 1963 364 potest?
1994 321 2096 359 Unde
2123 325 2166 362 fit
2182 336 2266 363 eon-

1214 385 1367 420 sequens
1383 382 1423 411 ut
1453 381 1516 413 aut
1535 376 1725 412 continens
1743 382 1840 413 esset
1859 381 1922 413 aut.
1939 378 2065 415 diebus
2087 382 2266 428 aliquibus

1213 436 1517 473 intermitteretur
1558 437 1771 480 incensum,
1804 441 1868 471 aut
1901 437 1932 472 si
1958 437 2047 474 illud
2078 438 2268 479 intermitti

1213 507 1286 533 non
1300 503 1438 543 posset,
1454 498 1551 544 quod
1566 508 1640 534 non
1663 498 1735 534 nisi
1755 507 1821 548 per
1840 508 2020 536 summum
2043 501 2267 538 sacerdotem

1214 570 1361 598 neeesse
1394 565 1490 595 esset
1518 559 1667 606 imponi,
1703 569 1775 596 non
1809 559 1912 595 tieret
1943 559 2151 596 immundus
2172 561 2269 597 coitu

1214 621 1406 666 conjugali,
1427 621 1558 658 merito
1572 621 1763 667 praecipuae
1783 620 2080 658 sanctificationis
2093 631 2179 656 suae.
2198 620 2269 656 Aut

1214 683 1246 718 si
1264 682 1372 716 etiam
1403 681 1447 716 ad
1468 681 1586 726 ipsum
1613 681 1771 726 pertinet
1799 681 1895 726 quod
1927 681 1970 716 de
1990 680 2157 716 omnibus
2186 680 2269 716 filiis

1213 743 1324 780 Israel
1345 743 1381 777 in
1400 733 1707 787 consequentibus
1727 742 1829 785 dicit,
1851 746 1890 776 ut
1918 741 2040 777 nullus
2057 751 2183 777 eorum
2211 752 2272 777 ac-

1214 804 1316 840 cedat
1333 804 1379 839 ad
1403 808 1538 845 sancta,
1557 804 1586 838 si
1604 803 1663 838 cui
1680 802 1815 847 aliquid
1835 802 2007 838 acciderit
2027 801 2269 845 immunditia,

1214 864 1300 902 illud
1318 874 1384 910 pro
1398 869 1548 909 peceato
1567 868 1680 899 restat
1694 862 1859 908 accipere
1881 862 1977 907 quod
1998 861 2181 898 nonnullis
2196 861 2272 898 die-

1210 924 1280 959 bus
1308 934 1380 960 non
1406 923 1658 968 imponebatur
1674 922 1874 959 incensum.
1903 921 2005 966 Quod
2024 926 2143 956 autem
2164 930 2273 968 super

1213 982 1319 1018 funus
1338 984 1452 1028 patris
1466 983 1523 1018 sui
1538 991 1699 1017 summus
1719 983 1888 1018 sacerdos
1897 981 2269 1028 prohibeturintrare‚

1212 1042 1324 1087 quaeri
1341 1048 1461 1087 potest
1479 1042 1659 1087 quomodo
1671 1041 1749 1086 jam
1765 1052 1844 1078 esse
1863 1047 2005 1087 poterat
2025 1053 2186 1078 summus
2213 1052 2272 1078 sa.

1212 1103 1339 1138 cerdos
1365 1103 1523 1137 nondum
1541 1107 1684 1137 mortuo
1699 1108 1802 1147 patre
1828 1112 1905 1145 suo,
1934 1112 2015 1138 cum
2030 1112 2093 1138 eos
2108 1103 2272 1148 patribus

1213 1164 1406 1199 succedere
1430 1163 1579 1209 jubeat?
1619 1163 1701 1199 ideo
1736 1173 1885 1199 necesse
1909 1169 1999 1206 erat,
2028 1164 2187 1199 nondum
2215 1174 2273 1200 se-

1211 1224 1312 1270 pulto
1331 1234 1471 1260 summo
1496 1224 1696 1267 sacerdote,
1719 1224 1890 1259 continuo
1912 1224 2080 1260 substitui
2099 1226 2270 1260 sacerdo-

1211 1289 1300 1328 tem,
1334 1289 1483 1331 propter
1516 1284 1797 1320 continuationis
1831 1286 2018 1320 incensum
2034 1311 2043 1327 ‚
2078 1285 2174 1330 quod
2205 1295 2271 1330 per

1213 1354 1392 1380 summum
1432 1345 1657 1379 sacerdotem
1680 1344 1859 1390 ‘quotidie
1896 1345 2088 1390 oportebat
2119 1345 2268 1391 imponi.

1214 1404 1425 1450 Quanquam
1444 1404 1504 1440 illa
1525 1405 1676 1449 quaestio
1704 1405 1748 1440 de
1765 1406 1976 1450 :egritudine
2004 1406 2134 1441 summi
2154 1416 2274 1442 saeer-

1214 1464 1309 1499 dotis
1330 1470 1463 1507 manet,
1494 1463 1570 1499 sive
1599 1464 1816 1500 moriturum
1849 1475 1998 1501 necesse
2029 1471 2109 1500 erat
2140 1466 2268 1502 diebus

1214 1525 1392 1570 aliquibus
1413 1530 1602 1570 aegrotare,
1624 1525 1693 1561 nisi
1718 1525 1810 1561 sorte
1834 1531 1870 1562 et
1890 1527 1959 1562 hoc
1984 1527 2035 1562 ita
2055 1527 2214 1563 solvatur
2229 1532 2271 1564 ut

1213 1589 1354 1624 dicatur
1373 1599 1443 1624 non
1463 1589 1579 1624 solere
1612 1599 1773 1624 summos
1804 1590 2012 1625 sacerdotes
2043 1591 2111 1626 nisi
2145 1591 2266 1628 subito

1213 1651 1319 1694 niori,
1343 1661 1413 1686 non
1434 1651 1652 1697 procedente
1677 1651 1906 1697 aegritudine,
1932 1652 2025 1688 sicut
2042 1652 2086 1689 de
2107 1654 2185 1698 ipso
2203 1654 2273 1689 Aa·

1213 1723 1277 1747 ron
1298 1712 1485 1758 Scriptura
1511 1717 1677 1748 testatur.
1697 1712 1967 1748 Advertendum
1988 1719 2042 1749 est
2062 1715 2204 1759 quoties
2220 1715 2271 1750 di-

1213 1774 1261 1808 cit
1277 1786 1284 1808 ε
1303 1774 1378 1819 qu
1396 1774 1581 1816 Dominus,
1597 1774 1656 1819 qui
1671 1774 1852 1818 sanctifico
1867 1785 1958 1815 cunt,
1982 1774 2132 1820 loquens
2149 1776 2193 1811 de
2215 1786 2271 1811 sa-

1213 1834 1369 1876 cerdote,
1394 1845 1475 1869 eum
1495 1835 1563 1870 hoe
1589 1835 1699 1869 etiam
1734 1835 1848 1880 Moysi
1877 1836 2022 1879 dixerit,
2060 1843 2092 1871 et
2109 1837 2268 1882 sanctifi-

1212 1894 1307 1930 cabis
1325 1906 1415 1929 eum.
1443 1895 1630 1937 Quomodo
1663 1904 1749 1941 ergo
1776 1900 1812 1930 et
1842 1895 1981 1942 Moyses
2011 1897 2214 1933 sanctificat
2233 1903 2270 1932 et

1212 1955 1397 1991 Dominus.
1420 1955 1497 1990 Non
1513 1956 1609 1990 enim
1630 1955 1769 2001 Moyses
1785 1966 1850 2002 pro
1864 1957 2029 1998 Domino,
2050 1958 2110 1993 sed
2127 1957 2267 2004 Moyses

1211 2015 1410 2051 visibilibus
1433 2015 1672 2050 sacramentis
1693 2025 1756 2060 per
1779 2016 2022 2051 ministerium
2054 2027 2174 2060 suum,
2194 2017 2247 2053 Do

1213 2076 1332 2111 minus
1364 2081 1482 2110 autem
1512 2074 1681 2110 invisibili
1715 2075 1829 2120 gratia
1864 2085 1929 2119 per
1950 2076 2117 2120 spiritum
2148 2087 2267 2119 suum,

1212 2136 1272 2171 ubi
1289 2141 1342 2171 est
1364 2141 1458 2170 totus
1474 2133 1625 2176 fructus,
1652 2134 1762 2169 etiam
1789 2134 1985 2169 visibilium
2012 2141 2262 2171 sacramento-

1211 2207 1311 2239 rum3
1332 2205 1414 2230 nam
1435 2195 1514 2230 sine
1535 2195 1603 2229 ista
1620 2193 1908 2229 sanctificatione
1925 2194 2116 2230 invisibilis
2143 2196 2270 2242 gratiae

1210 2258 1364 2293 visibilia
1384 2261 1610 2293 sacramenta
1625 2266 1696 2292 non
1714 2261 1875 2301 prosunt.
1896 2256 2024 2291 Merito
2038 2261 2157 2292 autem
2174 2268 2272 2302 quae·

1210 2319 1302 2354 ritur
1322 2324 1443 2353 utrum
1467 2317 1577 2352 etiam
1598 2317 1668 2352 ista
1698 2315 1890 2352 invisibilis
1921 2316 2160 2352 sanctificatio
2193 2317 2270 2353 sine

1209 2378 1410 2413 visibilibus
1433 2376 1685 2418 sacramentis,
1704 2376 1833 2420 quibus
1849 2375 2041 2411 visibiliter
2057 2377 2164 2411 homo
2187 2386 2267 2412 san-

1210 2438 1401 2481 ctificatur,
1420 2439 1557 2484 pariter
1573 2438 1661 2472 nihil
1678 2437 1819 2483 prosit:
1853 2437 1950 2482 quod
1981 2437 2104 2482 utique
2135 2438 2264 2474 absur-

1210 2501 1295 2535 dum
1327 2504 1395 2534 est.
1430 2497 1668 2533 Tolerabilius
1694 2497 1790 2532 enim
1818 2497 1971 2541 quisque
2006 2497 2150 2540 dixerit,
2184 2499 2261 2534 siue

1210 2560 1280 2596 illis
1299 2560 1405 2594 istam
1423 2568 1495 2593 non
1514 2567 1610 2600 esse,
1626 2567 1733 2604 quam
1750 2556 1780 2592 si
1799 2556 1967 2599 defuerit,
1989 2567 2060 2592 non
2078 2557 2263 2602 prodesse,

1209 2632 1292 2658 eum
1318 2621 1388 2657 ista
1409 2620 1455 2656 sit
1480 2619 1599 2655 omnis
1631 2618 1768 2654 utilitas
1799 2617 1953 2653 illorum.
1978 2617 2049 2653 Sed
2068 2619 2176 2654 etiam
2196 2619 2266 2655 hoc

1209 2684 1305 2730 quod
1326 2683 1404 2718 sine
1432 2682 1502 2717 illis
1522 2682 1591 2717 ista
1617 2691 1696 2716 esse
1716 2690 1786 2715 non
1803 2681 1933 2726 possit,
1952 2681 2134 2726 quomodo
2166 2686 2266 2716 recte

1210 2746 1350 2781 dicatur
1370 2743 1582 2779 intuendum
1614 2747 1693 2777 cst:
1715 2741 1804 2776 nibil
1826 2741 1958 2786 quiippe
1978 2740 2111 2786 profuit
2130 2740 2268 2776 Simoni

1209 2807 1312 2853 Mago
1330 2805 1481 2841 visibilis
1500 2804 1714 2849 baptismus,
1731 2803 1790 2839 cui
1821 2802 2061 2838 sanctificatio
2077 2803 2268 2839 invisibilis

1209 2868 1335 2903 defuit.
1369 2867 1440 2902 Sed
1476 2866 1608 2911 quibus
1631 2864 1701 2899 ista
1722 2863 1915 2899 invisibilis
1935 2863 2108 2908 quoniam
2138 2861 2268 2906 adsuit,

1208 2929 1358 2976 profuit,
1385 2929 1497 2964 etiam
1530 2932 1567 2963 et
1583 2926 1738 2962 visibilia
1767 2931 1992 2961 sacramenta
2030 2927 2268 2970 perceperunt

1210 2991 1375 3028 similiter
1389 2988 1576 3035 baptizati.
1599 2987 1673 3023 Nec
1692 2992 1811 3022 tamen
1830 2985 1984 3032 Moyses,
1998 2985 2059 3030 qui
2078 2985 2268 3020 visibiliter

1210 3051 1418 3087 sacerdotes
1438 3047 1701 3089 sanctificabat,
1720 3046 1781 3082 ubi
1800 3045 1908 3081 suerit
1927 3045 2003 3090 ipse
2020 3045 2108 3090 ipsis
2125 3043 2264 3080 sacriti-

1210 3113 1277 3148 ciis
1296 3111 1353 3146 vel
1385 3110 1465 3145 oleo
1499 3108 1748 3145 sanctificatus
1779 3106 2004 3147 ostenditur;
2039 3103 2267 3140 invisibiliter

1209 3183 1296 3209 vero
1317 3170 1581 3207 sanctificatum
1606 3179 1740 3214 negare
1768 3167 1849 3212 quis
1870 3167 2012 3207 audeat,-
2044 3165 2146 3209 cujus
2166 3167 2265 3198 tanta

1210 3234 1326 3281 gratia
1342 3233 1611 3278 praeeminebat.
1646 3230 1722 3265 Hoc
1738 3234 1773 3264 et
1795 3228 1840 3263 de
1862 3226 1999 3262 Joanne
2015 3225 2175 3270 Baptista
2193 3223 2264 3260 diei

1208 3299 1340 3340 potest.
1365 3293 1471 3328 Prius
1493 3292 1589 3327 enim
1615 3290 1773 3334 baptizat
1801 3296 1910 3331 quam
1932 3284 2136 3328 baptizatus
2156 3291 2261 3327 appa-

1207 3357 1296 3398 ruit,
1331 3354 1425 3389 unde
1456 3362 1539 3388 eum
1573 3349 1834 3386 sanctificatum
1868 3354 2093 3390 nequaquam
2126 3353 2261 3390 negare

1207 3419 1377 3458 possunt;
1399 3413 1435 3448 id
1458 3417 1578 3447 tamen
1597 3411 1634 3444 in
1650 3419 1694 3444 eo
1716 3408 1851 3443 factum
1868 3404 2058 3440 visibiliter
2071 3413 2144 3440 non
2163 3404 2262 3440 inve—

1208 3474 1328 3508 nimus
1345 3478 1538 3517 antequam
1558 3475 1594 3505 ει
1614 3468 1853 3504 ministerium
1877 3465 2083 3515 baptizandi
2104 3465 2260 3502 veniret--

1209 3533 1285 3568 Hoc
1300 3537 1336 3567 et
1350 3533 1396 3568 de
1416 3532 1556 3566 latrone
1578 3529 1640 3564 illo
1656 3529 1715 3564 cui
1741 3537 1780 3564 se
1796 3533 1877 3563 cum
1897 3525 2070 3562 crucifixo
2089 3526 2264 3564 Dominus

1210 3593 1287 3628 ait:
1311 3589 1425 3626 Hodie
1449 3598 1586 3625 mecum
1616 3588 1686 3623 eris
1722 3589 1759 3622 in
1790 3587 1957 3634 paradiso
1994 3586 2095 3633 (Luc.
2134 3584 2258 3632 xxm).

1209 3652 1332 3696 Neque
1348 3649 1444 3684 enim
1470 3649 1548 3684 sine
1579 3646 1863 3684 sanctificatione
1894 3645 2065 3682 invisibili
2084 3650 2183 3680 tanta
2204 3643 2260 3680 fe-

1207 3712 1343 3748 licitate
1370 3710 1526 3746 donatus
1549 3714 1618 3744 est.
1646 3708 1800 3745 Proinde
1835 3706 2018 3754 colligitur
2041 3704 2259 3745 invicibilem

1205 3771 1532 3814 sanctificationem
1543 3767 1771 3818 quibucoem
1782 3767 1943 3808 etthim
1956 3774 2068 3829 atqu-e
2078 3764 2257 3821 promi-e
