2540 4016
74 175 145 214 297

72 250 260 300 Reliquam
289 257 406 290 autem
429 245 564 300 partem
592 253 718 290 similoe
736 255 891 292 comedet
905 256 1026 293 Aaron
1049 268 1128 293 cum

71 313 156 360 liliis
182 317 255 352 suis
263 327 278 360 ;
318 320 359 352 ut
388 325 460 352 non
490 325 536 351 ex
563 319 639 351 toto
670 326 691 352 a
721 315 901 363 theologia
929 327 1127 362 cessemus,

69 384 136 421 pro
162 385 206 412 eo
234 375 330 423 quod
358 385 498 412 summa
535 375 688 412 scientia
720 376 758 412 in
785 376 947 414 futurum
981 388 1130 415 conser-

67 441 173 472 vatur
186 447 200 479 ;
231 446 311 482 quae
333 441 454 472 autem
481 435 585 473 nobis
618 436 664 473 ab
689 446 732 474 eo
755 437 883 474 relicta
905 443 980 482 est,
1003 438 1040 474 id
1056 444 1124 483 est,

66 496 215 540 tradita,
233 496 326 533 hanc
343 497 534 534 comedere
551 507 618 534 nos
634 496 739 543 jubet
757 499 949 536 scientiam
981 505 1019 536 et
1035 510 1124 546 ope-

65 557 150 592 rari.
174 556 246 594 Sed
266 557 478 594 intuendum
494 559 555 596 ubi
579 558 675 596 hanc
701 567 737 596 et
752 561 934 606 quomodo
960 567 1126 608 oporteat

62 619 219 664 operari.
253 618 425 665 Sequitur
446 631 454 656 :
478 620 615 668 Absque
642 621 825 667 fermento,
846 629 880 658 et
905 623 1059 659 comedet
1086 624 1125 660 in

60 676 136 714 loco
153 681 348 716 sanctuarii
380 681 614 717 tabernaculi.
651 682 729 719 Non
755 683 924 729 coquitur
952 694 1033 720 cum
1051 683 1124 720 ser-

58 744 192 783 mento,
216 740 253 776 id
267 747 333 785 εει,
357 743 557 779 secundum
577 742 764 780 Judaicam
782 744 985 780 doctrinam
1002 754 1120 790 neque

56 799 254 835 secundum
269 801 402 848 gentile
420 803 650 848 fermentum,
668 804 754 850 quia
772 814 843 840 non
857 804 934 839 vult
953 814 1018 840 nos
1037 815 1119 841 ver-

53 858 141 895 bum
161 860 269 906 loqui,
288 863 351 899 sed
369 869 409 899 ut
425 864 559 900 munda
577 865 624 900 sit
639 865 684 900 ab
707 864 804 900 omni
822 864 1059 910 permistione
1081 871 1118 902 ει

53 919 190 967 absque
209 924 308 959 omui
322 923 513 960 fermento.
544 923 691 960 Comedi
709 929 830 959 autem
848 924 949 959 illam
966 925 1002 960 in
1020 926 1115 962 atrio

53 983 275 1020 tabernaculi
292 985 485 1020 testimonii
504 985 689 1030 praecepit,
706 985 743 1021 id
759 990 828 1030 est,
844 987 987 1032 operari
999 987 1036 1022 in
1050 987 1116 1024 Ec-

51 1042 175 1078 clesia.
201 1043 486 1079 Tabernaculum
500 1043 597 1079 enim
614 1045 811 1081 testimonii
830 1046 963 1082 coelum
983 1054 1053 1092 εει,
1076 1048 1112 1084 in

48 1112 120 1148 quo
137 1103 232 1148 quod
265 1104 404 1141 habitet
422 1104 532 1149 Deus,
557 1105 746 1153 Scriptura
767 1114 936 1145 testatur.
966 1109 1111 1146 Atrium

34 1229 114 1267 «est,
139 1234 211 1260 non
238 1225 355 1261 solum
389 1225 484 1262 sicut
509 1226 682 1264 introitus
704 1234 741 1264 et
759 1230 979 1266 vestibulum
996 1232 1108 1268 coelo-

35 1293 138 1328 nrum,
162 1285 224 1322 sed
241 1286 352 1322 etiam
370 1288 675 1333 quemadmodum
692 1290 821 1327 domus
841 1291 920 1327 Dei.
937 1292 988 1329 lbi
1003 1304 1104 1341 ergo,

33 1345 80 1382 1id
102 1352 158 1383 est
186 1347 222 1383 in
243 1358 299 1391 ea,
320 1355 463 1395 oportet
488 1351 696 1388 omnimodo
714 1352 758 1389 de
777 1353 969 1392 divinitate
989 1356 1103 1402 loqui,

35 1406 118 1444 -sive
137 1409 356 1457 theologiam
375 1421 561 1448 exercere.
583 1413 630 1448 In
654 1414 808 1452 ecclesiis
823 1417 920 1453 enim
936 1419 987 1453 ait
1008 1429 1017 1453 :
1033 1419 1102 1455 Be-

41 1469 188 1506 nedicite
220 1471 411 1508 Dominum
442 1472 558 1520 (Psat.
581 1475 708 1523 vau).
739 1476 777 1513 Si
798 1478 879 1523 quis
912 1485 1033 1515 autem
1067 1481 1103 1516 in

41 1530 150 1568 domo
170 1533 370 1569 Ecclesiam
385 1535 494 1571 habet
512 1548 520 1570 :
538 1535 599 1571 Ait
617 1537 749 1582 quippe
766 1537 898 1575 Paulus
914 1549 922 1574 :
942 1539 1102 1578 Salutate

42 1591 77 1626 N
80 1593 242 1639 ympham
260 1600 292 1629 et
305 1594 531 1631 domesticam
550 1598 626 1643 ejus
643 1598 839 1634 Ecclesiam
860 1600 1009 1647 (Coloss.
1034 1603 1097 1651 tv).

42 1651 158 1689 {labet
186 1660 307 1690 autem
338 1657 419 1702 quis
450 1658 686 1695 domesticam
711 1660 927 1706 Ecclesiam,
954 1667 1099 1710 quando

41 1715 274 1761 semetipsum
309 1717 594 1755 sanctificaverit
626 1720 713 1765 Deo,
745 1729 781 1758 et
813 1734 833 1759 a
865 1726 1114 1764 saecularibus·

43 1777 234 1812 :essai-erit
263 1779 431 1824 negotiis,
462 1780 522 1816 hic
554 1782 663 1817 etiam
691 1784 787 1820 domi
822 1787 865 1822 de
892 1787 967 1824 Deo
997 1789 1096 1837 loqui

43 1837 110 1872 sive
136 1838 351 1885 theologiam
370 1850 542 1877 exercere
559 1849 689 1888 potest.
719 1845 824 1882 Tales
845 1854 941 1891 sunt,
964 1851 1096 1895 quibus

35 1907 117 1933 oars
134 1899 176 1934 dc
205 1899 392 1936 sacrificiis
412 1901 571 1948 Domini,
590 1905 627 1940 id
657 1912 726 1950 est,
756 1907 853 1954 loqui
882 1910 926 1945 de
945 1910 1018 1947 Deo
1037 1913 1094 1948 vel

26 1958 213 2005 theologia
248 1961 292 1997 de
324 1963 426 1999 donis
461 1970 498 2000 et
529 1965 774 2004 oblationibus
805 1970 927 2014 datur,
956 1971 1002 2008 de
1022 1984 1094 2019 quo

31 2019 214 2057 subdidit:
231 2020 399 2059 Sanctum
422 2032 624 2063 sanctorum
640 2029 718 2072 erit,
748 2030 833 2075 quia
854 2033 971 2069 sancti
1004 2044 1090 2071 san-

40 2084 171 2117 ntorum
191 2084 531 2130 contemplationem
544 2089 752 2134 possident;
774 2092 933 2129 subdidit
950 2100 1086 2140 autem,

36 2140 118 2176 aicut
138 2153 199 2188 pro
220 2144 359 2189 peccato
385 2153 488 2193 atque
517 2148 667 2194 delicto;
693 2152 811 2189 simile
841 2153 930 2191 illud
963 2157 1087 2195 volens

44 2203 220 2239 ·stende1·e
254 2215 319 2250 pro
341 2214 490 2252 peccato
519 2215 555 2245 et
586 2221 653 2257 pro
683 2213 813 2250 delicto
848 2217 1084 2256 sacrificium-

42 2262 158 2299 iermo
173 2265 270 2300 enim
287 2266 331 2302 de
346 2267 420 2304 Deo
434 2271 591 2308 maxime
609 2273 654 2308 ad
668 2276 893 2321 ereptionem
908 2284 945 2314 et
959 2289 1088 2317 emun-

40 2323 211 2360 ¹ationem
249 2327 377 2364 animae
405 2329 572 2376 habetur,
602 2336 746 2379 quando
784 2338 864 2374 oleo
902 2345 939 2375 et
972 2342 1086 2387 thuri,

38 2386 263 2435 ¹leemosynae
288 2391 455 2430 videlicet
477 2400 514 2430 et
543 2397 715 2443 orationi,
743 2401 963 2439 sacrificium
984 2405 1085 2441 verbi

31 2448 105 2492 thei,
129 2449 165 2484 id
195 2457 264 2495 cst,
287 2453 484 2501 ,theologiae
511 2458 755 2506 conjungitur.
788 2461 923 2508 Mares,
952 2465 1081 2512 inquit,

32 2515 160 2544 ¹emtum
181 2512 298 2558 stirpis
313 2514 434 2551 Aaron
456 2518 634 2554 comedent
652 2520 756 2565 illud,
776 2522 971 2569 legitimum
993 2538 1084 2562 sem-

37 2567 198 2604 riternum
220 2577 270 2606 est
299 2573 337 2608 in
369 2578 651 2620 generationibus
672 2583 793 2617 vestris
825 2584 868 2618 de
897 2586 1083 2630 sacrificiis

42 2629 180 2664 semini.
210 2629 288 2666 Non
316 2642 402 2679 ergo
429 2637 589 2672 omnium
616 2643 672 2674 est
703 2641 747 2676 de
781 2641 855 2678 Deo
882 2644 1080 2691 disputare,

49 2688 86 2724 ed
105 2690 229 2726 talium
249 2693 324 2738 qui,
346 2694 436 2730 nihil
453 2695 664 2744 femineum,
694 2702 784 2738 nihil
803 2702 939 2741 ssuxum
960 2707 997 2743 in
1017 2718 1079 2745 co-

34 2748 256 2788 litationibus
289 2753 438 2800 habent,
474 2759 571 2804 quod
593 2760 792 2807 legitimum
824 2771 999 2804 aeteruum
1041 2769 1079 2806 in

31 2811 314 2851 venerationibus
341 2825 482 2862 eorum,
514 2819 550 2855 id
571 2827 639 2866 εει,
664 2823 700 2859 in
722 2831 938 2871 perpetuum
956 2835 1078 2866 custo-

42 2871 86 2907 iri
107 2874 290 2920 praecepit,
309 2882 349 2912 ut
373 2877 409 2913 in
426 2880 525 2915 omni
543 2887 707 2928 tempore
727 2885 972 2934 intendamus,
994 2891 1075 2927 nul-

41 2937 160 2970 ttenus
185 2934 231 2971 de
253 2936 328 2973 Deo
356 2938 540 2985 disputare
559 2954 792 2992 praesumere,
821 2953 980 2995 quandiu
1007 2964 1074 3000 per

49 2994 192 3035 iasdam
211 2996 469 3038 declinationes
486 3003 687 3043 diffluentes
704 3009 761 3045 vel
776 3013 968 3050 saeculares
982 3015 1072 3054 alias

39 3077 41 3081 .
68 3057 226 3093 amasias
241 3069 262 3094 a
283 3062 528 3100 masculorum
542 3068 743 3106 excidimus
766 3071 953 3117 dignitate.
968 3077 1072 3120 Quod

36 3139 37 3143 ,
66 3117 136 3152 tem
168 3119 364 3157 novissime
397 3124 441 3159 de
475 3127 664 3165 sacrificiis
693 3131 829 3168 dictum
858 3141 927 3178 est,
949 3135 1073 3175 Omnis

62 3176 242 3227 iftetiqerit
259 3183 337 3228 itta,
356 3187 647 3235 sanctificabitur,
665 3192 734 3230 hoc
753 3197 952 3234 secundum
974 3199 1073 3237 litte-

58 3237 95 3277 :a
122 3239 310 3282 Judaicam
339 3257 410 3284 non
437 3256 556 3296 potest
585 3258 693 3291 stare.
733 3257 921 3301 Quomodo
952 3264 1071 3300 omnis

53 3308 89 3334 ·÷‘·
99 3303 260 3351 tetigerit
282 3307 327 3344 de
352 3309 532 3348 sacrificio
563 3321 772 3354 sanctorum
804 3322 1068 3369 sanctificatur,

73 3365 246 3409 jJ⁴m1c1da
266 3368 438 3416 tetigerit,
460 3372 490 3408 si
521 3374 710 3422 profanus,
729 3379 759 3415 si
794 3382 949 3428 adulter,
970 3385 1071 3422 ince-

60 3421 116 3463 ·>'.
142 3437 168 3454 ..,
188 3440 191 3457 ι
229 3427 327 3464 enim
354 3432 496 3478 excepit
517 3433 686 3482 aliquem,
723 3440 788 3476 sed
807 3441 924 3479 dixit:
947 3444 1070 3482 Omnis

95 3480 97 3482 ’
116 3479 186 3537 “gas
221 3485 244 3540 't
261 3498 318 3532 ea,
339 3492 634 3541 sanctificabitur,
661 3500 878 3545 quaerendus
895 3509 953 3540 est
982 3515 1070 3552 ergo

206 3574 209 3576 -
242 3551 418 3602 mysticus
439 3565 448 3589 ε
467 3555 554 3602 quia
575 3559 791 3597 sacrificium
811 3573 880 3608 pro
894 3575 967 3612 quo
986 3566 1066 3604 haec

64 3617 68 3629 ·
128 3594 137 3604 ⁸
190 3602 1064 3670 s'geiatotypoetfiguraprocesserant,unum

62 3715 71 3723 -
109 3703 114 3710 ,
147 3689 149 3697 ι
184 3697 213 3723 „¹
228 3658 548 3719 '·'⁴·'‘hmolatum‚³
568 3683 625 3714 est
653 3679 848 3727 christus;
873 3683 982 3730 hujus
1005 3696 1064 3723 sa-

61 3726 88 3751 ¹
152 3743 160 3778 χ
190 3744 239 3782 ‘.-'-
311 3742 359 3769 32
388 3731 754 3785 quis-tetigerit,hoc
777 3746 848 3787 est,
866 3743 899 3780 si
916 3745 1064 3783 credulo

64 3776 602 3833 ffle'wlffmfflvm
612 3797 658 3834 itt‘
669 3799 748 3847 eius
759 3803 931 3849 passione
946 3811 984 3853 et
1001 3817 1062 3845 re-

279 3843 461 3904 Pa'raot..
489 3853 635 3898 cvm.

687 177 1025 219 EXPOSITIONES
1048 180 1096 219 IN
1120 180 1387 221 LEVlTICUM.
1412 202 1462 213 —-
1484 186 1572 224 Lm.
1598 187 1641 226 11.

1091 2978 1127 3017 D

1146 263 1183 303 Α
1199 259 1423 297 surrectione
1456 261 1634 307 posuerit,
1661 262 1836 299 continuo
1867 266 2114 307 sanctificatur
2132 273 2163 309 si
2194 274 2261 312 im-

1196 321 1354 358 mundus
1368 326 1438 365 est,
1460 327 1613 359 sanatur
1628 322 1660 359 si
1677 323 1715 360 in
1743 324 1849 372 plaga
1868 331 1936 362 est.
1959 327 2032 374 (Ex
2050 330 2256 387 Hesychia.)

1196 379 1322 417 Omnis
1342 382 1475 430 quippe
1503 383 1569 420 Dei
1600 387 1900 424 commemoratio
1933 390 2256 435 sanctificationem

1193 447 1357 488 praestat,
1389 446 1486 491 quod
1510 450 1667 484 testatur
1685 447 1821 486 Paulus
1850 451 1974 488 dicens
1992 462 2002 487 :
2020 452 2115 497 Quia
2141 460 2254 496 omnis

1193 510 1357 540 creatura
1373 505 1441 541 Dei
1460 506 1551 543 bona
1567 515 1599 544 et
1615 509 1703 546 nihil
1720 512 1951 558 rejiciendum
1968 516 2061 562 quod
2081 529 2160 559 cum
2175 531 2257 566 qra-

1192 565 1323 601 tiarum
1339 567 1476 603 actione
1488 570 1693 616 percipitur,
1706 573 1951 618 sanctificatur
1970 582 2088 613 autem
2105 590 2167 625 per
2183 592 2257 617 ver-

1192 624 1272 661 bum
1298 625 1365 661 Dei
1394 633 1427 663 et
1450 629 1646 666 orationem
1680 630 1716 680 (Ι
1738 632 1830 670 Tim.
1855 635 1922 683 iv).
1945 635 2018 674 Sed
2047 650 2129 676 cum
2153 642 2254 687 dicit,

1190 690 1396 733 tangentem
1415 690 1654 736 sanctificari,
1674 693 1781 739 plane
1801 697 1961 734 ostendit
1977 699 2061 744 quia
2079 701 2117 736 in
2135 703 2255 750 dispu-

1190 750 1299 787 tando
1343 752 1387 788 de
1414 753 1501 797 Deo,
1531 755 1569 791 id
1597 762 1665 802 est,
1699 757 1737 794 in
1763 760 1955 809 theologia,
1985 764 2117 803 sufficit
2149 769 2254 807 nobis

1188 810 1300 846 etiam
1339 817 1482 850 tantum
1517 821 1680 864 tangere,
1712 823 2018 866 quemadmodum
2047 827 2168 874 ignem
2191 832 2252 877 qui

1186 870 1263 906 vult
1281 871 1463 918 calefieri;
1483 886 1567 911 nam
1594 877 1625 914 si
1649 879 1804 918 interius
1823 883 1945 920 mittat
1962 896 2110 924 manum
2126 900 2194 935 pro
2208 902 2252 928 eo

1185 931 1281 975 quod
1298 934 1414 977 potuit
1431 935 1606 982 calefieri,
1625 941 1869 988 comburitur,
1893 945 1947 982 sic
1963 952 2000 984 et
2014 949 2077 994 qui
2095 952 2251 996 profun-

1184 990 1264 1027 dius
1283 993 1338 1028 vel
1367 994 1474 1032 altius
1496 998 1540 1033 de
1570 998 1645 1036 Deo
1668 1001 1856 1047 disputare
1885 1011 2088 1055 praesumit,
2113 1023 2180 1059 pro
2206 1024 2250 1052 eo

1182 1052 1279 1097 quod
1298 1052 1490 1099 gloriosius
1508 1058 1596 1102 quid
1615 1061 1693 1096 vult
1710 1062 1910 1110 offendere,
1928 1067 1966 1104 in
1983 1069 2249 1117 blasphemiam

1181 1114 1292 1158 cadit,
1322 1115 1408 1151 dum
1437 1120 1749 1165 comprehendere
1775 1125 2007 1167 altitudinem
2038 1131 2247 1172 divinorum

47 1167 168 1198 autem
197 1164 421 1201 tabernaculi
453 1166 663 1210 testimonii,
683 1167 719 1203 id
750 1173 805 1204 est
830 1169 927 1213 coeli,
946 1169 1109 1207 Ecclesia
1129 1167 1163 1208 B
1180 1174 1393 1222 dogmatum
1412 1188 1485 1216 non
1501 1182 1629 1227 possit.

1173 1298 1227 1335 De
1240 1300 1364 1338 hostiis
1379 1303 1501 1341 Aaron
1522 1312 1555 1342 et
1569 1307 1726 1351 filiorum
1743 1312 1820 1358 ejus
1834 1314 1870 1350 in
1885 1315 1942 1352 die
1959 1319 2134 1358 unctionis
2153 1334 2241 1360 succ.

1223 1360 1342 1408 (lein.)
1370 1363 1417 1398 Et
1439 1364 1577 1403 locutus
1597 1375 1647 1404 est
1667 1369 1842 1410 Dominus
1864 1376 1910 1411 ud
1928 1376 2076 1426 Moysen
2099 1382 2242 1421 dicens:

1173 1421 1262 1457 Hoec
1291 1431 1340 1459 est
1359 1425 1487 1462 oblatio
1511 1429 1632 1466 Aaron
1663 1439 1695 1467 et
1712 1433 1870 1479 filiorum
1892 1439 1969 1485 ejus
1987 1453 2093 1488 quam
2115 1446 2242 1492 offerre

1172 1480 1296 1517 debent
1314 1483 1465 1521 Domino
1481 1487 1517 1523 in
1535 1489 1591 1525 die
1609 1493 1786 1531 unctionis
1799 1507 1887 1533 suae.
1904 1499 2087 1539 Decimam
2103 1512 2242 1551 partem

1170 1542 1248 1588 ephi
1269 1544 1415 1590 offerent
1431 1548 1557 1585 similoe
1581 1551 1618 1586 in
1636 1555 1814 1600 sacrificio
1830 1560 2039 1605 sempiterno
2056 1572 2067 1597 :
2084 1566 2238 1602 medium

1170 1603 1248 1648 eJ'us
1269 1617 1372 1641 mane
1394 1614 1426 1642 et
1447 1610 1601 1646 medium
1625 1623 1764 1660 vespere
1778 1628 1791 1659 ;
1806 1628 1885 1663 quce
1904 1619 1942 1654 in
1967 1624 2146 1670 sartayine
2163 1625 2238 1661 oleo

1170 1676 1358 1713 conspersa
1378 1670 1540 1717 sriqetur.
1562 1673 1694 1721 Offeret
1712 1685 1829 1715 autem
1843 1693 1920 1718 eam
1936 1683 2089 1721 calidam
2107 1687 2145 1723 in
2157 1688 2240 1723 odo-

1168 1736 1241 1761 rem
1272 1721 1519 1767 suavissimum
1548 1733 1719 1781 Domino,
1750 1742 1914 1778 sacerdos
1944 1746 2005 1791 qui
2035 1748 2130 1792 patri
2154 1749 2237 1795 jure

1167 1792 1388 1836 successerit,
1412 1799 1444 1829 et
1465 1800 1539 1830 tota
1568 1799 1782 1836 cremabitur
1798 1803 1835 1839 in
1864 1803 1984 1842 altari.
2009 1806 2122 1845 Omne
2143 1812 2236 1847 enim

1166 1851 1382 1895 sacrificium
1417 1857 1639 1894 sacerdotum
1669 1862 1747 1908 iyne
1774 1874 2010 1912 consumetur,
2047 1881 2108 1907 nec
2143 1875 2237 1919 quis-

1164 1920 1272 1955 quam
1292 1914 1447 1950 comedet
1469 1928 1512 1952 ex
1527 1929 1581 1954 eo.
1605 1920 1719 1959 Omne
1739 1926 1960 1964 saci-ilicium
1983 1933 2080 1977 quod
2111 1934 2156 1970 ad
2176 1945 2234 1972 sa-

1164 1971 1322 2010 cerdotis
1352 1975 1512 2014 refertur
1530 1990 1738 2029 personam,
1774 1987 1960 2036 Unigeniti
1992 1995 2163 2033 sacrificii
2190 1998 2234 2034 fi-

1164 2042 1290 2078 guram
1309 2037 1415 2082 gerit,
1437 2039 1536 2077 sicut
1553 2052 1620 2089 per
1639 2054 1858 2091 praesentem
1885 2052 2159 2093 demonstratur
2180 2059 2232 2095 le-

1161 2104 1257 2140 gem.
1293 2096 1353 2133 Ait
1380 2101 1502 2137 enim:
1522 2103 1569 2139 Et
1592 2105 1730 2145 locutus
1753 2117 1804 2146 est
1820 2111 1994 2152 Dominus
2010 2118 2057 2153 ad
2083 2119 2231 2167 Moysen

1157 2155 1303 2193 dicens:
1324 2159 1413 2196 Hcec
1441 2169 1491 2199 est
1514 2165 1647 2204 oblatio
1672 2170 1794 2207 Aaron
1811 2180 1842 2208 et
1856 2175 2014 2219 filiorum
2031 2180 2109 2226 eJus
2123 2193 2230 2228 quam

1158 2217 1286 2263 offerre
1300 2220 1425 2258 debent
1438 2223 1592 2263 Domino
1607 2228 1643 2264 in
1659 2230 1716 2266 die
1733 2233 1907 2271 unctionis
1926 2248 2013 2274 sure.
2033 2238 2229 2279 Multorum

1158 2279 1307 2324 quidem
1329 2286 1561 2324 sacerdotum
1579 2291 1650 2328 hoc
1668 2293 1802 2331 donum
1823 2304 1880 2334 est
1901 2311 1909 2333 :
1928 2301 1979 2336 ait
1999 2303 2132 2349 quippe
2154 2306 2227 2343 Aa·

1157 2352 1222 2378 ron
1250 2350 1283 2379 et
1306 2346 1471 2390 filiorum
1497 2352 1586 2398 ejus,
1616 2356 1679 2391 scd
1712 2368 1783 2394 uno
1811 2367 1921 2398 uncto
1956 2362 2119 2407 offertur,
2142 2368 2226 2411 quia

1155 2403 1275 2439 omnis
1296 2408 1492 2445 sacerdotii
1512 2411 1632 2459 imago
1650 2420 1687 2451 et
1707 2417 1863 2456 firmitas
1883 2421 1960 2457 sive
1990 2424 2225 2462 subsistentia

1158 2460 1295 2499 Christi
1311 2467 1531 2504 sacrificium
1551 2478 1621 2516 est,
1639 2474 1716 2519 ipso
1732 2478 1828 2513 enim
1851 2480 1928 2516 solo
1947 2482 2069 2519 oblato
2084 2495 2150 2530 per
2169 2492 2224 2522 to-

1154 2527 1229 2556 tum
1250 2529 1318 2559 est.
1341 2525 1386 2561 Et
1401 2529 1547 2572 quando
1565 2537 1686 2568 actum
1707 2541 1788 2571 est·:
1801 2536 1847 2572 In
1862 2538 1920 2574 die
1935 2542 2111 2579 unctionis
2127 2545 2220 2590 ejus,

1154 2581 1191 2618 id
1219 2590 1288 2629 est,
1327 2592 1489 2634 tempore
1517 2601 1589 2636 quo
1621 2594 1831 2634 incarnatus
1861 2606 1915 2636 est
1936 2613 1943 2636 :
1965 2604 2089 2640 unctio
2120 2606 2219 2643 enim

1150 2643 1187 2679 in
1207 2644 1392 2693 Unigeniti
1416 2660 1572 2695 persona
1598 2654 1803 2695 incarnatio
1826 2661 1970 2707 dicitur,
2000 2665 2045 2702 de
2068 2677 2140 2713 qua
2166 2670 2219 2706 ait

1148 2703 1278 2743 Petrus
1296 2719 1304 2743 :
1320 2708 1443 2746 Jesum
1462 2711 1694 2752 Nazarenum
1714 2721 1888 2764 quomodo
1906 2734 1984 2759 eum
1999 2727 2102 2762 unoeit
2118 2727 2216 2766 Deus

1147 2764 1283 2812 Spiritu
1299 2777 1420 2807 sancto
1448 2780 1481 2808 et
1496 2775 1622 2812 virtute
1640 2777 1741 2824 (Luc.
1764 2781 1886 2829 xxiv);
1909 2783 1987 2820 haec
2007 2796 2094 2824 vero
2122 2799 2215 2835 quo-

1145 2829 1254 2865 modo
1274 2837 1336 2867 aut
1369 2835 1513 2878 quando
1546 2836 1641 2874 facta
1659 2840 1746 2884 sint,
1778 2841 1926 2880 Gabriel
1946 2846 2069 2885 Mariae
2093 2850 2212 2887 dixit:

1144 2887 1300 2935 Spiritus
1319 2901 1476 2939 sanctus,
1506 2897 1634 2945 inquit,
1665 2906 1882 2948 superveniet
1907 2907 1944 2942 in
1971 2915 2016 2952 te,
2046 2916 2078 2945 et
2097 2912 2210 2948 virtus

1144 2950 1338 2990 Altisssimi
1361 2957 1579 2996 obumbrabit
1597 2963 1660 2998 tibi
1682 2964 1783 3012 (Luc.
1802 2967 1829 3015 1)
1850 2981 1858 3003 ε
1876 2979 1985 3015 quam
2004 2982 2092 3019 ergo
2110 2975 2212 3012 obla·

1144 3014 1280 3052 tionem
1296 3027 1380 3054 cum
1402 3024 1574 3060 sacerdos
1591 3031 1723 3063 unctus
1746 3028 1868 3074 suerit,
1890 3038 1971 3078 post
1988 3034 2206 3074 incarnatio-

1142 3085 1226 3112 nem
1246 3078 1414 3117 videlicet
1437 3085 1552 3128 verbi,
1575 3086 1761 3132 legislator
1778 3091 1901 3129 offerri
1930 3098 2128 3143 praecepit?
2142 3100 2206 3135 de-

1141 3139 1269 3175 cimam
1282 3150 1418 3188 partem
1434 3147 1511 3192 ephi
1532 3150 1677 3195 offerent
1697 3154 1824 3190 similoe
1838 3157 1875 3192 in
1889 3160 2065 3205 sacrificio
2080 3162 2208 3206 sempi-

1141 3204 1256 3245 terno,
1283 3204 1437 3241 medium
1463 3208 1540 3253 ejus
1565 3221 1682 3256 mane,
1713 3221 1745 3249 et
1771 3216 1926 3252 medium
1958 3219 2034 3264 ejus
2051 3230 2202 3265 vespere,

1140 3270 1218 3307 quae
1240 3264 1278 3299 in
1294 3267 1473 3313 sartaqine
1505 3275 1580 3306 oleo
1609 3283 1795 3319 conspersa
1820 3277 1980 3323 sriqetur.
2005 3278 2076 3314 Sed
2104 3279 2204 3317 deci-

1141 3334 1239 3361 mam
1260 3329 1406 3373 quidem
1425 3333 1509 3378 ephi
1526 3334 1667 3378 similae‚
1689 3346 1767 3372 esse
1791 3337 1974 3384 Unigeniti
1990 3339 2201 3377 humanita-

1141 3389 1228 3430 tem,
1267 3388 1306 3424 in
1332 3393 1581 3436 superioribus
1616 3401 1802 3432 ostensum
1826 3403 1895 3441 est,
1929 3409 2011 3436 cum
2052 3405 2088 3438 et
2115 3404 2199 3450 ephi

1139 3451 1265 3491 utpote
1292 3459 1502 3487 mensuram
1535 3458 1612 3490 tres
1641 3455 1782 3490 modios
1806 3457 2020 3502 capientem.
2044 3460 2202 3514 Trinita-

1138 3511 1212 3542 tem
1225 3517 1308 3544 esse
1321 3516 1421 3547 recte
1437 3511 1607 3549 diximus.
1632 3513 1671 3548 Si
1691 3521 1812 3551 autem
1830 3518 1930 3564 ephi,
1948 3520 2091 3559 Domini
2110 3535 2198 3562 caro

1136 3575 1234 3610 esse,
1251 3575 1293 3603 ut
1309 3574 1347 3604 et
1367 3571 1568 3608 divinitatis
1587 3576 1894 3620 supereminentia
1911 3582 2196 3631 demonstretur,

1134 3627 1406 3676 Dominicaeque
1425 3633 1548 3670 carnis
1565 3643 1649 3671 cum
1666 3644 1709 3672 ea
1729 3636 2032 3686 inseparabilitas,
2053 3644 2125 3682 hoc
2137 3646 2197 3683 ui-

1132 3689 1331 3726 hilominus
1355 3690 1395 3728 in
1413 3693 1634 3732 sacrificium
1653 3705 1868 3751 perpetuum
1893 3707 1964 3747 est,
1989 3705 2076 3751 quia
2099 3705 2196 3746 sicut

1132 3750 1183 3785 ait
1195 3749 1354 3787 Paulus:
1376 3743 1457 3790 Una
1479 3755 1573 3791 enim
1590 3755 1766 3796 oblatione
1776 3765 2029 3802 consummavit
2042 3766 2081 3803 in
2101 3777 2194 3805 sem-

1130 3810 1306 3858 piternum
1327 3815 1580 3862 sanctificatos,
1608 3819 1702 3858 unde
1725 3826 1759 3858 et
1773 3821 1911 3860 salvare
1929 3824 1966 3862 in
1987 3833 2192 3876 perpetuum

1873 3885 1923 3928 10
