2540 4016
36 0 80 44 εἴ
107 38 110 40 ,

27 55 84 171 ..⁴

29 165 145 273 {iro

72 361 161 393 tunc
180 354 355 401 intelliges
370 362 476 399 quam
497 349 646 399 pulchra
665 353 749 388 sunt
770 345 1001 388 tabernacula
1020 344 1131 382 Jacob

74 423 112 457 et
131 417 285 465 tentoria
308 415 431 466 lsrael
467 413 570 462 Quod
592 411 623 449 si
651 409 850 450 secundum
875 407 983 452 aliam
1003 406 1132 443 editio-

73 489 156 525 nem
170 479 288 531 legere
303 475 460 523 volueris
474 475 549 514 ita:
568 473 682 518 Quam
701 471 799 508 bonae
807 475 889 510 sunt
906 469 1030 508 domus
1044 474 1130 511 tum,

72 538 197 583 Jacob,
219 537 443 578 tabernacula
458 543 534 580 tua,
552 533 687 578 Israet;
704 540 741 569 ut
758 543 898 570 nemora
916 530 1129 575 umbrantia,

73 607 111 636 ut
127 600 285 648 paradisi
309 610 412 652 super
434 599 605 649 (luminat,-
625 603 661 634 ct
681 595 921 644 differentiam
943 594 1131 631 domorum

73 673 117 698 ac
150 660 463 703 tabernaculorum
494 660 571 706 ejus
603 659 782 706 requiras,
815 662 851 694 et
881 655 995 693 Jacob
1023 659 1132 700 atque

70 722 181 761 Israel
197 721 444 759 diversitatem
469 721 578 760 etiam
599 722 642 756 de
666 721 735 756 boc
766 719 849 756 talis
878 718 1041 764 quaedam
1068 716 1132 756 ha·

71 783 187 826 benda
206 783 390 819 distinctio
407 788 474 820 cst.
502 782 636 818 Domus
655 793 713 818 res
738 786 795 828 est
820 780 970 817 fundata
993 787 1036 812 ae
1057 782 1131 814 sta-

71 841 164 890 bilis,
187 847 222 878 et
237 842 345 878 certis
364 841 526 880 terminis
541 846 655 886 septa.
686 837 932 877 Tabernacula
944 845 1032 872 vero
1047 840 1130 872 sunt

51 899 275 942 'habitacula
303 902 468 949 quaedam
494 912 635 945 eorum,
654 900 716 947 qui
734 907 873 946 semper
890 897 927 937 in
950 896 1009 932 via
1030 901 1129 942 sunt,

74 971 107 1003 et
125 976 267 1013 semper
286 965 482 1011 ambulant,
504 975 571 1004 nec
585 964 726 1008 itineris
744 961 800 996 sui
820 959 1014 996 terminum
1033 969 1131 1005 repe-

72 1029 183 1064 riunt.
211 1027 322 1074 Igitur
338 1027 447 1067 Jacob
464 1025 648 1070 habendus
672 1028 727 1060 est
747 1022 782 1061 iu
803 1031 927 1059 eorum
948 1020 1127 1067 personis,

70 1089 132 1134 qui
152 1089 189 1125 in
211 1087 350 1123 actibus
368 1091 405 1121 et
422 1095 531 1134 opere
551 1083 701 1130 perfecti
719 1087 802 1118 sunt
820 1094 828 1117 ε
844 1082 955 1118 lsrael
972 1092 1057 1118 vero
1078 1081 1130 1119 illi

68 1149 291 1196 intelligendi
314 1152 398 1184 sunt
417 1147 479 1193 qui
501 1147 617 1183 studia
636 1156 720 1193 erga
745 1146 960 1191 sapientiam
985 1150 1126 1192 gerunt.

69 1211 160 1255 Quia
178 1220 264 1257 ergo
278 1219 427 1256 operum
447 1213 645 1255 gestorum,
665 1217 745 1252 quae
760 1207 922 1242 exercitu
944 1211 1042 1256 certo
1059 1206 1147 1251 fine,

69 1272 283 1308 clauduntur
300 1271 430 1317 (neque
448 1271 544 1307 enim
554 1270 632 1306 sine
643 1270 712 1306 fine
720 1274 774 1306 est
782 1279 930 1316 operum
939 1269 1128 1317 perfectio)

66 1334 129 1370 ubi
157 1333 406 1381 adimpleverit
430 1332 511 1379 quis
537 1330 659 1371 omnia
682 1341 762 1380 qua}
787 1329 907 1365 facere
931 1330 1067 1372 debuit,
1096 1335 1130 1365 et

68 1393 113 1436 ad
129 1393 360 1440 perfectionis
384 1392 493 1428 finem
510 1402 659 1438 operum
679 1390 833 1433 venerit,
854 1388 1028 1436 perfectio
1053 1390 1129 1434 ipsa

71 1465 235 1502 operum,
255 1455 349 1491 bona
365 1456 492 1491 domus
513 1454 589 1500 ejus
614 1463 695 1490 esse
713 1453 856 1489 dicitur.
894 1452 1028 1488 Eorum
1044 1462 1129 1487 vero

68 1516 130 1564 qui
146 1517 330 1565 sapientiae
348 1520 382 1552 et
402 1515 561 1552 scientiae
576 1525 722 1560 operam
741 1519 878 1557 amant,
896 1513 1066 1560 quoniam
1085 1512 1127 1548 fi-

67 1578 126 1613 nis
152 1577 271 1625 nullus
305 1582 359 1614 est
393 1577 496 1624 (quis
526 1577 623 1612 enim
652 1575 829 1613 terminus
857 1575 1040 1622 sapientiae
1064 1574 1129 1610 Dei

67 1638 163 1675 erit?
179 1638 238 1673 ubi
255 1643 389 1683 quanto
406 1638 561 1684 amplius
583 1637 663 1683 quis
690 1637 900 1681 accesserit,
929 1641 1028 1672 tanto
1045 1646 1127 1682 pro-

67 1697 235 1735 fundiora
261 1698 439 1740 inveniet;
470 1705 504 1734 et
533 1703 667 1745 quanto
696 1698 777 1745 quis
805 1703 987 1734 scrutatus
1006 1697 1126 1740 suerit,

68 1763 170 1798 tanto
191 1769 233 1795 ea
258 1758 450 1795 ineffabilia
470 1765 506 1795 et
532 1759 908 1806 incomprehensibilia
933 1759 1129 1802 deprehen-

69 1820 133 1856 dit.
161 1821 539 1867 incomprehensibilis
554 1822 651 1859 enim
666 1827 701 1857 et
721 1821 982 1863 inaestimabilis
998 1825 1051 1856 cst
1065 1820 1129 1856 Dei

67 1882 259 1929 sapientia)
275 1883 430 1919 :ideirco
441 1893 566 1919 eorum
583 1883 643 1929 qui
656 1883 727 1918 iter
745 1882 927 1928 sapientiae
944 1883 1127 1925 incedunt,

67 1952 140 1979 non
158 1943 283 1980 domos
297 1943 462 1988 laudant;
482 1954 553 1979 non
568 1944 665 1979 enim
683 1948 926 1990 pervenerunt
940 1943 986 1978 ad
1003 1943 1126 1986 fidem,

67 2006 131 2048 sed
154 2007 385 2042 tabernacula
414 2007 606 2050 mirantur,
626 2007 661 2043 in
688 2007 819 2053 quibus
845 2017 989 2052 semper
1006 2007 1128 2042 ambu-

66 2067 157 2112 lant,
184 2074 220 2104 et
246 2078 388 2114 semper
416 2068 633 2114 proficiunt:
652 2073 688 2103 et
714 2073 851 2113 quanto
875 2068 990 2114 magis
1014 2068 1126 2114 profi·
1146 2094 1174 2135 C

68 2127 183 2171 ciunt,
203 2134 301 2164 tanto
320 2129 372 2164 eis
385 2129 594 2174 proficiendi
611 2129 667 2165 via
689 2134 851 2174 augetur,
870 2134 904 2164 et
920 2129 956 2164 in
975 2128 1126 2164 immen-

69 2197 150 2224 sum
170 2188 328 2234 ponitur.
358 2188 403 2224 Et
421 2188 501 2224 ideo
519 2188 607 2224 istos
626 2188 809 2236 profectus
826 2199 949 2226 eorum
970 2199 1034 2234 per
1054 2190 1127 2235 spi-

69 2248 177 2284 ritum
203 2254 392 2291 contuens,
427 2248 659 2287 tabernacula
686 2259 725 2285 ea
749 2249 909 2285 nominat
932 2249 1054 2285 lsrael.
1083 2249 1127 2286 Et

68 2318 153 2344 vere
187 2308 218 2343 si
251 2309 330 2354 quis
362 2308 519 2344 scientiae
547 2308 684 2354 aliquos
704 2308 902 2354 profectus,
932 2314 967 2344 et
986 2309 1127 2354 experi-

67 2369 180 2405 menti
201 2369 334 2414 aliquid
360 2370 396 2405 in
415 2370 546 2406 talibus
567 2370 738 2415 sumpsit,
760 2370 828 2406 scit
847 2369 1007 2415 profecto
1032 2370 1127 2415 quod

68 2430 128 2466 ubi
149 2430 194 2466 ad
214 2429 371 2476 aliquam
399 2437 543 2466 ventum
565 2430 673 2466 suerit
700 2431 890 2474 theoriam,
912 2437 949 2468 et
975 2431 1126 2477 agnitio-

68 2498 150 2525 ncm
174 2491 428 2537 mysteriorum
457 2491 707 2537 spiritualium,
739 2492 788 2527 ibi
815 2491 935 2528 anima
959 2492 1060 2537 quasi
1088 2492 1125 2527 in

68 2550 224 2595 quodam
252 2552 485 2587 tabernaculo
517 2552 737 2587 demoratur.
767 2552 855 2587 Cum
886 2562 972 2587 vero
1002 2562 1045 2586 cx
1068 2552 1125 2587 bis

67 2618 148 2655 quae
169 2610 317 2654 reperit,
340 2610 408 2644 alia
427 2621 552 2647 rursus
574 2612 736 2654 rimatur,
756 2616 791 2646 et
810 2611 855 2646 ad
872 2611 961 2647 alios
981 2611 1125 2657 proficit

67 2671 284 2715 intellectus,
305 2672 389 2708 inde
410 2674 512 2718 quasi
532 2673 669 2710 elevato
693 2674 925 2710 tabernaculo
950 2676 1063 2712 tendit
1080 2677 1125 2713 ad

64 2733 276 2778 superiora;
294 2739 328 2769 et
344 2734 390 2770 ibi
407 2734 571 2778 collocat,
591 2741 627 2772 et
642 2735 678 2771 in
693 2736 776 2772 imis
795 2737 931 2781 sedem,
955 2748 1124 2777 sensuum

67 2793 263 2834 stabilitate
285 2793 483 2841 confixam;
506 2801 541 2830 et
566 2796 648 2835 inde
681 2797 810 2842 iterum
843 2808 886 2834 ex
917 2799 1002 2845 ipsis
1036 2799 1124 2839 alios

68 2853 204 2891 invenit
230 2856 412 2902 spiritales
437 2867 577 2902 sensus,
609 2869 699 2904 qnos
725 2860 886 2906 priorum
914 2860 990 2896 sine
1017 2861 1124 2897 dublo

67 2925 237 2953 sensuum
256 2919 510 2969 consequentia
535 2919 757 2966 patefecerit.
786 2921 830 2956 Et
849 2921 898 2956 ita
917 2931 1059 2968 semper
1080 2923 1124 2958 ad

67 2977 189 3024 priora
224 2980 434 3024 extendens,
465 2981 705 3017 tabernaculis
737 2983 948 3028 quibusdam
983 2985 1123 3021 videtur

66 3037 247 3076 incedere.
280 3040 471 3086 Nunquam
492 3042 588 3078 enim
610 3048 664 3078 cst
692 3045 832 3089 quando
863 3046 981 3082 anima
1006 3047 1122 3083 scicn—

66 3099 127 3135 tiae
147 3099 302 3146 igniculo
322 3111 506 3146 succensa,
529 3103 635 3139 otiari
654 3105 768 3151 possit
785 3111 820 3142 et
842 3107 1041 3151 quiescere,
1060 3108 1122 3144 sed

50 3169 211 3206 „semper
230 3172 250 3196 a
269 3162 372 3198 bonis
392 3163 437 3200 ad
456 3164 619 3209 meliora,
647 3169 685 3206 et
711 3164 842 3201 iterum
869 3166 913 3202 ad
936 3168 1121 3213 superiora

48 3230 90 3269 (a
117 3220 326 3272 melioribns
355 3229 584 3271 provocatur.
618 3223 694 3261 Hoc
719 3235 805 3272 ergo
840 3226 1022 3272 sapientiae
1059 3227 1122 3264 Dei

50 3282 137 3334 ‚iter
159 3289 263 3333 grate
292 3284 380 3334 satis
394 3311 405 3330 ,
434 3289 471 3322 et
496 3296 578 3331 cum
601 3286 716 3333 multo
746 3287 877 3329 decore
901 3288 1124 3335 praescripsit

62 3342 206 3395 niceas·

116 3401 161 3455 Ut
180 3415 322 3455 nemora
338 3405 550 3453 umbrantia,
571 3415 604 3444 et
616 3415 654 3445 ut
668 3409 824 3456 paradisi
839 3421 943 3456 super
960 3411 1121 3456 fluiniua,

64 3469 103 3515 gt
120 3465 210 3503 sieut
228 3466 454 3517 tabernarum
465 3495 474 3512 ‚
491 3480 572 3518 ,quoe
589 3470 668 3517 fixit
688 3470 859 3517 Dominus
869 3481 882 3514 ,·
900 3471 992 3508 sicut
1027 3471 1124 3513 ,cedri

52 3523 171 3581 ,iaxta
187 3536 308 3579 aquas:
334 3527 402 3573 Qui
426 3528 524 3564 enim
542 3529 714 3579 incedunt
728 3530 823 3575 hanc
841 3530 951 3575 viam,
973 3539 1040 3574 per
1060 3539 1123 3576 ne-

56 3593 171 3646 W
195 3589 401 3642 umbrpsttia
431 3590 615 3641 ineedunt.
655 3591 812 3638 Nemora
837 3590 934 3635 enim
967 3595 1051 3641 sant
1069 3589 1122 3626 eis

70 3644 286 3705 Q,
304 3655 348 3700 et
363 3657 403 3693 ιιι
418 3653 578 3700 paradisi
596 3654 715 3700 omnis
734 3653 914 3701 iustorum
935 3657 1065 3696 coetus,
1085 3656 1122 3689 et

52 3710 287 3774 cantatam
318 3713 649 3766 pmpbetarnmque
691 3715 836 3760 chorus.
881 3713 956 3751 Sub
994 3713 1121 3751 umbra

50 3766 168 3823 ριιίιιι
188 3761 359 3821 mpsim
371 3781 476 3822 mps
499 3774 599 3822 apud
625 3773 706 3820 illos
737 3774 893 3822 scriptos
920 3774 1120 3818 inveniunt,

29 3823 328 3905 φίτιςιιηιιιψι·
344 3830 472 3879 Q
490 3842 671 3882 mnu
687 3838 723 3873 et
736 3833 774 3879 ip
785 3832 962 3880 doctrinis
976 3844 1118 3886 eorum,

19 3907 77 4016 ..sl

513 209 906 266 ΕΝΔΒιιΑτιοΝΕε
930 206 976 248 m
1001 207 1176 250 amnuit
1202 208 1512 261 Νυιιβιιοιιιιιι.
1539 229 1587 240 ῃ
1608 210 1694 263 ιιβ,
1718 209 1794 258 ιιι,

32 302 111 347 ,ιιι
138 294 323 344 sanguinis
341 297 399 337 est
420 291 600 343 cognatio,
626 298 736 337 quam
759 286 894 336 mentis
923 291 960 322 et
989 285 1126 323 animi·
1146 287 1183 328 A
1198 285 1303 336 quasi
1331 285 1542 330 incedentes
1562 294 1628 341 per
1650 295 1765 331 opaea
1784 294 1987 338 nemorum
2012 292 2251 346 perperaum,
2281 339 2285 346 ¹

2177 218 2251 268 25⁰

1200 351 1238 382 et
1253 346 1347 383 sicut
1365 344 1526 394 paradisi
1547 355 1657 392 super
1673 343 1837 388 flumina,
1863 342 1998 399 similes
2023 355 2061 400 ει
2080 360 2291 410 coenam

1199 408 1252 447 illi
1278 409 1469 455 paradiso,
1487 407 1526 457 in
1543 417 1615 462 qna
1633 405 1769 461 lignum
1791 406 1874 446 vitae
1890 411 1958 445 est.
1983 407 2150 457 Flummg.
2159 424 2254 463 ,βω

1197 478 1391 517 possumus
1410 467 1467 506 vel
1486 468 1694 515 Scripturas
1712 465 1939 518 evangelicas
1957 471 2065 517 atque
2091 462 2256 518 apostoli.

1199 540 1261 567 cas
1286 529 1464 576 accipere,
1482 528 1540 565 vel
1559 527 1669 564 etiam
1684 525 1893 574 angelorum
1911 531 1947 562 et
1964 525 2167 563 coelestium
2185 529 2258 565 vir-

1198 595 1316 627 tutum
1334 600 1420 636 erga
1450 587 1657 636 huiusmodi
1693 585 1833 622 animas
1861 585 2053 632 adjutoria.
2083 585 2259 634 Rigantur

1199 651 1297 688 enim
1320 651 1365 687 ab
1385 649 1457 686 illis
1474 654 1509 685 et
1529 647 1762 691 mundantur,
1785 651 1894 693 atque
1913 645 1959 681 ad
1982 655 2129 684 omnem
2146 647 2261 684 seien-

1202 717 1289 753 tiam
1317 721 1353 752 et
1386 715 1605 761 agnitionem
1645 724 1768 752 rerum
1803 713 2004 763 coelestium
2036 714 2259 756 nutriuntur.

1201 776 1373 822 Quamvis
1398 784 1435 813 et
1460 775 1625 814 Salvator
1646 781 1770 813 noster
1797 773 1924 812 fluvius
1952 774 1999 812 sit
2020 774 2083 821 qui
2105 773 2263 812 laetificat

1199 838 1382 875 civitatem
1413 838 1492 881 Dei,
1518 842 1554 874 et
1583 837 1739 883 Spiritus
1762 843 1908 875 sanctus
1936 846 2010 882 non
2043 836 2159 889 solum
2186 837 2263 885 ipse

1197 898 1327 936 fluvius
1352 900 1413 944 sit,
1439 899 1503 939 sed
1525 905 1561 936 et
1589 899 1645 936 his
1664 899 1794 947 quibus
1824 899 1928 947 datus
1956 898 2081 950 suerit,
2114 898 2263 952 flumina

1198 961 1243 999 de
1268 967 1394 998 ventre
1420 971 1546 1009 eorum
1570 960 1781 1011 procedant,
1811 965 1848 997 et
1874 959 1970 997 Deus
1998 960 2106 1010 Pater
2135 961 2260 1011 dicat:

1199 1019 1258 1055 Me
1272 1020 1529 1068 dereliquerunt
1550 1020 1682 1067 sontem
1701 1030 1801 1066 aquoe
1819 1020 1919 1064 vivae,
1951 1031 1995 1056 ex
2020 1031 2092 1069 quo
2119 1021 2261 1067 seilicet

1197 1077 1310 1125 fonte,
1329 1079 1477 1114 flumina
1497 1079 1566 1115 ista
1581 1079 1795 1124 procedunt.
1821 1078 1884 1115 His
1901 1089 1986 1127 ergo
2005 1081 2177 1129 mundata
2194 1081 2261 1117 ssu-

1198 1139 1356 1177 minibus
1377 1138 1609 1175 tabernacula
1628 1138 1752 1182 Israel,
1777 1143 1860 1175 sunt
1876 1138 1969 1174 sicut
1988 1138 2063 1182 illa,
2083 1149 2164 1185 quae
2185 1139 2264 1182 fixit

1148 1189 1180 1228 Β
1200 1201 1387 1238 Dominus.
1422 1200 1495 1238 Sed
1521 1201 1701 1238 intentum
1728 1199 1895 1238 fortassis
1922 1211 2067 1244 movere
2092 1206 2263 1250 poterunt

1200 1262 1400 1299 auditorem
1414 1289 1423 1306 ‚
1442 1262 1536 1307 quod
1554 1262 1643 1298 duas
1661 1262 1836 1310 quasdam
1854 1262 1993 1309 species
2010 1263 2261 1304 tabernaculo-

1199 1332 1279 1358 rum
1300 1332 1460 1369 praeseus
1477 1333 1597 1363 sermo
1618 1327 1892 1358 commemorat.
1922 1322 1982 1359 Ait
2002 1324 2098 1363 enim
2119 1336 2127 1360 :
2146 1324 2261 1368 Quam

1199 1381 1296 1416 bonce
1322 1382 1445 1418 domus
1472 1387 1556 1426 tuce,
1583 1382 1718 1417 Jacob!
1745 1382 1772 1416 T
1774 1383 1986 1423 abernacula
2013 1390 2088 1428 tua,
2121 1384 2250 1433 Israest

1198 1449 1234 1477 ιιι
1256 1453 1397 1478 nemora
1424 1443 1640 1486 uenbrantia,
1669 1448 1702 1478 et
1725 1450 1764 1478 ut
1783 1444 1942 1491 paradisi
1971 1456 2074 1493 super
2097 1447 2258 1494 flumina.

1197 1502 1243 1538 Et
1267 1514 1410 1540 rursum
1433 1504 1662 1545 tabernacula
1684 1504 1927 1542 tabernaculis
1947 1493 2132 1554 comparat
2150 1513 2187 1544 et
2204 1508 2259 1547 di-

1198 1565 1248 1602 cit
1264 1575 1274 1600 z
1293 1565 1338 1601 Et
1358 1567 1447 1601 sicut
1469 1565 1710 1610 tabernacula,
1730 1578 1807 1613 quae
1828 1567 1907 1613 fixit
1925 1567 2108 1613 Dominus.
2137 1569 2261 1616 Potest

1197 1635 1283 1673 ergo
1300 1632 1336 1662 et
1352 1627 1420 1662 alia
1450 1632 1532 1674 post
1556 1628 1646 1664 alias
1667 1638 1757 1678 quas
1778 1638 1884 1675 supra
1905 1629 2120 1674 protulimus
2146 1631 2260 1678 recipi

1198 1689 1389 1735 expositio,
1418 1694 1458 1724 ut
1484 1689 1647 1726 dieamus
1675 1690 1803 1726 domus
1829 1688 1940 1728 Jacob
1961 1699 2042 1726 esse
2067 1690 2199 1738 legem,
2224 1697 2261 1728 et

1197 1748 1431 1785 tabernacula
1458 1747 1581 1793 Israel,
1607 1749 1818 1796 prophetas.
1841 1749 1920 1790 Non
1942 1750 2036 1786 enim
2061 1750 2178 1798 ipsum
2197 1750 2259 1798 Ja-

1198 1809 1264 1845 cob
1293 1809 1356 1845 sed
1383 1809 1509 1859 domos
1533 1809 1611 1858 ejus
1639 1809 1783 1854 laudat3
1811 1819 1878 1846 nec
1903 1810 2021 1857 ipsum
2046 1810 2170 1858 lsrael,
2196 1812 2260 1848 sed

1198 1871 1431 1908 tabernacula
1459 1872 1536 1919 ejus
1559 1885 1567 1908 :
1589 1877 1624 1908 et
1650 1879 1736 1909 tunc
1761 1882 1803 1908 ea
1828 1872 1972 1918 laudat,
2000 1883 2080 1910 cum
2109 1874 2259 1917 revelati

1196 1939 1280 1970 sunt
1299 1933 1394 1969 oculi
1415 1934 1504 1980 ejus.
1541 1933 1704 1977 Quandiu
1725 1935 1820 1971 enim
1844 1935 2006 1977 velamen
2027 1936 2182 1982 positum
2205 1940 2260 1974 est

1197 2006 1305 2041 super
1330 1996 1521 2032 lectionem
1540 1997 1628 2043 legis
1651 2003 1686 2034 et
1709 2000 1982 2044 prophetarum,
2002 2009 2073 2038 non
2090 1998 2259 2040 videntur

1196 2057 1292 2095 bona
1316 2058 1548 2095 tabernacula
1570 2069 1638 2096 nee
1659 2059 1850 2095 laudabilis
1874 2049 2013 2097 domus.
2048 2058 2112 2095 Ubi
2138 2065 2259 2100 autem

1197 2119 1355 2156 ablatum
1370 2119 1478 2156 suerit
1497 2121 1675 2163 velamen,
1698 2127 1735 2157 et
1754 2120 1905 2167 intelligi
1930 2121 2081 2166 coeperit
2098 2120 2158 2157 lex
2174 2120 2259 2166 quia

1196 2180 1369 2226 spiritalis
1391 2186 1500 2216 estet
1522 2181 1734 2227 prophetiae,
1763 2186 1849 2218 tuuc
1879 2182 1982 2218 bonae
2012 2186 2048 2217 et
2074 2181 2259 2220 mirabiles

1196 2243 1323 2278 domus
1342 2241 1473 2285 Jacob;
1495 2249 1532 2277 et
1557 2247 1643 2277 tunc
1665 2242 1874 2278 admiranda
1894 2247 2003 2279 erunt
2025 2241 2256 2279 tabernacula

1195 2301 1319 2344 Jacob,
1344 2312 1438 2346 eum,
1467 2307 1586 2338 amota
1610 2302 1729 2339 littera
1746 2313 1823 2347 quae
1840 2303 1983 2345 occidit,
2013 2302 2251 2340 vivificantem

1194 2373 1239 2399 ex
1265 2363 1318 2398 eis
1338 2363 1524 2407 percipere
1544 2363 1709 2408 spiritum
1730 2363 1896 2407 coepcris.
1927 2361 2051 2398 Potest
2078 2361 2195 2398 adhuc
2218 2372 2256 2398 et

1194 2423 1266 2458 alio
1291 2422 1397 2458 modo
1418 2422 1592 2467 intelligi,
1616 2427 1655 2458 ut
1679 2427 1716 2461 ct
1734 2423 1855 2470 populi
1876 2423 2056 2459 credentis
2082 2427 2118 2458 et
2136 2422 2256 2468 prose-

1195 2489 1252 2519 cto
1278 2482 1383 2529 hujus
1401 2510 1410 2527 ‚
1438 2484 1499 2528 qui
1528 2493 1548 2518 a
1576 2482 1719 2520 Christo
1747 2494 1789 2519 ex
1818 2484 1984 2530 gentibus
2014 2489 2255 2530 congregatus

1195 2551 1264 2589 est,
1292 2555 1443 2591 corpora
1471 2545 1578 2580 simul
1605 2545 1743 2581 laudari
1768 2547 1960 2582 videantur
1979 2552 2016 2591 et
2036 2546 2189 2583 animae:
2209 2547 2257 2585 Et

1194 2607 1304 2645 Jacob
1326 2606 1471 2651 quidem
1494 2607 1621 2642 domus
1640 2607 1683 2643 de
1704 2608 1914 2654 corporibus
1935 2608 2087 2653 dicatur,
2108 2609 2203 2645 sicut
2217 2613 2255 2646 et

1193 2674 1229 2710 in
1261 2670 1381 2706 libello
1419 2671 1574 2716 quodam
1615 2670 1747 2716 legitur
1784 2671 1865 2716 quia
1898 2670 2009 2707 Jacob
2042 2672 2169 2708 domus
2207 2673 2255 2709 sit

1191 2733 1314 2777 Israel,
1339 2732 1406 2768 hoc
1430 2738 1497 2775 cst,
1520 2742 1647 2778 corpus
1667 2732 1743 2778 ejus
1763 2732 1873 2768 Jacob
1897 2733 2050 2776 dicatur,
2074 2739 2111 2769 et
2132 2734 2253 2770 anima

1192 2794 1316 2832 Israel.
1363 2794 1537 2831 Similiter
1571 2804 1654 2840 ergo
1688 2799 1724 2830 et
1753 2793 1994 2840 perfectorum
2028 2805 2253 2842 quorumque

1194 2869 1344 2904 corpora
1367 2857 1564 2894 laudabiles
1588 2858 1755 2894 dicantur
1782 2867 1861 2893 esse
1883 2856 2010 2894 domus
2034 2857 2156 2894 Jacob.
2189 2858 2253 2894 Est

1194 2919 1291 2955 enim
1315 2929 1446 2965 corpus
1470 2918 1650 2963 laudabile
1670 2929 1753 2954 cum
1771 2918 1992 2954 continentia
2015 2923 2052 2954 et
2072 2919 2248 2961 castitate,

1192 2990 1448 3025 nonnunquam
1468 2985 1586 3015 autem
1604 2990 1684 3015 cum
1700 2980 1872 3026 martyrio
1893 2981 2093 3016 decoratur.
2119 2979 2252 3016 Taber-

1192 3042 1322 3078 nacula
1345 3051 1430 3078 vcro
1462 3042 1506 3077 ad
1544 3041 1682 3078 animas
1714 3041 1893 3088 perfectas
1924 3042 2051 3078 referri
2085 3047 2248 3088 possunt,

1189 3103 1320 3148 quibus
1347 3107 1384 3138 ct
1407 3112 1538 3138 nomen
1571 3102 1725 3138 videndo
1754 3101 1867 3137 Deum
1898 3102 2065 3138 convenit
2091 3101 2246 3139 Israelis.

1190 3163 1259 3200 Ista
1280 3163 1376 3199 enim
1396 3162 1621 3198 tabernacula
1640 3167 1734 3203 sunt,
1750 3162 1878 3206 inquit,
1902 3162 1991 3196 sicut
2014 3171 2154 3195 netnora
2175 3169 2249 3192 ιιηι-

1191 3225 1343 3269 ὺναηιὶα,
1365 3230 1395 3260 et
1413 3225 1501 3260 sicu!
1520 3224 1676 3271 paradisi
1691 3234 1787 3269 super
1805 3223 1965 3267 flumina,
1983 3226 2014 3255 et
2031 3219 2118 3254 sicut
2137 3218 2248 3252 taber-

1191 3285 1319 3322 nacula
1353 3296 1430 3332 quoe
1460 3286 1538 3331 fixit
1567 3285 1748 3319 Dominus.
1785 3281 1864 3316 Alia
1894 3289 1980 3325 ergo
2012 3277 2245 3318 tabernacula

1194 3346 1349 3383 ostendit
1368 3356 1448 3383 esse
1469 3355 1547 3390 quae
1567 3344 1646 3380 fixit
1667 3343 1850 3383 Dominus,
1866 3340 1995 3385 quibus
2016 3343 2099 3375 sunt
2113 3338 2244 3374 similia

1193 3408 1423 3445 tabernacula
1438 3407 1561 3443 Israel.
1588 3405 1698 3440 Extra
1713 3404 1809 3439 hunc
1830 3401 1975 3437 modum
1993 3410 2052 3440 me
2075 3400 2244 3446 progredi

1194 3468 1375 3510 convenit,
1400 3473 1439 3502 ut
1459 3467 1599 3502 videam
1622 3474 1702 3508 quae
1719 3463 1791 3498 sint
1808 3461 2040 3498 tabernacula
2062 3472 2142 3508 quae
2164 3460 2244 3499 fixit

1193 3529 1379 3566 Dominus.
1418 3527 1481 3562 llla
1520 3526 1689 3561 nimirum
1719 3529 1804 3560 sunt
1829 3533 1910 3570 quae
1938 3525 2097 3563 ostendit
2115 3524 2240 3570 Moysi,

1192 3599 1274 3625 cum
1292 3586 1563 3624 tabernaculum
1580 3590 1807 3622 construeret
1824 3585 1860 3620 in
1881 3585 2038 3628 deserto,
2057 3585 2183 3621 dicens
2197 3584 2243 3620 ad

1192 3659 1297 3688 eum:
1322 3647 1420 3692 Vide,
1435 3647 1563 3694 inquit,
1581 3653 1618 3683 ut
1638 3646 1744 3693 facie:
1762 3647 1879 3682 omitia
1898 3646 2088 3685 secundum
2107 3651 2239 3692 typum,

1191 3712 1250 3759 qui
1268 3716 1423 3750 ostensus
1441 3709 1503 3745 tibi
1520 3708 1557 3744 in
1579 3713 1695 3744 monte
1719 3713 1769 3743 est
1793 3706 1928 3754 (Exod.
1957 3705 2057 3754 xxv).
2086 3705 2142 3741 Ad
2162 3705 2244 3743 lmi-

1192 3771 1363 3810 tationem
1381 3779 1468 3817 ergo
1479 3770 1632 3813 istorum
1651 3766 1961 3812 tabernaculorum
1979 3775 2062 3814 quae
2077 3765 2154 3802 fixlt
2171 3764 2245 3803 Do-

1191 3832 1321 3875 minus,
1341 3829 1451 3868 Isracl
1473 3829 1578 3867 debet
1595 3828 1718 3884 facere
1738 3828 1984 3871 tabernacula,
1997 3827 2243 3874 &unusquis-

2277 259 2287 307 l
