2540 4016
38 205 107 243 425

36 345 124 384 Gum
154 353 270 384 autem
294 347 415 384 exierit
443 346 489 381 ad
510 345 641 387 altare,
664 342 757 391 quod
783 352 901 378 coram
934 340 1085 376 Domino

34 415 97 452 est,
119 415 193 446 oret
219 420 281 456 pro
307 419 356 452 se,
373 413 405 444 et
429 412 603 454 sumptum
633 405 837 451 sanquinem
861 401 960 438 vituli
984 408 1087 448 atque

34 471 135 514 hirci,
155 473 282 518 fundat
304 481 406 518 super
427 480 558 505 cornua
586 468 662 514 ejus
685 463 746 514 per
769 475 908 512 qurum,
927 469 1085 511 spat-yet-

31 544 96 579 que
126 533 235 579 diyito
261 530 536 579 septiessewpiet
561 534 593 564 et
615 526 808 572 sanctificet
834 524 923 560 illud
949 523 992 559 ab
1020 524 1086 558 im-

31 593 212 646 munffliis
244 592 399 638 filiorum
431 589 559 626 Israel.
591 588 663 636 (Ex
689 584 838 632 eodem.)
871 583 960 620 Post
987 584 1085 619 enim

20 655 194 688 ‹nostrum
231 661 416 696 egressum
446 650 492 685 ad
515 648 650 691 altare,
675 645 772 693 quod
790 650 846 681 est
865 654 989 680 coram
1011 643 1083 679 Do-

20 713 139 755 rmino,
169 712 256 747 dicit
289 718 410 748 autem
430 721 527 754 eum,
549 710 611 756 qui
635 714 690 745 est
710 706 966 755 thymiamatis,
989 705 1084 750 quod

17 781 107 809 «esse
126 771 248 808 sedem
269 773 447 808 cherubin
469 771 708 813 ostendimus,
730 778 812 805 cum
831 776 940 803 carne
958 775 1083 801 ascen-

16 832 114 870 ‹dens
132 837 167 868 et
184 838 346 869 nostram
371 833 407 869 in
426 843 469 869 eo
487 831 732 877 captivitatem
753 825 954 863 sublevavit
974 825 1081 860 simul

19 904 91 930 ·nos
110 894 289 930 suscitans
309 898 343 928 et
359 893 484 930 sedere
502 891 638 927 faciens
653 889 690 924 in
707 889 855 924 dextera
873 886 908 921 in
918 885 1076 921 coelesti-

16 954 103 990 ibus.
139 953 185 988 Et
204 959 379 999 sumptum
410 951 614 997 sanquinem
639 946 798 993 effundat
817 956 922 991 super
946 956 1079 981 cornua

14 1012 97 1058 ejas
116 1024 176 1058 per
205 1023 340 1059 gyrum,
367 1018 617 1056 asperqensque
640 1006 748 1052 diyito
766 1006 903 1051 septies,
919 1006 1031 1052 expiet
1047 1012 1078 1041 et

27 1074 212 1118 sanctificet
233 1072 320 1107 illud
342 1071 384 1106 ab
411 1068 642 1105 immunditiis
673 1067 827 1112 filiorum
847 1066 975 1109 Israel,
992 1067 1078 1112 quia

21 1134 163 1180 ·)ropria
188 1131 355 1178 passione
374 1140 446 1165 non
465 1129 582 1165 solum
611 1138 749 1165 cornua
773 1126 852 1173 ejus
881 1127 942 1173 qui
964 1132 1020 1163 est
1039 1127 1075 1162 in

11 1261 83 1298 ¹·es,
98 1252 326 1300 sapientiam,
344 1249 609 1294 fortitudinem,
634 1249 826 1294 justitiam,
853 1248 1070 1290 castitatem,

24 1313 266 1357 .anctificavit‚
278 1323 359 1359 quae
367 1321 517 1356 cornua,
528 1311 702 1347 cherubin
717 1315 815 1347 recte
824 1316 926 1354 sunt;
939 1310 1074 1355 figuras

27 1376 112 1413 mim
131 1387 255 1413 eorum
271 1376 419 1412 coeleste
431 1377 500 1412 hoc
516 1374 650 1411 animal
667 1374 703 1410 in
718 1375 884 1420 personis
905 1385 985 1420 quae
1010 1374 1074 1409 ha-

19 1443 73 1474 uet
102 1437 259 1473 hominis
278 1443 313 1474 et
341 1437 469 1481 leonis,
488 1442 524 1473 et
547 1436 650 1472 vituli
674 1441 710 1472 et
738 1435 869 1481 aquilae
889 1435 997 1481 gerit,
1017 1444 1073 1469 sa-

18 1497 156 1532 ‹·ientiae
190 1497 335 1543 quidem
368 1498 405 1532 in
435 1507 591 1543 persona
625 1495 784 1531 hominis
800 1522 810 1539 ,
848 1494 1073 1531 fortitudinis

13 1563 133 1594 «tutem
154 1558 190 1593 in
215 1567 369 1604 persona
391 1557 521 1600 leonis,
546 1555 697 1602 justitiae
722 1556 758 1590 in
776 1551 934 1601 person'a
954 1554 1071 1598 vituli,

36 1619 191 1655 astitatis
205 1619 239 1654 in
254 1628 408 1665 persona
418 1618 558 1664 aquilae.
571 1617 622 1653 De
636 1617 765 1663 quibus
778 1616 919 1663 plenius
936 1617 973 1652 in
992 1626 1073 1662 pro-

24 1679 127 1714 =hetae
152 1679 352 1715 Ezechielis
371 1678 668 1724 interpretatione
705 1678 793 1714 olim
824 1678 1068 1723 exposuimus.

32 1740 139 1786 Impiet
171 1747 203 1776 et
237 1741 427 1785 sanctificet
456 1740 543 1775 illud
579 1740 621 1774 ab
651 1740 883 1775 immunditiis
914 1739 1069 1785 filiorum

32 1799 137 1835 srael.
152 1800 285 1836 Christi
303 1799 398 1835 enim
420 1799 598 1835 sacrificio
617 1800 810 1844 expiantur
826 1806 862 1836 et
892 1801 1066 1845 coelestia,

33 1869 59 1894 ,a
81 1864 120 1894 ut
146 1858 277 1894 Paulus
295 1858 450 1902 diceret,
471 1857 708 1894 differentiam
738 1858 907 1905 legalium
929 1860 1068 1896 sacrifi-

23 1919 146 1955 ·iorum
177 1923 213 1955 et
243 1919 418 1965 unigeniti
445 1918 634 1955 ostendere
657 1918 794 1955 volens.
824 1918 981 1955 Necesse
1013 1925 1068 1955 est

24 1990 95 2027 ·rgo
112 1980 331 2026 exemplaria
350 1980 550 2016 coelestium
570 1980 627 2016 his
644 1980 830 2023 mundari,
851 1979 928 2026 ipsa
947 1985 1067 2016 autem

32 2040 170 2077 oelestia
190 2040 388 2087 majoribus
406 2041 534 2078 hostiis
555 2051 662 2087 quam
683 2041 774 2077 istis.
799 2041 869 2077 Sed
890 2041 993 2087 cujus
1013 2043 1066 2078 rei

27 2161 164 2196 stendit
178 2162 300 2198 dicens
317 2160 466 2209 :Expiet
483 2169 514 2198 et
530 2164 721 2209 sanctificet
742 2164 830 2199 illud
855 2165 897 2200 ab
912 2167 1064 2202 immun-

33 2221 102 2255 itiis
119 2220 273 2266 filiorum
290 2222 414 2258 Israel.
434 2223 616 2266 Quantum
642 2224 786 2270 quidem
815 2226 861 2261 ad
888 2226 1063 2262 coelorum

35 2285 174 2323 artutes,
195 2291 267 2318 non
283 2291 432 2319 necesse
452 2290 531 2319 erat
546 2284 714 2329 quaelibet
729 2286 901 2332 expiatio,
918 2287 1003 2332 quia
1026 2287 1064 2322 in

27 2341 294 2378 vinctilicatione
313 2343 483 2379 continua
503 2350 783 2389 conversantur,
805 2348 867 2383 sed
887 2348 971 2392 quia
989 2347 1064 2384 sre-

23 2412 122 2438 ·uens
138 2402 182 2438 ad
201 2403 311 2440 coelos
333 2410 543 2441 nostrorum
559 2412 790 2451 peccatorum
822 2408 985 2443 ascendit
1003 2407 1063 2443 fu-

23 2475 101 2508 nus,
121 2466 164 2501 de
179 2475 250 2511 quo
266 2466 358 2502 dixit
375 2467 489 2504 David
507 2478 515 2503 :
532 2468 694 2505 Ascendit
711 2469 828 2515 sumas
845 2471 882 2505 in
901 2471 956 2505 ira
970 2471 1061 2516 ejus,

54 2526 142 2571 iynis
160 2538 181 2561 a
198 2527 287 2571 facte
313 2527 389 2572 ejus
409 2528 600 2564 exardescit
617 2528 693 2576 (Ps.
713 2530 819 2576 xvn),
841 2530 891 2565 ita
910 2535 950 2565 ut
968 2531 1063 2566 Deus

41 2586 50 2620 l
74 2584 201 2621 Jonam
232 2586 395 2622 diceret:
418 2587 514 2622 Vade
529 2589 574 2623 act
594 2589 756 2624 Ninivem
788 2590 960 2625 civitatem
990 2600 1063 2625 ma-

28 2656 121 2688 mm,
143 2651 175 2680 et
194 2646 349 2691 proedica
367 2646 402 2681 in
420 2658 461 2682 ea
480 2647 780 2693 praedicationem,
807 2660 912 2694 quam
931 2660 992 2695 eqo
1011 2649 1063 2684 lo·-

38 2717 92 2741 tor
106 2706 150 2741 ad
172 2712 216 2750 te,
233 2706 316 2753 quia
331 2706 468 2742 malitia
489 2707 565 2757 ejus
588 2707 743 2743 ascendit
759 2719 878 2744 coram
891 2719 946 2744 me
961 2709 1058 2756 (Jon.

39 2794 45 2802 .
67 2767 112 2803 Et
128 2777 253 2803 rursus
274 2767 319 2802 ad
336 2766 519 2802 Abraham
551 2768 594 2803 de
615 2767 781 2804 Sodomis
810 2778 820 2803 :
845 2768 1060 2804 vescendam

37 2826 168 2862 videbo
181 2831 299 2862 utrum
313 2826 498 2862 clamorem
506 2826 566 2872 qui
579 2826 668 2862 venit
683 2827 729 2862 ad
739 2838 791 2862 me
800 2838 900 2873 opere
911 2828 1059 2874 comple-

33 2889 128 2932 wint,
138 2898 183 2923 an
197 2898 266 2923 non
281 2886 382 2935 (Gen.
400 2887 518 2935 xvnt).
533 2886 646 2923 Recte
656 2887 701 2923 de
720 2887 855 2924 nostris
868 2887 1061 2924 immundi-

56 3005 197 3043 auferat
212 3017 256 3043 ex
276 3007 328 3043 eis
348 3007 642 3044 circumstantem
661 3008 938 3045 abominabilem
963 3010 1054 3045 odo-

33 3078 81 3104 0m
89 3074 126 3104 et
138 3068 386 3115 gloriationem
398 3068 522 3104 falsam
531 3095 540 3111 ,
552 3078 659 3114 quam
670 3074 796 3105 contra
809 3079 872 3106 eos
886 3070 1054 3116 deposui·

0 3154 2 3158 ·
31 3139 98 3166 uus.
116 3128 309 3174 Propterea
319 3138 393 3163 non
413 3127 625 3174 simpliciter
641 3129 894 3175 asperget,sed
907 3130 1053 3176 septies,

0 3198 3 3225 ι
59 3187 239 3234 intelligas
251 3187 335 3233 quia
352 3187 458 3224 venia
478 3192 685 3223 nostrorum
701 3193 932 3234 peccatorum
946 3189 1055 3236 (hanc

0 3257 4 3290 ἰ
36 3249 102 3285 nim
128 3248 352 3294 septenarius
382 3257 554 3284 numerus
585 3247 748 3296 figurat),
779 3248 859 3285 loca
893 3249 1054 3286 coelestia

0 3312 2 3314 ’
89 3306 218 3345 dantur
238 3307 469 3343 abominabili
498 3307 610 3344 odore
638 3313 676 3343 et
704 3308 918 3355 gloriatione
943 3319 1052 3356 quam

95 3367 378 3414 suimusthuJus
407 3367 503 3403 enim
521 3367 575 3403 rei
593 3377 703 3404 causa
729 3368 831 3414 prius
860 3369 1052 3406 inimicitia

30 3425 146 3464 »nohis
158 3433 282 3465 contra
303 3436 346 3463 ea
363 3437 446 3473 quae
459 3427 594 3464 suntin
613 3427 821 3465 coelestibus
837 3434 964 3465 exorta
981 3434 1049 3466 est.

55 3478 175 3531 quitur
189 3497 199 3522 :
214 3484 405 3534 Postquam
433 3485 670 3524 emundaverit
686 3489 928 3524 sanctuarium
945 3493 979 3523 et
996 3494 1051 3523 ta·-

48 3542 231 3580 macutum
244 3552 278 3582 et
291 3545 415 3590 altare,
436 3546 493 3583 vel
509 3547 602 3583 sicut
624 3546 734 3591 Lxx,
754 3553 787 3583 et
806 3547 947 3593 definiet
968 3558 1050 3583 exo-

105 3607 263 3641 sanctttnt
275 3611 308 3654 et
325 3605 586 3643 tabernaculum
600 3607 787 3644 testimonii
807 3613 839 3644 et
866 3607 1049 3653 altarium,

40 3674 118 3712 ,pro
137 3655 368 3702 sacerdotibus
383 3666 556 3713 purqabit.
571 3666 644 3714 (Ex
661 3660 812 3716 ditem.)
846 3667 1051 3706 Secundum

57 3733 162 3761 orum
191 3722 384 3761 editionem
411 3731 511 3770 recte
538 3726 598 3763 lex
630 3729 812 3776 praecipue
838 3730 1051 3767 memoriam

51 3783 234 3823 cerdotum
261 3780 370 3826 lecim·
382 3787 431 3820 ἱιιι
445 3785 500 3832 ‚in
525 3786 693 3824 omnibus
731 3786 847 3834 figura
881 3790 1051 3829 sacrificii

219 3844 406 3900 Pauor..
427 3843 576 3887 cvm.

653 196 988 239 EXPOSITIONES
1010 195 1055 234 IN
1081 196 1346 236 LEVITICUM.
1373 215 1420 226 ——
1443 196 1528 234 Lm.
1553 198 1595 235 V.

38 284 215 332 telligibili
237 281 468 321 tabernaculo
494 279 690 318 testimonii
708 282 807 315 recte
826 287 899 313 non
919 275 1089 312 inveniri.
1109 279 1146 320 Α
1161 274 1337 322 unigeniti
1365 274 1587 318 salvaretur,
1608 275 1693 321 quia
1725 275 1823 312 enim
1839 286 1861 312 a
1881 277 2026 317 Christo
2044 283 2216 322 sacerdo-

35 2957 65 2983 ·s
73 2947 286 2991 sanctificat,
296 2952 332 2984 et
340 2948 460 2993 expiat
474 2957 581 2993 super
595 2957 662 2983 nos
670 2947 781 2984 coelos
790 2947 861 2996 [At.
869 2974 880 2992 ,
895 2948 1053 2996 choros],
1073 2979 1109 3019 D

2141 204 2214 243 426

1157 335 1246 371 tium
1273 336 1405 373 chorus
1434 336 1679 383 apostolorum
1704 337 1854 374 sortitus
1875 344 1949 381 est,
1982 342 2044 386 qui
2063 349 2100 379 et
2128 355 2216 390 pars

1155 402 1259 434 erant
1278 399 1426 435 humani
1441 401 1598 446 generis,
1613 410 1681 447 pro
1697 409 1769 446 quo
1789 400 1964 438 Dominus
1980 405 2214 452 semetipsum

1153 460 1292 502 obtulit,
1311 461 1374 497 sed
1387 467 1508 498 tamen
1526 461 1682 508 speciale
1696 462 1960 508 quodammodo
1974 470 2212 511 unguentum,

1153 526 1189 557 et
1205 522 1425 568 praecipuum
1458 523 1676 559 sacrificium
1708 522 1852 559 Domini
1881 523 2097 571 appellavit,
2118 528 2214 571 quod

1153 581 1377 619 demonstrat
1393 583 1568 620 Dominus
1590 584 1636 620 ad
1653 583 1799 620 Patrem
1823 584 1948 622 dicens
1965 597 1974 621 :
1992 585 2065 621 Pro
2084 586 2133 622 eis
2150 598 2212 633 eqo

1150 643 1331 689 sanctifico
1347 643 1531 690 meipsum,
1547 649 1586 680 ut
1604 645 1674 680 sint
1698 650 1730 680 et
1744 645 1811 691 ipsi
1828 646 2038 691 sanctificati
2063 647 2101 682 in
2120 648 2211 683 veri-

1151 710 1235 740 tate.
1250 704 1296 741 Et
1310 715 1436 742 rursus
1450 706 1496 742 ad
1510 715 1574 742 eos
1585 718 1592 742 :
1605 705 1644 741 M
1646 706 1780 752 ajorem
1795 707 1861 742 hac
1876 706 2096 743 dilectionem
2110 719 2211 743 nemo

1150 765 1250 802 habet
1260 778 1365 814 quam
1378 773 1414 802 ut
1426 768 1580 803 animam
1590 779 1690 803 suam
1703 774 1810 814 ponat
1823 769 1900 815 quis
1913 779 1976 815 pro
1989 769 2112 804 amicis
2122 769 2209 814 suis,

1149 837 1208 862 vos
1227 827 1331 862 amici
1347 828 1415 862 mei
1431 828 1525 870 estis,
1536 828 1564 863 si
1584 828 1737 873 feceritis
1752 839 1830 874 qute
1842 839 1903 875 eqo
1918 829 2083 876 praecipio
2099 829 2208 866 vobis.

1149 886 1302 933 RespIce
1316 893 1436 923 autem
1455 892 1491 924 et
1505 888 1632 934 legalis
1648 888 1771 934 figurae
1785 888 1964 931 ordinem,
1975 890 2156 935 quomodo
2164 889 2210 926 ad

1148 948 1263 994 ipsam
1284 949 1429 985 deducit
1447 949 1652 986 veritatem.
1673 949 1878 986 Secundum
1897 949 1994 985 Lxx
2010 950 2108 986 enim
2126 951 2178 986 ait
2197 963 2206 985 ε

1146 1007 1302 1053 Definiet
1328 1019 1479 1044 exorans
1500 1016 1660 1045 sanctum
1677 1015 1709 1045 et
1729 1010 1993 1046 tabernaculum
2020 1011 2210 1047 testimonii
2231 1013 2236 1019 '

1146 1073 1177 1102 et
1197 1066 1322 1110 altare,
1350 1067 1386 1103 id
1405 1073 1474 1111 est,
1497 1068 1597 1104 liniet
1613 1074 1650 1104 et
1672 1071 1881 1106 terminabit
1898 1071 2206 1116 deprecationem,

1146 1136 1227 1172 quae
1243 1131 1323 1162 acta
1340 1131 1396 1163 est
1414 1137 1478 1173 per
1497 1137 1641 1163 crucem
1654 1139 1721 1174 pro
1739 1130 1838 1165 omni
1853 1140 1984 1175 genere
2002 1130 2205 1173 hominum,

30 1194 110 1231 :oelo
137 1193 276 1236 altaris,
294 1191 446 1228 virtutes
477 1189 615 1226 scilicet
630 1189 901 1235 praecipuas,·et
925 1197 1076 1234 genera·
1094 1191 1126 1230 Β
1145 1192 1182 1222 et
1210 1197 1292 1223 cam
1322 1198 1403 1234 quae
1435 1188 1470 1223 in
1500 1188 1870 1237 altari0intelligibilis
1901 1190 1982 1234 suit,
2015 1197 2206 1237 postquam

1143 1253 1350 1294 assumptus
1364 1247 1475 1284 suerit
1492 1249 1528 1284 in
1545 1249 1650 1292 coelo‚
1666 1256 1703 1286 et
1719 1251 1854 1286 sederit
1867 1251 1904 1287 in
1923 1252 2071 1288 dextera
2086 1251 2207 1288 Patris

1142 1306 1187 1342 de
1222 1307 1471 1344 sacerdotibus
1497 1309 1585 1352 suis,
1616 1310 1730 1346 mittit
1748 1311 2042 1347 emundationem
2063 1322 2128 1358 per
2151 1312 2206 1347 in-

1143 1366 1365 1413 telligibilem
1385 1368 1519 1414 ignem,
1549 1375 1584 1405 et
1609 1380 1675 1415 per
1706 1370 1845 1418 linguas
1876 1372 2002 1418 igneas
2032 1372 2202 1418 Spiritus,

1140 1433 1289 1472 propter
1319 1429 1414 1473 quod
1438 1429 1492 1464 eis
1518 1430 1685 1466 dicebat:
1715 1430 1781 1466 Vos
1802 1438 1920 1467 autem
1941 1432 2203 1479 baptizabimini

1144 1487 1281 1535 Spiritu
1295 1496 1417 1525 sancto
1432 1502 1502 1526 non
1515 1498 1590 1538 post
1608 1492 1735 1528 multos
1750 1494 1813 1529 lios
1829 1493 1917 1530 dies.

1551 1551 1703 1590 CAPUT
1733 1554 1792 1590 Vl.

1382 1611 1430 1647 De
1447 1613 1632 1649 emissione
1654 1615 1755 1657 hirci,
1775 1622 1806 1650 et
1824 1628 1963 1663 pompa.

1188 1670 1306 1718 (lain.)
1324 1671 1421 1707 Tunc
1439 1674 1559 1718 offeret
1582 1674 1718 1709 hircum
1734 1676 1914 1719 viventem,
1931 1683 1962 1711 et
1979 1679 2091 1723 posita
2109 1685 2189 1715 utra

1141 1744 1208 1778 que
1222 1744 1329 1768 manu
1347 1744 1453 1779 super
1469 1740 1571 1781 caput
1592 1735 1682 1781 ejus,
1701 1736 1910 1781 confiteatur
1928 1749 2044 1774 omnes
2069 1739 2201 1786 iniqui-

1140 1799 1226 1828 tates
1247 1792 1403 1837 filiorum
1421 1793 1535 1828 Israel
1551 1800 1582 1828 et
1599 1795 1760 1830 universa
1779 1796 1906 1831 delicta
1935 1804 2038 1844 atquc
2058 1808 2199 1844 peccata

1139 1865 1280 1897 eorum;
1307 1865 1384 1899 quoe
1416 1855 1600 1902 increpans
1629 1857 1739 1902 capite
1759 1857 1835 1903 ejus
1851 1885 1861 1901 ,
1885 1859 2007 1893 emittit
2034 1871 2112 1895 eum
2136 1872 2200 1906 per

1138 1913 1313 1948 hominem
1344 1919 1508 1959 paratum
1539 1916 1575 1950 in
1603 1916 1790 1952 desertum.
1824 1917 1980 1965 Cumque
2009 1921 2199 1966 portaverit

1137 1971 1256 2007 hircus
1271 1979 1417 2018 portans
1438 1984 1555 2009 omnes
1571 1975 1772 2020 iniquitates
1787 1987 1921 2021 eorum,
1943 1979 1978 2013 in
1998 1985 2126 2014 terrant
2141 1991 2198 2014 so-

1137 2032 1307 2077 litariam,
1329 2040 1360 2070 et
1386 2034 1556 2071 demissus
1578 2035 1683 2081 suerit
1702 2038 1738 2072 in
1756 2038 1914 2082 deserto,
1936 2045 2005 2076 etc.
2035 2040 2107 2087 (Ex
2126 2041 2198 2077 He⁶

33 2100 120 2136 ratia
139 2101 346 2146 expiatione
364 2111 454 2149 opus
470 2101 652 2137 habebant
672 2102 834 2137 coelestia
847 2129 856 2144 ,
880 2102 1066 2149 legislator
1084 2085 1113 2126 C
1136 2094 1285 2141 suffia)
1305 2095 1439 2131 Essstfflss
1459 2097 1568 2132 θῑῑὶἱῐῐ)
1585 2108 1681 2134 fflfflss
1702 2099 1836 2134 iterare
1861 2105 2013 2145 ΡΓΟΡῑθΡ
2041 2110 2104 2136 ‘³03
2134 2102 2196 2147 (lui

1134 2153 1170 2188 in
1184 2153 1263 2189 luce
1280 2154 1478 2200 offendunt,
1495 2167 1585 2202 opus
1599 2157 1787 2195 habemus.
1801 2159 1982 2195 Probatur
1996 2160 2092 2196 enim
2110 2161 2195 2207 quia

1133 2215 1221 2250 nulli
1243 2216 1365 2262 iniquo
1394 2218 1451 2254 vel
1481 2219 1653 2266 maligno,
1688 2221 1751 2257 sed
1785 2221 1854 2267 ipsi
1882 2221 1958 2259 Deo
1975 2222 2194 2267 efficiuntur,

1132 2276 1242 2312 etiam
1263 2286 1306 2313 ea
1326 2288 1406 2324 quae
1427 2289 1524 2315 nunc
1552 2279 1588 2315 in
1621 2280 1691 2317 hoc
1721 2281 1824 2318 hirco
1847 2282 1930 2319 vivo
1965 2283 2192 2320 sanciuntur.

1132 2337 1293 2374 Primum
1314 2340 1475 2385 quidem,
1492 2341 1575 2386 quia
1590 2348 1783 2389 utramque
1803 2354 1952 2380 manum
1972 2345 2082 2391 capiti
2101 2346 2193 2381 hirci

1132 2401 1303 2436 sacerdos
1319 2402 1470 2447 1mponit
1487 2403 1681 2439 :Manuum
1697 2406 1794 2440 enim
1805 2405 1992 2451 impositio
2008 2406 2044 2440 in
2054 2406 2192 2441 sacrifi-

1133 2459 1189 2495 cio
1209 2460 1440 2496 ministrabat
1465 2461 1755 2499 benedictionem
1768 2490 1778 2507 ,
1800 2470 1862 2499 aut
1877 2470 2110 2509 peccatorum
2131 2474 2191 2500 rc-

1131 2519 1354 2563 missionem,
1377 2525 1439 2556 aut
1459 2522 1575 2557 sancti
1593 2521 1751 2568 Spiritus
1766 2525 1975 2567 adventum,
1992 2529 2055 2559 aut
2067 2524 2192 2570 expia-

1132 2579 1266 2614 tionem
1287 2579 1563 2626 intelligibilem.
1585 2580 1771 2624 Quomodo
1791 2591 1877 2629 crgo
1891 2583 1927 2618 in
1946 2583 2041 2619 hunc
2059 2583 2095 2619 in
2119 2593 2191 2629 quo

1130 2648 1209 2674 sors
1238 2639 1374 2675 inimici
1398 2646 1434 2676 et
1452 2640 1529 2686 ejus
1549 2641 1611 2687 qui
1630 2647 1756 2678 contra
1772 2642 1887 2679 Deum
1915 2643 2068 2688 militat,
2097 2644 2190 2680 sicut

1130 2699 1230 2735 aiunt
1247 2699 1305 2743 hi,
1327 2701 1388 2746 qui
1409 2701 1505 2738 illius
1522 2702 1636 2748 partis
1655 2708 1750 2746 sunt,
1771 2704 1848 2740 hacc
1869 2715 1950 2750 quae
1979 2705 2076 2741 dicta
2104 2712 2190 2742 sunt

1129 2762 1297 2798 sacerdos
1318 2768 1465 2799 acturus
1484 2765 1585 2799 erat?
1602 2764 1659 2800 vel
1678 2766 1859 2811 quomodo
1879 2768 1914 2801 in
1936 2766 2013 2813 ipso
2031 2767 2187 2804 filiorum

1126 2822 1238 2859 Israel
1267 2824 1478 2869 iniquitates
1496 2831 1533 2861 et
1552 2825 1748 2872 injustitias
1774 2833 1811 2863 et
1842 2834 1991 2874 peccata
2010 2830 2185 2866 redemit?

1127 2883 1293 2920 confiteri
1310 2884 1441 2931 quippe
1459 2885 1629 2922 inimicus
1642 2893 1792 2933 peccata
1813 2898 1885 2924 non
1905 2890 2013 2933 sinit,
2031 2891 2095 2926 sed
2111 2891 2185 2926 imo

1127 2945 1286 2991 suggerit
1304 2950 1345 2980 ut
1361 2946 1584 2983 occultemus
1605 2948 1735 2984 animoe
1754 2949 1903 2986 vulnera
1915 2978 1923 2994 ‚
1941 2956 2066 2987 utnon
2087 2952 2187 2988 inve-

1126 3004 1269 3042 niamus
1290 3006 1471 3042 medicum
1501 3008 1562 3054 qui
1589 3008 1891 3046 medicamentum
1926 3012 2040 3057 possit
2073 3011 2186 3058 impo-

1125 3075 1229 3110 nere,
1249 3067 1475 3114 salutemque
1495 3074 1684 3115 praestarc,
1701 3077 1892 3117 propterea
1911 3083 1993 3108 mox
2012 3077 2051 3108 ut
2067 3072 2184 3108 incre-

1124 3131 1232 3172 patus
1262 3132 1320 3163 est
1343 3128 1457 3164 David
1481 3139 1501 3164 a
1527 3128 1696 3166 Nathan:
1718 3130 1868 3166 Peccavi
1882 3131 2049 3174 Domino,
2064 3131 2183 3167 excla-

1125 3186 1251 3230 mavit,
1267 3192 1304 3223 et
1318 3187 1414 3224 illico
1422 3188 1603 3235 Propheta
1615 3190 1774 3227 subdidit
1790 3203 1798 3225 z
1819 3191 1862 3226 Ει
1878 3191 2052 3226 Dominus
2067 3197 2183 3226 trans-

1125 3246 1207 3283 tulit
1234 3255 1412 3296 peccatum
1443 3256 1563 3295 tuum,
1594 3263 1665 3287 non
1703 3251 1864 3287 morieris
1896 3250 1956 3298 (11
1982 3251 2066 3297 Req.
2097 3251 2178 3299 xu).

1125 3307 1383 3346 Verumtamen
1401 3311 1486 3356 quia
1504 3311 1757 3360 blasphema-re
1777 3310 1896 3347 fecisti
1918 3310 2084 3346 inimicos
2105 3311 2178 3348 Do-

1123 3370 1225 3414 mini,
1236 3375 1307 3408 etc.
1324 3371 1428 3408 Unde
1442 3378 1479 3408 et
1492 3382 1559 3418 per
1569 3373 1751 3408 hominem
1766 3375 1933 3416 paratum
1947 3371 2064 3406 emitti
2074 3371 2179 3419 legis-

1122 3428 1218 3466 lator
1235 3431 1378 3467 hircum
1404 3431 1442 3466 in
1462 3431 1691 3467 solitudinem
1718 3429 1822 3466 dixit.
1847 3427 2094 3476 Proeparatum
2111 3441 2176 3468 au-

1123 3495 1210 3533 tem,
1230 3490 1268 3526 id
1282 3496 1354 3534 est,
1375 3477 1621 3532 accedentem,
1641 3489 1947 3534 siveadeuntem,
1973 3496 2011 3527 et
2034 3502 2104 3529 nec
2121 3493 2175 3530 di-

1122 3550 1297 3596 gnitatem
1325 3549 1432 3595 huius
1461 3550 1549 3586 dicit
1570 3558 1581 3584 τ
1604 3555 1731 3586 utrum
1757 3549 1891 3594 levita,
1910 3560 1958 3587 an
1985 3553 2172 3597 sacerdos,

1122 3614 1185 3645 aut
1202 3608 1382 3654 quispiam
1403 3608 1448 3645 de
1467 3608 1599 3654 populo
1615 3615 1732 3652 esset,
1750 3609 1812 3654 qui
1832 3609 1902 3646 hoc
1925 3615 2060 3657 ageret.
2076 3611 2172 3658 Ergo

1122 3678 1204 3705 cum
1215 3667 1383 3704 omnibus
1389 3666 1574 3704 Christum
1583 3673 1896 3715 praesentem⁸esse
1908 3667 2090 3715 signifieat
2099 3669 2174 3707 hir-

1122 3739 1199 3767 cus.
1221 3727 1530 3773 Quemadmodum
1545 3729 1641 3765 enim
1657 3738 1723 3775 per
1740 3737 1887 3766 caruem
1906 3728 1944 3766 iu
1967 3729 2173 3776 primoim-

1122 3789 1340 3833 molabatur,
1358 3788 1413 3828 sic
1435 3798 1531 3826 nunc
1547 3788 1670 3826 vivens
1693 3793 1842 3838 propter
1864 3788 2090 3827 divinitatem
2113 3789 2171 3828 di-

1267 3850 1294 3880 *
1907 3849 1956 3891 tt·
