2540 4016
56 123 65 126 ⁴
101 110 171 148 5¹7

702 97 1038 154 EXPOSITIONES
1062 96 1108 133 m
1131 94 1394 134 LEV1T1CUM.
1420 114 1468 121 —
1489 95 1576 132 Lm.
1601 96 1675 134 vn.

2199 101 2270 140 5¹8

80 154 152 221 {ab
185 181 276 230 (Isa.
313 179 387 227 Lx),
417 186 524 224 super
552 181 659 222 quem
688 172 727 208 in
752 171 873 218 speeie
904 169 1080 206 columbae
1105 170 1148 205 de
1166 173 1202 213 Α
1215 152 1315 204 viros
1346 165 1451 212 panis
1485 166 1682 204 diversitas
1711 152 1798 213 ρκ’
1819 170 1956 207 merito
1987 171 2272 220 uniuscuiusque

96 243 191 281 eoelo
208 240 448 278 descendebat
462 248 472 281 ;
493 234 612 273 sedet
628 244 638 268 ε
659 226 782 279 Ignem
799 229 877 266 veni
894 229 1031 265 mittere
1044 238 1147 274 super

79 313 243 347 werram,
263 309 295 339 et
316 300 392 338 volo
412 305 450 336 ut
469 295 682 334 accendatur
698 292 800 341 (Luc.
820 290 902 339 ιιι).
923 290 1014 326 Cum
1042 287 1148 334 hujus

98 367 254 402 lucernae
286 364 406 410 ignem
443 357 679 406 significaret,
712 353 867 395 dicebat,
899 360 983 386 nam
1006 354 1045 385 et
1070 349 1148 394 ipse

98 426 182 462 filiis
214 425 289 462 suis
306 420 464 463 tradidit,
494 417 638 464 quando
657 412 844 451 insufflans
861 410 1035 458 apostolis
1053 410 1149 446 dice-

92 487 158 522 bat
183 498 191 520 τ
217 484 371 530 Accipite
393 490 403 516 t
430 478 600 526 Spiritum
620 481 794 518 sanctum,
811 478 848 508 et
871 477 1002 508 caetera
1025 469 1146 518 (Joan.

98 547 175 594 xx).
193 546 265 582 Sed
284 545 432 580 lucerna
449 540 520 576 ista
551 538 656 573 aliter
674 545 746 571 non
770 532 976 570 incenditur
993 530 1064 566 nisi
1083 538 1149 575 per

97 608 209 642 vitam
226 604 398 640 mundam
419 607 455 637 et
471 609 535 646 per
557 595 869 634 conversationem
888 590 1151 628 lucidissimam

97 667 172 703 sive
189 665 337 704 claram,
358 661 421 706 qui
441 666 562 695 autem
592 657 674 693 talis
695 665 766 691 non
789 658 860 696 est,
877 651 1028 698 spiritus
1050 650 1090 686 in
1107 657 1166 705 eo*

93 724 348 768 exstinguetur
366 732 374 755 :
396 728 516 764 neque
535 717 632 753 enim
648 716 728 752 sine
745 724 855 750 causa
875 711 1010 748 Paulus
1027 714 1154 746 conte-

97 786 262 823 stabatur
281 796 290 818 t
312 782 482 829 Spiritum
504 779 610 815 nolite
629 779 848 823 exstinquere
860 774 901 818 7(Ι
921 772 1021 808 Tltes.
1042 770 1095 816 v),
1113 770 1151 806 in

96 845 200 881 nobis
224 852 305 879 esse
332 841 525 877 incendere
551 838 628 884 ejus
653 836 913 883 operationem,
940 837 977 867 et
1009 830 1150 866 exstin-

96 915 219 951 guere,
241 908 302 938 aut
324 901 510 938 studentes
536 909 578 935 ea
598 897 728 942 quibus
746 891 974 934 incendatur,
998 894 1062 925 aut
1082 899 1148 926 ne-

96 967 270 1013 gligentes
286 963 471 1000 evidenter
488 958 694 995 ostendens.

512 1014 664 1053 CAPUT
690 1015 733 1050 11.

1213 232 1355 266 servan
1369 231 1439 263 esi·-
1453 224 1624 265 ROB-fem?
1635 226 1679 263 *iu
1688 224 1823 264 Gflnefli
1830 225 2158 282 (Q.1U9,xig)
2169 231 2270 283 quod

1214 289 1397 325 Abraham
1421 285 1632 333 patriarcha
1654 284 1804 332 anseius
1827 286 1987 332 suscepit
2009 289 2168 335 bospitio
2182 319 2194 336 ,
2216 294 2268 339 si..

1215 348 1351 383 militer
1367 350 1544 384 mite-net
1562 345 1653 389 Lon
1688 345 1755 385 sed
1789 344 1978 385 Abraham
1996 371 2009 389 ,
2034 347 2102 401 ssis!
2128 352 2271 400 φοι-ως

1215 408 1458 455 pmceliebau
1472 417 1585 454 panos
1602 417 1649 446 ex
1663 405 1788 447 simila
1813 406 2023 451 apposuisse
2036 406 2270 455 describitur,

1215 477 1308 515 quos
1335 472 1373 508 et
1397 467 1568 508 eucrifias
1589 463 1830 517 [movim
1848 465 1888 510 id
1903 470 1976 509 est,
1994 465 2143 511 -wssvlia
2168 476 2274 517 §aere

1215 529 1396 572 conditos,
1417 528 1622 569 nominavit
1641 540 1649 563 ε
1670 527 1740 564 Lot
1754 535 1857 571 vem.
1869 525 2025 572 eoquod
2049 536 2123 569 non
2146 525 2277 574 babuit

1216 589 1388 633 similam,
1403 599 1452 626 ex
1467 588 1587 626 farina
1608 598 1721 635 panes
1751 587 1957 634 hospitibus
1983 586 2158 634 ‚apposuit
2171 612 2184 631 ,
2201 597 2278 628 nou

1217 650 1313 696 quod
1333 650 1384 687 ita
1402 659 1540 696 pauper
1557 654 1654 687 esset
1672 653 1713 684 ut
1728 657 1803 686 non
1832 646 2006 690 babuerit
2019 645 2195 694 similam,
2214 646 2277 692 qui

1218 711 1256 748 in
1295 711 1429 748 divitiis
1473 721 1546 746 non
1591 709 1744 749 inferior
1789 713 1920 756 patruo
1955 707 2132 747 scribitur
2152 732 2164 752 ,
2213 706 2278 745 sed

1217 773 1407 819 utriusque
1428 773 1642 812 meritorum
1657 771 1860 813 differentia
1882 779 1948 816 per
1963 770 2044 810 haec
2068 768 2278 816 designatur

1218 833 1365 876 indicia,
1381 833 1479 879 quod
1497 833 1528 869 is
1544 832 1692 879 quidem
1723 831 1783 868 cui
1808 834 1917 873 ‚erant
1930 839 1950 867 a
1964 828 2119 868 Domino
2138 831 2275 875 myste-

1218 893 1273 928 ria
1292 893 1487 930 revelanda
1505 919 1515 936 ,
1538 900 1575 928 et
1591 893 1636 929 ad
1651 901 1764 938 ,quem
1797 890 1988 928 dicebatur
2008 902 2020 925 ;
2039 888 2138 925 Num
2157 887 2277 925 celabo

1217 964 1241 988 α
1264 964 1371 998 puero
1394 965 1473 993 meo
1491 954 1672 993 Abraham
1704 952 1796 1000 quod
1816 952 1978 998 facturus
1995 951 2102 988 sum?
2120 950 2183 997 qui
2205 950 2276 987 im-

1218 1012 1384 1049 buendus
1410 1019 1490 1048 erat
1514 1018 1551 1049 et
1570 1014 1777 1053 edocendus
1806 1013 1851 1053 de
1885 1012 2039 1051 occultis
2063 1016 2101 1049 et
2126 1011 2279 1050 secretis

95 1085 147 1121 De
159 1082 276 1119 sim-'la
291 1079 498 1121 exhibenda,
514 1077 560 1113 ad
574 1075 753 1122 faciendos
768 1085 874 1121 panes
886 1073 1145 1120 propositionis.
1167 1066 1199 1104 B
1218 1073 1297 1117 Dei,
1314 1073 1374 1110 ille
1387 1084 1499 1120 panes
1515 1084 1561 1110 ex
1574 1074 1695 1111 simila
1711 1074 1884 1110 scribitur
1902 1073 2095 1119 habuisse3
2115 1073 2175 1109 ille
2190 1082 2279 1109 vero

141 1142 262 1191 (inm.)
289 1140 445 1186 Accipies
472 1148 608 1185 quoque
633 1135 785 1171 similam
815 1141 848 1170 et
882 1145 1006 1181 coques
1036 1146 1078 1170 ex
1107 1145 1149 1170 ea

93 1204 278 1242 duodecim
299 1213 420 1250 panes,
435 1201 496 1247 qui
514 1198 643 1245 sinquli
673 1197 847 1234 habebunt
872 1196 962 1231 duas
979 1196 1146 1239 decimas,

93 1277 242 1312 quorum
263 1275 364 1301 senos
385 1263 593 1299 altrinsecus
613 1271 717 1306 super
744 1269 900 1294 mensam
923 1257 1149 1303 purissimam

94 1338 211 1364 coram
241 1326 389 1361 Domino
406 1328 552 1365 statues,
574 1328 606 1357 et
626 1331 731 1367 pones
760 1330 864 1366 super
878 1329 936 1354 cos
962 1319 1042 1354 thus
1059 1317 1149 1353 luci-

93 1388 290 1429 dissimum,
326 1391 363 1420 ut
394 1385 439 1419 sit
473 1383 574 1429 panis
605 1382 643 1416 in
673 1385 937 1415 momcmentum
963 1377 1150 1412 oblacionis

95 1447 251 1484 Domini.
268 1445 350 1493 ,Per
367 1443 508 1490 singula
521 1442 666 1478 sabbata
686 1439 916 1476 mutabuntur
932 1449 1052 1473 coram
1077 1438 1151 1472 Do:

93 1510 191 1544 mino
207 1535 218 1551 ,
258 1506 408 1552 suscepti
445 1517 465 1541 a
498 1504 581 1549 filiis
619 1501 732 1538 lsrael
767 1500 894 1545 soedere
928 1499 1149 1544 sempiterno,

96 1570 280 1614 Eruntque
298 1568 417 1602 Aaron
443 1572 473 1600 el
490 1564 644 1610 filiorum
664 1563 756 1609 ejus,
782 1568 820 1597 ut
838 1561 1020 1596 comedant
1036 1571 1093 1596 eos
1114 1562 1152 1595 in

95 1629 172 1664 loco
187 1634 323 1671 sancto,
346 1626 429 1672 quia
451 1625 582 1661 Sancta
596 1629 797 1658 sanctorum
825 1628 889 1664 esc,
909 1621 951 1656 de
976 1621 1150 1665 sacrificio

95 1688 239 1724 Domini
252 1688 335 1733 jure
354 1692 531 1732 perpetuo.
553 1684 733 1720 Memento
752 1683 915 1729 mysticae
940 1691 1088 1724 mensae,
1109 1682 1152 1718 de

96 1759 167 1794 qua
192 1747 281 1784 nulli
303 1756 446 1784 sumere
469 1750 691 1791 praeceptum
722 1748 789 1786 est,
812 1748 963 1788 excepto
981 1742 1152 1788 intelligi-

96 1812 159 1847 bili
186 1811 322 1852 Aaron,
345 1810 383 1845 id
401 1814 469 1851 cst,
488 1807 657 1845 Christo:
680 1808 755 1852 ipse
779 1808 875 1842 enim
906 1817 986 1842 cam
1014 1807 1152 1853 primus

97 1872 263 1914 initiavit,
288 1871 350 1907 sed
370 1875 407 1906 et
426 1869 510 1905 filiis
529 1868 621 1913 ejus,
641 1868 702 1913 qui
720 1868 764 1903 ab
783 1878 825 1903 eo
845 1867 932 1902 sacti
956 1872 1041 1905 sunt
1060 1867 1154 1902 chri-

96 1932 143 1970 sti
161 1937 199 1968 et
217 1931 334 1967 induti
356 1936 439 1966 sunt
453 1940 509 1972 eo,
526 1939 634 1974 quam
663 1933 783 1964 tamen
803 1927 994 1963 comedere
1013 1927 1050 1962 in
1073 1927 1152 1963 loco

1219 1137 1265 1177 ad
1285 1145 1394 1182 quem
1413 1136 1505 1175 nihil
1537 1136 1760 1174 sacramenti
1791 1135 2050 1180 deserebatur,
2088 1135 2152 1171 sed
2186 1134 2280 1171 ratio

1217 1198 1406 1244 praesentis
1427 1198 1556 1235 salutis
1580 1203 1620 1235 et
1648 1198 1743 1241 vitae,
1765 1207 1880 1244 panes
1907 1205 2120 1243 communes
2142 1206 2188 1233 ex
2203 1195 2281 1233 sola

1215 1259 1335 1300 farina
1357 1260 1531 1300 scribitur
1558 1260 1729 1301 babuisse
1750 1259 1951 1297 confectos.
1979 1260 2024 1304 Et
2049 1264 2087 1296 tu
2106 1269 2194 1306 ergo
2212 1286 2222 1303 ,
2248 1258 2280 1296 si

1219 1319 1332 1356 habes
1367 1320 1557 1356 scientiam
1597 1325 1821 1357 secretorum
1841 1346 1852 1364 ‚
1882 1320 1913 1356 si
1945 1319 1991 1356 de
2014 1318 2087 1355 fide
2118 1319 2197 1364 Dei,
2236 1318 2282 1356 de

1219 1381 1394 1427 mysterio
1416 1380 1551 1417 Christi
1570 1407 1580 1424 ‚
1603 1381 1646 1417 de
1679 1381 1796 1417 sancti
1821 1380 1979 1426 Spiritus
2013 1379 2152 1416 unitate
2175 1383 2280 1425 potes

1221 1443 1378 1479 scienter
1398 1449 1576 1488 cauteque
1596 1442 1792 1484 disserere,
1818 1451 1932 1488 panes
1949 1450 1994 1476 ex
2009 1440 2129 1478 simila
2150 1439 2280 1476 offeres

1220 1503 1402 1545 Domino;
1442 1504 1472 1540 si
1503 1513 1590 1539 vero
1616 1502 1868 1538 communibus
1895 1502 2009 1538 uteris
2041 1502 2085 1538 ad
2108 1500 2281 1548 populum

1220 1562 1390 1605 monitis,
1415 1569 1452 1598 et
1482 1562 1657 1601 moralem
1679 1563 1750 1598 scis
1779 1562 2027 1601 tantummodo
2058 1562 2177 1599 locum
2209 1566 2284 1597 tra-

1220 1628 1322 1659 ctare
1355 1622 1416 1668 qui
1447 1622 1492 1658 ad
1513 1632 1638 1659 omues
1657 1621 1813 1667 pertinet
1831 1647 1842 1664 ‚
1862 1630 2093 1667 communem
2123 1626 2159 1657 te
2177 1620 2283 1656 obtu-

1220 1681 1306 1718 lisse
1326 1682 1472 1718 noveris
1489 1691 1631 1727 panem.
1659 1681 1731 1717 Sed
1747 1681 1935 1717 videamus
1947 1679 2022 1725 jam
2040 1689 2121 1726 quae
2134 1679 2184 1716 sit
2198 1690 2284 1716 con-

1219 1742 1331 1779 fectio
1350 1743 1387 1779 in
1406 1743 1487 1780 istis
1511 1742 1663 1789 panibus
1687 1741 1945 1788 propositIOnis
1969 1740 2030 1786 qui
2059 1745 2143 1779 aute
2160 1740 2282 1776 Domi-

1220 1815 1309 1840 num
1332 1805 1418 1850 poni
1457 1814 1601 1849 semper
1627 1802 1814 1848 jubentur.
1848 1802 1901 1838 De
1932 1801 2068 1838 artabus
2090 1827 2100 1845 ‚
2135 1802 2282 1848 inquit,

1221 1864 1366 1899 decimis
1386 1865 1430 1899 sit
1450 1864 1552 1910 panis
1570 1875 1661 1902 unus
1673 1875 1685 1906 ;
1711 1864 1800 1900 duas
1834 1862 1978 1908 quidem
1998 1862 2158 1899 decimas
2176 1862 2283 1906 dixit,

1223 1924 1286 1965 sed
1327 1923 1430 1968 cuius
1468 1934 1649 1960 mensurae
1688 1925 1762 1959 sint
1802 1924 1880 1960 istae
1910 1924 2059 1967 decimae
2078 1933 2155 1966 ,non
2187 1933 2286 1960 com-

96 1991 328 2036 sanctojussi
353 1995 448 2026 sunt.
469 1989 533 2025 Est
552 1999 639 2026 vero
658 1993 694 2024 ct
728 1987 901 2023 Sanctum
927 1993 1149 2031 sanctorum,
1171 1974 1201 2014 C
1222 1983 1438 2031 prehendit,
1472 1994 1553 2019 cum
1587 1983 1712 2029 utique
1732 1993 1959 2029 consequens
1989 1983 2142 2027 fuisset,
2181 1984 2211 2020 si
2242 1984 2286 2021 dc

96 2058 136 2088 ut
152 2051 476 2089 sanctificationem
502 2050 659 2089 habeant
685 2049 919 2095 praecipuam,
936 2054 973 2084 et
1000 2049 1152 2095 indispi-

97 2111 262 2156 cabilem.
289 2111 344 2146 Illi
377 2120 489 2156 panes
523 2108 611 2148 fient
644 2119 689 2145 ex
719 2108 858 2144 duabus
889 2107 1040 2151 decimis
1062 2100 1153 2143 :Dei

98 2173 196 2209 enim
213 2177 250 2208 et
271 2172 427 2208 hominis
451 2176 534 2207 sunt
551 2170 724 2215 ejusdem,
754 2171 792 2207 in
811 2176 965 2216 utroque
984 2170 1150 2216 perfecti.

99 2233 288 2271 Ponuntur
313 2232 391 2269 seni
418 2231 647 2275 altrinsecus,
676 2232 830 2278 mystica
863 2241 988 2268 mensa
1007 2231 1154 2277 ponitur

100 2295 247 2340 quidem
276 2293 346 2335 hic,
377 2298 532 2338 ponetur
560 2293 670 2334 etiam
698 2293 735 2328 in
755 2292 876 2328 futuro
911 2293 1056 2329 saeculo.
1081 2291 1154 2328 Sex

99 2360 221 2390 autem
254 2363 380 2399 panes,
405 2353 536 2398 positio
568 2363 653 2396 una,
688 2353 772 2398 quia
804 2352 985 2398 perfectus
1007 2352 1154 2398 quidem

99 2425 285 2457 numerus,
321 2415 414 2450 sieut
446 2420 481 2450 et
515 2415 727 2461 mysterium
758 2415 875 2460 ipsum
897 2413 1100 2460 perfectum
1119 2419 1156 2449 et

100 2476 282 2522 perfectos
300 2475 387 2512 facit
405 2486 468 2512 eos
498 2476 559 2521 qui
590 2476 660 2512 hoc
684 2475 867 2518 fruuntur,
891 2475 927 2510 in
951 2484 1014 2511 sex
1034 2479 1155 2513 autem

102 2535 228 2573 diebus
273 2536 350 2573 hoec
380 2535 531 2570 visibilis
571 2534 667 2570 sacta
711 2540 764 2570 cst
803 2536 970 2579 creatura
986 2560 995 2575 ‚
1033 2538 1154 2569 sexta-

104 2606 176 2643 que
198 2596 256 2632 die
285 2597 393 2636 homo
419 2597 614 2641 productus
646 2601 713 2638 est,
740 2601 888 2640 propter
916 2604 1023 2639 quem
1056 2593 1157 2630 Chri-

105 2664 182 2696 stus
202 2658 391 2704 mysticam
417 2656 634 2702 praeparavit
652 2665 829 2692 mensam.
847 2655 1103 2696 Verumtamen
1121 2661 1157 2690 ct

104 2730 230 2765 omnes
247 2718 354 2760 simul
374 2723 472 2760 recte
490 2717 678 2753 duodecim
701 2727 813 2763 panes
832 2722 928 2760 sunt,
944 2717 1029 2763 quia
1049 2717 1156 2762 primi

100 2779 326 2825 ‚Dominicam
355 2783 590 2823 coenaverunt
610 2777 762 2824 apostoli
782 2804 792 2820 ‚
813 2777 875 2823 qui
899 2782 1003 2813 erant
1023 2777 1157 2814 duode-

97 2843 174 2882 ,eim
195 2852 361 2881 numero.
376 2841 448 2888 (Ex
463 2839 706 2887 Adamantio.)
723 2840 918 2878 Possumus
936 2848 1022 2874 vero
1038 2844 1074 2874 et
1093 2838 1158 2874 ali-

101 2909 160 2942 ter
179 2904 303 2941 ,dicere
325 2915 333 2938 :
356 2902 482 2942 Omnis
512 2911 631 2938 sermo
663 2900 726 2937 Dei
760 2900 863 2946 panis
889 2903 969 2943 est,
1005 2899 1069 2935 sed
1089 2901 1158 2941 lest

105 2963 306 3004 differentia
325 2963 363 3001 in
380 2962 558 3008 panibus;
590 2966 648 2998 est
679 2962 775 2997 enim
806 2960 937 3006 aliquis
955 2970 1075 2998 sermo
1096 2960 1158 3005 qui

103 3025 151 3063 ad
169 3035 396 3064 communem
424 3023 580 3070 proferri
610 3023 725 3070 possit
757 3023 932 3065 auditum,
951 3027 987 3059 et
1004 3023 1158 3065 edocere

103 3087 247 3135 plebem
282 3087 326 3124 de
357 3086 527 3131 operibus
553 3085 812 3123 misericordiae
829 3095 872 3127 ac
893 3085 1005 3129 totius
1020 3085 1158 3126 benefi-

105 3148 246 3191 centiae,
281 3151 318 3184 et
346 3147 416 3183 iste
434 3151 490 3183 est
511 3146 615 3192 panis
648 3145 710 3191 qui
730 3145 932 3188 eommunis
959 3145 1155 3187 videbitur.

104 3207 172 3246 Est
190 3216 277 3253 vero
290 3206 388 3245 alius
408 3207 469 3252 qui
491 3211 633 3245 secreta
662 3206 866 3249 contineat,
886 3212 922 3245 ct
939 3206 984 3243 de
1002 3206 1074 3246 fide
1092 3204 1156 3247 Dei

102 3268 163 3307 ¹rel
175 3278 302 3306 rerum
319 3267 475 3307 scientia
491 3267 666 3310 disserat;
687 3267 755 3305 istc
776 3267 882 3313 panis
900 3267 1056 3308 muudus
1073 3270 1156 3308 est,

89 3335 143 3368 ‚et
162 3340 207 3368 ex
230 3329 360 3370 simila
377 3328 584 3372 confectum
612 3329 683 3366 iste
719 3329 755 3365 in
787 3333 982 3374 conspectu
1014 3326 1157 3370 Domini

96 3397 250 3439 {emper
269 3388 456 3435 ponendus
488 3393 566 3432 est,
598 3393 636 3427 et
665 3398 774 3435 super
796 3398 959 3429 mensam
986 3387 1158 3431 mundam

108 3437 380 3495 proponendus}
417 3449 486 3486 iste
510 3448 597 3492 solis
625 3448 874 3492 sacerdotibus
904 3451 1156 3493 sequestratus

107 3513 179 3554 eat,
197 3509 333 3558 ebuis
348 3510 470 3553 Aaron
501 3515 637 3564 aetemo
661 3519 812 3551 munere
829 3508 1065 3553 condonatus·
1086 3507 1157 3552 Ve-

104 3578 259 3621 luniate,
271 3578 377 3623 putes
398 3572 477 3614 haic
496 3581 563 3614 nos
578 3571 735 3618 propriis
765 3569 930 3618 sensibus
949 3567 1155 3614 excogitata

113 3638 290 3676 ”ms
325 3637 364 3675 98
380 3643 459 3678 nou
494 3633 627 3676 diuinis
645 3635 858 3682 observasse
884 3630 1130 3677 voluminibus
1145 3656 1155 3671 ‚

114 3687 296 3738 Pmsstm
311 3691 439 3753 timide
464 3693 859 3749 §erupturisuuomodo
884 3691 978 3740 arud
997 3690 1158 3736 diversos

1224 2044 1425 2090 quantitate
1443 2043 1570 2080 similae
1584 2044 1728 2080 volebat
1745 2043 1905 2091 agnosci,
1928 2043 2045 2090 ipsam
2069 2043 2171 2089 cujus
2196 2044 2286 2080 duas

1224 2106 1384 2142 decimas
1408 2105 1502 2142 sumi
1532 2105 1683 2152 jubebat
1705 2132 1714 2149 ,
1747 2105 1935 2141 nominare
1958 2115 2179 2142 mensuram.
2200 2105 2286 2150 Quae

1214 2160 1309 2210 ‘ergo
1331 2165 1402 2201 ista
1420 2174 1479 2206 res
1500 2170 1568 2207 est.
1589 2164 1691 2210 cujus
1713 2175 1885 2201 mensura
1902 2170 1939 2202 et
1954 2165 2083 2201 modus
2099 2175 2167 2201 nec
2188 2175 2286 2202 com-

1222 2224 1399 2270 prehendi
1430 2225 1570 2271 potuit,
1598 2235 1666 2262 nec
1687 2225 1899 2261 nominari?
1923 2225 2093 2261 Decimus
2112 2235 2286 2262 numerus

1223 2286 1357 2330 ubique
1384 2285 1565 2331 perfectus
1593 2287 1778 2322 invenitur
1794 2312 1805 2329 ,
1830 2286 1942 2322 totius
1962 2286 2058 2326 enim
2082 2286 2223 2321 numeri
2242 2296 2287 2322 ex

1227 2346 1308 2391 ipso
1340 2346 1432 2381 ratio
1463 2351 1499 2380 et
1533 2348 1634 2391 origo
1667 2346 1867 2390 consurgit.
1902 2345 2158 2390 Competcnter
2178 2345 2287 2391 igitur

1224 2411 1352 2442 auctor
1374 2411 1410 2440 et
1424 2406 1526 2451 origo
1543 2407 1704 2442 omnium
1730 2407 1827 2444 Deus
1850 2406 1915 2441 sub
1932 2406 2001 2440 hoc
2018 2414 2169 2440 numero
2186 2404 2285 2441 vide-

1225 2473 1284 2503 tur
1302 2467 1458 2509 ostendi.
1480 2466 1559 2502 Jam
1579 2467 1610 2502 si
1631 2467 1666 2502 in
1677 2467 1839 2508 Ecclesia
1857 2466 1903 2502 de
1922 2465 1999 2502 solo
2016 2465 2124 2501 Patre
2139 2465 2281 2511 loquar,

1223 2534 1260 2564 ει
1278 2528 1390 2574 ipsius
1409 2527 1521 2563 solius
1542 2527 1668 2567 laudes
1699 2526 1882 2573 proferam
1895 2553 1904 2570 ,
1925 2526 2033 2562 unius
2050 2526 2200 2562 deeimae
2218 2537 2285 2573 pa-

1223 2599 1308 2625 nem
1331 2588 1421 2630 seci3
1445 2593 1507 2629 aut
1527 2588 1557 2623 si
1576 2588 1619 2628 de
1638 2587 1783 2627 Christo
1801 2586 1878 2623 solo
1894 2586 2016 2622 secero
2045 2596 2252 2623 sermonem
2274 2614 2283 2631 ‚

1225 2654 1262 2684 et
1278 2649 1390 2695 ipsius
1402 2657 1662 2684 enumeravero
1680 2647 1903 2694 passionem,
1921 2653 1958 2682 et
1974 2646 2283 2693 resurrectionem

1224 2710 1469 2756 praedicavero
1493 2735 1503 2752 ,
1528 2708 1636 2744 unius
1661 2708 1812 2750 decimae
1831 2706 1946 2744 obtuli
1961 2716 2108 2753 panem.
2133 2706 2172 2743 Si
2197 2717 2284 2744 vero

1226 2771 1353 2807 dixero
1386 2770 1470 2815 quia
1506 2769 1613 2811 Pater
1646 2778 1790 2814 semper
1810 2778 1895 2815 cum
1915 2766 2008 2804 Filio
2027 2767 2119 2814 ejus,
2140 2773 2177 2804 et
2206 2769 2284 2815 ipse

1226 2830 1313 2875 facit
1335 2839 1445 2876 opera
1467 2839 1550 2872 sua,
1574 2828 1629 2865 vel
1662 2829 1772 2875 etiam
1799 2827 1831 2870 si
1859 2827 1987 2867 dixero
2007 2828 2091 2875 quia
2119 2827 2228 2865 Pater
2246 2828 2285 2865 in

1227 2892 1318 2937 Filio
1342 2897 1411 2937 est,
1436 2897 1473 2933 et
1490 2890 1606 2932 Filius
1627 2891 1666 2926 in
1684 2890 1794 2931 Patre
1811 2916 1822 2933 ,
1855 2894 1893 2930 et
1918 2890 1980 2936 qui
2006 2889 2104 2940 videt
2122 2888 2254 2936 Filium
2268 2917 2279 2935 ,

1226 2952 1324 2993 videt
1340 2957 1377 3000 et
1397 2950 1557 2994 Patrem,
1582 2955 1618 2992 et
1638 2950 1723 3001 quia
1740 2949 1849 2995 Pater
1871 2954 1908 2991 et
1923 2949 2038 2996 Filius
2054 2959 2166 2988 unum
2184 2954 2283 2994 sunt,

1226 3023 1272 3053 ex
1289 3014 1429 3059 duabus
1447 3013 1599 3054 decimis
1619 3013 1746 3058 similae
1772 3013 1916 3063 munda}
1934 3012 2046 3060 ,obtuli
2074 3022 2185 3054 unum
2218 3022 2284 3060 pa-

1225 3087 1326 3120 nem,
1346 3087 1471 3122 panem
1489 3086 1607 3119 verum
1627 3076 1686 3122 qui
1704 3076 1812 3116 vitam
1828 3075 1890 3112 dat
1907 3074 1989 3110 huic
2009 3074 2139 3114 mundo
2161 3073 2282 3121 (Ioan.

1226 3136 1292 3185 w).
1314 3136 1484 3185 Haeretici
1503 3146 1575 3179 nQn
1600 3136 1739 3185 faciunt
1770 3136 1815 3172 dc
1836 3134 1977 3174 duabus
2003 3134 2153 3178 decimis
2172 3143 2283 3168 unum

1225 3207 1368 3246 panem,
1386 3203 1519 3247 negant
1535 3197 1633 3245 enim
1647 3201 1847 3233 creatorem
1861 3194 1974 3230 Deum
1988 3192 2132 3243 Patrem
2147 3190 2282 3231 Christi

1226 3268 1322 3307 esse,
1347 3267 1465 3307 neque
1496 3257 1608 3304 Vetus
1642 3261 1678 3298 et
1707 3254 1844 3291 Novum
1873 3253 2145 3297 Testamentum
2170 3258 2282 3298 unum

1226 3317 1364 3365 faciunt
1383 3327 1514 3365 panem
1532 3343 1542 3360 .
1560 3322 1596 3353 et
1612 3326 1723 3352 unum
1741 3314 1886 3364 Patrem
1906 3313 1944 3349 in
1972 3316 2125 3361 utroque
2143 3309 2284 3350 instru-

1225 3387 1350 3430 mento
1368 3381 1604 3430 prementum
1626 3388 1693 3425 nos
1710 3382 1830 3422 autem
1854 3375 1890 3423 in
1909 3373 2004 3424 Lege
2021 3378 2060 3410 et
2076 3371 2282 3424 Evangeliis

1227 3454 1340 3492 unum
1355 3448 1464 3489 atque
1477 3441 1643 3486 eumdem
1661 3439 1780 3482 inesse
1793 3440 1962 3482 sancium
1983 3434 2162 3484 Smin-itum
2187 3434 2279 3478 dici-

1228 3514 1309 3544 mus
1328 3529 1338 3546 ,
1358 3508 1396 3549 et
1413 3503 1484 3545 isto
1501 3509 1644 3547 quoque
1662 3498 1769 3546 modo
1785 3507 1830 3545 er
1846 3497 1984 3546 duabus
2003 3496 2155 3545 decimis
2168 3506 2280 3545 unum

1228 3572 1359 3610 panem
1374 3559 1636 3611 propositionis
1662 3557 1860 3606 offerimus·
1887 3557 1962 3607 ‚Qui
1990 3567 2079 3613 ereo
2112 3562 2282 3611 ⁸³11?er

1230 3624 1411 3668 Christum
1437 3632 1458 3658 a
1480 3626 1643 3667 creatore
1661 3621 1734 3665 Deo
1752 3619 1862 3666 Ratre
1879 3629 1964 3667 spo,
1980 3618 2147 3666 ‘baeretici
2160 3623 2200 3662 ct
2215 3616 2279 3667 ‹lp-

1230 3686 1311 3731 dani,
1332 3684 1394 3731 qui
1415 3683 1532 3734 §.olum
1551 3682 1696 3729 Patrem
1725 3682 1936 3732 recipiunt,
1970 3685 2008 3726 et
2033 3679 2191 3727 vernum
2217 3687 2278 3729 te·-
