2540 4016
304 164 374 202 ⁹83

735 161 776 198 B.
803 160 972 202 RABANI
995 162 1143 203 MAURI
1166 162 1378 202 ARCHlEP.
1405 162 1610 203 MOGUNT.
1635 159 1823 204 OPERUM
1843 160 1964 203 PARS
1990 164 2018 202 1.

297 248 387 277 nera
405 247 477 274 non
503 235 652 284 infligat.
674 236 767 282 Quia
787 240 922 277 mentis
942 246 1078 279 nostrae
1090 241 1263 278 duritiam
1281 250 1347 277 suo
1364 241 1400 282 Α
1416 240 1589 288 sanguine
1607 242 1778 288 peccasti,
1800 245 1837 279 et
1854 239 2000 288 sanguis
2013 243 2049 276 te
2064 243 2312 286 persequetur.
2336 251 2350 275 ι
2373 239 2469 277 Lau-

298 298 478 337 desiderio
499 298 669 344 percutit,
690 301 754 336 sed
771 301 1007 346 percutiendo
1042 307 1160 346 sanat,
1176 301 1261 347 quia
1274 306 1350 338 ter-

297 357 390 395 roris
409 358 464 394 sui
478 357 600 404 iaculo
615 359 809 396 transfixos
831 360 877 396 ad
908 371 1055 398 sensum
1073 372 1141 399 nos
1162 361 1349 399 rectitudi-

297 417 355 453 nis
372 422 532 454 revocat.
556 417 674 453 Corda
704 418 801 454 enim
826 419 1011 457 malesana
1047 426 1132 459 sunt
1149 431 1231 459 cum
1249 422 1347 460 nulio

297 477 361 513 Dei
374 487 499 513 amore
513 477 691 514 satiantur
701 489 711 522 ;
728 488 811 515 cum
821 481 1122 528 peregrinationis
1131 493 1206 520 suae
1221 494 1351 520 aerum-

296 547 382 574 nam
401 547 473 574 non
489 538 652 574 sentiunt
668 548 679 582 ;
713 548 795 575 cum
822 550 907 588 erga
929 541 1175 580 infirmitatem
1193 545 1348 591 proximi

297 599 352 634 sui
365 607 432 635 nec
446 598 607 644 quolibet
623 598 771 636 minimo
785 599 913 638 affectu
931 601 1179 650 languescunt,
1199 606 1263 641 sed
1277 605 1350 642 vul-

297 667 495 705 nerantur;
516 672 599 698 cum
618 662 752 698 amoris
773 663 828 699 sui
850 664 995 710 spiculis
1016 672 1155 704 mentes
1175 667 1270 703 Deus
1295 667 1349 702 in-

297 721 488 758 sensibiles
512 723 681 768 percutit,
698 722 854 770 moxque
868 726 934 762 has
959 728 1147 764 sensibiles
1170 739 1236 774 per
1252 738 1350 764 amo-

297 792 374 818 rem
403 783 591 819 charitatis
618 784 747 820 reddit.
773 797 785 818 «
815 785 958 830 Levabo
978 788 1023 824 ad
1043 788 1172 825 coelum
1204 798 1350 824 manum

299 852 446 881 meam:
466 843 596 887 dicam,
618 844 708 881 Vivo
729 856 794 893 ego
823 846 860 882 111
882 853 1072 884 aeternum.
1098 861 1110 883 1
1132 849 1210 884 Alia
1229 854 1351 885 autem

299 902 410 939 editio
425 903 477 939 sic
494 904 600 940 habet
620 916 628 940 ε
649 917 661 938 ι
688 905 778 950 Quia
812 907 936 943 tollam
971 908 1008 944 in
1041 909 1174 945 coelum
1203 919 1350 946 manum

295 973 431 1008 meam,
460 970 496 1000 ct
528 964 658 1010 jurabo
676 976 742 1012 per
766 968 952 1004 dexteram
988 979 1119 1013 meam,
1139 975 1176 1006 et
1206 971 1348 1006 dicam:

297 1022 387 1059 Vivo
418 1034 485 1071 ego
524 1025 561 1061 iu
602 1032 791 1063 aeternum.
813 1041 824 1063 ›
848 1029 885 1064 ln
907 1029 1038 1066 coelum
1068 1041 1214 1066 manum
1233 1031 1352 1067 levare

295 1082 372 1118 sive
389 1084 567 1128 attollere,
601 1092 656 1122 est
683 1089 881 1133 potentiam
919 1091 1131 1127 aeternitatis
1151 1101 1224 1127 suae
1242 1102 1351 1137 super

297 1144 419 1180 omnia
439 1146 676 1182 excellentem
696 1149 900 1185 ostendere.
917 1149 1046 1186 Jurare
1068 1161 1133 1197 per
1152 1152 1351 1196 dexteram,

296 1208 352 1240 est
369 1215 434 1251 per
449 1205 593 1248 Filium,
615 1207 675 1252 qui
693 1208 839 1245 dextera
858 1210 920 1246 Dei
936 1211 1155 1256 nominatur,
1174 1212 1352 1258 promissa

298 1266 413 1311 ipsius
427 1267 463 1302 in
478 1274 672 1314 conspectu
690 1271 876 1306 hominum
898 1273 1130 1317 confirmare,
1153 1279 1189 1310 et
1209 1276 1352 1311 aeterni-

300 1331 413 1362 tatem
433 1336 534 1362 suam
564 1328 792 1364 credentibus
823 1330 891 1366 sibi
918 1341 982 1377 per
1001 1332 1236 1378 Evangelium
1255 1343 1352 1370 reve-

297 1385 374 1421 lare
397 1397 405 1420 z
428 1386 511 1431 quia
528 1391 686 1432 potestas
715 1389 792 1434 ejus
809 1395 970 1434 potestas
985 1396 1040 1426 est
1057 1396 1206 1435 aeterna,
1226 1396 1262 1428 et
1295 1403 1352 1428 re·

296 1457 405 1494 gnum
422 1446 499 1493 ejus
517 1449 613 1494 quod
628 1458 700 1484 non
719 1456 984 1497 corrumpetur.
1011 1464 1023 1485 ‹
1050 1451 1088 1488 Si
1114 1463 1293 1489 exacuero
1313 1459 1353 1489 ut

299 1520 311 1542 ι
338 1508 456 1555 fulgur
473 1509 630 1555 gladium
649 1520 782 1553 mcum,
801 1517 838 1547 et
866 1512 1060 1558 arripuerit
1080 1512 1259 1558 judicium
1275 1524 1352 1550 ma-

299 1580 311 1602 «
336 1579 404 1605 nus
429 1579 525 1612 mea,
544 1569 691 1606 reddam
713 1570 890 1607 ultionem
909 1572 1074 1609 hostibus
1091 1574 1197 1618 meis,
1222 1580 1258 1610 ει
1288 1574 1352 1621 qui

301 1644 313 1665 ‹
339 1633 492 1668 oderunt
510 1643 567 1668 me
596 1633 806 1670 retribuam.
830 1648 842 1669 )
865 1635 1052 1675 Exacuere
1074 1646 1114 1674 ut
1139 1638 1259 1685 fulgur
1279 1639 1355 1686 gla-

297 1690 395 1727 dium
429 1691 493 1727 Dei
530 1697 585 1728 est
615 1694 841 1739 repentinam
875 1696 1071 1733 vindictam
1108 1698 1145 1734 in
1190 1699 1354 1736 hostibus

296 1760 480 1786 exercere.
497 1750 541 1787 Et
557 1752 716 1798 arripere
725 1753 901 1798 judicium
914 1766 1040 1793 manus
1054 1757 1195 1802 divinae,
1214 1765 1269 1795 est
1291 1767 1355 1805 per

292 1810 430 1856 justam
471 1812 744 1850 retributionem
788 1814 940 1861 singulis
974 1819 1171 1855 secundum
1210 1821 1355 1866 propria

295 1872 424 1908 merita
453 1873 619 1917 reddere,
638 1875 732 1911 sicut
767 1877 942 1923 scriptum
971 1884 1054 1922 est;
1081 1892 1092 1913 1
1111 1880 1224 1918 Filius
1259 1882 1355 1918 enim

296 1933 453 1970 hominis
475 1940 531 1971 est
552 1935 587 1970 in
607 1935 720 1982 gloria
740 1937 858 1975 Patris
874 1940 929 1975 sui
948 1950 1030 1976 cum
1046 1941 1182 1987 angelis
1200 1942 1295 1986 suis;
1320 1948 1356 1979 et

297 1998 383 2031 tunc
415 1996 538 2032 reddet
564 1997 757 2044 unicuique
787 2000 985 2036 secundum
1005 2012 1115 2048 opera
1130 2002 1207 2047 eJus
1224 2003 1352 2050 (Marc.

296 2054 391 2101 vm).
428 2069 440 2090 ›
475 2056 519 2092 Et
543 2056 736 2103 Apostolus
762 2068 773 2093 t
807 2071 820 2092 ι
849 2059 996 2104 Omnes,
1017 2062 1147 2108 inquit,
1178 2063 1354 2099 stabimus

298 2122 382 2153 ante
399 2117 712 2163 tribunalChristi,
729 2125 769 2156 ut
778 2122 928 2167 recipiat
945 2124 1191 2169 unusquisque
1204 2125 1353 2170 propria

299 2179 461 2225 corporis
478 2185 585 2226 prout
600 2181 723 2227 gessit,
743 2182 819 2218 sive
836 2183 970 2219 bonum
993 2184 1067 2220 sive
1084 2185 1218 2220 malum
1237 2185 1351 2231 (Rom.

297 2239 387 2286 xiv).
414 2253 427 2274 1
450 2239 642 2278 inebriabo
656 2242 806 2288 sagittas
828 2253 929 2280 meas
947 2245 1135 2290 sanguine,
1156 2250 1192 2280 ει
1218 2245 1356 2291 gladius

298 2310 401 2337 meus
416 2301 603 2338 devorabit
618 2312 757 2339 carnes.
778 2302 917 2350 Sagitta
936 2305 1033 2340 enim
1061 2305 1244 2340 hominem
1271 2306 1356 2341 dum

299 2372 370 2398 non
391 2362 558 2403 attendit.
578 2364 756 2409 percutit;
785 2371 820 2400 et
842 2367 926 2401 dum
945 2366 1004 2402 illa
1027 2377 1099 2402 non
1121 2367 1353 2413 praevidetur,

300 2421 420 2458 subito
441 2421 630 2459 interimit.
654 2423 803 2470 Sagittae
828 2426 970 2462 Domini
999 2432 1084 2463 sunt
1115 2427 1252 2464 celeres
1281 2428 1358 2464 vin-

299 2482 427 2519 dictae:
450 2495 530 2531 quae
553 2484 636 2522 licet
664 2488 771 2524 modo
792 2488 943 2525 occultae
977 2495 1061 2525 sunt
1089 2500 1212 2527 coram
1242 2492 1356 2528 oculis

297 2542 516 2590 iniquorum,
536 2546 656 2583 subito
674 2552 795 2585 tamen
812 2549 1144 2587 manifestabuntur
1161 2551 1197 2587 in
1214 2552 1357 2589 damna-

299 2604 397 2641 tione
432 2606 671 2652 perditorum,
703 2614 739 2646 et
772 2610 836 2647 Dei
868 2611 1010 2658 gladius
1030 2621 1160 2649 carnes
1184 2613 1354 2658 comedit,

299 2666 384 2711 quia
400 2667 437 2703 in
454 2674 616 2707 extremo
631 2669 767 2717 jndicio
787 2672 863 2719 ejus
892 2675 1073 2712 sententia
1096 2685 1180 2721 eos,
1198 2676 1260 2723 qui
1277 2686 1358 2714 car-

300 2727 433 2763 naliter
448 2730 606 2775 sapiunt,
625 2733 774 2769 occidit.

351 2801 363 2822 ‹
386 2789 438 2825 De
468 2800 596 2828 cruore
620 2794 836 2839 occisorum,
855 2802 892 2832 et
927 2797 969 2833 de
989 2797 1198 2844 captivitate
1232 2797 1358 2834 nudati

301 2848 530 2887 inimicorum
548 2852 692 2899 capitis.
718 2867 729 2888 ›
752 2853 808 2891 Ad
842 2856 911 2892 hoc
930 2858 1024 2903 quod
1046 2858 1145 2901 dicit,
1167 2857 1211 2894 de
1228 2868 1357 2894 cruore

301 2908 544 2956 inimicorum,
574 2914 786 2950 subauditur
817 2915 904 2952 illud
924 2918 1019 2962 quod
1044 2919 1269 2963 praemissum
1287 2924 1354 2961 est,

305 2981 318 3002 ‹
340 2969 530 3008 inebriabo
556 2974 709 3018 sagittas
727 2986 827 3013 meas
861 2977 1046 3023 sanguine.
1074 2990 1085 3011 ›
1113 2978 1270 3014 Inebriat
1287 2979 1356 3015 Do-

302 3030 425 3066 minus
447 3032 598 3078 sagittas
632 3044 718 3071 suas
747 3036 786 3071 in
817 3046 946 3073 cruore
969 3037 1174 3074 occisorum
1211 3041 1355 3085 quando

301 3091 475 3129 ultionem
512 3100 658 3131 exercet
696 3095 735 3131 in
772 3096 880 3132 turba
904 3097 1146 3135 inimicorum.
1184 3099 1356 3148 Tuncque

303 3153 536 3190 nudabuntur
554 3155 704 3191 consilia
725 3155 931 3202 iniquarum
950 3158 1142 3202 mentium,
1163 3160 1294 3205 quibus
1315 3170 1354 3197 se

303 3213 448 3259 impune
465 3225 620 3262 peccare
643 3215 886 3253 confidebant.
910 3216 1070 3254 Possunt
1090 3223 1126 3254 et
1151 3220 1270 3264 capita
1288 3220 1357 3255 ini-

302 3284 458 3321 quorum
495 3276 660 3323 magistri
699 3276 814 3324 accipi
851 3277 1066 3322 errantium,
1086 3278 1124 3314 in
1158 3289 1249 3325 quos
1267 3279 1357 3315 ultio

302 3335 500 3372 novissima
518 3336 711 3381 redundat,
749 3337 835 3384 quia
855 3337 917 3384 qui
937 3338 1084 3374 fuerunt
1100 3348 1211 3376 causa
1230 3348 1359 3385 pecca-

302 3398 436 3439 torum,
456 3396 614 3432 sentient
651 3396 783 3434 damna
808 3397 847 3434 in
879 3397 1116 3435 retributione
1150 3407 1357 3445 poenarum.

303 3453 406 3490 Unde
439 3455 477 3490 in
506 3455 724 3504 Apocalypsi
744 3459 919 3506 scriptum
949 3464 1004 3496 est
1027 3471 1035 3495 ε
1062 3471 1075 3493 ‹
1102 3459 1148 3496 Et
1165 3460 1254 3496 exiit
1271 3470 1359 3497 san-

302 3516 382 3562 guis
400 3517 444 3553 de
488 3517 582 3562 lacu,
625 3531 741 3567 usque
759 3522 806 3559 ad
845 3521 969 3559 frenos
1010 3532 1185 3568 equorum
1228 3521 1353 3570 (Apoc.

300 3577 391 3624 xiv).
412 3591 426 3613 ι
454 3578 531 3616 Hoc
551 3586 621 3625 est,
635 3583 812 3628 processit
828 3583 918 3620 ultio
938 3588 1215 3627 tormentorum,
1241 3592 1357 3629 usque

302 3638 346 3673 ad
364 3644 524 3677 rectores
539 3642 770 3688 populorum.
791 3643 914 3689 Usque
940 3643 1037 3679 enim
1054 3643 1100 3680 ad
1119 3642 1300 3679 diabolum
1320 3647 1358 3679 et

302 3698 379 3743 ejus
396 3701 556 3747 angelos,
579 3703 777 3740 novissimo
815 3704 1016 3740 certamine
1034 3703 1132 3740 exiet
1167 3702 1256 3739 ultio
1276 3712 1358 3738 san-

303 3758 421 3799 guinis
457 3768 666 3804 sanctorum
701 3763 820 3807 effusi,
858 3763 952 3802 sicut
983 3763 1159 3807 scriptum
1195 3768 1249 3801 est
1272 3773 1280 3799 ε
1308 3761 1349 3798 111

623 3882 723 3894 ια...-

1417 301 1512 348 date,
1538 309 1676 350 gentes,
1696 303 1868 351 populum
1886 301 1976 347 ejus,
1996 300 2082 348 quia
2115 302 2325 349 sanguinem
2343 312 2468 340 servo-

1417 372 1498 399 rum
1535 374 1682 400 suorum
1697 363 1895 399 ulciscetur
1913 388 1923 406 ,
1959 365 1996 398 et
2013 361 2209 398 vindictam
2239 361 2414 399 retribuet
2429 362 2468 399 in
2511 394 2515 403 .

1416 424 1539 463 hostes
1554 435 1693 463 eorum.
1717 436 1731 459 ›
1762 424 1977 460 Laudabunt
2009 432 2134 460 omnes
2154 428 2278 470 gentes
2294 424 2469 471 populum
2518 445 2522 452 ·

1417 486 1495 531 Dei,
1519 486 1662 533 quando
1678 484 1836 521 viderint
1872 484 2067 532 gloriosam
2102 495 2278 532 apparere
2312 485 2350 522 in
2379 496 2468 523 con-

1417 553 1545 593 spectu
1563 544 1760 583 conditoris
1792 545 1848 582 sui
1873 546 2075 583 Ecclesiam
2106 546 2184 590 Dei,
2205 550 2243 584 et
2262 551 2470 594 persecuto·
2514 558 2521 561 ·

1417 619 1477 645 res
1496 609 1574 654 ejus
1592 617 1658 653 pro
1677 607 1791 644 effuso
1811 607 1983 654 sanguine
2007 618 2027 644 a
2047 618 2086 645 se
2102 613 2317 655 martyrum,
2341 613 2377 645 et
2393 618 2470 644 ma·

1418 668 1463 704 lis
1489 667 1656 704 omnibus
1675 678 1755 714 quae
1774 668 1811 704 in
1841 668 1910 704 hac
1938 668 2011 704 vita
2040 674 2241 715 gesserunt,
2279 678 2346 715 per
2367 668 2471 705 mali·

1418 739 1571 776 gnorum
1590 729 1782 776 spirituum
1814 729 2057 766 ministerium
2076 729 2228 774 recludi,
2264 730 2302 766 in
2337 730 2470 776 gehen·
2517 731 2522 734 ⁴

1418 799 1503 826 nam
1520 790 1614 836 ignis
1633 790 1772 826 aeterni.
1795 789 1897 826 Tunc
1920 789 2015 826 enim
2050 794 2086 826 et
2118 790 2203 826 boni
2220 790 2355 826 bonum
2372 788 2470 835 quod
2519 791 2522 793 ’

1418 849 1540 885 vident
1571 849 1784 893 laudabunt,
1806 849 1890 896 quia
1910 849 2101 896 praemium
2137 848 2256 894 placet
2293 848 2389 894 quod
2407 847 2471 883 ha-

1419 911 1530 953 bent3
1556 915 1592 946 et
1608 910 1708 956 impii
1728 910 1764 946 in
1783 911 1900 956 poenis
1930 910 2138 954 constituti,
2166 909 2286 946 dicent
2319 909 2415 944 intra
2432 917 2472 944 se

1421 972 1673 1017 poenitentiam
1699 977 1876 1017 agentes:
1907 983 1919 1004 ‹
1950 971 1994 1007 Hi
2032 977 2116 1007 sunt
2149 979 2239 1015 quos
2278 968 2470 1015 aliquando

1421 1024 1613 1068 habuimus
1631 1032 1666 1067 in
1685 1032 1860 1075 derisum,
1882 1036 1918 1067 ει
1937 1032 1974 1066 111
1994 1031 2265 1067 similitudinem
2283 1031 2469 1076 imprope-

1422 1092 1480 1127 rii.
1503 1091 1575 1128 Nos
1595 1092 1767 1128 insensati
1805 1091 1915 1127 vitam
1939 1091 2083 1127 illorum
2121 1092 2388 1127 aestimabamus
2413 1089 2470 1126 in-

1373 1145 1404 1185 B
1424 1152 1577 1195 saniam,
1597 1157 1634 1188 et
1670 1151 1778 1187 finem
1813 1151 1955 1187 illorum
1986 1151 2062 1187 sine
2098 1151 2247 1187 honore.
2285 1149 2471 1193 Quomodo

1421 1223 1507 1261 ergo
1527 1213 1724 1259 computati
1744 1217 1828 1248 sunt
1869 1212 1960 1247 inter
1987 1211 2094 1264 filios·
2114 1211 2178 1246 Dei
2201 1216 2238 1247 ει
2276 1210 2373 1246 inter
2390 1220 2472 1246 san-

1421 1280 1498 1311 ctos
1522 1284 1601 1310 sors
1637 1273 1781 1308 illorum
1817 1271 1901 1307 est?
1920 1271 1965 1306 Et
1981 1270 2159 1316 propitius
2197 1269 2266 1306 erit
2301 1270 2474 1306 Dominus

1421 1339 1527 1368 terrae
1551 1321 1673 1378 populi
1707 1330 1762 1367 sui
1800 1330 1903 1377 (Sap.
1936 1329 1987 1376 v).
2028 1343 2040 1365 ›
2081 1330 2230 1374 Quando
2273 1330 2474 1367 Ecclesiam

1421 1397 1601 1434 sanctam,
1621 1401 1730 1436 quam
1765 1391 1940 1426 hactenus
1959 1390 2107 1435 regebat
2125 1390 2162 1426 in
2196 1390 2371 1433 adversis,
2393 1400 2474 1436 per-

1422 1452 1612 1498 petualiter
1634 1451 1822 1487 collocabit
1839 1451 1875 1486 in
1895 1450 2091 1497 prosperis,
2114 1450 2152 1485 in
2167 1459 2279 1496 regno
2298 1449 2470 1485 videlicet

1423 1511 1576 1555 coelesti,
1602 1511 1663 1548 ubi
1684 1511 1761 1547 sine
1799 1510 1871 1546 fine
1899 1510 2083 1557 gaudebit,
2104 1515 2140 1546 et
2158 1509 2282 1546 laudes
2317 1509 2472 1546 Domino

1423 1573 1531 1610 simul
1548 1584 1630 1610 cum
1668 1572 1802 1609 sanctis
1839 1572 1974 1618 angelis
2008 1572 2046 1608 in
2081 1577 2254 1608 aeternum
2298 1571 2472 1608 cantabit.

1427 1646 1440 1669 ι
1459 1621 1698 1680 'Locutusque
1723 1639 1778 1670 est
1818 1633 1992 1669 Dominus
2027 1632 2073 1669 ad
2104 1632 2250 1680 Moysen
2285 1633 2322 1669 in
2347 1633 2475 1669 eadem

1428 1706 1440 1729 ι
1469 1695 1525 1731 die
1545 1695 1667 1731 dicens
1686 1706 1693 1729 :
1715 1694 1879 1731 Ascende
1901 1694 1937 1729 in
1968 1698 2131 1730 montem
2163 1694 2272 1730 istum
2310 1693 2474 1738 Abarim,

1427 1768 1440 1791 ‹
1474 1756 1524 1804 (id
1544 1761 1599 1793 est
1616 1755 1840 1802 transitum),
1878 1756 1914 1791 in
1938 1761 2098 1793 montem
2133 1755 2244 1800 Neb0‚
2270 1755 2332 1802 qui
2353 1761 2409 1792 est
2438 1755 2476 1792 in

1429 1831 1441 1852 ‹
1476 1822 1574 1854 terra
1594 1817 1697 1854 Moab
1717 1823 1844 1854 contra
1863 1817 2030 1860 Iericho;
2052 1823 2087 1854 et
2104 1818 2186 1854 vide
2226 1823 2360 1854 terram
2377 1817 2474 1854 Cha-

1430 1892 1442 1914 «
1472 1891 1579 1924 naan,
1600 1890 1707 1926 quam
1725 1890 1791 1926 ego
1807 1879 1949 1916 tradam
1969 1879 2052 1915 liliis
2084 1878 2194 1916 lsrael
2226 1878 2475 1922 obediendam,

1428 1952 1441 1974 ι
1473 1946 1509 1977 ει
1529 1951 1670 1977 morere
1688 1941 1725 1977 in
1751 1946 1886 1978 monte.
1918 1940 2034 1984 Quem
2066 1939 2329 1981 conscendens,
2345 1937 2477 1984 iunge-

1431 2013 1442 2034 1
1472 2001 1523 2037 ris
1541 2002 1682 2047 populis
1701 2001 1784 2043 tuis,
1807 2001 1901 2036 sicut
1920 2006 2085 2037 mortuus
2121 2007 2177 2036 est
2213 1999 2336 2035 Aaron
2362 1998 2478 2034 frater

1374 2044 1403 2086 C
1429 2073 1441 2095 ‹
1472 2066 1556 2097 tuus
1576 2061 1613 2096 in
1632 2066 1756 2096 monte
1792 2059 1877 2102 Hor,
1904 2066 1941 2095 et
1971 2059 2156 2105 appositus
2186 2058 2330 2105 populis
2363 2058 2472 2093 suis:

1426 2133 1438 2154 1
1476 2121 1559 2166 quia
1579 2120 1807 2166 praevaricati
1827 2120 1915 2169 estis
1942 2125 2067 2156 contra
2086 2129 2145 2155 me
2175 2119 2211 2154 111
2246 2119 2364 2155 medio
2383 2117 2476 2154 [ilio-⁴

1427 2194 1439 2216 ι
1467 2192 1550 2218 rum
1568 2182 1697 2224 lsrael,
1720 2187 1756 2217 et
1790 2182 1835 2217 ad
1867 2192 1979 2227 aquas
2001 2179 2317 2223 contradictionis,
2357 2184 2394 2215 et
2412 2189 2479 2215 cae-

1428 2255 1440 2277 «
1470 2248 1560 2279 tera.
1590 2255 1601 2276 ›
1624 2242 1773 2278 Abarim
1809 2251 1912 2277 mons
1938 2246 2006 2284 est,
2045 2241 2082 2276 in
2117 2250 2188 2286 quo
2223 2244 2386 2276 mortuus
2421 2244 2480 2275 est

1425 2304 1582 2350 Moyses,
1609 2308 1646 2339 et
1661 2304 1921 2350 interpretatur
1956 2303 2154 2347 transitus3
2176 2307 2213 2339 et
2249 2301 2347 2338 Nebo
2368 2301 2480 2338 inter-

1424 2369 1590 2410 pretatur
1613 2363 1780 2400 inclusio.
1802 2364 1942 2400 Dicitur
1965 2369 2086 2400 autem
2107 2369 2144 2399 et
2161 2373 2265 2399 mons
2283 2372 2362 2399 esse
2380 2362 2479 2399 Nebo

1425 2426 1462 2462 in
1487 2432 1584 2462 terra
1609 2426 1712 2462 Moab
1731 2431 1857 2462 contra
1899 2426 2045 2462 Jericho
2078 2435 2186 2471 supra
2211 2425 2419 2467 Jordanem,
2442 2425 2479 2460 in

1426 2487 1619 2533 supercilio
1637 2487 1791 2534 Phasga,
1831 2487 2105 2533 ostenditurque
2137 2485 2415 2522 ascendentibus
2435 2484 2479 2521 de

1423 2549 1535 2597 Libya
1556 2550 1599 2586 de
1626 2549 1747 2586 urbe:
1784 2549 2045 2595 antiquumque
2083 2548 2221 2585 habens
2261 2546 2479 2584 vocabulum

1421 2610 1702 2658 juxtamontem
1731 2609 1886 2656 phogor,
1921 2618 2053 2646 nomen
2089 2608 2283 2655 pristinum
2317 2606 2479 2643 retinen-

1424 2679 1513 2717 tem,
1533 2683 1554 2710 a
1573 2683 1644 2719 quo
1662 2673 1758 2709 circa
1778 2681 1862 2708 eum
1882 2671 1994 2718 regio,
2015 2680 2131 2717 usque
2160 2679 2258 2705 nunc
2277 2668 2480 2715 appellatur

1425 2735 1580 2782 Phasga.
1599 2734 1737 2781 Moyses
1761 2743 1846 2780 ergo
1883 2733 1921 2769 in
1939 2731 2088 2768 Abarim
2113 2736 2150 2766 et
2181 2730 2218 2766 in
2237 2734 2359 2766 monte
2379 2727 2481 2764 Nebo

1426 2802 1552 2833 contra
1567 2795 1711 2832 Jerlcho
1730 2799 1858 2830 contra
1880 2792 2076 2829 Jordanem
2110 2790 2278 2833 moritur,
2314 2788 2399 2835 quia
2420 2797 2479 2824 lex

1428 2863 1464 2894 et
1483 2857 1710 2894 circumcisio
1740 2866 1855 2901 usque
1892 2854 1938 2890 ad
1971 2852 2105 2890 Christi
2133 2851 2327 2888 adventum
2364 2849 2480 2886 etha-

1426 2919 1550 2965 ptismi
1569 2923 1840 2954 sacramentum
1857 2914 2047 2963 processit,
2069 2912 2191 2958 ibique
2221 2911 2390 2947 conclusa
2409 2914 2479 2953 est,

1427 2981 1511 3026 quia
1529 2979 1611 3015 finis
1631 2978 1721 3025 legis
1740 2984 1795 3014 est
1814 2977 1994 3018 Christus,
2014 2973 2059 3010 ad
2080 2971 2259 3019 justitiam
2280 2970 2379 3007 omni
2396 2979 2478 3006 cre-

1427 3042 1540 3079 denti.
1571 3041 1669 3077 Vidit
1687 3041 1826 3087 Moyses
1844 3045 1979 3076 terram
1994 3033 2300 3083 repromissionis,
2322 3033 2476 3086 sednon

1426 3103 1609 3148 ingressus
1626 3106 1681 3138 est
1700 3102 1736 3137 in
1757 3111 1851 3143 eam,
1891 3099 1975 3145 quia
1998 3095 2165 3143 praevidit
2188 3094 2226 3130 in
2245 3093 2422 3140 spiritum,
2442 3097 2482 3129 et

1426 3162 1462 3198 in
1482 3163 1559 3209 lege
1578 3162 1746 3208 praedixit
1770 3160 1904 3196 Christi
1936 3158 2092 3205 gratiam
2127 3156 2302 3198 suturam,
2322 3154 2386 3191 sed
2407 3163 2481 3190 non

1425 3231 1540 3266 usque
1564 3221 1610 3256 ad
1630 3221 1730 3255 illam
1749 3220 1787 3255 in
1807 3227 1960 3263 corpore
1985 3214 2226 3260 exspectavit,
2267 3217 2309 3248 ut
2338 3212 2481 3247 videret

1428 3289 1508 3315 cam
1524 3283 1759 3324 praesentem,
1781 3276 1877 3321 quod
1896 3273 2068 3318 apostolis
2091 3270 2229 3308 Christi
2266 3278 2480 3306 concessum

1429 3343 1511 3382 est;
1531 3342 1567 3374 et
1582 3337 1663 3373 ideo
1679 3336 1749 3382 ipsi
1771 3334 1868 3371 beati
1888 3333 2000 3378 ipsius
2019 3331 2181 3368 veritatis
2204 3340 2293 3366 voce
2309 3339 2390 3367 esse
2421 3334 2480 3366 te-

1428 3403 1585 3442 stantur,
1603 3396 1688 3443 quia
1703 3395 1801 3442 quod
1822 3393 1925 3430 multi
1958 3391 2047 3437 justi
2071 3396 2109 3428 et
2142 3391 2327 3437 propheta}
2354 3390 2479 3427 videre

1427 3465 1465 3497 et
1483 3459 1607 3496 audire
1621 3457 1824 3500 voluerunt,
1841 3455 1910 3492 hoc
1926 3453 2015 3499 ipsis
2034 3452 2312 3499 praesentialiter
2328 3460 2480 3490 cernere

1428 3517 1687 3566 gloriosissime
1705 3524 1919 3553 concessum
1938 3519 1994 3550 est
2012 3512 2065 3560 (M
2069 3513 2158 3549 αιιΙι.
2176 3511 2271 3559 xm).

1831 3586 1983 3624 CAPUT
2009 3586 2066 3622 111.

1483 3639 1535 3674 De
1550 3634 1846 3674 benedictionibus
1868 3633 1907 3669 Μ
1909 3645 1984 3680 oyst
2005 3644 2109 3680 super
2125 3630 2283 3679 singulas
2296 3630 2420 3668 tribus.

1476 3699 1578 3746 (Car.
1594 3696 1741 3741 xxxin.)
1770 3709 1782 3729 ι
1813 3695 1897 3732 Haec
1915 3701 1969 3732 est
1993 3693 2197 3732 benedictio
2209 3703 2282 3740 qua
2293 3690 2480 3730 benedixit

2391 160 2462 202 984
2475 156 2488 196 1

2479 271 2492 302 3

1430 3773 1443 3797 ι
1475 3759 1627 3803 Μογεεε,
1651 3758 1760 3800 homo
1777 3756 1949 3800 Dei,filiis
1964 3756 2076 3798 Israel
2090 3759 2175 3796 ante
2187 3760 2343 3796 mortem
2357 3761 2477 3801 suam,
2515 3750 2540 3789 -Ὰ

1697 3919 1704 3935 i
