2540 4016
73 156 143 197 357

692 135 1028 192 EXPOSITIONES
1050 152 1097 189 ΙΝ
1122 150 1387 192 LEVITICUM.
1412 174 1460 181 —
1482 154 1568 191 Lm.
1595 154 1639 192 11.

2189 163 2262 202 338

71 238 190 284 piens,
223 243 264 274 ιιι
292 245 450 284 rega-em
480 241 622 271 coenam
660 231 907 278 ingredientes
940 229 1136 275 implerent
1153 230 1189 270 Α
1204 234 1325 266 autem
1342 229 1536 267 salutaris:
1560 229 1624 266 sed
1641 231 1964 269 consummationis
1990 241 2076 273 tune
2097 237 2259 277 oblatum

73 299 219 348 (Matth.
239 297 343 344 xxn).
358 297 420 333 Ait
435 295 574 343 Moyses
596 305 605 329 :
625 293 699 328 Iste
722 298 772 328 est
787 303 901 328 sermo
922 302 1024 338 quem
1042 303 1133 338 prce-

72 361 160 407 cepit
178 360 364 402 Dominus,
391 356 495 403 [acite
512 363 545 392 et
567 354 748 402 apparebit
776 353 872 388 vobis
904 353 1019 400 qloria
1038 353 1129 398 ejus.

71 420 232 458 Gloriam
262 429 343 455 esse
377 416 520 453 Domini
549 415 716 462 spiritum
745 414 938 451 manifeste
972 414 1132 450 ostendit

69 482 166 528 quod
182 481 311 517 Paulus
329 479 375 515 ad
390 475 599 515 Corinthios
616 477 783 523 scripsit':
807 476 882 512 Nos
902 487 1019 512 omnes
1036 487 1131 512 reve-

69 542 142 578 lata
155 543 245 589 [acie
260 541 410 588 qtoriam
424 538 567 575 Domini
581 537 797 585 speculantes
813 538 849 572 in
866 537 1024 572 eamdem
1040 537 1131 572 ima-

66 605 182 649 ginem
200 604 507 650 transformamur,
526 604 568 639 de
586 602 700 651 qloria
726 604 762 638 in
794 602 955 649 gloriam,
989 602 1079 637 sicut
1108 613 1130 636 a

66 664 210 700 Domini
239 664 376 711 Spiritu
402 664 438 712 (I
456 664 538 701 Cor.
559 664 632 711 111).
652 665 700 701 Ut
728 674 814 710 ergo
838 663 954 710 gloria
984 661 1129 698 Domini

66 725 264 767 videretur,
288 726 324 761 id
350 731 420 769 est,
439 731 479 762 ut
497 726 674 762 adventus
693 726 939 762 celebraretur
954 724 1125 770 Spiritus.

65 783 140 820 Iste
159 791 210 819 est
226 796 354 828 sermo,
376 785 505 831 inquit,
531 796 633 833 quem
649 785 812 831 proecepit
821 784 1025 820 Dominus:
1051 794 1128 820 ser-

66 855 126 881 mo
142 845 311 882 videlicet
327 847 514 893 mysticus,
535 847 580 882 de
600 856 670 891 quo
691 845 864 881 Dominus
878 850 1122 890 praeceperat:

66 906 144 942 Hoc
174 907 278 953 [acite
298 909 333 943 in
360 919 472 943 meam
501 906 875 942 commemorationem.
909 904 1124 941 Sermonem

66 955 187 1003 autem
209 965 392 1012 legislator
419 977 463 1002 ex
486 966 745 1002 consuetudine
778 965 864 1001 illud
892 971 1010 1009 vocat,
1038 967 1123 1011 quia

64 1027 144 1073 plus
175 1019 339 1064 sermone
365 1027 529 1063 subsistit
560 1027 670 1072 hujus
690 1026 911 1072 dispensatio
945 1027 1118 1072 mysterii,

63 1088 220 1123 maxime
240 1087 427 1123 Dominico
452 1087 563 1123 verbo
595 1097 638 1122 ea
655 1097 734 1132 quae
762 1092 936 1133 apparent
968 1087 1003 1122 in
1025 1086 1122 1122 aliud

61 1147 197 1193 aliquid
215 1146 383 1192 majus-et
403 1147 627 1193 intelligibile
643 1147 897 1182 transferente.
922 1147 1023 1183 Unde
1037 1157 1119 1182 cum

61 1219 193 1245 manna
210 1208 404 1255 imaginem
428 1209 532 1255 panis
560 1209 643 1244 vitae
662 1209 723 1255 qui
754 1208 940 1244 deseendit
962 1208 1006 1243 de
1026 1209 1118 1244 coelo

0 1261 1 1269 ¹
61 1275 296 1318 praesentaret
314 1282 322 1306 ε
343 1270 412 1306 Hic
429 1277 483 1306 est.
496 1272 610 1317 panis,
629 1271 692 1313 ait,
711 1282 812 1317 quem
829 1271 922 1306 dedit
940 1271 1033 1306 vobis
1046 1271 1118 1306 Do-

59 1332 174 1367 minus
195 1332 239 1366 ad
256 1332 525 1374 comedendum‚·
542 1332 597 1367 hic
615 1339 665 1367 est
686 1343 799 1367 sermo
814 1341 915 1386 quem
940 1332 1118 1367 constituit

59 1390 231 1427 Dominus
259 1392 389 1439 (Exod.
411 1392 499 1439 xvi).
528 1393 620 1437 Quid
647 1404 731 1439 ergo
752 1405 797 1429 ex
827 1393 882 1428 his
913 1404 992 1439 quae
1022 1393 1118 1429 dicta

61 1458 145 1489 sunt
163 1453 346 1499 legislator
367 1452 560 1497 significat,
582 1454 651 1489 nisi
674 1454 758 1499 quia
778 1454 855 1489 sine
874 1454 982 1489 dubio
1006 1463 1117 1500 agen-

60 1513 157 1548 tibus
177 1513 229 1548 eis
249 1518 412 1548 sanctum
440 1514 650 1560 mysterium
667 1520 703 1549 et
724 1514 948 1550 Dominicam
974 1522 1117 1550 coenam

61 1572 342 1616 celebrantibus,
358 1575 502 1610 advenit
523 1574 692 1620 Spiritus.
718 1575 820 1618 Quod
840 1581 876 1610 et
905 1575 934 1611 si
954 1586 1025 1612 non
1040 1576 1118 1622 pla-

61 1633 143 1668 nius
163 1634 364 1679 expositum
379 1635 566 1677 habemus,
586 1635 698 1670 multa
714 1635 844 1681 quippe
863 1635 982 1672 studio
995 1636 1116 1672 brevi-

60 1694 145 1730 tatis
161 1694 347 1740 Scriptura
363 1696 483 1732 divina
491 1697 734 1742 praetermisit,
753 1707 831 1742 quae
842 1696 896 1733 fas
905 1703 962 1733 est
975 1708 1020 1734 ex
1038 1697 1117 1735 aliis

60 1754 240 1801 colligere.
259 1755 343 1790 Erat
360 1756 455 1791 enim
482 1757 560 1792 dies
586 1757 647 1802 qui
672 1757 871 1802 appellatur
889 1758 1113 1803 Dominicus,

59 1814 97 1850 in
127 1826 198 1860 quo
229 1816 417 1861 oportebat
453 1817 568 1852 modis
601 1817 769 1853 omnibus
797 1828 904 1864 agere
934 1821 1115 1866 apostolos

58 1876 210 1922 mystica
234 1881 270 1912 et
303 1887 418 1913 sacra.
458 1876 549 1913 Nam
584 1883 621 1913 et
653 1888 718 1913 nos
750 1878 894 1915 illorum
923 1887 1114 1926 sequentes

59 1935 303 1979 traditionem,
335 1937 559 1973 Dominicam
590 1937 684 1973 diem
715 1939 846 1976 divinis
877 1942 1115 1978 conventibus

60 2001 340 2042 sequestramus.
360 1997 564 2035 Invenimus
582 2003 703 2036 autem
720 2005 758 2035 et
777 1999 963 2038 Christum
987 2002 1114 2039 simili-

57 2059 114 2091 ter
129 2062 210 2102 post
229 2058 527 2095 resurrectionem
547 2070 568 2095 a
585 2061 738 2096 mortuis
756 2071 822 2108 per
831 2063 991 2108 mysticae
999 2072 1113 2101 coenae

57 2121 96 2151 et
125 2118 228 2162 panis
265 2117 478 2156 fractionem
514 2121 797 2158 manifestatum.
849 2123 951 2168 Quod
989 2131 1112 2171 aperte

60 2175 205 2220 quidem
238 2177 367 2222 Lucas,
400 2172 521 2216 tamen
553 2182 662 2218 etiam
700 2182 859 2220 Joannes
893 2186 1113 2232 evangelista

61 2236 186 2273 tradit.

108 2299 205 2336 Dixit
230 2301 276 2337 ad
294 2301 415 2339 Aaron
437 2315 445 2339 :
467 2304 599 2341 Accede
616 2306 661 2341 ad
694 2306 805 2344 altare
833 2314 865 2345 et
888 2310 1031 2347 immola
1050 2323 1112 2358 pro

59 2367 198 2407 peccato
218 2368 289 2404 tuo,
308 2363 431 2409 offeres
448 2365 705 2411 holocaustum,
728 2374 759 2403 et
786 2369 972 2415 deprecare
999 2383 1062 2418 pro
1081 2378 1113 2408 te

59 2428 91 2458 et
105 2434 167 2469 pro
193 2422 319 2470 populo
343 2436 355 2461 :
382 2420 767 2472 Cumque'mactaveris
801 2430 951 2466 hostiam
977 2433 1111 2479 populi,

59 2494 122 2520 ora
155 2496 217 2530 pro
248 2497 300 2529 eo,
335 2487 424 2522 sicut
456 2490 618 2535 praecepit
659 2489 844 2527 Dominus.
881 2492 948 2529 Ubi
990 2499 1113 2530 nostra

62 2544 250 2580 translatio
267 2545 408 2591 planius
428 2547 548 2590 habet,
564 2559 626 2593 pro
644 2555 675 2584 te
705 2556 736 2584 et
754 2561 816 2596 pro
832 2551 972 2597 populo,
1000 2563 1063 2597 pro
1081 2558 1114 2588 te

61 2604 135 2650 ipso
151 2610 182 2638 et
201 2614 263 2649 pro
293 2604 395 2639 domo
412 2611 473 2640 tua
489 2605 723 2653 Septuaginta
746 2610 949 2645 ediderunt.
969 2610 1037 2654 Qui
1054 2622 1114 2647 au-

64 2670 136 2700 tem
170 2665 242 2700 sint
268 2665 394 2701 domus
423 2666 658 2714 intelligibilis
683 2670 896 2714 sacerdotis,
920 2671 1031 2708 Paulo
1059 2672 1113 2708 di-

62 2730 179 2767 cente,
193 2735 380 2771 cognosce.
390 2726 451 2761 Ait
466 2727 582 2762 enim:
600 2725 760 2765 Christus
779 2736 895 2766 autem
911 2737 949 2766 ut
966 2732 1062 2777 silius
1077 2733 1114 2769 in

58 2785 162 2823 domo
178 2798 256 2831 sua,
268 2798 349 2834 quae
374 2788 496 2824 domus
521 2801 582 2825 nos
598 2801 734 2835 sumus,
751 2792 781 2827 si
798 2792 965 2837 fiduciam
991 2800 1024 2830 et
1040 2794 1115 2841 qlo-

61 2847 150 2884 riam
171 2849 244 2895 spei
268 2859 375 2895 usque
392 2849 438 2884 ad
456 2849 561 2895 finem
589 2850 730 2896 firmum
747 2854 957 2890 retineamus
985 2854 1110 2903 (Hebr.

60 2909 132 2957 ιιι).
153 2909 246 2957 Ergo
270 2911 307 2947 hi
326 2911 388 2957 qui
419 2911 652 2957 profecerunt
676 2919 712 2950 et
743 2914 979 2961 perfectiores
1003 2923 1109 2962 sunt,

1202 296 1271 334 est,
1299 290 1444 336 quando
1472 290 1680 326 sacerdotes
1703 290 1920 327 sanctificati
1952 299 2048 337 sunt,
2071 301 2112 332 ut
2141 308 2262 335 sacer-

1201 350 1300 386 dotio
1320 350 1570 397 fungerentur,
1593 356 1629 386 et
1650 351 1728 386 haec
1745 351 1875 387 obtulit
1892 351 2032 399 Moyses
2048 365 2114 398 pro
2136 358 2261 396 Aaron

1199 416 1238 446 et
1258 409 1342 446 filiis
1364 410 1454 456 ejus.
1475 411 1607 447 Postea
1635 421 1722 447 vero
1741 412 1863 447 Aaron
1894 411 1984 458 ipse,
2002 422 2078 458 ,am
2102 417 2260 453 sanctifi-

1200 476 1304 507 catus
1323 476 1361 507 et
1378 471 1583 508 sacerdotio
1596 470 1764 518 fungens,
1784 471 1917 508 offerre
1931 482 1999 518 pro
2018 483 2057 509 se
2068 472 2193 517 jussus
2205 483 2261 512 est

1197 529 1350 566 vitulum
1378 541 1445 576 pro
1475 537 1626 577 peccato
1657 535 1693 567 et
1720 532 1870 568 arietem
1906 532 1943 567 in
1980 533 2231 570 holocaustum
2247 547 2258 572 τ

1198 601 1271 627 ιιοιι
1290 597 1411 627 autem
1426 592 1550 638 jussus
1569 597 1624 628 est
1651 602 1717 639 pro
1746 603 1785 628 se
1816 591 1948 629 offerre
1978 596 2261 631 consummatio-

1197 652 1267 696 nis,
1286 653 1371 698 quia
1403 659 1488 688 tunc
1520 653 1602 689 ideo
1626 653 1786 689 oblatum
1810 658 1923 689 estut
1942 660 2260 691 consummaretur

1197 714 1498 758 sanctificatione,
1533 719 1570 750 et
1599 715 1804 752 sacerdotio
1822 714 1922 762 fungi
1940 722 2064 762 posset
2092 727 2165 764 quo
2179 716 2259 764 jam

1197 774 1426 821 fungebatur.

1244 835 1441 882 Statimque
1460 836 1580 872 Aaron
1606 837 1772 873 accedens
1791 838 1837 873 ad
1865 838 1978 874 altare
1995 840 2191 876 immolavit
2207 842 2258 877 vi-

1196 895 1306 930 tulum
1322 908 1384 941 pro
1398 904 1538 943 peccato
1554 909 1642 941 suo;
1660 899 1762 944 cujus
1779 884 1986 946 sanquinem
2009 901 2208 938 obtulerunt
2223 914 2256 938 et

1194 954 1260 999 filii
1276 957 1344 998 sui,
1362 957 1480 1002 inquo
1511 959 1646 1003 tingens
1659 959 1806 1004 diqitum
1835 961 1945 1005 tetiqit
1961 972 2094 997 cornua
2111 962 2253 1006 altaris,

1193 1022 1225 1050 et
1240 1015 1331 1061 fudit
1349 1018 1527 1053 residuum
1542 1020 1587 1054 ad
1608 1020 1725 1055 basem
1739 1022 1828 1066 ejus,
1847 1023 2052 1070 adipemque
2069 1037 2110 1060 ac
2125 1036 2255 1061 renun-

1193 1076 1289 1112 culos
1302 1083 1335 1112 et
1354 1078 1537 1114 reticulum
1552 1080 1701 1125 jecoris,
1716 1093 1794 1127 quse
1814 1090 1894 1117 sunt
1910 1095 1973 1130 pro
1989 1092 2146 1130 peccato,
2165 1087 2254 1121 ado-

1139 1139 1171 1178 B
1191 1135 1267 1171 levit
1282 1148 1386 1183 super
1401 1137 1524 1181 altare,
1558 1140 1649 1175 sicut
1675 1149 1887 1188 proeceperat
1919 1142 2089 1180 Dominus
2121 1146 2251 1192 Moysi.

1190 1198 1321 1234 Carnes
1358 1211 1435 1235 vero
1462 1206 1492 1235 et
1526 1200 1651 1247 pellem
1684 1202 1757 1248 ejus
1788 1210 1888 1238 extra
1917 1211 2033 1240 castra
2064 1207 2253 1244 combussit

1186 1261 1274 1306 iqni;
1289 1261 1479 1298 immolavit
1495 1269 1527 1298 et
1554 1263 1753 1299 holocausti
1769 1265 1829 1300 vic.
1839 1266 1961 1309 imam,
1982 1267 2253 1316 obtuleruntque

1187 1321 1218 1356 ei
1234 1321 1299 1366 filii
1325 1322 1379 1357 sui
1395 1323 1602 1369 sanquinem
1630 1324 1720 1370 ejus,
1747 1336 1847 1370 quem
1867 1326 1959 1371 fudit
1990 1338 2096 1374 super
2124 1328 2252 1364 altaris

1187 1382 1386 1417 circuitum.
1406 1382 1527 1428 Ipsam
1557 1385 1662 1420 etiam
1689 1386 1840 1421 hostiam
1869 1388 1905 1422 in
1931 1388 2045 1433 frusta
2073 1391 2250 1426 concisam

1187 1452 1266 1477 cum
1284 1443 1395 1488 eapite
1412 1449 1443 1478 et
1462 1444 1623 1480 membris
1645 1445 1806 1491 singulis,
1825 1447 2038 1484 obtulerunt.
2070 1450 2157 1493 Quae
2175 1463 2250 1487 om-

1187 1502 1245 1537 nia
1277 1515 1381 1550 super
1407 1504 1520 1540 altare
1535 1507 1698 1542 cremavit
1716 1508 1802 1553 iqni,
1821 1508 1902 1545 lotis
1926 1511 2024 1556 prius
2049 1523 2140 1558 aqua
2159 1514 2250 1550 inte-

1185 1563 1287 1598 stinis
1303 1570 1335 1598 et
1350 1564 1496 1610 pedibus
1510 1564 1634 1611 (Levit.
1647 1565 1714 1614 lx).
1726 1567 1798 1613 (Em
1809 1568 2013 1618 Hesychio.)
2030 1572 2075 1607 Et
2085 1572 2187 1618 cujus
2197 1575 2251 1610 rei

1186 1625 1301 1671 gratia
1322 1626 1398 1661 haec
1425 1627 1535 1662 etiam
1554 1627 1590 1662 in
1608 1628 1678 1663 hoc
1699 1628 1778 1664 loeo
1805 1631 1982 1667 sacrificia
2006 1641 2247 1680 peraguntur,

1185 1685 1351 1731 superius
1380 1685 1538 1723 diximus
1556 1714 1564 1730 ,
1587 1697 1659 1723 non
1677 1698 1763 1735 ergo
1787 1700 1936 1727 necesse
1967 1698 2022 1728 est
2040 1693 2171 1729 iterum
2188 1704 2249 1730 eo-

1185 1756 1265 1780 rum
1282 1746 1451 1782 virtutem
1470 1757 1535 1792 per
1553 1747 1692 1794 singula
1713 1750 1833 1786 dicere
1851 1761 1930 1796 quae
1960 1748 2084 1789 in‘hoc
2103 1755 2246 1790 sacriti—

1185 1806 1241 1841 cio
1258 1812 1494 1853 peraguntur,
1516 1818 1598 1843 cum
1615 1808 1700 1844 olim
1722 1820 1764 1845 ea
1792 1821 1858 1856 per
1885 1812 2050 1850 ordinem
2070 1815 2247 1851 discusse-

1183 1865 1318 1908 rimus,
1353 1872 1389 1902 et
1414 1868 1518 1913 cujus
1542 1870 1850 1915 comparationem
1880 1878 2007 1918 gerant
2025 1874 2115 1909 nihil
2135 1875 2247 1911 inter-

1183 1926 1369 1963 mittentes
1398 1928 1687 1973 ostenderimus;
1721 1936 1757 1966 et
1789 1933 2093 1977 quemadmodum
2113 1936 2151 1971 in
2169 1935 2243 1973 Do-

1184 1987 1272 2023 mini
1289 1988 1484 2034 sacrificio,
1505 1991 1601 2037 quod
1618 2001 1700 2028 cum
1721 2003 1834 2029 unum
1848 1994 1909 2038 sit,
1927 2005 1999 2031 non
2020 2003 2161 2034 tantum
2181 2009 2247 2036 no-

1132 2040 1161 2081 C
1183 2048 1238 2085 bis
1261 2057 1490 2096 peccatorum
1513 2059 1688 2099 praestans
1708 2055 1973 2101 remissionem,
2000 2059 2064 2094 sed
2081 2065 2118 2095 et
2134 2061 2247 2097 vitam

1183 2111 1379 2156 perfectam
1395 2113 1430 2147 in
1454 2113 1682 2160 philosophia
1703 2121 1739 2152 ct
1757 2125 2046 2154 consummatam
2071 2119 2244 2165 efficiens,

1182 2176 1390 2212 necessario
1413 2182 1449 2212 et
1467 2177 1504 2212 in
1526 2177 1678 2214 vitulum
1698 2179 1761 2226 qui
1782 2190 1849 2226 pro
1869 2188 2019 2228 peccato
2050 2189 2107 2220 est
2139 2190 2175 2220 et
2207 2186 2245 2220 in

1183 2235 1334 2276 arietem
1352 2237 1448 2274 hunc
1471 2238 1532 2284 qui
1548 2238 1584 2274 in
1606 2239 1858 2277 holocaustum
1876 2242 2085 2279 immolatur
2102 2251 2246 2292 oportet

1182 2299 1357 2344 reputari,
1381 2300 1475 2336 unde
1500 2306 1536 2336 et
1566 2301 1603 2336 in
1628 2311 1784 2348 persona
1817 2305 2017 2341 sacerdotis
2043 2311 2241 2351 utrumque

1182 2361 1421 2407 perspicimus
1438 2362 1611 2399 oblatum.
1629 2362 1709 2400 Jam
1742 2370 1883 2411 ergoet
1913 2365 1959 2401 ad
1987 2366 2244 2412 subsequentia

1181 2422 1381 2458 veniamus.

1234 2482 1278 2518 Et
1311 2494 1374 2529 pro
1403 2490 1544 2528 peccato
1568 2484 1688 2530 populi
1712 2486 1875 2530 offerens,
1903 2488 2068 2524 mactavit
2089 2488 2241 2531 hircum,

1181 2543 1388 2589 expiatoque
1406 2543 1525 2587 altari,
1546 2544 1627 2589 fecit
1650 2545 1908 2590 holocaustum,
1925 2547 2058 2584 addens
2076 2549 2112 2584 in
2127 2550 2241 2585 sacri-

1182 2604 1263 2649 ficio
1287 2604 1466 2640 libamenti
1487 2617 1565 2652 quae
1591 2607 1724 2652 pariter
1737 2609 1944 2654 offerantur.
1976 2610 2021 2645 Et
2043 2611 2188 2648 adolens
2201 2624 2241 2647 ea

1181 2677 1286 2712 super
1310 2665 1422 2702 altare
1452 2667 1582 2714 absque
1602 2669 1820 2705 coeremoniis
1843 2670 2039 2706 holocausti
2062 2673 2239 2715 niatutini,

1181 2722 1375 2762 immolavit
1398 2728 1572 2771 eebovem
1597 2735 1700 2776 atque
1733 2731 1877 2766 arietem
1903 2731 2036 2768 hostias
2074 2734 2242 2780 pacificas

1181 2788 1300 2834 populi
1314 2800 1327 2832 ‚·
1346 2788 1614 2836 obtuleruntque
1635 2790 1665 2826 ei
1684 2789 1751 2835 filii
1765 2792 1820 2826 sui
1836 2793 2055 2838 sanquinem,
2071 2805 2172 2839 quem
2187 2795 2244 2840 su-

1164 2848 1233 2883 *dit
1263 2860 1366 2895 super
1382 2849 1493 2885 altare
1523 2850 1561 2885 in
1578 2850 1760 2894 circuitu,·
1782 2852 1920 2899 adipem
1949 2860 2068 2890 autem
2096 2854 2190 2891 bovis
2210 2862 2243 2891 et

1183 2911 1332 2947 caudam
1347 2912 1481 2955 arietis,
1510 2908 1786 2960 renunculosque
1815 2925 1894 2950 cum
1911 2914 2072 2962 adipibus
2094 2916 2183 2960 suis,
2210 2923 2243 2953 et

61 2968 188 3006 domus
202 2969 278 3015 ejus
291 2969 389 3016 juste
405 2972 651 3019 appellantur:
670 2984 737 3020 pro
750 2975 880 3021 quibus
898 2978 1112 3024 deprecatur
1128 2963 1164 3003 D
1183 2970 1366 3017 'miculam
1393 2972 1524 3018 12002'2'8
1549 2979 1741 3020 P⁰8²⁴er²¹m
1766 2985 1871 3021 supe?
1898 2981 2052 3021 immm-
2086 2975 2243 3024 Cumque

61 3033 99 3066 et
113 3039 180 3076 pro
195 3031 294 3067 omni
317 3033 464 3080 populo,
485 3038 525 3070 ut
556 3040 640 3080 pote
672 3035 735 3081 qui
765 3043 888 3074 nostra
914 3037 1032 3077 faetus
1055 3047 1112 3078 est

61 3088 282 3138 propitiati6‚
301 3092 365 3129 sed
378 3097 415 3129 et
431 3094 636 3141 semetipso.
656 3093 729 3132 Cur
743 3096 826 3140 hoc,
844 3107 926 3134 cum
941 3100 1114 3146 propitia·

61 3149 159 3188 tione
178 3162 251 3189 non
268 3158 386 3199 egeat,
404 3155 520 3202 magis
539 3162 660 3193 autem
675 3157 752 3205 ipse
769 3165 919 3204 praestet
938 3162 1113 3210 propitia-

62 3209 217 3256 tionem,
236 3213 299 3250 sed
323 3219 363 3250 ut
383 3220 545 3252 nostrum
568 3222 755 3263 peccatum
774 3219 984 3266 suscipiens,
1005 3222 1114 3258 etiam

42 3294 48 3315 1
63 3276 129 3318 pro
160 3274 353 3320 semetipso
383 3275 622 3322 deprecatur?
660 3278 854 3316 Evidenter
887 3286 1007 3318 autem
1045 3283 1114 3320 hoc

40 3324 220 3384 lQminis
240 3338 302 3370 est
314 3338 350 3370 et
369 3334 448 3380 Dei,
466 3336 503 3373 id
523 3342 579 3373 est
594 3338 688 3375 sicut
715 3339 873 3378 hominis
891 3342 1116 3389 propitiatio-

43 3398 49 3426 ι
66 3396 154 3454 Q
163 3394 404 3440 suscipientis,
420 3401 459 3433 et
470 3397 562 3434 sieut
579 3398 642 3436 Dei
658 3399 801 3437 sibimet
815 3403 1034 3447 praestantis.
1053 3403 1116 3439 Al-

44 3452 50 3482 ¹
68 3438 236 3495 &enim
255 3453 363 3492 homo
383 3456 597 3504 sibimetipsi
621 3459 916 3506 propitiationem
942 3467 1116 3508 praestare

43 3516 51 3544 t
69 3516 281 3559 monest-
304 3515 378 3563 (Ex
389 3517 599 3564 Augustino.
603 3519 616 3568 )
640 3520 845 3558 Notandum
859 3527 915 3559 est
930 3533 1017 3560 sane
1034 3533 1116 3560 cum

124 3584 226 3619 ,;.’-ἰ
269 3588 274 3605 ·
309 3575 508 3614 offeruntur
527 3580 715 3624 sacrificia,
733 3587 769 3618 et
792 3592 858 3628 pro
881 3588 1032 3628 peccato
1060 3593 1118 3619 sa-

126 3622 321 3700 lpssa
333 3645 414 3673 esse
435 3637 571 3684 offerri,
587 3646 624 3676 et
642 3641 909 3688 holocaustum,
925 3648 963 3678 et
979 3643 1117 3679 sacriti-

130 3688 134 3690 ’
154 3694 174 3709 '⁵'
196 3706 215 3727 a
234 3710 241 3727 ι
283 3702 332 3757 ἐς
362 3705 430 3741 pro
457 3699 645 3736 sacerdote
677 3688 798 3737 autem
824 3701 983 3741 oblatum
1007 3702 1119 3739 fuisse

286 3764 290 3778 '
283 3732 613 3809 &abbatisam
638 3764 676 3798 et
693 3762 1028 3807 consummationis,
1047 3773 1119 3800 non

506 3889 536 3930 ’ὦ

1184 3035 1327 3070 cremati
1349 3041 1460 3071 essent
1484 3035 1604 3083 adipes
1621 3047 1726 3083 super
1753 3037 1879 3082 altare,
1913 3046 2055 3085 pectora
2070 3052 2192 3078 eorum
2206 3048 2238 3077 et

1183 3105 1300 3130 armos
1318 3095 1459 3132 dextros
1474 3098 1648 3144 separavit
1672 3097 1806 3142 Aaron,
1828 3098 1965 3135 elevans
1983 3112 2103 3136 coram
2116 3101 2241 3136 Domi-

1184 3165 1244 3198 no,
1265 3155 1356 3190 sicut
1376 3163 1589 3203 praeceperat
1621 3158 1653 3193 ei
1690 3157 1828 3203 Moyses
1867 3157 2007 3206 (Ibid.).
2042 3158 2115 3206 (Ex
2135 3158 2242 3196 Hesi-

1186 3214 1295 3263 c'lzio.)
1322 3215 1432 3261 Cujus
1453 3216 1607 3264 figuram
1631 3227 1680 3262 ea
1695 3228 1776 3263 qua}
1795 3218 1892 3254 dicta
1910 3224 1994 3255 sunt
2012 3219 2184 3263 habeant,
2205 3227 2242 3258 et

1186 3278 1486 3323 quemadmodum
1514 3289 1581 3325 pro
1610 3284 1761 3325 peccato
1793 3279 1915 3315 hircus
1946 3280 2168 3326 poenitentiae
2187 3292 2245 3319 sa-

1186 3337 1364 3374 crificium
1395 3339 1585 3385 significet,
1624 3339 1835 3375 holocausta
1872 3344 1993 3375 autem
2029 3340 2240 3379 crucifixam

1186 3402 1513 3445 conversationem,
1527 3401 1747 3447 theologiam
1763 3410 1849 3437 vero
1863 3399 1996 3445 simila,
2008 3401 2166 3441 salutare
2174 3414 2241 3440 au-

1186 3467 1258 3498 tem
1273 3473 1337 3499 seu
1351 3461 1584 3508 pacificorum
1604 3460 1838 3504 sacrificium,
1854 3461 1966 3498 vitam
1983 3473 2064 3511 quae
2082 3475 2149 3502 nos
2167 3465 2240 3502 sal-

1185 3533 1272 3558 vare
1300 3527 1432 3568 potest,
1448 3522 1558 3558 etiam
1575 3521 1807 3558 mediocriter
1823 3523 2020 3569 sapientes,
2042 3526 2239 3563 sacriflcio-

1186 3593 1267 3619 rum
1286 3581 1464 3618 discussio
1479 3581 1688 3627 praecedens
1717 3583 1925 3620 unctionem
1945 3585 2158 3629 sacerdotis,
2180 3595 2240 3625 os-

1186 3642 1299 3677 tendit
1318 3652 1326 3676 :
1350 3649 1436 3686 ergo
1453 3640 1514 3684 qui
1533 3639 1639 3686 hujus
1659 3641 1859 3678 sanctionis
1880 3643 1999 3694 nescit
2017 3638 2243 3689 explanand-

1187 3713 1271 3738 nem
1289 3701 1362 3738 illic
1386 3711 1468 3737 cum
1484 3700 1682 3738 subtilitate
1701 3702 1929 3748 perquirens,
1947 3706 2059 3740 ettam
2078 3704 2155 3742 haec
2174 3716 2240 3752 per

1187 3761 1328 3810 singula
1352 3761 1456 3800 sciet.
1475 3759 1565 3800 Illud
1584 3765 1705 3800 autem
1722 3772 1818 3802 nunc
1831 3765 2036 3803 necessarie
2053 3766 2234 3814 addimus,
