2540 4016
319 178 386 222 ‘ns

317 321 509 357 debeamus
527 318 661 355 elevari
678 318 715 354 in
736 317 958 366 superbiam,
972 315 1034 353 sed
1054 316 1277 362 propositam
1303 324 1369 351 no-

315 383 371 420 bis
398 392 418 418 e
432 381 615 417 contrario
630 379 907 416 sollicitudinem
923 378 1143 414 noverimus.
1174 375 1268 413 Ante
1282 387 1371 414 con-

316 443 499 479 tritionem
531 440 628 476 enim
659 439 821 475 elevatur
853 449 916 474 cor
938 438 1019 479 viri,
1041 443 1078 473 et
1107 441 1191 472 ante
1217 437 1369 483 gloriam

315 503 536 540 humiliatur.
581 500 683 546 Quod
708 505 828 537 autem
845 499 1099 546 interpositum
1117 499 1155 536 in
1184 498 1364 536 historia:

318 565 415 602 Unde
433 564 560 600 dicitur
573 564 610 599 ἰη
627 561 714 598 libro
727 561 906 598 Bellorum
918 559 1060 596 Domini
1079 570 1091 595 .·
1117 559 1216 597 Sicut
1231 560 1312 607 fecit
1329 562 1366 597 in

315 627 404 662 nutri
419 624 551 669 Rubro,
585 625 635 660 sic
655 622 810 670 saciatin
825 621 1035 658 torrentibus
1055 621 1189 657 Arnon.
1223 619 1368 667 Scopuli

316 687 520 722 torrentium
543 684 702 721 inclinati
729 690 820 727 sunt,
843 689 880 719 nt
909 683 1210 730 requiescerentin
1234 682 1368 726 Arnon,

316 755 349 784 et
370 748 602 784 recumberent
626 747 664 782 in
683 746 811 792 finibus
833 744 1084 781 Moabitarum.
1117 745 1155 780 ln
1177 755 1248 790 quo
1276 744 1370 780 libro

316 808 386 845 hoe
404 808 575 853 seriptum
594 807 639 843 sit
653 817 724 843 non
741 806 1051 849 commemoravit,
1067 815 1184 851 neque
1207 805 1299 840 ullus
1316 809 1370 841 est

316 869 352 906 in
372 870 427 905 his
442 880 530 915 quos
550 870 677 904 divinse
698 869 893 914 Scripturas,
923 868 1114 904 canonicos
1133 868 1369 913 appellamus,

317 932 352 967 in
371 943 441 977 quo
463 933 531 969 hoc
550 932 721 978 seriptum
742 932 954 977 reperiatur.
991 932 1042 966 De
1061 931 1192 967 talibus
1211 930 1371 966 occasio-

316 1003 381 1029 nes
414 994 612 1038 reperiunt‚
653 992 719 1037 qui
745 992 856 1028 libros
892 993 1118 1038 apocryphos
1145 991 1370 1026 incautorum

318 1054 465 1088 auribus
481 1058 516 1088 et
532 1052 756 1087 curiosorum
773 1056 952 1087 conantur
971 1051 1144 1093 inserere,
1165 1050 1209 1085 ad
1224 1059 1370 1095 persua-

318 1114 452 1150 dendas
484 1112 665 1148 fabulosas
700 1111 917 1157 impietates.
965 1110 1035 1146 Sed
1053 1111 1112 1147 hie
1133 1111 1267 1146 dietum
1301 1115 1368 1153 est,

747 175 788 217 B.
813 176 984 215 RABANI
1001 166 1156 215 -uaum'
1180 175 1394 214 ARGHOEP.
1421 174 1628 213 MOGUNT.
1655 176 1844 214 OPERUM
1869 171 1990 214 PARS
2013 176 2041 213 1.

2417 177 2505 215 vto—

317 269 386 307 que
401 256 611 301 biberimus,
632 256 868 293 ascendentes
886 255 931 292 ad
944 260 1106 292 montem
1123 253 1280 300 phasga,
1295 263 1370 290 non
1387 253 1423 295 A
1439 261 1587 299 gregare
1600 253 1786 300 mysteria,
1798 258 1840 290 ut
1851 263 1898 289 ex
1911 251 2184 299 comparatione
2195 251 2446 299 plurimorum,
2456 254 2499 292 ai

1437 311 1523 358 quid
1552 322 1712 358 praesens
1748 323 1868 350 sermo
1884 313 2116 351 obscuritatis
2145 313 2305 349 continet
2335 313 2488 352 eluceat.
2521 328 2531 373 Ἀ

1435 371 1497 409 Ait
1513 383 1599 421 ergo
1614 373 1774 420 Spiritus
1790 374 1855 410 Dei
1872 384 1939 420 per
1952 373 2183 410 Salomonem
2201 373 2240 409 in
2257 373 2486 412 Proverbiist
2526 392 2530 399 ¹

1436 432 1523 469 Bibe
1556 444 1684 480 aquam
1702 434 1746 469 de
1775 434 1846 469 mis
1868 435 1960 470 vasis
1977 459 1988 477 ,
2007 441 2040 470 et
2072 435 2116 470 de
2137 441 2322 482 puteorum
2349 440 2490 473 tuorum
2520 440 2524 443 ’

1438 492 1534 539 [onte
1553 503 1564 529 .-
1593 498 1626 528 et
1646 502 1716 527 non
1745 492 2046 538 superfundantur
2063 495 2125 529 tibi
2158 506 2259 542 aquae
2275 502 2374 532 extra
2390 503 2490 533 tuum

1438 552 1570 598 fontem
1588 551 1774 599 (Promv),
1794 553 1961 597 quamvis
1986 553 2024 589 in
2042 554 2124 591 aliis
2159 557 2423 603 exemplaribus
2439 559 2491 594 le-
2527 594 2533 596 ,

1438 614 1608 659 gerimus,
1642 618 1679 648 et
1700 612 1931 650 effundantur
1956 614 2023 650 tibi
2055 626 2157 661 aquae
2173 622 2275 653 extra
2292 623 2393 655 tuum
2413 619 2491 656 l'on-
2533 610 2540 670 ξ

1438 679 1526 709 tem.
1557 673 1670 719 Aquae
1699 679 1770 710 tuae
1789 675 1861 710 sint
1883 676 1948 712 tibi
1965 676 2045 719 soli,
2065 685 2103 713 et
2126 687 2233 714 nemo
2257 679 2396 716 alienus
2409 691 2492 727 par-

1437 734 1562 781 ticipet
1579 744 1623 771 ex
1639 735 1704 771 eis.
1741 735 1857 772 Habet
1870 745 1968 783 ergo,
1987 737 2097 775 uthis
2110 739 2284 784 signatur,
2299 742 2492 787 unusquis-

1439 804 1509 840 que
1530 801 1693 831 nostrum
1724 796 1759 831 in
1784 797 1979 843 semetipso
2006 803 2178 843 puteum;
2215 800 2288 837 imo
2301 806 2338 837 et
2357 801 2492 848 aliquid
2528 812 2534 816 ’

1439 858 1592 903 amplius
1607 858 1760 894 dicimus
1777 871 1784 894 :
1802 860 2051 905 unusquisque
2068 866 2230 896 nostrum
2243 862 2283 897 in
2299 863 2491 908 semetipso
2528 861 2540 885 s

1439 930 1511 955 non
1524 925 1670 966 puteum
1689 931 1811 964 unum,
1829 922 1891 958 sed
1913 927 2041 967 puteos
2071 922 2218 966 multos,
2234 928 2270 960 et
2287 934 2359 960 non
2380 935 2492 961 unum

1439 991 1515 1024 vas,
1537 980 1600 1016 sed
1620 991 1706 1016 vasa
1726 982 1850 1018 multa.
1895 983 1973 1018 Non
1992 984 2088 1019 enim
2114 985 2204 1021 dixit
2223 996 2232 1019 :
2268 985 2354 1021 Bibe
2381 996 2494 1031 aquas

1440 1043 1483 1079 de
1499 1048 1560 1079 tuo
1577 1053 1676 1086 vase,
1704 1044 1767 1079 sed
1784 1044 1826 1078 de
1844 1044 1912 1079 tuis
1931 1045 2051 1087 vasis·;
2077 1050 2113 1080 et
2130 1055 2202 1080 non
2221 1045 2325 1088 dixit,
2338 1046 2381 1082 de
2395 1047 2494 1092 putei

1439 1104 1492 1140 tui
1507 1103 1617 1148 fonte,
1643 1105 1707 1140 sed
1724 1105 1766 1140 de
1794 1112 1977 1151 puteorum
2005 1111 2145 1141 tuorum
2173 1106 2279 1151 sonte.
2325 1107 2497 1153 Legimus

317 1173 490 1218 scriptum
508 1173 543 1207 in
565 1166 656 1208 libro
675 1183 683 1206 :
710 1182 780 1207 non
801 1172 935 1208 dictum
951 1177 1007 1207 est
1024 1171 1173 1217 incujus
1186 1172 1371 1217 prophetae
1389 1167 1421 1207 B
1439 1165 1608 1201 habuisse
1627 1171 1663 1200 et
1696 1166 1922 1211 Psstl‘iaffilffls
1950 1171 2091 1212 Ρῦῑθθὸ-
2138 1166 2270 1203 Habuit
2293 1167 2492 1212 Abraham,

315 1234 372 1269 vel
389 1234 605 1279 patriarchae
636 1232 752 1268 sancti
782 1232 886 1267 libro.
924 1231 1046 1277 Neque
1077 1232 1281 1278 negandum
1315 1238 1371 1269 est

318 1295 430 1331 fuisse
444 1304 518 1339 Jam
543 1295 669 1337 libros,
689 1294 764 1329 sive
782 1293 1046 1336 Chaldaeorum,
1086 1294 1180 1330 unde
1205 1304 1370 1340 egressus

316 1360 371 1390 e'st
390 1354 586 1391 Abraham.
608 1353 683 1389 sive
698 1351 964 1398 AEgyptiorum,
985 1352 1046 1387 ubi
1075 1352 1250 1388 didicerat
1274 1352 1371 1400 Moy-

316 1425 373 1450 ses
392 1423 534 1449 omnem
551 1413 693 1448 illorum
719 1413 947 1458 sapientiam,
967 1412 1042 1447 sive
1063 1412 1237 1458 cujusque
1253 1413 1370 1457 gentis

315 1475 476 1517 alterius,
511 1474 548 1509 in
568 1484 722 1519 quorum
741 1473 918 1509 librorum
936 1472 1056 1519 aliquo
1074 1473 1189 1519 potuit
1209 1475 1371 1510 essehoc

316 1535 503 1581 scriptum.
540 1533 607 1578 Qui
642 1539 854 1569 tamennon
879 1533 959 1569 ideo
989 1533 1034 1569 sit
1067 1535 1303 1570 assumendus
1334 1534 1369 1570 in

315 1607 375 1632 eas
398 1596 617 1641 Scripturas,
638 1596 766 1642 quibus
783 1595 903 1631 divina
918 1595 1193 1631 commendatur
1215 1596 1372 1631 auetori-

317 1664 372 1694 tas
388 1685 395 1699 ,
414 1658 506 1693 sieut
531 1668 595 1693 nee
613 1657 788 1703 propheta
807 1656 864 1692 ille
880 1656 1074 1700 Cretensis,
1098 1655 1197 1702 cujus
1217 1657 1370 1693 mentio-

316 1729 398 1754 nem
418 1718 502 1753 saeit
524 1717 704 1764 apostolus
729 1717 861 1753 Paulus
880 1730 886 1752 t
913 1717 986 1753 Nec
1005 1717 1208 1753 Groecorum
1227 1719 1372 1764 scripto-

317 1789 370 1813 res
392 1788 402 1811 .·
424 1790 483 1813 nec
516 1778 724 1825 philosophi,
760 1790 819 1813 nec
847 1785 957 1824 poetoe
984 1779 1067 1826 (Tit.
1091 1779 1132 1825 ι),
1166 1790 1255 1826 quos
1277 1780 1369 1815 idem

317 1838 391 1884 ipse
414 1839 618 1883 apostolus,
654 1850 820 1885 magnum
849 1849 935 1875 sane
970 1839 1103 1884 aliquid
1133 1845 1166 1874 et
1194 1841 1372 1875 veraciter

315 1908 404 1944 pron
422 1906 518 1944 ptum
543 1900 635 1944 apud
654 1899 893 1935 Athenienses
929 1900 1093 1945 loquens,
1129 1900 1263 1936 dixisse
1287 1911 1371 1936 eon-

317 1959 448 1995 firmat.
479 1960 520 1994 ln
542 1960 600 1995 islo
620 1961 711 1995 enim
727 1961 882 2002 vivimus,
898 1972 1072 1995 movemur
1093 1969 1122 1995 et
1142 1972 1261 1996 snmus
1278 1961 1369 2008 (Act.

317 2022 421 2063 xvii).
458 2020 556 2056 Licet
575 2022 669 2056 enixu
688 2021 818 2056 dirime
848 2021 1054 2056 auctoritati
1085 2022 1164 2058 inde
1202 2023 1368 2066 voluerit,

1439 1226 1565 1261 habuit
1581 1225 1679 1261 Isaac
1692 1230 1834 1271 puteos,
1850 1226 1976 1262 habuit
2006 1232 2125 1262 autem
2158 1231 2194 1262 et
2210 1225 2335 1264 Jacob.
2385 1229 2429 1264 Et
2449 1230 2493 1266 ab

1438 1286 1519 1322 istis
1539 1287 1657 1332 puteis
1673 1292 1814 1331 sumpto
1843 1287 1961 1331 initio,
1981 1297 2154 1334 percurre
2173 1299 2315 1325 omnem
2333 1290 2496 1336 Scriptu-

1439 1357 1516 1382 ratn
1535 1351 1661 1392 puteos
1676 1347 1880 1393 requirens,
1901 1354 1938 1384 et
1951 1350 2098 1395 perveni
2129 1360 2244 1395 usque
2270 1351 2312 1386 ad
2332 1351 2496 1399 Evange-

1440 1405 1540 1448 lium,
1575 1410 1610 1441 et
1630 1405 1790 1442 invenies
1806 1407 1856 1442 ibi
1890 1414 2040 1453 puteum
2059 1419 2170 1454 supra
2189 1420 2296 1456 quem
2327 1411 2495 1449 Salvator

1440 1466 1588 1502 sedebat
1627 1469 1858 1514 requiescens
1899 1475 1981 1514 post
2013 1470 2157 1506 itineris
2190 1471 2350 1508 laborem
2371 1484 2380 1516 ;
2409 1479 2495 1510 tune

1441 1535 1523 1561 cum
1538 1526 1705 1563 veniente
1729 1527 1879 1563 muliere
1899 1527 2142 1573 Samaritana,
2175 1535 2212 1567 et
2238 1531 2378 1568 volente
2406 1534 2496 1569 hau-

1441 1586 1514 1622 rire
1542 1596 1674 1632 aquam
1705 1587 1748 1623 de
1763 1594 1887 1634 puteo,
1915 1598 1994 1634 quae
2011 1596 2109 1626 esset
2126 1591 2162 1626 in
2185 1591 2381 1638 scripturis
2397 1594 2496 1640 putei

1441 1647 1497 1682 vel
1514 1653 1703 1693 puteorum
1717 1649 1833 1684 virtus
1846 1650 2050 1695 exponitur,
2063 1655 2099 1686 et
2111 1652 2329 1697 comparatio
2338 1653 2378 1689 tit
2388 1665 2496 1700 aqua-

1442 1719 1537 1752 rum,
1554 1710 1613 1746 ubi
1631 1714 1667 1746 et
1680 1710 1800 1746 divina
1822 1712 1986 1757 mysterii
1999 1713 2206 1758 panduntur
2225 1724 2355 1751 arcana
2372 1714 2493 1763 (Joan.

1441 1770 1505 1816 tv).
1528 1770 1667 1807 Dicitur
1696 1772 1794 1807 enim
1813 1785 1821 1807 ε
1859 1771 1898 1808 Si
1918 1773 1996 1819 quis
2015 1773 2108 1808 bibat
2125 1785 2167 1810 ea:
2191 1775 2245 1810 his
2263 1776 2376 1822 aquis,
2403 1787 2493 1822 quas

1442 1833 1649 1868 continebat
1664 1840 1792 1880 puteus
1811 1834 1869 1870 ille
1885 1837 2166 1878 terrenus,sit1‘el
2183 1848 2318 1873 rursus.
2341 1838 2409 1882 Qui
2430 1851 2496 1875 au-

1443 1901 1509 1929 tem
1522 1907 1563 1930 ex
1575 1896 1645 1931 illis
1661 1897 1797 1939 biberit,
1809 1907 1896 1942 quas
1917 1899 1976 1934 dat
1991 1897 2109 1942 Jesus,
2129 1899 2232 1944 fietin
2247 1911 2287 1936 eo
2308 1900 2386 1947 sons
2396 1913 2495 1948 aquae

1442 1956 1597 1991 audientis
1614 1957 1650 1990 in
1670 1957 1774 1991 vitam
1792 1963 1970 1993 aeternam.
1999 1959 2110 2004 Igitur
2129 1962 2326 1996 seeundum
2342 1972 2398 2004 ea,
2417 1973 2495 2007 quae

1444 2017 1478 2051 in
1505 2016 1708 2053 Proverbiis
1724 2019 1856 2064 scripta
1882 2020 2147 2065 proposuimus,
2182 2021 2242 2057 ubi
2271 2023 2369 2067 putei
2390 2023 2496 2059 simul

317 2081 413 2126 quod
429 2091 551 2115 verum
572 2082 747 2116 invenerit
772 2082 1015 2117 testimonium
1038 2093 1194 2125 sumere,
1217 2084 1278 2118 sed
1299 2094 1369 2119 uon
1391 2069 1421 2111 C
1443 2088 1524 2113 Cl¹¹¹¹
1542 2079 1638 2115 sOUtO
1659 2082 1904 2127 ΠΟΥΠῘΠἏΜΠΓ,
1918 2084 2166 2132 ³CCip30¹¹dllm
2187 2088 2399 2123 OStVffl'bum
2418 2088 2493 2124 Dei·

320 2141 402 2175 ideo
430 2141 563 2182 omnia,
587 2151 665 2185 quze
693 2141 738 2175 ibi
777 2142 907 2186 scripta
929 2148 1026 2184 sunt,
1061 2143 1270 2187 accipienda
1287 2154 1373 2178 eon—

317 2201 454 2236 firmat.
507 2201 579 2235 Cur
614 2206 731 2236 autem
766 2202 846 2244 hoe,
871 2202 939 2237 isto
972 2208 1291 2239 commemoratum
1327 2205 1374 2239 sit

318 2261 410 2303 loco,
447 2271 517 2296 non
545 2261 731 2296 evidenter
764 2267 933 2307 apparet,
963 2262 1033 2298 nisi
1066 2262 1171 2306 sorte,
1211 2270 1251 2298 ut
1285 2264 1374 2300 sines

317 2322 392 2358 illie
412 2322 506 2357 iuter
525 2322 612 2356 duas
639 2328 764 2368 gentes
795 2323 1114 2365 constituerentur,
1140 2323 1231 2359 bello
1253 2330 1373 2360 aetum

319 2388 388 2426 est,
420 2382 514 2428 quod
546 2383 676 2418 bellum
709 2382 869 2427 ejusdem
906 2383 975 2419 loci
1005 2385 1189 2428 homines,
1228 2392 1375 2432 propter

318 2445 603 2491 magnitudinem
623 2471 632 2488 ‚
670 2445 801 2480 bellum
831 2446 973 2480 Domini
1004 2455 1084 2481 esse
1109 2447 1305 2490 dixerunt,
1335 2453 1374 2482 ut

319 2505 543 2541 scriberetur
582 2505 618 2539 in
659 2505 779 2550 aliquo
814 2515 939 2541 eorum
972 2505 1093 2549 libro,
1132 2506 1269 2543 Bellum
1306 2508 1375 2543 Do-

320 2565 423 2600 mini.

710 2610 860 2649 CAPUT
880 2613 938 2648 ΙΙΙ.

323 2680 389 2718 Ubi
415 2683 585 2718 Dominus
620 2695 747 2729 aquam
770 2685 812 2719 de
829 2692 932 2731 puteo
950 2687 1044 2722 dedit
1058 2686 1142 2732 filiis
1165 2688 1308 2724 Israel:
1342 2697 1374 2725 et

495 2731 643 2772 cantico,
659 2731 751 2776 quod
768 2739 816 2766 est
834 2744 936 2778 snper
954 2745 1032 2768 eum
1054 2735 1199 2770 dictum.

371 2802 471 2851 (Car.
491 2802 583 2850 xxt.)
611 2802 668 2838 Ex
685 2814 724 2839 eo
746 2803 820 2839 loco
839 2808 1000 2852 apparuit
1019 2813 1155 2854 puteus,
1173 2821 1277 2856 super
1306 2821 1374 2857 quo

322 2865 458 2900 locutus
478 2870 527 2899 est
545 2864 717 2899 Dominus
733 2864 778 2898 ad
795 2864 939 2910 Moysen
960 2876 972 2899 .·
1001 2866 1179 2915 Gonqreqa
1193 2870 1372 2916 populum,

321 2930 354 2958 et
373 2923 462 2958 dabo
483 2923 515 2957 ei
535 2933 675 2968 aquam.
708 2922 775 2958 Hic
791 2930 860 2967 est,
887 2926 1018 2970 inquit,
1034 2933 1176 2972 puteus,
1196 2939 1303 2974 quem
1321 2931 1376 2965 di-

323 2985 377 3019 xit
393 2984 563 3019 Dominus
579 2984 622 3019 ad
641 2983 788 3029 Moysen
806 2996 814 3019 :
848 2984 1028 3032 Conyreqa
1042 2988 1222 3033 populum,
1239 2997 1270 3025 et
1283 2992 1373 3027 dabo

324 3045 373 3080 eis
388 3054 514 3090 aquam
534 3042 660 3078 bibere.
678 3043 731 3079 Ita
749 3044 819 3080 hoe
842 3054 1164 3084 commemoratum
1182 3055 1251 3094 est,
1270 3055 1373 3098 quasi

325 3106 454 3142 alicubi
473 3105 639 3151 superius
654 3106 723 3142 hoo
732 3105 782 3141 ad
798 3105 944 3153 Moysen
963 3107 1099 3145 dixisse
1118 3110 1291 3148 Dominus
1323 3114 1374 3150 le-

324 3171 441 3214 gatur.
477 3166 647 3211 Sedquia
665 3175 843 3212 nusquam
870 3168 1084 3214 reperiatur,
1106 3171 1163 3207 hie
1180 3171 1376 3219 intelligen-

325 3229 410 3264 dum
427 3231 495 3271 est,
527 3232 564 3263 et
598 3226 672 3263 illic
689 3227 824 3264 bibisse
850 3229 1020 3275 populum
1049 3231 1110 3276 qui
1139 3232 1186 3268 de
1210 3233 1375 3271 siccitate

324 3289 627 3335 conquerebatur.
649 3287 743 3332 Quid
761 3294 816 3325 est
831 3289 930 3325 enim
947 3291 1040 3336 quod
1055 3301 1271 3339 magnopere
1284 3303 1377 3340 prae-

325 3350 422 3395 cepit
453 3349 548 3385 Deus
573 3348 688 3395 Moysi
702 3350 879 3395 >populum
912 3361 1144 3399 congregare,
1176 3358 1216 3390 ut
1245 3356 1306 3391 det
1325 3356 1378 3392 eis

327 3420 457 3455 aquam
466 3410 641 3447 bibet-ede
657 3412 792 3457 puteo?
805 3411 920 3456 Quasi
931 3423 1018 3450 vero
1037 3425 1110 3451 non
1121 3415 1231 3452 etiam
1251 3422 1379 3464 sponte

324 3471 481 3517 ¹populus
496 3471 644 3509 bibendi
659 3473 776 3518 gratia
794 3474 1010 3512 »conveniret
1023 3475 1069 3511 ad
1084 3481 1247 3523 puteum.
1280 3477 1380 3523 Quid

327 3540 414 3578 ergo
434 3532 526 3567 tanti
544 3541 607 3568 ore
621 3533 806 3579 prophetae
821 3535 1042 3582 praecipitur,
1070 3541 1112 3573 ut
1130 3538 1280 3585 proprio
1298 3543 1377 3576 stu-

327 3592 389 3629 dio
408 3597 444 3629 et
460 3592 584 3630 labore
599 3601 792 3643 congreget
810 3597 983 3644 populmn
996 3599 1046 3636 ad
1060 3598 1297 3638 hauriendam
1316 3610 1380 3648 pu-

327 3652 378 3688 tei
397 3653 548 3698 aquam?
581 3653 683 3691 Unde
695 3655 816 3692 vilitas
835 3657 965 3694 litterae
975 3659 1300 3705 ¹ad*pretiositatem
1311 3667 1379 3700 nos
1392 3665 1396 3668 ”

331 3713 501 3757 spiritalis
521 3715 673 3751 remittit
704 3716 962 3764 intelligentiae.
997 3720 1042 3757 Et
1058 3721 1138 3759 ideo
1161 3723 1380 3761 conveniens

331 3777 430 3814 puto,
454 3773 564 3809 etiam
581 3775 627 3812 de
644 3775 726 3814 aliis
744 3775 942 3826 Scripwrm
968 3780 1058 3817 loeis
1083 3787 1272 3828 puteorum
1287 3791 1380 3822 eon-

1443 2139 1747 2187 Puteusquidem,
1771 2145 1801 2180 si
1819 2144 1987 2191 profundi
2007 2147 2141 2192 aliquid
2174 2148 2356 2194 mysteriis
2377 2150 2465 2196 tegit
2484 2161 2494 2186 t

1443 2201 1524 2238 sons
1542 2209 1674 2247 autem,
1694 2206 1723 2241 si
1741 2207 1950 2253 adpopulos
1965 2209 2124 2245 abundat
2139 2215 2175 2246 et
2189 2210 2313 2246 ellluit.
2337 2210 2406 2247 Sed
2423 2222 2497 2249 non

1443 2264 1516 2299 otio
1538 2264 1626 2311 pil„
1647 2268 1777 2315 otiose]
1813 2271 2069 2314 requirendum
2090 2273 2270 2317 quomodo
2306 2283 2497 2319 possumus

1443 2325 1616 2370 pluralem
1648 2339 1836 2366 numerum
1867 2331 1911 2367 de
1926 2333 2043 2378 puteis
2062 2343 2257 2380 exponere,
2279 2341 2314 2371 et
2342 2335 2499 2382 singula-

1444 2395 1522 2420 rem
1541 2387 1583 2422 de
1599 2387 1698 2424 sonte
1719 2401 1726 2423 :
1763 2391 1848 2434 quia
1871 2391 1906 2426 in
1931 2391 2139 2429 Proverbiis
2167 2395 2254 2430 dicit
2282 2395 2467 2441 Sapientia
2486 2406 2496 2431 :

1442 2445 1528 2482 Bibe
1543 2459 1652 2494 aquas
1668 2450 1710 2484 de
1723 2458 1904 2495 puteorum
1919 2458 2059 2488 tuorum
2069 2455 2163 2499 sonte
2174 2453 2354 2503 (I'rov.v).
2371 2457 2499 2492 videa-

1442 2517 1524 2544 mus
1553 2519 1638 2557 ergo
1669 2521 1821 2557 quorum
1841 2518 2032 2558 puteorum
2052 2526 2162 2551 unum
2186 2517 2319 2553 dixerit
2347 2518 2495 2555 fontem.

1443 2569 1518 2614 Ego
1536 2576 1622 2614 puto
1641 2572 1736 2615 quod
1757 2572 1907 2608 scientia
1926 2574 2076 2618 ingeniti
2107 2575 2237 2619 Patris,
2277 2588 2368 2614 unus
2386 2580 2500 2624 possit

1443 2630 1595 2676 intelligi
1628 2637 1784 2676 puteus:
1807 2634 1869 2669 sed
1887 2639 1924 2669 et
1941 2635 2116 2682 unigeniti
2131 2635 2214 2672 Filii
2235 2636 2310 2682 ejus
2348 2641 2495 2686 agnitio,

1444 2691 1535 2727 alius
1554 2695 1683 2737 puteus
1708 2693 1837 2729 debeat
1865 2694 2030 2742 intelligi.
2077 2695 2181 2734 Alius
2220 2699 2317 2735 enim
2342 2709 2363 2735 a
2392 2700 2498 2738 Patre

1443 2751 1572 2794 Filius,
1597 2758 1633 2788 et
1649 2763 1721 2789 non
1737 2754 1831 2790 idem
1849 2754 1963 2792 Filius
1982 2756 2092 2802 quiet
2120 2757 2241 2801 Pater,
2262 2759 2355 2795 sicut
2370 2765 2407 2795 et
2422 2761 2498 2807 ipse

1444 2812 1482 2848 in
1498 2813 1691 2859 Evangelio
1714 2815 1812 2850 dicit.
1848 2815 1949 2853 Alius
1963 2822 2018 2854 est
2039 2818 2182 2864 quidem
2199 2826 2234 2856 et
2250 2822 2498 2860 testimonium

1444 2874 1532 2910 dicit
1550 2873 1671 2910 Pater.
1711 2875 1756 2911 Et
1776 2886 1914 2920 rursus,
1947 2879 2094 2914 tertium
2125 2887 2213 2926 puto
2241 2883 2357 2920 videri
2391 2895 2499 2931 posse

1446 2939 1607 2980 puteum,
1625 2936 1866 2981 cognitionem
1886 2936 2040 2984 Spiritus
2056 2942 2182 2977 sancti.
2202 2941 2303 2980 Alius
2323 2950 2375 2982 est
2385 2947 2494 2991 enim,

1447 3000 1483 3031 et
1499 2995 1575 3041 ipse
1592 3005 1612 3031 a
1631 2995 1738 3032 Patre
1758 3003 1794 3034 et
1813 2997 1917 3043 Filio,
1938 3001 2031 3036 sicut
2050 3002 2094 3037 de
2115 3002 2193 3049 ipso
2208 3004 2442 3044 nihilomiuus
2460 3009 2497 3044 in

1446 3056 1650 3103 Evangeliis
1674 3058 1833 3094 dicitur:
1868 3059 1983 3096 Mittet
2010 3062 2103 3099 vobis
2129 3062 2238 3101 Pater
2256 3065 2365 3103 alium
2395 3079 2498 3115 para-

1447 3117 1575 3154 cletum
1590 3118 1762 3165 Spiritum
1784 3120 1940 3156 veritatis
1961 3117 2081 3167 (Joan.
2102 3123 2191 3172 xtv).
2219 3123 2286 3162 Est
2317 3137 2403 3173 ergo
2421 3129 2498 3166 haee

1447 3178 1556 3214 trium
1580 3178 1764 3216 distinctio
1794 3191 2046 3227 personarum,
2077 3184 2115 3220 in
2140 3184 2261 3230 Patre,
2277 3192 2313 3223 et
2331 3187 2436 3232 Filio,
2460 3194 2495 3225 et

1447 3237 1585 3283 Spiritu
1600 3244 1740 3282 sancto,
1752 3248 1831 3285 quae
1845 3241 1890 3276 ad
1902 3242 2077 3286 pluralem
2094 3251 2286 3290 puteorum
2304 3259 2495 3287 numerum

1441 3303 1646 3334 revocatur.
1671 3298 1740 3335 Sed
1755 3300 1885 3336 horum
1897 3306 2091 3346 puteorum
2103 3315 2197 3341 unus
2211 3306 2305 3350 sons,
2328 3319 2398 3346 una
2411 3309 2495 3347 sub-

1442 3357 1575 3394 stantia
1595 3362 1663 3401 est,
1695 3362 1732 3394 et
1745 3363 1878 3395 natura
1903 3359 2105 3400 Trinitatis.
2143 3363 2189 3400 Et
2207 3365 2276 3402 hoc
2300 3369 2408 3406 modo
2422 3381 2494 3408 non

1441 3416 1558 3453 otiosa
1583 3417 1785 3454 invenietur
1807 3417 2007 3466 Scripturas
2038 3427 2174 3459 sanctae
2196 3423 2382 3464 distinctio
2413 3439 2494 3476 quae

1444 3477 1532 3515 dicit
1543 3478 1588 3515 de
1600 3483 1793 3526 puteorum
1804 3479 1917 3518 fonte.
1951 3481 2053 3519 Tunc
2069 3485 2203 3522 cecinit
2219 3485 2328 3525 lsrael
2343 3499 2492 3528 carmen
2536 3487 2540 3489 ’

1443 3539 1572 3577 istud:
1591 3539 1766 3577 Amnum
1796 3546 1935 3588 puteus,
1969 3545 2211 3591 concinebant,
2244 3553 2370 3594 puteus
2390 3561 2492 3598 quem
2536 3564 2540 3565 ⁷

1445 3601 1611 3649 foderum
1622 3602 1794 3650 principes
1811 3608 1845 3639 et
1858 3612 2071 3651 paraverunt
2087 3606 2192 3644 duces
2205 3609 2439 3648 multitudinis
2453 3607 2492 3650 in

1444 3662 1569 3700 timore
1579 3662 1670 3713 ieqis
1682 3671 1714 3699 et
1732 3664 1770 3700 in
1784 3664 1916 3702 baculis
1930 3666 2021 3713 εἰπε.
2042 3667 2136 3705 Sunt
2150 3680 2236 3718 ergo
2254 3673 2353 3718 putei
2370 3674 2486 3723 multi,
2530 3660 2540 3711 ζ

1441 3732 1535 3772 quos
1564 3723 1721 3762 diximus
1735 3735 1814 3763 esse
1846 3726 1941 3764 intra
1960 3729 2130 3767 animam.
2169 3731 2260 3769 Sunt
2277 3737 2316 3771 et
2333 3734 2393 3772 alii
2411 3732 2490 3795 Qu·
2533 3739 2540 3743 ⁴

1439 3785 1543 3830 fimi,
1561 3787 1626 3827 uui
1661 3787 1702 3823 in
1724 3788 1876 3836 singuiis
1902 3790 2103 3839 quibusque
2124 3792 2393 3842 Scripturaram
2416 3803 2490 3836 ser-

2438 4007 2442 4011 .
2504 3865 2540 4016 l

2528 3754 2540 3786 i
