2540 4016
125 191 195 229 575

112 266 170 304 Et
202 270 393 314 meren
421 263 550 311 Aquila
588 271 654 309 pro
692 269 872 307 paupere,
898 260 930 296 α’
961 260 1142 295 occesserit
1158 285 1168 302 ‚
1189 259 1225 299 A

118 326 248 364 edidit.
270 319 340 364 Hic
365 335 471 373 ergo,
490 323 523 360 si
549 321 669 360 offerri
694 321 769 357 Deo
792 320 882 364 vult,
904 329 1031 356 coram
1051 328 1172 355 sacer-

125 388 208 425 dote
225 388 347 430 stabit,
377 391 420 423 ut
438 389 608 432 quantum
624 382 756 419 viderit
767 391 855 418 eum
878 390 998 427 posse,
1014 376 1170 416 aestir'net

119 458 207 484 eum
221 447 386 491 reddere,
405 445 566 493 regulam
583 444 616 480 ei
630 443 714 479 vitae
726 443 927 488 imponens,
948 451 1027 487 quae
1043 446 1099 476 est
1114 450 1172 476 se-

122 509 280 544 cundum
313 508 482 544 virtutem
508 513 788 549 mensuramque
805 501 1054 548 philosophiae,
1076 500 1173 536 indi-

123 580 208 605 cens
225 578 333 615 quam
349 578 432 603 eum
443 565 650 613 probaverit
663 574 772 610 posse
784 568 953 610 portare3
973 562 1072 597 verbi
1091 570 1173 607 gra-

124 629 186 671 tia,
219 629 250 664 si
267 627 423 672 locuples
440 632 508 669 est,
529 632 568 662 ut
581 627 773 663 distribuat
789 623 962 670 pecunias
979 621 996 665 ;“
1015 622 1044 661 si
1063 631 1173 657 sanus

121 693 189 730 est,
208 691 249 723 ut
262 686 410 733 jejuniis
431 692 468 722 et
481 687 704 723 orationibus
719 686 868 730 aliisque
888 683 1056 728 operibus
1069 681 1173 716 honis

120 754 248 791 vacet3
275 749 304 784 si
331 754 453 784 autem
481 749 639 795 locuples
658 755 714 784 est
740 753 914 787 etsanus‚
947 753 1172 790 quaecunque

120 811 251 846 divitur¹
272 816 307 846 et
325 813 420 846 salus
438 811 469 846 ei
489 817 683 857 suggerunt
696 819 802 856 agere
813 807 976 853 jubetur.
993 805 1032 841 Si
1047 810 1170 840 autem

119 876 301 912 neutrum,
333 871 367 905 in
383 871 545 906 oratione
569 871 674 912 tlere3
695 875 730 904 et
756 874 796 903 ut
814 867 971 903 breviter
995 865 1170 907 dicamus,

118 935 356 980 quodcunque
384 944 466 970 eum
498 933 626 968 viderit
650 942 715 978 per
733 940 876 975 corpus,
910 933 970 964 aut
994 938 1057 974 per
1086 929 1171 963 sub-

119 998 305 1040 stan-tiam,
339 1000 400 1030 aut
417 1005 481 1040 per
498 995 603 1029 aliam
619 991 871 1033 valetudinem,
906 995 968 1024 aut
982 989 1173 1025 facultates

117 1067 222 1103 posse
245 1065 429 1101 peragere
451 1053 590 1090 Animal
606 1058 735 1095 autem,
755 1051 846 1098 quod
861 1050 1037 1086 immolari
1063 1056 1170 1096 potest

118 1117 281 1159 Domino,
303 1116 334 1151 δῖ’
354 1127 430 1162 (11118
445 1116 582 1157 voterit,
616 1119 774 1149 sancnlm
789 1114 869 1155 erit,
900 1118 930 1147 el
953 1112 1082 1146 titulari
1102 1123 1171 1146 non

114 1183 239 1223 potest,
258 1176 293 1212 id
310 1181 376 1218 est,
397 1186 462 1210 nec
480 1175 607 1210 melius
624 1175 730 1215 malo,
751 1174 925 1219 necpcjtts
940 1173 1047 1208 bono.
1067 1172 1168 1215 Quod
1189 1155 1221 1194 B

114 1238 144 1273 si
165 1238 358 1279 mutaverit,
375 1243 405 1271 ee
423 1235 640 1282 rpsumquod
674 1242 827 1269 ninculus
842 1240 904 1276 est,
923 1240 954 1269 et
975 1233 1076 1275 illud,
1107 1244 1168 1279 pro

113 1309 180 1346 qno
196 1305 367 1334 mutatum
383 1304 447 1339 esc,
467 1302 705 1332 consecratum
720 1296 957 1331 eritDomino.
974 1296 1062 1339 Quia
1074 1295 1170 1340 ipsas

117 1369 196 1405 qua:
215 1370 259 1395 ex
277 1359 545 1403 nobismetipsis
577 1357 777 1393 offeruntur
807 1357 1021 1398 oblationes,
1053 1366 1163 1401 quos-

113 1419 194 1455 dam
213 1421 345 1456 babere
365 1420 509 1465 gradus,
535 1424 570 1454 et
589 1417 812 1453 differentias
843 1416 1028 1461 legislator
1060 1425 1168 1460 expo-

114 1480 199 1515 suit.
219 1480 311 1514 Ecce
328 1479 423 1514 enim
457 1479 564 1514 etiam
582 1487 708 1512 eorum
730 1477 790 1520 qui
808 1476 966 1520 quolibet
991 1475 1097 1510 inodo
1117 1475 1169 1509 sic

116 1541 220 1576 uobis
242 1539 459 1581 efficiuntur,
486 1545 525 1574 ut
550 1539 658 1574 etiam
683 1547 812 1584 pecora
834 1543 958 1572 nostra
981 1536 1169 1572 nominen-

114 1604 187 1641 tur,
203 1604 348 1644 propter
370 1600 436 1634 boc
453 1598 549 1644 quod
564 1599 671 1634 nimis
694 1598 845 1644 subjecti
871 1603 969 1640 sunt,
995 1602 1055 1633 aut
1084 1597 1168 1642 quia

114 1669 184 1694 non
201 1660 253 1694 eis
269 1660 312 1694 ad
332 1665 494 1694 nostrum
510 1659 765 1702 ministerium,
786 1657 1086 1703 quemadmodum
1107 1667 1169 1702 pe-

117 1721 265 1756 coribus
285 1720 433 1755 utimur.
452 1720 600 1762 Quando
625 1725 747 1754 sancta
767 1719 812 1754 sit
827 1718 977 1761 oblatio,
1004 1728 1068 1764 per
1087 1717 1165 1753 hacc

115 1792 195 1827 quae
212 1781 307 1816 dicta
326 1785 409 1815 sunt
437 1780 594 1824 exponit.
616 1779 790 1824 Praecepit
810 1785 930 1814 autem
955 1783 994 1813 ut
1014 1789 1085 1814 non
1105 1788 1168 1813 nos

113 1844 285 1890 poeniteat
306 1843 348 1878 de
372 1842 428 1877 his
445 1851 523 1886 quse
547 1840 731 1876 offerimus
750 1841 835 1876 Deo.
871 1840 966 1886 Ergo
982 1840 1161 1886 siquidem

114 1905 157 1941 de
181 1904 237 1939 his
256 1903 491 1938 obtulerimus
517 1902 722 1947 pecoribus,
757 1912 837 1948 quae
860 1912 939 1937 mos
962 1909 1017 1938 est
1045 1902 1168 1939 offerri

115 1963 200 1999 Deo.
222 1962 298 1999 Mos
317 1968 436 1998 autem
452 1967 508 1997 est
524 1968 562 1996 ut
581 1962 613 1997 ei
631 1962 859 1997 immaculata
876 1967 912 1998 et
928 1963 1061 1998 munda
1076 1962 1165 1999 offe-

115 2032 261 2070 rantur;
282 2036 413 2061 munus
437 2030 601 2060 nostrum
629 2025 725 2059 illico
746 2024 1006 2067 sanctificatur,
1033 2029 1068 2059 et
1088 2023 1164 2068 jam

113 2097 184 2122 non
203 2090 260 2121 est
281 2085 349 2126 sas,
368 2090 408 2120 ut
432 2095 497 2120 nos
511 2085 554 2121 de
573 2094 616 2119 eo
636 2084 811 2129 poeniteat
828 2094 836 2118 :
855 2083 980 2126 veluti,
1002 2084 1032 2119 si
1052 2084 1164 2119 tilium

112 2147 168 2182 vel
182 2146 412 2192 discipulum,
436 2145 491 2180 vel
512 2155 654 2180 servum
675 2150 737 2179 aut
754 2144 877 2186 alium,
901 2143 1039 2189 quisub
1058 2154 1165 2179 manu

114 2211 239 2242 nostra
258 2211 326 2250 est,
355 2206 428 2241 Deo
452 2205 702 2248 obtulerimus,
734 2215 851 2251 neque
871 2210 1012 2240 mutare
1032 2205 1166 2241 malum

115 2267 160 2302 ad
178 2266 316 2308 melius,
344 2271 405 2301 aut
424 2266 559 2301 bonum
578 2265 622 2301 ad
647 2265 795 2300 malum.
818 2265 948 2300 Malum
967 2270 1088 2301 autem
1109 2266 1167 2301 hic

114 2326 215 2369 dicit,
247 2326 419 2371 quidquid
452 2336 522 2361 non
552 2335 701 2371 pravum
718 2330 772 2360 est
802 2325 919 2361 modis
942 2325 1109 2360 omnibus
1132 2330 1167 2360 ct

111 2387 283 2422 mundum
308 2392 364 2423 est
381 2398 390 2430 ;
410 2387 440 2422 si
472 2392 592 2423 autem
619 2387 839 2422 immundum
871 2391 939 2429 est,
957 2397 1026 2421 non
1048 2391 1105 2422 est
1124 2387 1167 2420 de

112 2448 180 2484 illis
194 2458 274 2494 quae
294 2458 371 2484 mos
393 2453 449 2483 est
469 2447 590 2483 offerri
610 2448 693 2483 Deo.
715 2447 802 2482 Esse
820 2453 938 2483 autem
953 2448 997 2482 de
1013 2447 1069 2482 bis
1088 2456 1168 2491 quae

111 2508 292 2544 immolari
314 2514 463 2554 possunt
477 2507 644 2550 Domino,
662 2509 754 2543 hanc
774 2508 991 2549 oblationem
1024 2506 1164 2552 legisla-

111 2573 167 2604 tor
181 2569 283 2610 dixit,
305 2568 368 2603 sed
383 2568 514 2602 malum
526 2567 583 2603 hic
603 2568 702 2610 dicit,
719 2568 815 2612 quod
833 2573 888 2603 est
902 2567 1074 2602 deterius.
1099 2565 1160 2601 Sic

113 2628 211 2663 enim
230 2626 420 2662 manifeste
435 2632 471 2661 et
486 2627 726 2673 Symmachus
747 2627 918 2662 tradidit:
943 2626 1026 2662 Non
1049 2626 1164 2662 reddit

111 2687 235 2723 melius
249 2698 311 2734 pro
335 2688 510 2730 deteriori,
527 2693 587 2722 aut
603 2686 753 2722 deterius
775 2698 836 2733 pro
852 2686 985 2722 meliori
1004 2696 1016 2721 .·
1036 2692 1076 2722 ut
1094 2697 1166 2723 non

111 2750 209 2786 hunc
223 2748 336 2784 filium
356 2755 415 2784 aut
436 2759 579 2784 servum
598 2748 788 2784 offerentes
806 2749 946 2784 Domini
965 2749 1114 2785 servitio
1128 2754 1164 2784 et

113 2811 333 2854 ministerio,
357 2811 518 2856 recipere
534 2820 615 2846 eum
631 2810 668 2845 in
686 2816 849 2846 nostrum
862 2810 1105 2846 ministerium
1123 2815 1161 2845 et·

41 2911 48 2919 .
112 2865 286 2908 utilitates
299 2871 466 2915 velimus,
485 2863 735 2917 promittentes
751 2870 880 2907 offerre
895 2870 1078 2907 meliorem
1094 2870 1166 2906 for-

113 2930 207 2966 sitan
222 2930 279 2966 vel
298 2930 527 2966 deteriorem.
558 2930 680 2976 Neque
690 2931 784 2967 enim
803 2931 898 2973 licet,
915 2936 1061 2976 propter
1070 2931 1166 2976 quod

112 2998 148 3028 et
165 2991 268 3028 Anna
296 2992 340 3029 de
353 2991 497 3028 Samuel
523 2992 662 3028 dicebat
682 3005 689 3027 :
711 2991 748 3028 Si
764 2994 948 3039 respiciens
971 2993 1163 3039 respexeris

115 3052 161 3087 ad
176 3051 408 3087 humilitatem
426 3052 564 3087 ancillae
580 3059 648 3088 tuce
662 3058 694 3087 et
712 3053 908 3088 memineris
921 3054 999 3094 mei,
1017 3059 1047 3088 et
1063 3053 1167 3088 dede-

115 3113 164 3146 ris
178 3111 316 3147 anciuoe
335 3117 404 3148 tuoe
422 3123 539 3148 sexum
556 3112 704 3156 virilem,
722 3113 810 3148 dabo
835 3124 912 3148 eum
933 3114 970 3148 in
983 3121 1166 3160 conspectu

114 3177 174 3206 tuo
187 3170 322 3215 datum,
337 3182 444 3217 usque
458 3171 504 3207 ad
519 3172 610 3207 diem
624 3173 745 3207 mortis
754 3172 829 3217 ejus
848 3171 882 3219 (1
897 3171 982 3218 Req.
1000 3173 1040 3218 ι).
1063 3172 1166 3214 Quod

114 3230 145 3266 si
163 3232 347 3266 mutaverit
373 3231 419 3267 ad
438 3232 563 3278 ipsum,
592 3232 684 3278 quod
708 3237 894 3275 mutatum,
925 3238 958 3267 et
977 3231 1076 3268 illum
1103 3244 1165 3278 pro

109 3300 183 3338 quo
208 3296 383 3327 meatum
415 3297 477 3335 est,
510 3297 748 3327 consecratum
762 3292 827 3327 erit
859 3292 1022 3328 Domino.
1046 3292 1093 3329 Ut
1127 3298 1164 3328 et

67 3353 74 3374 ·'
115 3352 212 3393 hune
232 3361 340 3398 quem
373 3357 480 3390 antea
501 3353 713 3397 obtulimus,
746 3358 783 3390 et
799 3363 882 3389 eum
910 3364 1019 3399 quem
1039 3359 1163 3400 postea

67 3414 199 3451 “mm
214 3413 335 3460 prims
346 3413 531 3450 oblatione
540 3413 821 3458 sunotiticemus,
839 3419 877 3450 et
894 3419 1066 3461 utrosque
1086 3415 1160 3451 Deo

112 3474 376 3519 &moenianum
390 3475 466 3511 lioe
483 3475 580 3511 enim
600 3484 670 3511 non
688 3485 754 3511 nos
767 3475 942 3520 permittit
959 3475 996 3511 in
1011 3476 1068 3512 his
1085 3485 1164 3522 quae

67 3531 301 3572 fflwffeffmus
318 3535 576 3582 poenitentiam
594 3545 716 3583 agere,
735 3536 799 3572 sed
817 3540 854 3572 et
869 3535 1024 3581 percutit
1041 3536 1163 3572 inimi-

70 3586 396 3648 wimbis
410 3597 586 3643 poenitere
611 3597 801 3644 suggessit,
832 3597 918 3633 dum
939 3596 1037 3633 videt
1052 3597 1167 3643 dupli-

111 3645 669 3704 memnonem,
697 3667 806 3706 quam
837 3657 896 3695 ille
911 3667 977 3705 per
990 3659 1167 3706 poeniten-

115 3702 584 3809 mmm.

0 3767 101 4016 k
231 3767 378 3799 *Mus
411 3773 473 3798 ’.ι-ιθ

738 183 1073 222 EXPOSiTlONES
1095 183 1143 220 m
1165 183 1427 222 muricum.
1446 202 1496 216 —-
1516 179 1604 222 un.
1631 187 1707 226 “a

2215 198 2288 237 '4

1636 258 1787 297 caru?
1805 260 1884 300 KV·

1271 319 1324 354 De
1339 330 1379 355 eo
1399 319 1461 366 qui
1472 319 1602 355 voverit
1617 318 1752 355 animal
1767 319 2000 366 emmiu,
2023 323 2253 368 &dom

1357 377 1474 410 ruam,
1501 375 1564 411 seu
1586 375 1722 412 aarum,
1738 372 1771 408 et
1785 366 1869 412 quid
1883 348 2160 417 Maian-ae.

1287 437 1386 486 (lum.
1391 439 1404 486 )
1430 438 1571 475 Animal
1596 438 1830 482 imntundum,
1840 439 1939 485 quod
1955 439 2131 478 mun·
2143 443 2292 485 mm

1239 510 1308 535 non
1322 503 1447 545 potest,
1468 500 1498 535 si
1516 499 1594 546 quis
1606 499 1747 543 υουενὲι,
1762 498 1957 539 adducetur
1972 506 2054 536 ante
2064 500 2292 550 sauram,

1237 562 1297 608 qui
1315 561 1514 607 dijudicans
1527 568 1646 596 utrum
1659 560 1848 595 bonumne
1859 559 1994 595 otidum
2007 561 2067 605 sit,
2082 568 2208 601 statuet
2220 575 2296 610 pre-

1241 622 1340 662 tium.
1361 620 1464 664 Quod
1485 621 1516 656 si
1535 621 1621 656 dare
1641 619 1784 656 voluerit
1807 620 1838 655 is
1855 621 1914 667 qun·
1931 621 2050 666 offert,
2068 621 2166 659 addit
2188 633 2296 670 cupra

1241 682 1505 718 oestititalionem
1533 682 1691 728 quintam
1720 685 1866 727 partem.
1899 679 2138 727 Inquirendus
2159 687 2218 718 *est
2235 682 2296 718 Ju-

1239 743 1351 786 daeus,
1370 742 1549 789 quomodo
1573 742 1641 779 hoc
1662 742 1871 778 mandatum
1893 747 1994 781 stare
2014 742 2117 790 juxta
2141 743 2296 780 litteram

1238 804 1372 850 possit?
1391 804 1428 839 Si
1446 804 1544 840 enim
1561 803 1683 840 offerri
1709 813 1782 838 non
1797 802 1894 846 licet,
1911 813 1980 839 nec
1999 804 2133 846 donum
2151 805 2220 840 erit
2237 814 2296 840 ac-

1239 863 1430 910 ceptabile,
1442 865 1622 909 quomodo
1633 869 1825 908 utrumque
1842 862 2025 909 legislator
2035 868 2210 910 tanquam
2226 865 2294 900 sibi

1240 936 1443 972 repugnans
1457 931 1565 972 atque
1580 926 1753 961 resistens
1766 924 1933 970 scripsit?
1950 924 2022 961 Sed
2035 925 2169 971 aliquid
2187 936 2296 961 evan-

1239 987 1359 1031 geticae
1384 987 1588 1031 proximum
1612 987 1769 1034 largitati
1795 988 1910 1023 modis
1935 988 2102 1028 omnibus
2125 988 2242 1024 innuit
2257 993 2297 1024 et

1239 1048 1550 1091 condescensioni,
1572 1059 1679 1093 quam
1696 1050 1812 1095 gratia
1836 1051 1949 1086 novit.
1974 1051 2034 1087 Sic
2054 1061 2140 1098 ergo
2157 1062 2199 1087 ea
2217 1062 2297 1097 quae

1235 1108 1335 1145 dicta
1351 1115 1434 1145 sunt
1448 1110 1702 1156 intelligamus.
1720 1111 1797 1146 Non
1810 1111 1942 1147 licebat
1952 1112 2027 1148 Deo
2042 1111 2162 1148 offerri
2177 1113 2223 1149 de
2235 1123 2298 1159 pe-

1239 1169 1383 1205 coribus
1397 1180 1476 1215 quae
1492 1180 1563 1205 non
1581 1170 1687 1206 simul
1703 1176 1739 1206 et
1754 1171 1924 1218 ungulam
1941 1171 2124 1207 findebant
2138 1177 2175 1208 et
2189 1173 2298 1208 rumi-

1238 1231 1383 1267 nabant.
1396 1232 1480 1268 llaec
1495 1233 1591 1268 enim
1607 1233 1663 1268 lex
1674 1234 1830 1269 habebat
1845 1234 2042 1269 immunda.
2054 1233 2162 1278 eujus
2178 1239 2296 1271 autem

1238 1294 1492 1339 erat-aenigma,
1506 1294 1540 1329 id
1553 1299 1622 1336 est,
1637 1294 1806 1340 ungulam
1821 1305 1890 1330 non
1907 1294 2065 1330 findere?
2078 1294 2155 1331 Non
2172 1295 2298 1331 distin-

1238 1364 1346 1400 guere
1372 1354 1460 1400 legis
1479 1355 1634 1391 litteram
1667 1359 1702 1390 et
1718 1355 1882 1400 spiritum
1901 1355 2070 1398 scientis3
2087 1365 2158 1391 non
2176 1362 2296 1392 autem

1238 1414 1420 1450 ruminare
1447 1414 1522 1459 ejus
1548 1415 1607 1460 qui
1635 1425 1707 1450 non
1734 1415 1903 1450 continue
1930 1415 2179 1451 meditationis
2208 1416 2297 1462 legis

1237 1474 1393 1509 habebat
1426 1474 1595 1515 studium,
1623 1480 1659 1509 et
1686 1474 1744 1518 qui
1776 1473 1896 1519 lingua
1917 1474 2047 1516 solum,
2082 1484 2155 1509 non
2184 1474 2296 1510 etiam

1237 1535 1344 1570 corde
1364 1544 1442 1569 can]
1464 1534 1508 1569 ad
1533 1534 1803 1570 meditationem
1822 1539 1982 1569 revocat.
2008 1534 2046 1570 Si
2062 1545 2148 1582 ergo
2167 1535 2297 1580 aliquis

1237 1597 1352 1633 filium
1371 1598 1478 1633 talem
1498 1597 1553 1632 vel
1575 1607 1732 1640 servum,
1755 1596 1811 1632 vel
1830 1597 2044 1642 discipulum
2063 1597 2138 1631 Deo
2151 1595 2295 1638 offerat,

1236 1660 1299 1706 qui
1320 1666 1440 1695 autem
1466 1659 1511 1694 ad
1528 1658 1755 1694 meditandas
1774 1667 1899 1693 sacras
1915 1655 2135 1701 Scripturas,
2170 1662 2232 1691 aut
2249 1655 2294 1690 ad

1237 1721 1448 1756 divisionem
1483 1718 1796 1764 contemplationis
1814 1727 1891 1761 non,
1903 1727 1949 1752 ex
1970 1716 2124 1758 malitia,
2153 1715 2215 1751 sed
2247 1725 2292 1750 ex

1238 1782 1447 1817 infirmitate
1480 1782 1598 1818 minor
1631 1781 1696 1824 sit,
1725 1779 1878 1816 necdum
1901 1782 1956 1815 est
1987 1777 2133 1823 quidem
2165 1786 2296 1812 munus

1237 1842 1334 1885 Deo;
1352 1853 1467 1888 neque
1480 1842 1576 1878 enim
1596 1841 1699 1887 quasi
1717 1841 1850 1877 oblitus
1864 1840 1911 1876 sit
1925 1838 2002 1884 ejus
2018 1837 2202 1885 legislator
2217 1847 2291 1873 me-

1237 1904 1391 1938 moriam
1417 1903 1514 1938 sacit.
1536 1903 1691 1938 Adducit
1705 1907 1826 1938 autem
1843 1912 1926 1938 eum
1950 1906 2032 1936 ante
2053 1899 2295 1942 sacerdotem,

1236 1970 1272 1999 et
1305 1963 1430 1998 statuit
1460 1962 1615 2008 pretium
1635 1961 1712 2007 ejus
1731 1963 1911 2004 sacerdos,
1950 1960 2152 2006 dijudicans
2174 1963 2294 1994 utrum

1238 2025 1372 2060 bonum
1397 2034 1442 2058 an
1469 2023 1602 2058 malum
1622 2023 1694 2058 sit:
1717 2028 1757 2058 ut
1776 2021 1987 2068 imperfecto
2015 2030 2112 2061 emm
2141 2019 2293 2055 condes-

1237 2084 1405 2126 cendens,
1426 2083 1651 2119 moderatum
1672 2083 1706 2119 ei
1718 2082 1845 2129 jugum
1873 2082 2039 2128 imponit,
2070 2081 2108 2116 id
2125 2076 2294 2123 est‚‘eam

1235 2155 1316 2189 quac
1333 2143 1487 2179 mediam
1500 2144 1592 2179 inter
1607 2145 1741 2179 bonum
1756 2142 1964 2188 malumque
1980 2140 2292 2178 conversationem

1235 2210 1305 2247 est,
1328 2210 1389 2240 aut
1405 2215 1423 2239 a
1439 2204 1535 2239 malo
1556 2204 1762 2247 declinatio,
1786 2208 1822 2240 et
1842 2208 2035 2249 provectus
2063 2201 2109 2237 ad
2129 2200 2291 2238 meliora.

1234 2265 1309 2300 Hoc
1337 2266 1435 2300 enim
1454 2264 1605 2300 forsitan
1636 2265 1781 2311 proprie
1814 2264 1968 2300 dicimus
1985 2273 2065 2299 esse
2082 2263 2179 2298 inter
2193 2262 2290 2298 dete-

1236 2329 1311 2364 rius
1329 2333 1365 2363 et
1386 2328 1528 2370 melius,
1549 2328 1644 2372 quod
1667 2338 1733 2373 pro
1750 2338 1793 2363 eo
1808 2327 1903 2372 quod
1922 2327 2057 2362 dictum
2075 2330 2142 2366 est,
2168 2329 2288 2360 utrum

1233 2389 1365 2423 bonum
1391 2398 1437 2423 an
1463 2388 1618 2430 malum;
1636 2388 1748 2423 edidit
1774 2388 2036 2434 Symmachus:
2065 2385 2187 2420 statuit
2213 2396 2291 2431 pre-

1233 2451 1319 2484 tium
1336 2449 1511 2491 sacerdos,
1530 2450 1558 2484 si
1576 2449 1755 2494 quomodo
1771 2448 1963 2494 proficiens
1982 2447 2114 2482 donum
2128 2454 2210 2481 esse
2227 2455 2287 2482 εο-

1233 2521 1313 2545 rum
1334 2520 1413 2556 quae
1434 2510 1507 2544 Deo
1521 2509 1720 2544 offeruntur
1751 2509 1879 2554 possit.
1899 2507 2001 2551 Quod
2020 2505 2149 2542 sidere
2163 2505 2284 2542 volue-

1233 2571 1278 2605 rit
1297 2571 1326 2604 is
1351 2570 1410 2614 qui
1435 2570 1550 2614 offert,
1580 2569 1683 2603 addet
1711 2579 1816 2615 super
1832 2569 2094 2605 oestimationem
2123 2570 2282 2616 quiitttom

1233 2636 1380 2676 partem.
1397 2629 1442 2665 Et
1475 2629 1561 2674 quid
1593 2629 1662 2665 hoc
1687 2629 1764 2665 est?
1780 2620 1822 2664 ln
1848 2629 2006 2675 quinque
2036 2637 2287 2666 numero-sen·-

1233 2698 1295 2724 sus
1313 2694 1415 2725 sunt:
1433 2688 1561 2724 horum
1581 2688 1684 2725 nobis
1698 2688 1823 2733 quinta
1833 2697 1920 2733 pars
1938 2698 2041 2724 mens
2055 2693 2123 2725 est.
2142 2688 2197 2725 Ab
2213 2689 2287 2735 ipsa

1234 2750 1330 2785 enim
1348 2749 1608 2796 gubernantur,
1629 2749 1705 2785 sive
1716 2748 1814 2784 enim
1825 2749 1893 2784 hac
1912 2758 1984 2785 non
1997 2749 2288 2786 valde-habentes

1233 2819 1272 2845 se
1282 2807 1421 2853 Juvant.
1441 2808 1576 2844 Horum
1594 2818 1681 2854 ergo
1699 2808 1858 2854 quinque
1876 2808 2049 2855 virgines,
2065 2819 2145 2854 quoe
2161 2809 2207 2849 ad
2224 2819 2288 2844 nu-

1233 2870 1325 2915 ptias
1361 2879 1432 2904 non
1457 2874 1631 2915 susceptae
1649 2875 1747 2912 sunt,
1774 2867 1928 2915 figuram
1957 2874 2103 2915 gerunt.
2123 2868 2289 2914 Quinque

1234 2931 1330 2966 enim
1348 2941 1418 2966 non
1436 2931 1638 2966 habuerunt
1654 2931 1882 2977 sapientiam,
1903 2932 1998 2968 unde
2015 2931 2177 2967 absolute
2187 2935 2222 2966 et
2237 2931 2291 2966 sa-

1237 2999 1305 3029 tuae
1331 2994 1523 3029 nominatae
1545 2998 1628 3030 sunt
1651 2993 1795 3039 (Matth.
1819 2992 1920 3040 xxv).
1940 2993 2036 3040 Ergo
2068 2993 2099 3029 si
2114 2993 2195 3039 quis
2214 2992 2288 3027 vult

1235 3054 1413 3089 redimere
1432 3063 1528 3097 eum,
1548 3054 1612 3100 qui
1627 3059 1774 3100 propter
1791 3054 1981 3100 praedictas
1994 3064 2121 3090 causas
2138 3054 2290 3089 immun-

1234 3115 1288 3151 dis
1310 3121 1539 3160 comparatur
1561 3116 1765 3162 pecoribus,
1799 3125 1929 3151 acuere
1955 3115 2053 3151 hunc
2071 3124 2160 3159 opus
2176 3113 2287 3148 babet

1233 3181 1269 3211 et
1284 3174 1404 3212 sacer-e
1419 3175 1687 3222 intelligentem.
1706 3175 1766 3210 Sic
1782 3174 1878 3209 enim
1896 3173 2128 3217 semetipsum
2155 3171 2287 3216 guber-

1230 3244 1336 3278 nare,
1361 3241 1486 3271 etnon
1510 3244 1659 3271 necesse
1680 3233 1813 3272 babere
1834 3231 1983 3270 alterius
2005 3230 2200 3276 paedagogo
2212 3239 2284 3276 :po-

1234 3297 1358 3332 tuerit.
1377 3296 1550 3342 Sequitur
1567 3305 1577 3330 t

1282 3355 1398 3391 Homo
1415 3356 1445 3391 si
1458 3355 1585 3390 voverit
1601 3354 1741 3388 domum
1761 3362 1862 3387 suam
1876 3356 1909 3386 et
1923 3349 2192 3395 sanctificaverit
2206 3349 2282 3386 fio-

1233 3416 1341 3458 mino‚
1367 3413 1597 3450 considerabit
1611 3422 1686 3447 eam
1699 3410 1859 3447 sacerdos
1878 3415 1995 3445 uuum
2003 3408 2163 3446 bona-«m
2179 3409 2281 3450 uela

1233 3476 1293 3518 sit,
1311 3481 1344 3510 ee
1354 3475 1462 3519 juxta
1479 3474 1627 3519 pretium
1644 3470 1736 3517 quod
1751 3471 1795 3505 ab
1809 3481 1848 3506 eo
1856 3469 1967 3516 -fuen't
1983 3469 2211 3507 emmaum
2221 3481 2281 3506 oe-

1233 3534 1420 3570 nundemr.
1440 3533 1479 3569 Si
1497 3538 1614 3568 autem
1638 3530 1700 3568 tue
1715 3531 1775 3577 qud
1783 3536 1935 3574 voverat,
1951 3530 2100 3568 voluerit
2107 3530 2282 3568 adimere

1233 3603 1320 3635 eam,
1333 3592 1427 3627 dabit
1440 3591 1597 3638 quintam
1609 3596 1743 3638 partem
1751 3590 1992 3627 maturationi·
2003 3590 2282 3637 summanum-

1235 3653 1284 3688 bit
1303 3651 1456 3686 domum.
1478 3650 1580 3694 Quod
1594 3650 1626 3686 εἰ
1643 3660 1766 3696 aarum
1778 3650 2004 3696 possessionis
2017 3660 2092 3687 ωε
2107 3650 2237 3687 um
2248 3655 2282 3686 et

1232 3710 1481 3750 consecraverit
1493 3710 1660 3754 Domino,
1671 3711 1780 3757 joma
1792 3720 1992 3748 mensuram
2008 3710 2277 3750 mamb-ti-

1232 3770 1386 3810 motitur
1409 3769 1572 3821 pretim.
1605 3769 1648 3808 Si
1678 3769 1973 3818 maiam-,modiin
1988 3769 2120 3822 ‘Mei
2134 3766 2275 3809 *ην
