2540 4016
234 140 303 178 ⁷35

655 129 696 170 B.
722 131 894 171 RABANt
918 131 1067 170 Manet
1092 129 1306 170 ARCHIEP.
1335 129 1542 170 MOGUNT.
1568 131 1760 172 opt-:Ruit
1785 132 1906 172 PARS
1928 132 1959 171 1.

2311 137 2384 178 '15⁸

230 217 274 254 Ει
299 214 360 259 qui
393 210 600 258 dixit:qu
618 211 728 248 stellis
760 212 917 249 omnibus
946 213 1132 256 mandavi,
1157 216 1277 257 potest
1293 210 1330 252 A
1346 209 1442 247 tibus
1459 211 1497 247 in
1515 210 1680 257 Christo,
1694 211 1885 258 justificati
1909 216 2006 249 sunt.
2026 211 2129 248 Unde
2156 213 2388 254 manifestum

229 273 444 318 investigare
457 282 581 308 semen
593 270 719 316 Jacob,
730 279 767 309 et
777 274 1006 310 dinumerare
1017 273 1141 319 plebes
1148 272 1273 309 Israel.

227 334 304 379 lpse
322 331 418 367 enim
439 331 536 368 solus
553 333 635 376 scit,
655 334 736 378 quis
750 343 836 370 vere
863 333 993 377 Jacob,
1021 338 1059 369 et
1084 333 1166 379 quis
1191 342 1277 370 vere

228 393 274 428 sit
299 391 420 428 Israel.
450 390 529 427 Non
561 392 658 427 enim
685 392 731 429 ad
757 403 840 429 eum
868 393 986 439 quiin
1007 393 1198 431 manifesto
1211 392 1276 430 Ju-

228 454 325 490 daeus
358 457 414 489 est
445 452 615 498 respicit,
646 463 763 499 neque
793 454 839 490 ad
870 464 953 490 eam
983 464 1063 501 quae
1093 456 1130 491 in
1157 455 1276 492 mani-

227 512 318 549 festo
342 512 378 548 in
401 522 509 548 carne
532 517 588 548 est
613 512 862 557 circumcisio;
892 514 954 550 sed
976 513 1074 550 videt
1092 514 1191 551 illum
1214 516 1276 562 qui

227 573 264 609 in
289 574 431 610 occulto
451 572 595 610 Judaeus
613 578 682 619 est,
704 579 741 611 et
759 575 823 622 qui
845 575 1082 613 circumcisus
1096 581 1152 613 est
1167 577 1277 614 corde

226 643 299 670 non
319 640 355 670 et
371 645 493 671 carne.

272 694 351 741 Ipse
379 707 465 742 ergo
486 695 584 733 solus
603 702 660 734 est
685 697 748 745 qui
768 697 999 736 dinumerare
1023 704 1144 747 potest
1167 704 1203 735 et
1222 698 1278 734 in-

227 756 430 803 vestigare;
454 763 490 793 et
509 758 599 804 ipse,
622 760 820 795 secundum
846 759 1064 797 ineffabilem
1087 767 1124 798 et
1143 761 1279 797 incom-

226 817 506 864 prehensibilem
523 820 739 865 sapientiam
757 831 883 866 suam,
906 821 950 858 ad
970 821 1067 857 illam
1094 821 1279 858 coelestem

227 876 383 914 formam
401 889 510 925 quam
529 879 606 925 ipse
625 880 721 916 solus
745 881 838 917 scire
866 886 998 928 potest,
1025 882 1145 927 posuit
1168 882 1279 918 etiam

227 937 315 975 istos
330 939 505 984 Numeros
523 952 613 987 quos
630 942 804 979 hahemus
822 943 858 979 in
879 943 1061 980 manibus.
1085 943 1124 979 ln
1149 943 1280 990 quibus

227 999 396 1045 praecepit
418 1006 457 1036 ut
477 1002 675 1037 secundum
694 1002 927 1048 cognationes
959 1013 1063 1046 suas,
1082 1002 1279 1040 secundum

230 1057 355 1095 domos
368 1059 589 1097 familiarum
607 1072 769 1105 suarum,
787 1073 832 1098 ex
850 1063 996 1099 nomine
1009 1064 1125 1099 omnis
1140 1073 1281 1099 mascu-

1341 275 1419 316 est‚
1440 273 1524 319 quia
1555 273 1648 309 sicut
1666 273 1859 319 Apostolus
1879 272 1966 308 dicit
1985 282 1996 308 ι
2019 271 2141 319 Neque
2171 272 2390 314 circumcisio

1341 332 1476 380 aliquid
1493 339 1545 370 est
1564 345 1672 381 neque
1685 334 1909 381 praeputium,
1923 332 1983 368 sed
2003 332 2090 378 fides
2103 344 2181 380 quoe
2201 345 2262 381 per
2275 335 2394 372 caari-

1342 397 1448 428 tatem
1481 399 1645 440 operatur
1665 392 1760 440 (Gal.
1785 390 1852 439 vi).
1878 391 1924 427 Et
1944 391 2025 428 ideo
2053 402 2158 429 nemo
2187 399 2250 430 aut
2279 394 2393 432 incir-

1342 453 1573 490 cumcisionis
1607 452 1822 498 antiquitate
1854 461 1893 488 se
1920 451 2056 499 jactet,
2085 459 2147 489 aut
2172 453 2208 489 in
2228 455 2394 501 praeputii

1342 514 1502 551 novitate
1526 515 1715 561 glorietur,
1744 513 1820 557 sed,
1850 517 1890 549 ut
1917 512 2110 560 Apostolus
2138 514 2245 559 dicit,
2267 513 2395 552 Probet

1341 578 1577 623 unusquisque
1598 587 1683 622 opus
1699 586 1813 618 suum,
1834 581 1866 611 et
1883 581 1970 612 tunc.
1995 577 2032 612 in
2051 578 2232 624 semetipso
2260 585 2394 615 tantam

1342 634 1490 680 gloriam
1505 636 1640 671 habebit
1652 635 1686 683 (I
1689 636 1793 683 hiat).
1806 636 1867 672 Sic
1881 636 2036 683 denique
2049 643 2086 674 et
2094 636 2274 684 Propheta
2284 639 2371 677 dicit
2383 650 2396 677 ε

1342 692 1435 728 Ecce
1454 694 1556 729 homo
1572 700 1604 730 et
1622 706 1707 741 opus
1725 696 1815 742 ejus.
1838 695 1884 731 Et
1901 705 2043 732 merces
2061 697 2098 732 in
2118 705 2310 744 conspectu
2327 698 2397 735 Do-

1344 754 1433 790 mini
1465 765 1544 791 esse
1575 755 1720 800 dicitur,
1750 761 1791 792 ut
1820 756 1948 792 reddat
1977 757 2173 803 unicuique
2200 759 2396 798 secundum

1345 827 1454 865 opera
1473 827 1551 853 sua.
1579 817 1651 854 Sed
1679 824 1716 854 et
1740 819 1936 855 secundum
1952 818 2049 866 leges
2066 820 2295 867 tropologiae,
2319 821 2398 858 haec

1347 880 1526 917 sententia
1548 880 1687 916 utiliter
1711 881 1860 927 intelligi
1879 881 1985 917 valet.
2013 881 2105 917 Sunt
2131 891 2285 927 namque
2307 892 2399 918 non-

1347 941 1435 977 nulli
1455 941 1551 976 intra
1572 946 1737 977 sanctam
1754 941 1954 978 Ecclesiam
1968 969 1976 985 ‚
1996 941 2058 988 qui
2075 941 2236 988 prolixas
2263 942 2308 977 ad
2326 942 2399 977 Do·

1347 1000 1486 1036 minum
1505 1011 1632 1047 preces
1652 1001 1787 1037 habent
1802 1027 1812 1045 ,
1830 1002 1892 1037 sed
1910 1002 2019 1037 vitam
2043 1002 2312 1048 deprecantium
2329 1012 2401 1038 non

1347 1059 1495 1096 habent.
1525 1059 1615 1095 Nam
1630 1061 1807 1107 promissa
1823 1061 1982 1098 coelestia
1999 1062 2233 1107 petitionibus
2249 1073 2401 1108 sequun-

230 1116 285 1153 lus
307 1127 371 1163 per
390 1120 508 1165 capita
526 1131 592 1156 sua
611 1126 835 1165 numeretur,
856 1131 876 1156 a
896 1121 1025 1168 viginti
1048 1123 1152 1158 annis
1170 1128 1206 1158 et
1221 1132 1283 1158 su-
1299 1111 1331 1150 B
1351 1126 1423 1163 tur,
1444 1121 1612 1167 operibus
1640 1120 1793 1168 fugiunt.
1816 1121 1860 1157 Hi
1878 1131 2132 1168 nonnunquam
2161 1122 2340 1170 lacrymas
2364 1122 2401 1158 in

229 1187 308 1222 pra,
330 1180 447 1216 omnis
470 1180 532 1225 qui
557 1180 741 1226 egreditur
759 1181 797 1217 in
816 1181 948 1218 virtute
970 1182 1094 1218 Israel.
1113 1182 1159 1218 Et
1178 1182 1280 1219 colli-

231 1237 329 1283 gitur
347 1248 473 1275 eorum
488 1240 634 1285 quidam
658 1246 822 1277 sacratus
840 1251 1010 1278 numerus
1023 1269 1032 1284 ‚
1053 1242 1095 1278 de
1118 1252 1188 1287 quo
1206 1242 1282 1287 jam

233 1298 398 1343 superius
415 1309 483 1344 pro
503 1305 542 1335 ut
559 1300 704 1336 donavit
719 1301 906 1343 Dominus,
930 1301 1101 1337 diximus.
1120 1301 1190 1337 Sed
1215 1303 1283 1338 iste

231 1369 403 1395 numerus
419 1365 503 1395 tunc
521 1360 667 1396 demum
677 1366 846 1397 sacratus
866 1366 922 1396 est
952 1366 987 1396 et
1004 1362 1166 1406 placidus
1187 1362 1282 1404 Deo,

230 1428 312 1453 cum
339 1419 418 1463 ipso
437 1420 669 1465 praecipiente
696 1426 923 1456 numeratur.
951 1421 989 1456 Si
1010 1426 1130 1457 autem
1157 1427 1284 1457 contra

228 1484 448 1524 praeceptum
467 1480 611 1517 Domini
627 1481 740 1518 voluit
755 1482 885 1526 aliquis
901 1492 1109 1526 numerare,
1126 1482 1211 1518 licet
1225 1483 1284 1519 ille

229 1537 273 1573 (16
298 1538 372 1576 Deo
400 1540 468 1583 sit,
488 1539 574 1578 licet
602 1551 756 1588 magnus
779 1542 979 1588 propheta,
1011 1548 1138 1579 contra
1168 1543 1285 1590 legem

232 1601 320 1647 agit,
337 1607 373 1638 et
387 1603 552 1649 arguitur
571 1614 636 1650 per
650 1604 865 1650 prophetam
881 1631 891 1648 ,
916 1610 953 1640 et
970 1605 1106 1650 patitur
1125 1604 1185 1640 illa
1206 1614 1285 1650 quae

230 1661 267 1696 in
291 1673 317 1697 ιι
338 1662 429 1699 libro
462 1663 551 1711 Reg.
585 1664 738 1710 legimus
763 1665 923 1711 scripta:
946 1665 1052 1701 Solus
1083 1677 1163 1712 erqo
1187 1667 1283 1711 ipse,

230 1723 289 1768 qai
318 1731 476 1760 numerat
506 1725 764 1761 multitudinem
785 1725 983 1770 stellarum,
1002 1733 1032 1761 et
1059 1727 1118 1773 qui
1134 1728 1171 1762 in
1191 1738 1287 1762 men-

231 1793 316 1819 sura
333 1785 470 1828 omnia,
490 1791 521 1820 et
539 1797 681 1821 numero
701 1792 732 1821 et
750 1787 901 1832 pondere
924 1787 1089 1832 produxit
1111 1785 1210 1833 (Sap.
1228 1785 1285 1833 ιι),

233 1844 426 1892 investigat
441 1848 564 1883 semen
582 1847 693 1884 Jacob
707 1875 716 1891 ‚
735 1853 771 1884 et
790 1849 995 1884 dinumerat
1019 1840 1140 1894 plebes
1162 1848 1285 1884 lsrael.

234 1904 396 1942 Posthaec
413 1908 516 1953 quasi
539 1909 582 1944 de
601 1909 795 1954 semetipso
818 1910 982 1954 quaedam
1000 1909 1217 1955 prophetare
1235 1908 1287 1944 vi-

234 1966 338 2003 detur
354 1978 435 2003 cum
452 1967 566 2004 dicit:
588 1969 762 2005 Moriatur
791 1970 911 2004 anima
933 1980 1010 2004 mea
1036 1975 1147 2004 morte
1166 1970 1286 2015 justo-

233 2038 334 2071 rum;
355 2035 387 2063 et
406 2029 493 2074 fiant
510 2030 697 2065 novissima
717 2041 794 2066 mea
818 2030 942 2065 horum
962 2030 1107 2065 similia.
1130 2030 1202 2066 Sed
1216 2030 1287 2066 hoc

234 2094 406 2134 quantum
420 2089 465 2126 ad
482 2100 673 2135 personam
691 2097 830 2137 spectat
843 2091 1005 2135 Balaam,
1021 2091 1116 2128 illius
1136 2097 1172 2127 et
1193 2091 1288 2128 illius

233 2149 362 2193 lsrael,
383 2160 451 2186 nec
478 2149 614 2186 sactum
639 2157 714 2194 est,
738 2162 806 2188 nec
827 2152 904 2188 fieri
934 2153 1063 2198 potuit.
1093 2151 1172 2188 Non
1191 2153 1288 2188 enim

234 2210 329 2247 inter
347 2210 458 2258 ipsos,
481 2212 544 2248 sed
565 2211 610 2248 ab
627 2212 716 2259 ipsis
735 2219 899 2249 mortuus
913 2218 981 2250 est.
999 2213 1111 2259 Magis
1126 2223 1232 2259 ergo,
1249 2219 1290 2249 ut

236 2270 406 2314 diximus,
428 2271 589 2317 ipsorum
608 2282 772 2318 personae
801 2274 1011 2316 conveniet,
1040 2272 1103 2318 qui
1132 2273 1218 2309 licet
1254 2273 1290 2309 in

233 2331 405 2377 praesenti
426 2331 505 2368 loco
526 2332 582 2368 vel
606 2333 737 2369 sacculo
763 2344 879 2370 vanus
898 2334 1050 2380 populus
1075 2334 1289 2378 habebatur,

235 2392 296 2438 qui
313 2391 392 2427 sine
419 2392 535 2438 gratia
556 2392 713 2439 Spiritus
740 2394 856 2430 sancti
874 2394 912 2430 in
938 2393 1010 2430 sine
1027 2399 1148 2431 tamen
1169 2394 1292 2431 saeculi

235 2462 313 2487 cum
329 2450 509 2496 plenitudo
529 2453 686 2498 gentium
707 2453 905 2497 introierit,
922 2459 958 2490 et
977 2454 1094 2490 omnis
1114 2454 1184 2490 ista
1206 2464 1291 2499 pro-

235 2512 356 2559 phetia
373 2521 452 2558 quae
472 2512 515 2548 de
533 2511 643 2549 Israel
662 2513 808 2557 dicitur,
826 2513 862 2549 in
879 2513 1035 2560 spiritali
1049 2514 1162 2550 lsrael
1182 2513 1294 2550 suerit

237 2573 430 2618 completa,
454 2579 539 2609 tunc
559 2574 679 2610 anima
701 2575 778 2621 ejus
797 2575 976 2611 moriatur
999 2586 1083 2612 cum
1104 2575 1294 2613 animabus

233 2632 427 2679 justorum.
449 2633 630 2680 Suscipiet
648 2635 744 2671 enim
767 2636 804 2672 in
825 2646 863 2672 se
882 2636 989 2672 fidem
1008 2636 1166 2681 Christi,
1187 2637 1237 2673 ita
1255 2642 1296 2673 ut

238 2694 306 2740 ipsi
328 2695 472 2730 dicant:
496 2695 700 2741 Quicunque
729 2697 766 2731 in
794 2697 930 2732 Christo
961 2697 1127 2744 baptizati
1153 2709 1293 2742 sumus,

239 2754 429 2800 consepulti
462 2755 553 2790 enim
585 2766 704 2790 sumus
735 2768 813 2791 cum
839 2757 900 2791 illo
931 2768 992 2803 per
1022 2758 1230 2804 baptismum
1259 2759 1296 2794 in

239 2822 349 2850 morte
374 2814 488 2862 (Rom.
510 2816 576 2863 vl).
596 2815 641 2851 Et
661 2816 791 2851 iterum
809 2829 815 2852 τ
839 2817 938 2852 Sicut
962 2820 1222 2863 commorimur,
1246 2821 1296 2856 ita

240 2882 272 2911 et
291 2876 579 2923 conregnabimus
600 2875 657 2923 (ΙΙ
674 2875 764 2910 Tim.
784 2875 838 2923 ιι).
859 2877 903 2912 Ει
922 2878 975 2914 sic
992 2879 1228 2924 complebitur
1243 2881 1297 2916 in-

242 2936 417 2982 telligibili
433 2935 595 2979 Balaam,
615 2941 653 2971 ut
672 2935 849 2971 moriatur
869 2937 988 2972 anima
1007 2937 1085 2982 ejus
1105 2939 1199 2975 inter
1219 2940 1297 2975 ani-

241 3006 321 3032 mas
332 2995 524 3041 Justoruni.
545 2996 647 3039 Quod
668 3001 790 3031 autem
807 2996 918 3032 dicit:
936 2996 983 3031 Et
1006 2997 1095 3041 fiant
1111 2999 1297 3035 novissima

242 3067 319 3091 mea
341 3064 466 3091 norum
486 3055 638 3100 similia,
657 3056 733 3092 sive
753 3061 792 3090 ut
811 3055 879 3091 alia
898 3056 1008 3092 editio
1026 3057 1157 3100 habet,
1178 3064 1215 3093 ut
1235 3059 1299 3104 fiat

244 3127 359 3152 semen
381 3128 496 3153 meum
512 3117 601 3152 sicut
620 3127 735 3152 semen
748 3117 942 3163 justorum,
962 3122 1085 3163 posset
1101 3117 1245 3163 quidem
1264 3125 1301 3156 et

246 3178 289 3214 de
302 3178 363 3214 illo
381 3177 530 3214 Balaam
552 3177 703 3224 intelligi
719 3204 729 3220 ‚
749 3178 811 3213 sed
828 3177 898 3213 hoc
918 3177 1014 3222 quod
1031 3178 1126 3224 magi
1147 3178 1198 3214 illi
1211 3205 1221 3222 ,
1238 3179 1301 3224 qui

247 3239 291 3275 (16
308 3238 456 3275 Oriente
478 3239 679 3282 venientes,
704 3238 812 3285 primi
835 3238 1077 3275 adoraverunt
1095 3237 1238 3283 Jesum‚
1257 3240 1302 3276 de

247 3299 385 3335 semine
407 3297 485 3344 ejus
503 3308 585 3335 esse
610 3298 813 3343 videantur,
840 3298 917 3336 sive
941 3309 1008 3346 per
1036 3299 1303 3336 successionem

249 3359 402 3406 generis,
425 3359 500 3396 sive
525 3370 591 3406 per
617 3359 814 3406 disciplinae
843 3360 1087 3397 traditionem.
1108 3360 1303 3398 Evidenter

250 3420 348 3456 enim
361 3425 502 3457 constat
511 3421 591 3458 illos
602 3421 791 3469 agnovisse
799 3421 958 3466 stellam,
968 3432 1077 3468 quam
1085 3422 1305 3468 praedixerat

251 3480 400 3518 Balaam
416 3482 594 3519 orituram
612 3483 650 3519 in
667 3483 794 3528 lsrael,
809 3490 846 3520 et
859 3483 913 3520 sic
925 3484 1070 3520 venisse
1084 3488 1121 3520 et
1131 3483 1302 3521 adorasse

253 3554 397 3592 regem,
425 3545 486 3592 qui
509 3552 613 3583 natus
634 3547 747 3584 estin
765 3547 891 3583 lsrael.
912 3546 1110 3583 Conveniet
1128 3551 1250 3582 tamen
1268 3550 1305 3582 et

253 3607 373 3653 populi
393 3619 577 3656 personae,
602 3610 798 3646 secundum
816 3620 859 3646 ea
884 3619 964 3655 quoe
987 3608 1244 3655 praediximus,
1263 3611 1305 3644 ut

255 3678 325 3704 non
341 3673 415 3706 tam
432 3671 499 3718 ipsi
516 3659 624 3718 quam
643 3681 767 3708 semen
783 3680 910 3707 eorum
930 3670 1108 3707 efficiatur
1130 3670 1224 3706 sicut
1245 3679 1305 3706 se-

257 3738 340 3766 men
352 3729 543 3778 justorum,
566 3743 692 3771 eorum
715 3733 855 3772 scilicet
876 3732 940 3780 qui
955 3733 1144 3771 credentes
1159 3742 1205 3771 ex
1221 3741 1309 3780 gen-

1306 2005 1336 2047 C

1313 2913 1348 2952 D

1350 1180 1515 1217 oratione
1533 1181 1739 1227 percipiunt
1756 1193 1764 1217 ε
1786 1182 1847 1218 scd
1863 1191 1944 1218 cum
1958 1188 2038 1228 post
2049 1182 2223 1218 orationis
2239 1187 2402 1228 tempora

1350 1253 1474 1278 eorum
1501 1248 1660 1279 mentem
1690 1243 1858 1288 superbia
1886 1243 2100 1290 pulsaverit,
2120 1244 2217 1280 illico
2241 1244 2276 1279 in
2307 1243 2403 1279 fastu

1351 1305 1516 1340 elationis
1543 1306 1797 1342 intumescunt.
1822 1306 1913 1342 Cum
1941 1306 2090 1353 instigat
2119 1306 2270 1342 avaritia
2287 1332 2296 1348 ,
2319 1315 2405 1342 mox

1350 1374 1416 1409 per
1448 1365 1613 1400 incendia
1652 1365 1765 1401 avidae
1800 1366 2026 1411 cogitationis
2061 1371 2272 1402 exaestuant.
2314 1365 2405 1401 Cum

1352 1422 1494 1457 luxuria
1514 1424 1718 1465 tentaverit,
1740 1424 1775 1458 in
1797 1424 1932 1460 illicitis
1949 1424 2116 1469 protinus
2137 1425 2324 1461 desideriis
2341 1434 2407 1460 an-

1352 1482 1489 1518 helant.
1501 1482 1590 1519 Cum
1607 1483 1660 1518 ira
1675 1483 1843 1527 suaserit,
1855 1494 1936 1519 mox
1953 1484 2262 1519 mansuetudinem
2276 1484 2408 1519 mentis

1353 1541 1497 1578 flamma
1515 1542 1665 1579 insaniae
1684 1549 1834 1579 cremat.
1846 1542 1893 1579 Ut
1908 1553 1993 1590 ergo
2008 1543 2179 1587 diximus,
2199 1548 2230 1579 et
2250 1542 2355 1579 ssetus
2371 1542 2409 1579 in

1352 1612 1461 1649 prece
1487 1603 1713 1649 percipiunt,
1743 1609 1779 1639 et
1806 1608 1926 1639 tamen
1949 1603 2101 1650 expletis
2127 1603 2295 1649 precibus
2325 1612 2409 1640 cum

1352 1664 1525 1700 vitiorum
1566 1666 1796 1711 suggestione
1833 1664 2042 1710 pulsantur,
2077 1674 2306 1711 nequaquam
2342 1672 2411 1711 pro

1353 1725 1479 1760 aeterni
1497 1725 1598 1772 regni
1617 1725 1797 1762 desiderio
1817 1736 1855 1762 se
1873 1725 2015 1762 flevisse
2031 1727 2288 1762 meminerunt.
2307 1725 2412 1770 Quod

1354 1790 1477 1830 aperte
1508 1785 1655 1822 Balaam
1680 1787 1724 1822 de
1752 1797 1790 1823 se
1815 1787 1983 1831 innotuit,
2003 1788 2063 1834 qui
2082 1787 2263 1834 justorum
2292 1788 2412 1825 taber·

1354 1846 1481 1881 nacula
1506 1847 1743 1893 conspIciens,
1765 1848 1816 1884 ait
1837 1861 1845 1884 :
1868 1848 2046 1884 Moriatur
2064 1850 2182 1884 anima
2205 1860 2283 1885 mea
2300 1854 2412 1885 morte

1350 1905 1542 1951 justorum,
1563 1913 1595 1942 et
1611 1908 1699 1952 fiant
1720 1909 1908 1944 novissima
1924 1921 2001 1945 mea
2024 1910 2150 1945 horum
2172 1909 2316 1946 similia.
2339 1909 2412 1946 Sed

1357 1976 1438 2002 curn
1454 1968 1742 2012 compunctionis
1761 1974 1902 2014 tempus
1920 1970 2110 2013 abscessit,
2129 1975 2255 2005 contra
2282 1979 2410 2005 eorum

1356 2027 1468 2062 vitam
1489 2028 1618 2073 quibus
1644 2039 1683 2065 se
1707 2029 1859 2065 similem
1880 2029 1959 2064 fieri
1975 2029 2086 2065 etiam
2103 2028 2288 2066 moriendo
2302 2038 2411 2074 popo-

1357 2094 1502 2132 scerat,
1522 2090 1713 2126 consilium
1736 2090 1906 2136 praebuit.
1927 2090 1972 2126 Et
2002 2099 2085 2126 cum
2115 2089 2344 2125 occasionem
2371 2089 2415 2125 de

1358 2152 1511 2187 avaritia
1529 2153 1676 2197 reperit,
1694 2152 1790 2189 illico
1806 2153 1939 2189 oblitus
1959 2152 2045 2198 quid
2063 2151 2131 2188 sibi
2147 2151 2191 2187 de
2208 2150 2415 2187 innocentia

1357 2212 1508 2257 optavit.
1525 2211 1627 2248 Unde
1645 2212 1798 2249 sollicite
1821 2212 2127 2249 considerandum
2142 2216 2218 2255 est,
2242 2211 2327 2257 quia
2341 2210 2414 2247 uti-

1358 2283 1428 2318 que
1443 2274 1656 2319 plerumque
1678 2274 1763 2310 mali
1788 2274 1965 2310 inutiliter
1984 2278 2274 2319 compunguntur
2291 2272 2336 2308 ad
2358 2270 2416 2317 iu-

1359 2334 1515 2379 stitiam,
1534 2335 1626 2372 sicut
1641 2335 1852 2381 plerumque
1875 2335 1961 2371 boni
1987 2334 2134 2370 innoxie
2160 2337 2346 2369 tentantur
2368 2331 2415 2368 ad

1359 2394 1516 2440 eulpam.
1532 2394 1591 2430 Fit
1607 2395 1738 2440 quippe
1753 2395 1860 2438 mira,
1880 2394 2108 2441 exigentibus
2123 2393 2276 2435 meritis,
2297 2393 2418 2438 dispo-

1360 2456 1502 2492 sitionis
1526 2456 1677 2492 internae
1693 2465 1878 2497 mensura,
1901 2461 1942 2490 ut
1961 2459 1997 2490 et
2016 2454 2068 2489 illi
2088 2453 2173 2489 dum
2194 2453 2329 2489 bonum
2351 2451 2417 2487 ali-

1361 2519 1447 2565 quid
1477 2524 1609 2565 agunt,
1643 2517 1738 2564 quod
1768 2522 1889 2553 tamen
1921 2526 1993 2552 non
2017 2513 2230 2561 perficiunt,
2262 2511 2417 2559 superbe

1361 2580 1457 2616 inter
1487 2580 1562 2625 ipsa
1595 2589 1674 2624 quae
1705 2578 1815 2614 etiam
1844 2576 2053 2623 plenissime
2082 2578 2292 2619 perpetrant
2324 2570 2418 2606 mala

1362 2640 1564 2683 confidant;
1583 2644 1620 2675 et
1640 2638 1700 2675 isti
1722 2638 1806 2674 dum
1823 2637 1866 2673 de
1886 2635 1980 2672 malo
1996 2638 2195 2676 tentantur,
2211 2632 2269 2668 cui
2283 2640 2420 2677 nequa-

1363 2714 1471 2749 quam
1486 2701 1729 2743 consentiunt,
1742 2699 1837 2745 quod
1856 2707 1920 2744 per
1935 2696 2182 2734 infirmitatem
2199 2693 2416 2735 titubabant,

1363 2773 1405 2798 eo
1424 2771 1569 2808 gressus
1589 2759 1709 2796 cordis
1737 2759 1781 2794 ad
1802 2756 1982 2804 justitiam
2007 2764 2072 2800 per
2098 2752 2336 2789 bumilitatem
2357 2759 2418 2786 ve-

1363 2823 1438 2858 rius
1470 2822 1595 2867 figunt.
1627 2819 1773 2855 Balaam
1807 2817 1940 2863 quippe
1967 2815 2147 2861 justorum
2182 2809 2418 2847 tabernacula

1366 2881 1577 2926 respiciens,
1596 2879 1667 2914 ait:
1686 2877 1864 2912 Moriatur
1880 2876 1998 2911 anima
2013 2884 2090 2909 mea
2103 2877 2213 2907 morte
2224 2871 2416 2917 justorum.

1365 2941 1498 2978 Paulus
1513 2950 1599 2976 vero
1617 2939 1667 2974 ait
1688 2951 1695 2973 :
1722 2937 1829 2973 Video
1844 2935 1952 2972 aliam
1971 2935 2008 2970 in
2022 2932 2183 2969 membris
2201 2931 2302 2974 meis,
2321 2940 2421 2976 repu-

1367 3007 1530 3049 9nantem
1547 2999 1613 3046 leqi
1642 2999 1765 3035 mentis
1787 3008 1886 3040 meae,
1907 3003 1938 3032 et
1957 2995 2130 3042 capti-vum
2156 3003 2210 3028 me
2237 2991 2418 3027 ducentem

1365 3065 1404 3099 in
1422 3064 1494 3110 leqe
1514 3062 1657 3109 peccati,
1675 3072 1753 3108 quae
1773 3067 1823 3096 est
1848 3060 1886 3095 in
1914 3057 2076 3094 membris
2095 3056 2180 3092 meis
2200 3053 2319 3102 (Rom.
2337 3052 2416 3100 vu).

1370 3124 1438 3168 Qui
1454 3122 1616 3169 profecto
1634 3122 1769 3157 idcirco
1791 3124 1963 3162 tentatur,
1983 3122 2023 3154 ut
2042 3117 2080 3152 in
2099 3115 2193 3152 bono
2214 3112 2419 3156 robustius,

1370 3193 1416 3218 ex
1431 3184 1506 3228 ipsa
1525 3181 1748 3218 infirmitatis
1774 3190 1847 3216 suae
1873 3178 2092 3225 cogitatione
2121 3174 2306 3211 solidetur.
2328 3171 2421 3216 Quid

1369 3253 1455 3288 ergo
1482 3248 1537 3279 est
1564 3242 1661 3288 quod
1689 3241 1749 3277 ille
1777 3240 2045 3285 compungitur,
2074 3243 2112 3274 et
2133 3243 2255 3273 tamen
2272 3235 2421 3281 justitiae

1370 3314 1443 3340 non
1461 3302 1745 3349 appropinquat;
1763 3301 1832 3336 iste
1847 3304 2018 3341 tentatur,
2033 3303 2069 3334 et
2087 3303 2207 3334 tamen
2221 3306 2303 3332 eum
2317 3295 2421 3340 culpa

1370 3376 1443 3403 non
1462 3364 1639 3411 inquinat,
1657 3363 1728 3399 nisi
1751 3363 1821 3398 hoc
1839 3362 1935 3408 quod
1954 3365 2078 3407 aperte
2095 3358 2311 3403 ostenditur,
2335 3357 2421 3403 quia

1371 3436 1438 3463 nec
1447 3425 1561 3462 malos
1575 3425 1669 3460 bona
1682 3421 1893 3470 imperfecta
1911 3420 2095 3467 adjuvant,
2113 3429 2181 3455 nec
2198 3419 2312 3454 bonos
2325 3417 2420 3454 mala

1372 3486 1658 3523 inconsummata
1669 3480 1929 3519 condemnant?
1945 3478 2098 3516 Virtutis
2114 3487 2268 3523 namque
2281 3477 2421 3523 pondus

1372 3547 1489 3582 oratio
1510 3555 1581 3582 non
1602 3544 1732 3587 habet,
1763 3552 1869 3588 quam
1903 3549 2129 3586 nequaquam
2152 3537 2422 3584 perseverantia

1373 3606 1532 3643 continui
1561 3604 1695 3641 amoris
1716 3607 1824 3639 tenet.
1857 3601 1935 3646 Quo
1963 3606 2089 3637 contra
2121 3599 2214 3635 bene
2245 3598 2289 3635 de
2317 3597 2423 3634 Anna

1373 3666 1481 3703 flente
1503 3665 1739 3713 perhibetur:
1768 3661 1957 3709 Vultusque
1977 3661 2053 3708 ejus
2079 3671 2148 3696 non
2167 3665 2247 3695 sunt
2271 3659 2422 3706 amptius

1374 3729 1412 3766 in
1429 3727 1564 3766 diversa
1582 3723 1708 3762 mutati
1722 3721 1758 3771 (Ι
1772 3721 1858 3770 Req.
1874 3722 1916 3771 1).
1933 3720 2026 3768 Quia
2041 3719 2210 3759 videlicet
2222 3726 2327 3758 mens
2343 3715 2423 3765 eius
