2540 4016
1572 97 1593 124 t
1680 88 1696 101 ¹⁸
1910 127 1938 154 ο
2016 99 2050 132 Q

355 262 424 301 ¹99
790 252 840 288 ·B.
867 245 1034 287 RABANI
1059 241 1203 283 nutum
1226 238 1444 301 ARCfflssPg
1467 239 1676 279 uocum.
1698 239 1890 279 omnen
1911 237 2033 276 PARS
2055 236 2097 284 lq*
2431 234 2509 283 m

354 342 408 377 lus
438 336 598 374 imitator
626 337 796 374 existens,
833 334 953 376 aptum
986 335 1026 362 se
1059 314 1193 359 divitiis'
1215 317 1387 354 exhibere
1403 319 1440 361 A
1453 323 1491 355 et
1513 319 1680 366 amplecti
1703 318 1887 360 debemus,
1913 321 1956 353 ut
1983 313 2185 352 claritatem
2212 311 2253 347 in
2281 306 2346 358 Uo
2375 310 2507 353 ‹livinae

353 404 454 437 curet
466 397 679 445 aspectibus.
696 393 781 429 ltem
796 389 937 426 nomina
956 386 1106 422 liliorum
1122 379 1246 423 lsrael,
1265 378 1387 415 Aaron

352 469 459 506 super
475 463 598 506 pectus
614 464 716 492 suum
734 449 938 487 memoriale
954 454 1074 482 coram
1099 441 1252 478 Domino
1269 445 1388 487 portat

352 522 388 558 in
403 527 584 560 aeternum,
601 514 741 562 quando
755 509 882 558 praesul
899 508 1047 554 quisque
1064 503 1192 547 fidelis,
1204 512 1388 548 nunquam

350 591 472 619 eorum
499 578 624 625 quibus
646 573 813 619 praelatus
837 574 907 611 est,
940 576 1063 603 curam
1090 565 1297 602 intermittit
1323 564 1389 599 ha-

347 642 445 681 bere,
467 637 527 674 sed
551 636 657 670 vitam
674 632 805 679 jugiter
835 629 975 664 illorum
1002 631 1039 662 et
1069 624 1310 667 exhortando,
1330 623 1387 659 in-

347 698 533 744 crepando,
559 692 773 731 consolando
790 691 886 736 ipsos
917 688 1136 730 confortare,
1161 691 1197 723 et
1215 696 1287 722 non
1304 695 1389 721 con-

346 759 545 796 fortandam
565 755 816 798 tutandamque
834 751 982 787 Domino
1000 749 1139 786 crebris
1163 749 1198 784 in
1217 747 1389 784 orationi-

345 821 411 856 bus
435 817 695 858 commendare,
724 813 866 859 satagit.
893 811 1006 846 Panes
1031 815 1147 845 autem
1168 809 1205 843 in
1223 806 1388 843 rationali

342 880 468 926 judicii
494 877 683 913 doctrinam
704 881 734 909 et
754 873 940 914 veritatem,
957 881 1035 917 quoe
1061 875 1161 905 erunt
1188 869 1224 903 in
1253 873 1388 913 pectore

348 941 477 980 Aaron,
503 936 639 983 quando
655 933 864 979 inqredietur
883 942 1000 966 coram
1030 929 1193 964 Domino.
1213 928 1293 963 ideo
1321 926 1386 962 do-

345 1001 458 1036 ctrina
478 1004 513 1033 et
529 997 659 1032 veritas
677 995 712 1030 in
732 992 896 1029 rationali
915 991 1054 1037 judieii,
1074 991 1149 1026 sive
1167 988 1295 1024 litteris
1316 988 1387 1023 im-

345 1071 478 1107 pressa,
498 1070 559 1095 seu
589 1058 624 1093 in
647 1056 772 1092 eadem
800 1059 900 1090 veste
929 1051 1087 1093 indutus,
1106 1050 1328 1086 meminisset
1349 1058 1387 1084 se

346 1121 470 1157 studiis
490 1118 674 1159 doctrinae,
695 1117 742 1151 ita
761 1116 870 1151 etiam
893 1113 1146 1158 discipulorum
1166 1111 1386 1157 septuaginta

347 1182 416 1218 duo
435 1182 527 1216 circa
546 1179 652 1225 pedes
671 1186 857 1212 numerum
877 1174 1096 1218 assignatum
1115 1174 1274 1209 haberet.
1295 1173 1386 1208 Con-

1455 378 1660 425 maJ'estatis
1679 388 1745 425 per
1761 387 1869 424 quam
1888 375 2002 412 creati
2019 383 2158 416 sumus,
2178 370 2317 418 pariter
2331 363 2506 408 confiten-

1455 438 1540 476 dum
1559 449 1638 476 esse
1654 438 1862 475 noverimus
1878 436 1956 473 :ita
1972 441 2125 473 mortem
2151 436 2346 479 assumptae
2373 432 2419 469 ab
2445 431 2507 470 illo

1456 500 1690 536 humanitatis
1703 499 1879 542 confiteri,
1895 504 1937 534 ut
1953 498 2117 536 eamdem
2130 506 2213 532 mox
2231 493 2506 538 humanitatem,

1456 559 1493 596 in
1506 566 1678 597 aeternam
1699 561 1742 597 de
1760 565 1877 596 morte
1889 558 2040 606 gloriam
2060 555 2301 594 resurrexisse
2316 553 2505 590 fateamur.

1456 619 1629 657 Sanctum
1649 626 1769 656 autem
1796 619 1937 656 Domini
1953 619 2049 665 quod
2066 618 2104 654 in
2124 617 2256 654 lamina
2275 615 2387 661 sculpi
2402 613 2508 662 iube-

1456 685 1527 724 tur,
1557 690 1687 716 nomen
1717 678 1795 724 ejus
1820 684 1986 716 sanctum
2011 684 2050 715 et
2076 676 2282 715 venerabile
2313 674 2508 722 significat,

1455 739 1551 786 quod
1568 740 1661 787 apud
1680 739 1850 776 Hebraeos
1868 744 2024 784 quatuor
2039 737 2171 774 litteris
2191 735 2377 772 vocalibus
2399 736 2509 774 scribi

1456 802 1578 839 solet:
1609 802 1677 838 hoc
1708 806 1776 845 est,
1800 806 1940 841 ndns.
1971 800 2081 846 Cujus
2111 792 2510 846 interpretatio‘lingua

1455 874 1581 900 eorum
1612 862 1789 899 ineffabile
1817 867 1947 898 sonat:
1967 871 2039 897 non
2066 860 2151 907 quia
2174 860 2244 896 dici
2275 870 2348 896 non
2375 864 2507 906 potest,

1456 924 1517 961 sed
1537 923 1621 970 quia
1643 923 1737 959 liniri
1758 933 1865 959 sensu
1896 928 1933 957 et
1965 921 2146 958 intellectu
2171 925 2347 957 creaturae
2378 917 2509 954 nullius

1454 987 1583 1030 polest.
1605 983 1650 1018 Et
1665 983 1756 1019 bene
1773 989 1926 1028 quatuor
1944 980 2075 1017 litteris
2103 980 2197 1016 idem
2219 988 2350 1014 nomen
2367 977 2509 1014 Domini

1455 1044 1492 1080 in
1523 1043 1641 1079 fronte
1664 1042 1846 1089 pontificis
1872 1047 1952 1077 erat
1971 1041 2159 1086 scriptum,
2179 1043 2326 1085 propter
2345 1036 2513 1074 videlicet

1455 1105 1730 1152 significantiam
1762 1104 1912 1140 totidem
1946 1102 2103 1148 partium
2139 1099 2335 1136 Dominieae
2370 1097 2507 1140 crucis,

1456 1177 1564 1213 quam
1583 1166 1620 1202 in
1645 1164 1763 1201 fronte
1792 1163 1971 1210 portaturi
2005 1171 2166 1204 eramus,
2196 1160 2265 1196 hoc
2290 1164 2359 1202 est,
2388 1167 2509 1203 supre-

349 1246 418 1276 stat
440 1240 533 1275 enim
565 1238 646 1284 quia
671 1237 762 1273 sicut
783 1234 1022 1270 duodenarius
1052 1234 1291 1279 apostolorum
1324 1243 1388 1267 nu·
1406 1230 1438 1270 B
1456 1237 1566 1270 mam,
1585 1227 1763 1268 dextram,
1784 1224 1924 1266 laevam,
1949 1222 2123 1258 infimam.
2151 1221 2298 1266 Ligatur
2318 1223 2437 1254 autem
2459 1216 2512 1253 la·

349 1311 481 1342 merus,
498 1297 705 1344 episcopalis
731 1296 876 1341 gradum
905 1295 1086 1341 dignitatis
1107 1295 1302 1337 inchoavit,
1336 1295 1387 1330 sic

349 1361 510 1407 discipuli
537 1360 757 1405 septuaginta
784 1358 865 1398 duo,
884 1358 943 1402 qui
973 1364 1009 1392 et
1030 1357 1095 1402 ipsi
1125 1357 1167 1391 ad
1189 1356 1388 1402 prsediean-

349 1422 431 1458 dum
457 1422 600 1457 verbum
621 1426 701 1456 sunt
719 1420 818 1454 missi
847 1429 866 1453 a
900 1418 1062 1459 Domino,
1092 1418 1240 1463 gradum
1275 1427 1391 1453 sacer-

349 1483 434 1518 dotii
455 1482 616 1522 minoris,
648 1480 707 1525 qui
737 1489 830 1514 nunc
849 1478 1113 1523 presbyteratus
1139 1482 1298 1519 vocatur,
1325 1487 1389 1512 sua

348 1541 517 1576 electione
548 1541 745 1585 signarunt.
782 1538 949 1573 Portabat
986 1543 1021 1572 et
1054 1537 1278 1582 septuaginta
1320 1536 1390 1572 duo

350 1599 580 1635 tintinnabula
610 1609 732 1640 aurea,
763 1608 842 1633 enm
869 1597 1015 1632 totidem
1036 1597 1139 1630 malis
1169 1596 1321 1641 punicis,
1351 1601 1390 1630 ut

349 1662 549 1697 ostenderet
567 1660 729 1705 mystice,
749 1658 843 1703 quod
875 1657 962 1692 fides
989 1661 1025 1691 et
1058 1657 1218 1700 operatio
1244 1656 1391 1700 justitiae

351 1723 552 1757 universum
581 1720 749 1755 mundum
779 1723 874 1753 esset
901 1718 944 1752 ab
972 1726 1133 1751 errorum
1156 1716 1312 1751 tenebris
1348 1716 1391 1751 ad

350 1792 470 1818 veram
489 1781 600 1816 lucem
626 1779 850 1825 perductura.
870 1776 957 1811 Tres
981 1786 1134 1820 namque
1156 1775 1230 1810 <lies
1259 1785 1301 1810 ac
1325 1785 1390 1810 no-

350 1848 435 1881 cles,
455 1841 560 1876 horas
580 1840 710 1874 babent
738 1836 957 1883 septuaginta
976 1836 1077 1877 duas,
1109 1841 1144 1869 et
1163 1835 1245 1880 quia
1267 1834 1318 1870 sol
1331 1833 1390 1878 ju-

349 1902 453 1937 stitiae
482 1900 627 1935 visibilis
654 1909 778 1935 onmes
810 1898 931 1933 mundi
962 1904 1083 1943 partes
1107 1897 1141 1931 in
1172 1906 1268 1931 rxxn
1293 1895 1392 1931 horis

349 1973 452 2007 snpra
476 1961 636 2007 infraque
650 1959 846 2000 lustrando,
864 1959 976 1992 tribus
994 1957 1133 1991 vicibus
1150 1955 1293 1996 circuit,
1312 1959 1394 1998 apte

350 2025 405 2062 hic
429 2033 595 2059 numerus
621 2020 939 2057 tintinnabulorum
971 2024 1006 2052 et
1039 2018 1213 2063 majorum
1245 2016 1394 2051 ‹liversi-

350 2091 420 2120 tate
439 2083 566 2119 coloris
587 2082 712 2116 tunicae
736 2079 913 2125 pontilicis
934 2078 1077 2112 indutus
1098 2083 1166 2119 est,
1197 2076 1240 2111 ad
1263 2076 1393 2112 ‹locen-

1455 1289 1553 1324 mina
1585 1297 1664 1332 quae
1691 1290 1855 1322 sanctum
1887 1283 2029 1320 Domini
2057 1282 2230 1325 continet,
2254 1279 2344 1316 vitta
2364 1278 2513 1326 hyacin-

1456 1349 1569 1391 thina,
1591 1357 1673 1383 cum
1703 1346 1797 1381 tiara
1824 1344 2018 1391 pontilicis,
2050 1343 2193 1389 quando
2220 1351 2283 1388 spe
2311 1339 2512 1377 coelestium

1455 1408 1687 1454 praemiorum
1707 1416 1813 1452 quam
1831 1405 2049 1452 hyacinthus
2066 1402 2260 1450 significat,
2286 1401 2322 1438 in
2343 1400 2414 1438 fide
2427 1411 2514 1437 con-

1457 1469 1646 1510 fortamur,
1666 1474 1703 1503 et
1728 1477 1771 1503 eo
1797 1466 1934 1502 arctius
1954 1465 2010 1501 vel
2040 1469 2268 1500 sacramenta
2292 1467 2424 1498 nostrae
2452 1471 2513 1497 re-

1457 1529 1687 1575 demptionis,
1718 1527 1775 1564 vel
1806 1527 1998 1573 imaginem
2027 1536 2070 1561 ac
2099 1524 2370 1561 similitudinem
2398 1521 2513 1558 nostri

1457 1589 1654 1626 conditoris
1667 1615 1677 1632 ,
1713 1594 1748 1624 et
1781 1587 2039 1633 redemptionis
2079 1586 2329 1622 intemeratam
2370 1592 2515 1620 servare

1458 1650 1718 1692 contendimus,
1739 1659 1810 1694 quo
1827 1647 1965 1684 nullum
1994 1657 2074 1683 esse
2093 1646 2189 1681 aliud
2215 1644 2343 1681 salutis
2362 1643 2431 1678 iter
2449 1653 2512 1679 eo-

1458 1712 1659 1756 gnovimus.
1692 1709 1918 1756 Portabitque
1938 1709 2056 1744 Aaron
2075 1708 2276 1754 iniquitates
2297 1716 2416 1742 eorum
2435 1715 2513 1751 quae

1460 1772 1645 1807 obtulerint
1663 1778 1692 1806 ct
1712 1771 2002 1816 sanctificaverint
2017 1769 2080 1814 filii
2097 1768 2224 1812 Israel,
2245 1768 2280 1803 in
2293 1766 2424 1802 cunctis
2439 1775 2515 1800 mu-

1461 1833 1598 1868 neribus
1607 1839 1637 1866 et
1649 1832 1739 1865 dona
1746 1832 1804 1865 riis
1815 1830 1901 1865 suis.
1912 1829 2036 1864 Portat
2046 1835 2200 1873 namque
2215 1826 2375 1874 pontifex
2389 1824 2516 1870 iniqui-

1462 1898 1553 1927 tates
1569 1891 1806 1932 subditorum,
1825 1889 1858 1924 id
1879 1895 1946 1930 est,
1968 1893 2133 1934 exportat
2152 1894 2188 1923 et
2207 1887 2337 1930 aufert,
2357 1896 2437 1922 cum
2455 1889 2517 1920 aut

1461 1962 1523 1988 eos
1551 1951 1711 1987 docendo
1742 1951 1786 1986 ad
1812 1940 2358 1995 poenitentiam‘commissorum
2386 1954 2515 1992 provo-

1462 2018 1537 2055 cat,
1561 2017 1621 2047 aut
1644 2021 1708 2057 pro
1737 2010 1993 2056 poenitentibus
2014 2008 2257 2054 supplicando,
2283 2006 2434 2053 gratiam
2464 2005 2517 2041 eis

1459 2072 1547 2118 justi
1564 2071 1694 2117 judicis
1713 2070 1893 2106 conciliat.
1917 2070 2017 2105 Facit
2033 2074 2150 2104 autem
2171 2069 2239 2103 hoc
2256 2068 2291 2102 in
2309 2066 2518 2103 muneribus

350 2146 433 2180 dum
454 2143 617 2188 figurate,
634 2141 726 2185 quod
744 2139 795 2173 sol
813 2138 959 2182 justitiae
976 2136 1138 2172 Clu-istus
1155 2136 1277 2171 orbem
1298 2141 1394 2171 esset
1412 2128 1440 2169 C
1462 2139 1498 2168 et
1513 2133 1671 2168 donariis
1687 2142 1766 2177 quae
1785 2131 1850 2177 ipsi
1868 2130 2060 2166 obtulerint
2079 2129 2229 2164 Domino
2255 2133 2292 2163 et
2315 2126 2518 2164 sanctifica-

351 2203 612 2239 illuminaturus
640 2201 859 2240 universum,
878 2199 981 2244 eique
1012 2199 1141 2233 donum
1163 2197 1389 2243 praebiturus,

350 2271 386 2300 et
400 2274 493 2300 verae
511 2262 602 2301 lidei,
624 2271 702 2307 qua}
717 2261 751 2295 in
767 2259 946 2306 agnitione
962 2264 997 2293 et
1017 2258 1240 2294 confessione
1260 2263 1391 2293 sanetae

351 2325 534 2361 Trinitatis
550 2331 586 2360 et
601 2324 699 2358 bona:
717 2321 950 2367 operationis.

757 2393 906 2430 CAPUT
934 2391 991 2430 Vl.

349 2459 398 2495 De
428 2459 559 2494 lamina
589 2468 696 2492 aurea
714 2456 900 2546 sssssfffldffflvl
930 2454 980 2509 ’ad
1015 2455 1207 2490 ornandam
1245 2454 1392 2499 frontem

780 2509 874 2548 ponti
905 2512 967 2535 cis.

395 2566 521 2609 facies,
530 2571 563 2601 et
581 2564 745 2600 laminam
766 2563 807 2597 de
833 2573 919 2596 auro
934 2561 1133 2607 purissimo,
1153 2562 1189 2596 in
1207 2572 1275 2607 qua
1301 2560 1394 2596 scul-

347 2638 403 2672 pes
419 2637 517 2671 opere
532 2624 702 2660 coelatori.»
718 2629 876 2658 sanctum
897 2622 1060 2657 Domino.
1083 2622 1290 2668 Liqabisque
1317 2634 1393 2658 eam

348 2688 432 2722 vitta
446 2685 685 2731 hyacinthina,
700 2690 731 2718 et
751 2684 811 2718 erit
827 2694 929 2729 super
945 2683 1070 2717 tiaram
1089 2683 1271 2717 imminens
1287 2682 1393 2727 [ronti

350 2743 519 2791 pontificis
535 2742 663 2790 (Emori.
685 2742 825 2787 xxvni).
839 2741 986 2776 Lamina
1002 2742 1078 2776 haec
1095 2751 1202 2777 aurea
1222 2742 1258 2777 in
1277 2742 1394 2778 fronte

351 2802 540 2849 pontilicis,
560 2802 595 2837 in
611 2810 679 2846 qua
697 2806 856 2836 sanctum
875 2800 1038 2841 Domino,
1055 2800 1130 2835 sive
1146 2806 1307 2836 sanctum
1325 2801 1395 2837 Do-

352 2864 453 2906 mini,
477 2869 516 2898 ut
533 2863 568 2898 in
589 2861 817 2907 sequentibus
831 2859 1040 2905 appellatur,
1054 2860 1231 2905 sculptum
1247 2867 1315 2904 cst,
1339 2872 1396 2896 sa·-

352 2923 484 2958 cratius
509 2921 650 2957 caeteris
667 2925 745 2954 erat
764 2919 978 2954 indumentis
998 2918 1150 2960 illius,et
1169 2920 1296 2955 merito
1314 2922 1395 2965 quia

353 2982 446 3016 sicut
462 2980 580 3015 divina
599 2979 757 3024 potentia
772 2978 910 3014 cunctis
938 2988 1017 3023 quae
1042 2979 1178 3013 creavit
1202 2980 1396 3023 superemi-

354 3045 425 3083 net,
445 3041 493 3076 ita
516 3039 701 3085 oportebat
724 3044 763 3073 ut
779 3048 906 3073 nomen
925 3035 1002 3081 ejus
1031 3043 1199 3074 caeterum
1215 3039 1393 3083 pontilicis

354 3101 512 3137 nabitum
532 3105 767 3144 amatumque
798 3097 1066 3140 transcendens,
1098 3097 1203 3133 altius
1227 3099 1391 3143 praeemi-

354 3167 465 3204 neret,
487 3165 525 3197 et
543 3159 638 3195 velut
655 3164 782 3195 cuncta
807 3157 1048 3199 sanctificans,
1078 3157 1245 3193 eximiam
1277 3158 1311 3193 in
1341 3159 1394 3194 eis

354 3219 475 3257 sedem
492 3223 641 3256 teneret.
662 3217 846 3265 Significat
873 3222 992 3252 autem
1022 3216 1133 3263 ipsam
1163 3217 1394 3262 professionis

354 3285 484 3317 nostrae
508 3278 687 3320 fiduciam,
706 3286 814 3324 quam
833 3277 870 3312 in
894 3275 1012 3312 fronte
1033 3282 1218 3322 portamus
1235 3276 1393 3312 dicentes

355 3339 482 3387 singuli
495 3349 579 3376 cum
594 3336 764 3385 Apostolo
782 3347 791 3372 ε
810 3334 1031 3372 militantem
1047 3335 1135 3370 alm‘t
1153 3334 1312 3382 gloriari,
1331 3336 1397 3371 niti

355 3400 392 3435 ia
409 3410 508 3435 cruce
530 3397 670 3435 Domini
692 3396 803 3432 nostri
818 3394 905 3432 lesit
930 3393 1062 3431 Christi
1081 3393 1176 3442 (Gal.
1190 3394 1256 3443 vr).
1277 3394 1323 3431 Et
1341 3404 1398 3431 re-

357 3462 415 3493 cte
428 3457 497 3494 boc
510 3467 620 3494 unum
642 3457 680 3494 in
702 3461 780 3494 toto
807 3454 988 3503 pontilicis
1010 3454 1133 3492 babitu
1157 3454 1202 3492 de
1228 3464 1318 3492 auro
1343 3460 1401 3492 est

359 3515 436 3554 nolo
462 3517 609 3563 Inuum,
635 3524 678 3555 ut
698 3516 912 3555 munditiam
933 3516 1054 3556 coron
1078 3517 1155 3554 sive
1171 3516 1344 3564 corporis,
1361 3516 1398 3553 in

358 3585 431 3624 qu
464 3577 632 3626 mysteria
664 3578 919 3626 redemptionis
947 3582 1082 3615 nostrat
1112 3577 1308 3615 recondere
1341 3575 1399 3614 vel

358 3642 500 3685 nutare
512 3636 719 3683 emmas,
737 3639 951 3682 meamet,
970 3636 1028 3675 vel
1051 3641 1152 3675 certe
1165 3645 1255 3674 auro
1271 3634 1402 3674 inscri-

358 3697 654 3752 ιιιιιῇὶιιῐιωω
670 3697 1020 3736 ncoedoemctmn
1047 3697 1191 3737 Domini
1212 3693 1401 3746 neruum

360 3743 1400 3864 Qwawmfflssss

336 3864 415 3883 ως).
462 3863 573 3898 tusum
590 3865 651 3892 ΝιΣ
671 3858 760 3893 ,lffla
803 3870 842 3890 -ΤἼ
863 3877 903 3893 a.»
930 3872 933 3873 ’
1103 3860 1127 3893 ⁷2
1146 3864 1242 3898 (ΜΝ,
1263 3863 1286 3896 J

1460 2194 1580 2229 verint
1598 2204 1678 2229 cum
1706 2202 1772 2238 pro
1804 2190 1979 2226 fructibus
1998 2190 2116 2235 dignis
2136 2187 2369 2234 poenitentiae,
2388 2186 2422 2222 id
2447 2191 2514 2228 est,

1460 2254 1699 2300 eleemosynis
1728 2252 1941 2298 caeterisque
1966 2250 2114 2295 justitian
2134 2248 2301 2294 operibus
2325 2256 2404 2292 quae
2425 2245 2519 2283 fece-

1462 2322 1567 2359 runt,
1601 2316 1817 2361 poenitentes
1846 2325 1867 2350 a
1899 2319 1999 2350 reatu
2032 2312 2205 2348 scelerum
2233 2321 2313 2357 quae
2338 2308 2519 2355 quondam

1460 2384 1695 2424 patraverunt
1732 2376 1897 2412 absolvit,
1931 2375 2009 2410 Erit
2041 2380 2156 2409 autem
2176 2372 2308 2408 lamina
2324 2363 2458 2418 semper
2482 2369 2520 2406 in

1461 2439 1574 2484 fronte
1599 2438 1687 2483 ejus,
1707 2443 1743 2472 nt
1764 2437 1923 2483 placatus
1950 2435 1993 2470 sit
2014 2434 2062 2470 eis
2089 2432 2272 2468 Dominus.
2294 2430 2332 2467 Si
2349 2429 2444 2466 enim
2468 2427 2521 2463 la-

1461 2497 1558 2533 mina
1576 2497 1722 2532 nomine
1740 2495 1881 2531 Domini
1902 2493 2035 2539 scripta
2065 2500 2205 2537 semper
2221 2489 2329 2525 fuerit
2347 2489 2383 2524 in
2400 2487 2521 2524 fronte

1459 2558 1595 2600 Aaron,
1623 2557 1822 2603 placabitur
1854 2555 1937 2590 filiis
1966 2553 2076 2590 lsrael
2102 2552 2302 2587 Dominus:
2324 2549 2408 2596 quia
2435 2556 2520 2586 cum

1462 2618 1588 2654 doctor
1606 2618 1682 2662 ipsc
1717 2616 1869 2652 fideliter
1888 2624 1926 2651 se
1952 2614 2073 2650 divino
2103 2611 2250 2649 servitio
2280 2619 2371 2656 pura
2398 2613 2540 2645 mente-

1462 2679 1673 2720 subtliderit,
1693 2687 1777 2713 mox
1795 2676 1903 2712 etiam
1925 2674 2059 2711 subditi
2077 2671 2250 2718 exemplis
2269 2670 2363 2707 illius
2382 2679 2424 2705 ac
2446 2678 2540 2704 κιο-ε

1461 2739 1546 2775 nitis
1564 2738 1718 2781 accensi,
1738 2743 1773 2774 et
1790 2737 1857 2782 ipsi
1872 2741 1969 2772 recte
1986 2735 2121 2779 vivere,
2142 2733 2366 2780 gratiamque
2385 2726 2540 2768 interni!

1462 2799 1676 2846 inspectoris
1713 2796 1913 2843 promereri
1950 2799 2127 2841 satagunt.
2163 2791 2386 2838 stringesque
2418 2773 2540 2836 bysso:

1462 2861 1628 2896 tunicam.
1648 2858 1732 2893 Haec
1746 2861 1802 2892 est
1819 2856 1940 2891 tunica
1957 2855 2119 2897 interior,
2135 2863 2241 2900 quam
2259 2861 2368 2898 supra
2382 2840 2540 2890 lineam]

1463 2922 1626 2958 strictam
1660 2923 1856 2963 nuncupat.
1890 2917 2006 2961 Quare
2033 2922 2152 2952 autem
2183 2915 2277 2951 linea
2309 2913 2432 2949 stricta
2471 2910 2520 2949 sit

1464 2982 1573 3023 dicta,
1595 2979 1651 3015 vel
1686 2978 1794 3025 bysso
1822 2978 1950 3024 stringi
1978 2977 2219 3023 praecipiatur,
2249 2974 2324 3021 iam
2352 2970 2518 3019 superius

1463 3040 1666 3087 expositum
1681 3043 1748 3074 est.
1768 3038 1812 3073 Et
1829 3047 1924 3073 nunc
1941 3035 2194 3082 adjiciendum,
2212 3034 2297 3082 quia
2313 3033 2429 3071 solent
2447 3022 2519 3068 mid

1462 3099 1545 3135 lites
1573 3096 1706 3134 babere
1734 3097 1860 3139 lineas,
1880 3105 1970 3141 quas
1992 3095 2161 3132 camisias
2181 3098 2325 3137 vocant,
2346 3092 2399 3129 sic
2414 3096 2487 3138 apt
2507 3132 2511 3138 ¹

1465 3157 1636 3194 membris
1657 3162 1694 3194 et
1712 3156 1857 3193 strictas
1876 3154 2103 3200 corporibus,
2121 3160 2163 3191 ut
2177 3152 2335 3200 expediti
2356 3151 2444 3195 sint,
2459 3159 2506 3185 va·

1465 3218 1666 3260 adversum,
1689 3215 1744 3251 vel
1762 3215 1805 3250 ad
1831 3213 1993 3261 praelium
2013 3214 2198 3261 dirigendo
2210 3211 2344 3261 iaculo,
2362 3208 2518 3249 tenend

1465 3277 1603 3324 clypeo,
1617 3285 1703 3312 ense
1719 3273 1898 3317 librando,
1911 3279 1949 3309 et
1962 3283 2175 3320 quocunque
2188 3269 2387 3310 necessitas
2400 3275 2480 3306 trax
2490 3284 2516 3305 a,

1466 3337 1515 3374 rit
1535 3348 1543 3372 z
1566 3334 1708 3382 qualem
1725 3338 1762 3370 et
1776 3331 1865 3369 Joab
1879 3332 2048 3368 habuisse
2066 3331 2212 3379 legitur,
2235 3330 2380 3377 quando
2403 3328 2513 3367 Ama

1465 3406 1544 3433 sam
1563 3392 1768 3431 interfecit:
1795 3391 1958 3428 strictam
1975 3390 2112 3428 scilicet
2127 3389 2175 3426 ad
2192 3399 2398 3426 mensuram
2413 3386 2515 3437 hab,

1466 3459 1526 3492 tus
1547 3453 1616 3491 sui.
1643 3452 1738 3500 Ergo
1763 3456 1801 3488 et
1828 3449 2035 3488 sacerdotes
2060 3447 2177 3496 parati
2205 3448 2243 3485 in
2273 3445 2466 3485 ministefi'

1465 3517 1530 3556 Dei
1546 3519 1696 3554 utuntur
1719 3515 1790 3552 bac
1809 3512 1941 3557 tunica,
1965 3516 2006 3548 ut
2021 3510 2196 3549 habentes
2212 3508 2470 3558 polein-itam-

1465 3577 1775 3620 vestimentorum,
1793 3572 1971 3611 nudorum
1993 3571 2178 3609 celeritate
2195 3564 2413 3622 diem-afli
2444 3570 2482 3615 ζ,

1466 3641 1587 3675 autem
1601 3633 1699 3678 linea
1722 3631 1798 3671 non
1826 3630 1942 3669 nolum
1957 3629 2136 3667 strictaet
2162 3627 2261 3666 veris
2360 3633 2361 3636 ’
