2540 4016
29 114 42 150 ἶ

21 175 152 245 ἐμ

595 204 597 206 -
622 179 891 219 mmm
915 181 1070 222 surm
1092 186 1511 228 »mmmmm
1535 210 1584 224 -·
1603 194 1692 232 m
1714 195 1759 232 u.

19 259 37 305 <j
53 258 271 306 ,moventur
298 253 336 292 in
353 254 458 301 aquis
472 257 511 293 et
541 252 679 293 vivunt.
701 255 750 294 Et
774 265 859 294 cuin
877 257 991 294 vitam
1012 260 1128 298 sortiti
1146 263 1184 304 A
1199 261 1299 299 tione
1317 261 1495 304 ciborum,
1509 263 1601 302 fines
1622 266 1853 312 elemptim
1869 271 1980 314 dedit.
1996 278 2095 322 Qun
2117 282 2249 327 perdu-

28 318 35 330 ¹
57 321 165 356 munt
191 316 230 353 in
259 316 493 362 baptismate,
517 315 749 356 vocationem
781 321 902 356 tamen
926 320 1132 365 generatio-

27 413 34 416 .
77 386 235 423 nemque
250 382 507 424 corruperunt,
523 378 609 417 dum
625 378 800 424 pennulas
817 385 855 419 et
872 389 1044 425 squamas
1059 392 1132 419 non

77 437 227 481 hahent,
249 438 438 478 sublimem
451 438 621 478 videlicet
637 439 751 478 vitam
769 466 778 482 ‚
813 440 1132 488 cognitionemque

75 499 301 543 divinorum,
321 511 402 547 quae
434 501 607 545 coelestis,
626 502 692 543 sed
709 512 773 541 cor
804 513 942 540 caecum
973 503 1012 539 in
1032 503 1132 550 igno-

13 588 16 590 *
77 562 199 599 tantia.
214 562 389 605 detinent,
420 568 457 600 et
487 569 683 611 propterea
702 566 742 602 in
765 566 822 602 his
852 576 933 612 quae
963 577 1133 614 squamas

75 623 222 667 liabent,
240 634 313 665 non
332 625 625 664 adnumerantur.
659 629 808 666 Intende
844 635 963 667 autem
997 637 1133 677 quanta

77 685 298 725 sublimitate
326 696 549 731 sermonum,
570 695 610 726 ut
626 691 796 727 videlicet
814 692 973 728 maxima
990 703 1056 738 per
1072 703 1134 730 eos

75 746 250 793 mysteria
266 752 303 785 et
321 748 547 787 admirabilia
560 751 766 797 significans
783 753 982 798 legislator,
993 761 1131 792 utatur.

74 805 258 845 Pennutas
286 808 382 845 enim
407 814 444 845 et
463 820 633 854 squamas
659 812 859 857 conjunxit,
889 814 975 858 quia
1007 824 1132 859 quem-

76 869 271 907 adnio‘lum
302 870 462 915 piscibus
483 873 617 917 quibus
646 879 731 909 sunt
765 883 935 919 squamae,
959 874 1017 909 his
1050 881 1133 911 sunt

75 929 284 966 omnimodo
317 936 353 966 et
384 933 564 977 pennulae,
599 934 652 969 sic
685 934 814 978 quibus
851 934 1057 979 temporalis
1077 942 1133 972 est

75 1001 238 1035 squama.
260 992 303 1029 Et
321 999 539 1039 quapropter
560 995 633 1029 cito
656 1004 699 1030 ea
718 995 835 1030 careri
849 996 975 1040 possit.
1002 995 1065 1032 His
1097 1003 1132 1032 et

73 1051 231 1096 cognitio
247 1052 424 1094 sublimis,
445 1058 483 1089 et
501 1054 574 1088 vita
594 1054 752 1090 coelestis
772 1054 954 1099 adjicitur.
979 1055 1130 1101 Horum,

74 1112 135 1157 qui
155 1122 228 1149 non
257 1118 341 1149 sunt
366 1114 469 1156 taleS,
497 1124 564 1150 nec
582 1125 715 1151 carnes
748 1118 937 1154 comedere
950 1144 959 1161 ,
980 1120 1043 1155 sed
1064 1129 1131 1155 nec

1199 332 1288 359 cens
1306 328 1344 359 et
1362 321 1600 361 terribiliores
1614 322 1766 368 taciens,
1786 336 1861 365 non
1877 329 1971 370 sicut
1989 334 2035 372 de
2056 342 2247 383 pecoribus

1199 386 1238 417 et
1270 383 1455 428 piscibus,
1488 383 1599 421 etiam
1630 384 1675 421 de
1704 385 1762 423 his
1798 386 1928 427 sciant.
1961 390 2015 430 lbi
2045 398 2145 441 enim
2167 404 2247 441 aig:

1203 455 1218 476 ι
1239 441 1326 479 Haec
1340 449 1423 480 sunt
1440 444 1611 481 animalia
1626 455 1708 490 quae
1726 446 1915 484 comodere
1932 448 2073 490 debetis
2095 455 2141 492 «ιο
2166 467 2252 501 mn.

1200 502 1271 539 ctis
1303 503 1548 540 animantibus
1577 508 1700 547 terrae3
1723 517 1738 539 ι
1772 510 1811 541 et
1843 515 2000 544 rursus:
2025 521 2038 544 ι
2058 510 2144 551 Eaec
2174 526 2255 556 sum

1201 572 1281 608 quae
1298 562 1492 608 gignuntur
1509 563 1545 599 in
1560 564 1678 609 aquis,
1696 568 1734 600 et
1746 563 1845 604 vesei
1859 565 1999 604 licitum
2017 575 2084 606 est.
2106 571 2183 613 Hoc
2194 586 2256 614 au.

1202 627 1276 660 tem
1304 628 1400 666 sunt,
1431 634 1511 669 quae
1531 625 1574 660 de
1594 625 1722 662 avibus
1739 627 1931 664 comedere
1962 640 2034 666 non
2053 631 2202 678 debetis,
2220 643 2256 674 et

1199 685 1348 721 vitanda
1376 685 1491 722 vobis.
1508 698 1527 720 ο
1547 684 1640 722 Vere
1661 686 1928 726 abominatione
1961 690 2108 738 dignum
2136 701 2205 739 est,
2223 703 2259 734 et

1200 745 1306 782 valde
1340 746 1435 782 inter
1475 745 1600 782 illicita
1639 753 1747 794 atque
1785 749 1893 785 nimis
1929 751 2096 788 evitanda
2125 763 2260 792 connu-

1201 805 1439 849 merandum,
1473 807 1767 852 contemplationi
1804 816 1991 848 vacantem
2022 815 2255 862 quempiam,

1201 874 1330 914 sponte
1351 870 1441 905 tales
1457 870 1591 906 babere
1607 873 1779 916 maculas,
1800 875 1922 919 quales
1937 886 2002 922 per
2014 877 2261 918 dinumeratas

1202 940 1286 966 aves
1315 930 1498 977 legislator
1531 933 1722 979 significat.
1759 934 1818 971 Ait
1855 936 1951 972 enim
1988 937 2190 984 :Aquilam
2220 946 2259 978 et

1202 990 1388 1035 gryphem,
1418 991 1614 1034 lnaliaetum,
1632 1001 1668 1028 ct
1693 993 1842 1030 milvum
1865 994 1968 1040 juxta
1992 1007 2106 1043 genus
2124 1009 2257 1037 *suum-

1200 1049 1364 1093 Rapaces
1383 1057 1420 1086 et
1442 1051 1561 1086 cibum
1583 1052 1739 1088 alienum
1770 1054 1863 1090 male
1893 1062 2086 1101 sectantes,
2112 1061 2258 1104 quaesti-

1200 1109 1269 1145 bus
1287 1108 1427 1154 injustis
1452 1112 1662 1156 gaudentes,
1677 1122 1742 1156 per
1759 1114 1932 1157 praedicta
1952 1116 2144 1162 significat.
2167 1119 2259 1163 Quia

73 1174 268 1211 morticina
293 1179 455 1221 tangere,
476 1185 542 1211 nee
562 1177 719 1222 aliquam
740 1179 1030 1224 conjunctionem
1049 1190 1128 1216 om..
1148 1166 1180 1206 B
1199 1171 1296 1206 enim
1315 1171 1461 1216 quidam
1482 1172 1713 1208 inveniuntur
1741 1174 1777 1208 in
1796 1173 1957 1212 Ecclesia
1987 1176 2084 1212 inter
2116 1188 2179 1214 eos
2199 1180 2259 1226 qui

72 1234 158 1270 nino
176 1244 256 1270 cum
284 1235 336 1272 eis
352 1235 486 1272 habere
503 1242 660 1282 oportet.
686 1237 789 1280 Quod
807 1244 964 1274 testatur
981 1241 1128 1284 Paulus,

73 1295 227 1335 dicens:
259 1307 272 1332 ι
303 1294 343 1335 St
372 1296 402 1332 is
433 1297 495 1342 qui
513 1297 627 1333 frater
644 1299 867 1342 nominatur,
887 1305 943 1335 est
975 1301 1131 1337 fornica-

73 1360 144 1398 tor,
164 1362 226 1392 aut
243 1366 388 1399 avarus,
404 1363 466 1393 aut
495 1357 599 1393 idolis
619 1359 794 1400 serviens,
824 1365 887 1394 aut
916 1361 1126 1405 maledicus,

73 1423 135 1453 aut
156 1418 334 1462 ebriosus,
356 1425 417 1455 aut
439 1429 567 1464 rapax,
589 1430 671 1455 cum
693 1420 901 1464 hujusmodi
921 1432 987 1458 nee
1008 1423 1129 1458 cilium

71 1480 201 1515 sumite
224 1479 266 1517 (Ι
281 1478 365 1516 Cor.
381 1479 431 1525 v).
457 1493 469 1514 ι
491 1479 653 1522 Adulter,
681 1487 742 1516 aut
758 1492 901 1526 avarus,
927 1489 989 1518 aut
1011 1483 1129 1519 ebrio-

71 1548 145 1580 sus,
166 1545 228 1575 aut
247 1540 442 1582 detractor,
471 1551 542 1578 non
575 1541 683 1576 habet
714 1543 904 1587 pennulas,
938 1549 998 1579 aut
1016 1545 1128 1581 vitam

69 1598 237 1637 videlicet
254 1600 391 1635 habens
414 1600 595 1636 sordidam
626 1607 663 1637 et
689 1603 926 1639 immundam.
947 1605 1129 1641 Idolorum

71 1666 191 1696 autem
214 1659 345 1702 cultor,
362 1661 423 1705 qui
445 1671 616 1706 squamas
632 1673 703 1698 non
720 1662 844 1707 habet,
857 1675 927 1700 non
945 1672 1129 1712 computa-

70 1727 142 1757 tur.
168 1721 304 1759 Duram
338 1721 468 1767 quippe
496 1726 532 1758 et
569 1722 606 1758 in
635 1733 773 1760 morem
804 1730 907 1762 testae
939 1732 1047 1773 atque
1078 1728 1130 1763 in-

71 1781 271 1819 sanabilem
298 1782 433 1819 hahere
462 1783 605 1823 videtur
637 1785 840 1822 divinorum
869 1787 1126 1834 ignorantiam.

69 1843 170 1881 Alias
189 1855 418 1891 nequaquam
437 1851 627 1891 postquam
647 1847 722 1884 Deo
754 1848 968 1894 coniunctus
989 1857 1058 1895 est,
1074 1852 1129 1887 ul-

70 1909 127 1941 tra
159 1907 312 1943 serviret
345 1908 462 1945 idolis.
490 1910 669 1947 Praeterea
703 1914 902 1950 notandum
928 1920 998 1957 est,
1032 1915 1128 1961 quod

69 1967 202 2012 pisces,
221 1968 282 2012 qui
298 1970 476 2014 pennulas
494 1981 727 2016 squamarum
743 1973 892 2016 habent,
910 1974 995 2010 dare
1016 1975 1128 2011 saltus

69 2026 178 2062 etiam
203 2037 311 2073 super
330 2039 444 2073 aquas
460 2031 590 2066 solent.
609 2030 701 2074 Quid
728 2042 814 2078 ergo
834 2034 1000 2078 pennatis
1019 2035 1129 2080 pisci-

1200 1222 1372 1278 putantur
1411 1233 1703 1279 contemplationi
1749 1244 1896 1280 operam
1935 1235 2049 1280 dare,
2089 1239 2151 1283 qui
2188 1250 2259 1276 non

1200 1294 1502 1341 quemadmodum
1523 1296 1653 1331 debent
1680 1296 1724 1331 ad
1758 1297 1826 1333 hoc
1854 1303 1998 1342 vacant,
2034 1299 2098 1335 sed
2124 1299 2259 1337 frustra

1200 1356 1394 1398 inflantur,
1429 1356 1512 1390 audi
1544 1355 1694 1391 Paulum
1729 1356 1939 1392 dicentem:
1968 1370 1981 1391 ι
2019 1356 2057 1393 Si
2082 1359 2163 1404 quis
2187 1360 2258 1397 alia

1199 1417 1318 1460 docet,
1339 1421 1375 1452 et
1391 1426 1462 1452 non
1491 1417 1688 1461 acquiescit
1721 1418 1820 1453 sanis
1854 1419 2082 1456 sermonibus
2114 1421 2257 1459 Domini

1198 1476 1313 1512 nostri
1332 1475 1415 1511 Jesu
1435 1475 1585 1519 Christi,
1616 1477 1704 1512 etei
1737 1488 1817 1523 quae
1853 1470 2051 1516 secundum
2084 1481 2256 1526 pietatem

1198 1542 1253 1572 est
1269 1536 1454 1578 doctrinm,
1474 1538 1649 1582 superbus
1665 1546 1734 1580 est,
1753 1538 1843 1574 nihil
1861 1539 1993 1582 sciens,
2004 1540 2066 1576 sed
2085 1540 2258 1586 languens

1199 1600 1295 1636 circa
1330 1601 1544 1646 quccstiones
1577 1607 1614 1636 et
1643 1611 1781 1646 pugnas
1814 1603 2021 1645 verborum,
2048 1613 2092 1638 ex
2123 1605 2253 1649 quibus

1198 1660 1363 1695 oriuntur
1382 1660 1538 1702 invidiae,
1561 1661 1825 1703 contentiones,
1848 1660 2103 1707 blasphemiae,
2141 1664 2258 1709 suspi-

1198 1720 1319 1756 ciones
1354 1720 1470 1763 malae,
1510 1720 1758 1757 conflictiones
1798 1722 1986 1758 hominum
2016 1728 2138 1760 mente
2173 1735 2255 1761 cor-

1197 1788 1400 1827 ruptorum,
1418 1782 1531 1827 etqui
1552 1792 1572 1817 a
1596 1783 1748 1819 veritate
1767 1783 1898 1828 privati
1918 1790 2014 1827 sunt,
2040 1784 2252 1822 existiman—

1198 1844 1292 1879 tium
1315 1850 1490 1889 quaestum
1522 1853 1601 1879 esse
1637 1844 1809 1889 pietatem
1844 1844 1889 1891 (Ι
1928 1845 2018 1880 Tim.
2042 1844 2107 1891 Vi).
2135 1859 2147 1880 ι
2182 1846 2256 1884 Hos

1198 1904 1305 1950 igitur
1321 1903 1523 1949 significant
1538 1914 1580 1939 ea
1610 1914 1688 1949 quae
1707 1915 1802 1939 nunc
1819 1905 2044 1942 dinumerata
2063 1912 2147 1943 sunt
2173 1908 2253 1943 anl-

1198 1965 1318 2008 malia,
1347 1966 1479 2001 victum
1513 1976 1556 2000 ex
1575 1966 1699 2010 rapina
1715 1967 1978 2011 conquirentia.
2006 1967 2175 2011 Quaedam
2192 1979 2255 2004 au-

1201 2031 1271 2062 tem
1298 2037 1342 2062 ex
1361 2027 1416 2062 liis
1436 2026 1525 2062 alias
1545 2036 1630 2062 aves
1661 2027 1845 2069 invadunt,
1868 2033 1902 2063 et
1927 2038 1970 2063 ex
2004 2029 2254 2066 venationibus

70 2088 152 2130 bus,
173 2088 242 2123 nisi
276 2088 399 2125 electae
430 2090 559 2127 animae
580 2091 844 2138 significantur,
871 2103 951 2139 quae
969 2095 1130 2140 profecto
1150 2068 1179 2110 C
1201 2097 1324 2122 earum
1348 2087 1568 2122 nutriuntur.
1591 2086 1670 2121 Alia
1688 2097 1773 2122 vero
1792 2087 1826 2122 iu
1857 2087 1983 2123 domos
2001 2088 2252 2134 ingredientia,

72 2147 158 2185 sol-‘e
193 2148 229 2184 in
254 2148 413 2185 coelestis
439 2150 608 2187 Ecclesiae
639 2163 771 2199 eorpus
797 2157 1012 2191 transeunt?
1044 2157 1130 2201 Quae

70 2209 182 2244 modo
196 2209 371 2245 uirtutum
391 2212 558 2256 pennulis
587 2213 699 2257 fultae,
719 2215 830 2251 saltus
855 2216 941 2252 dare
964 2227 1028 2262 per
1058 2230 1130 2256 eoe-

73 2268 162 2305 leste
182 2270 398 2308 desiderium
420 2274 552 2318 sciunt,
586 2280 624 2310 ut
647 2286 838 2322 supernam
855 2281 1130 2327 contemplatio-

74 2340 156 2366 nem
172 2337 353 2376 appetant,
383 2336 549 2379 quamvis
570 2336 606 2372 in
627 2347 666 2373 se
693 2337 782 2384 ipsis
802 2339 932 2375 iterum
954 2350 996 2376 ex
1033 2353 1129 2378 mor-

75 2390 137 2425 tali
158 2401 267 2427 carne
285 2393 506 2432 relabantur.
538 2394 612 2432 Soli
641 2407 726 2444 ergo
747 2398 784 2433 in
819 2399 1015 2437 electorum
1050 2413 1129 2438 cor-

69 2443 158 2499 pore
177 2453 280 2500 quasi
296 2455 397 2491 cibus
412 2456 547 2493 electus
566 2459 841 2504 transeunt‚qui
862 2460 898 2497 in
919 2471 961 2496 eo
981 2463 1075 2507 quod
1094 2463 1128 2498 in

73 2512 156 2550 imis
184 2515 404 2560 deserviunt,
429 2518 621 2564 aliquando
639 2520 687 2555 ad
706 2531 862 2566 superna
883 2524 1127 2560 conscendere

69 2573 222 2611 saltibus
247 2577 379 2612 mentis
398 2578 518 2613 sciunt
537 2589 582 2614 ne
597 2589 738 2624 semper
758 2580 794 2615 in
818 2581 1006 2626 profundis
1026 2594 1129 2619 cura-

68 2643 150 2669 rum
173 2635 324 2678 lateant,
358 2642 394 2671 et
420 2637 516 2672 nulla
542 2648 603 2675 eas
635 2640 769 2675 amoris
785 2641 931 2684 summi,
951 2643 1053 2687 quasi
1086 2643 1128 2679 li-

68 2694 148 2731 beri
166 2695 262 2731 aeris
278 2706 366 2731 aura
383 2697 581 2744 contingat.
600 2698 668 2742 Qui
693 2709 779 2746 ergo
808 2701 916 2737 rebus
946 2707 1126 2748 tempora-

70 2754 165 2791 libus
184 2762 428 2802 occupantur,
467 2763 554 2795 tunc
578 2759 672 2796 bene
700 2762 882 2798 exteriora
917 2763 1122 2809 disponunt,

69 2826 152 2854 cum
170 2817 323 2853 sollicite
341 2820 385 2854 ad
400 2819 573 2856 inferiora
591 2821 786 2869 refugiunt,
801 2833 883 2860 cum
900 2835 1126 2872 nequaquam

70 2876 173 2914 foras
191 2879 504 2925 perturbationum
525 2883 694 2928 strepitus
715 2883 878 2931 diligunt,
908 2895 946 2921 se
961 2886 1053 2932 apud
1071 2897 1126 2922 se-

70 2938 242 2985 metipsos
263 2939 360 2976 intus
381 2941 651 2987 tranquillitatis
673 2944 708 2979 in
729 2945 811 2981 sinu
831 2947 1077 2992 requiescunt.

122 3010 134 3030 ι
157 2998 290 3036 Omnes
319 3011 404 3037 aves
439 3003 593 3039 mundas
611 3005 808 3050 comedite,
840 3006 1043 3044 immundas
1079 3019 1123 3045 ne

73 3068 88 3092 ‹
112 3059 325 3096 comedatis.
355 3061 524 3107 Aquilam
554 3064 692 3102 scilicet
722 3070 758 3101 et
787 3068 974 3114 gryphem,
998 3075 1032 3104 et
1064 3069 1125 3104 ha·

74 3129 89 3156 ι
112 3117 261 3162 lizenum,
279 3119 377 3158 ixion
395 3126 430 3157 et
449 3122 639 3167 vulturem,
657 3134 698 3160 ae
715 3125 878 3169 milvum,
893 3127 996 3172 juxta
1013 3139 1124 3174 genus

75 3189 89 3214 t
113 3188 234 3223 suum,
257 3184 298 3219 et
313 3191 420 3218 omne
437 3183 578 3219 corvini
610 3185 765 3230 generis.
803 3185 1066 3230 Struthionem,
1089 3193 1125 3223 ct

75 3249 89 3276 ι
110 3244 294 3283 noctumn,
315 3245 353 3278 et
375 3241 507 3286 larum,
530 3249 639 3290 atque
661 3245 871 3291 accipitrem
891 3244 993 3291 juxta
1012 3257 1124 3293 genus

75 3310 89 3335 ι
113 3309 236 3344 suumz
257 3301 460 3345 heredium,
478 3308 515 3340 et
543 3314 714 3351 cygnum,
746 3310 783 3341 et
802 3305 890 3348 ibin,
910 3315 952 3341 ac
983 3316 1124 3352 mergu-

76 3369 94 3396 ι
112 3359 201 3404 lum,
219 3362 522 3409 porphyrionem,
552 3369 589 3400 et
617 3365 899 3412 nycticoracem,
931 3370 1123 3401 onocrota-

77 3429 93 3455 e
115 3419 204 3465 lum,
221 3427 260 3458 et
273 3423 515 3467 charadrium,
534 3425 676 3471 singula
701 3426 739 3462 in
762 3435 895 3471 genere
923 3434 1002 3461 suo.
1028 3424 1123 3469 Upu-

78 3493 93 3516 ·
116 3491 200 3528 pon
213 3494 355 3531 qunque
372 3490 410 3522 et
426 3486 735 3532 vespertilionem,
762 3490 800 3522 et
817 3494 924 3521 omne
941 3484 1039 3530 quod
1070 3494 1124 3520 re-

76 3553 94 3579 «
117 3548 196 3592 mat
211 3549 248 3582 et
263 3545 443 3592 pennulas
470 3547 594 3591 hahet,
612 3545 836 3584 immundum
865 3544 948 3586 erit,
969 3552 1037 3579 nec
1061 3552 1118 3579 eo-

79 3605 293 3648 rmednur.
326 3619 341 3642 »
371 3605 447 3643 Nee
472 3617 598 3655 eorum
627 3607 691 3654 qui
725 3606 772 3643 ad
804 3603 1116 3650 contemplativam

75 3665 341 3710 muita,
359 3667 398 3704 in
416 3668 488 3704 hoe
501 3668 685 3715 legislator
698 3668 935 3705 indiscussam
953 3664 1114 3711 reliqum

77 3721 145 3760 Ν
158 3716 455 3768 *manha-1
472 3727 514 3766 in
541 3727 723 3765 oblatione
747 3725 1008 3764 sacrificiorum
1037 3732 1118 3769 pro-

77 3781 278 3836 pri-woh
289 3783 588 3839 *Q
613 3786 782 3841 Quint.
798 3786 853 3826 iu
869 3789 906 3824 et
917 3785 956 3824 iu
970 3781 1120 3835 inquisi-

1199 2147 1370 2193 diripiunt
1382 2157 1460 2193 qum
1478 2151 1700 2193 repererunt,
1711 2157 1755 2182 ne
1773 2147 1918 2193 quidem
1935 2149 2133 2194 gerentium
2153 2150 2255 2185 obso-

1198 2210 1269 2246 niis
1291 2210 1476 2255 parcentia
1497 2218 1505 2243 :
1524 2209 1653 2254 quibus
1672 2214 1756 2245 sunt
1784 2207 1920 2245 similes
1937 2210 2082 2255 quidam
2113 2210 2174 2256 qui
2196 2220 2255 2256 pe-

1197 2277 1344 2308 netrant
1365 2273 1502 2313 domos,
1523 2276 1558 2306 et
1574 2271 1733 2316 captivas
1757 2271 1891 2306 ducunt
1919 2270 2148 2306 mulierculas
2165 2281 2252 2307 one-

1198 2335 1297 2366 ratas
1317 2331 1498 2375 peccatis3
1533 2339 1622 2374 qnos
1642 2329 1773 2366 Paulus
1804 2329 1932 2374 arguit.
1956 2328 2084 2365 Vultur
2107 2328 2196 2365 rixis
2215 2334 2252 2364 et

1196 2391 1299 2427 bellis
1320 2391 1448 2436 gaudet
1485 2397 1630 2435 propter
1660 2390 1834 2425 cadavera
1866 2388 2087 2434 praeliorum,
2124 2389 2245 2425 intan-

1196 2458 1271 2488 tum
1290 2457 1330 2487 ut
1347 2452 1455 2487 etiam
1483 2456 1652 2497 sequatur
1669 2451 1881 2487 exercitum.
1902 2449 1979 2485 Non
2004 2459 2089 2496 ergo
2106 2454 2248 2495 oportet

1196 2512 1346 2547 aliorum
1367 2511 1512 2547 casibus
1542 2511 1638 2556 pasci
1663 2515 1771 2555 atque
1802 2509 1932 2546 nutriri
1966 2519 2050 2546 eum
2082 2510 2143 2554 qui
2164 2519 2247 2546 con-

1196 2573 1419 2618 templationi
1438 2572 1498 2607 (lat
1520 2581 1679 2616 operam.
1702 2570 1846 2607 Corvini
1883 2570 2028 2615 generis
2063 2579 2149 2614 ergo
2169 2571 2247 2606 ani-

1194 2633 1303 2669 malia
1331 2638 1414 2668 suut
1446 2631 1643 2667 affectionis
1678 2630 1837 2676 expertia
1862 2642 1870 2664 :
1893 2630 1988 2675 quod
2011 2629 2244 2666 manifestum

1195 2699 1308 2730 estex
1327 2703 1370 2729 co
1383 2693 1476 2738 quod
1497 2692 1650 2728 emissus
1667 2702 1687 2727 a
1703 2691 1792 2731 Noe.
1810 2701 1854 2726 ex
1871 2686 1988 2736 prima
2011 2700 2244 2731 cunrcorvus

1195 2754 1394 2791 avolatione
1413 2759 1658 2798 transgressus
1690 2757 1757 2790 est.
1779 2750 1845 2788 Cui
1873 2750 2001 2786 similis
2018 2750 2128 2787 Judas
2147 2750 2243 2786 circa

1195 2827 1297 2853 suum
1311 2815 1523 2861 magistrum
1541 2819 1576 2850 et
1591 2813 1783 2850 Dominum
1802 2813 1879 2848 suit.
1894 2810 2058 2849 Strutliio
2078 2812 2240 2857 quaedam

1195 2882 1250 2913 est
1269 2876 1364 2918 avis,
1401 2875 1463 2911 sed
1494 2874 1615 2911 volare
1647 2884 1717 2910 non
1750 2878 1882 2919 potest,
1914 2878 2096 2918 totamque
2130 2872 2239 2908 vitam

1196 2947 1299 2974 suam
1318 2936 1413 2971 cirea
1432 2939 1564 2970 terram
1584 2939 1735 2979 occupat
1754 2942 1762 2968 :
1792 2932 1917 2978 quales
1944 2931 2018 2967 Deo
2046 2930 2241 2968 militantes

1194 3003 1230 3034 et
1260 2997 1379 3035 saeculi
1421 3006 1459 3032 se
1489 2995 1643 3042 negotiis
1675 2995 1913 3040 implicantes.
1948 2992 2123 3030 Noctuam
2155 3001 2240 3027 vero

1193 3058 1286 3093 Lxx
1326 3057 1490 3103 glaucum
1522 3056 1700 3091 dixerunt.
1734 3054 1832 3090 Hanc
1867 3057 2032 3093 asserunt
2063 3052 2099 3087 in
2135 3056 2239 3087 nocte

1193 3119 1287 3155 acuti
1306 3128 1385 3154 csse
1398 3118 1509 3161 visus,
1525 3117 1600 3153 sole
1627 3121 1744 3152 autem
1767 3120 1972 3159 apparente,
1997 3113 2115 3149 minus
2143 3109 2238 3147 utili-

1193 3185 1266 3217 tate
1285 3178 1472 3215 oculorum
1489 3178 1573 3213 frui.
1595 3177 1699 3211 Tales
1722 3179 1804 3211 sunt
1838 3173 1898 3218 qui
1923 3172 2011 3217 legis
2035 3169 2236 3215 gloriantur

1193 3239 1494 3284 contemplatione
1517 3242 1554 3275 et
1584 3234 1745 3274 scientia,
1767 3232 1884 3267 lucem
1908 3227 2123 3274 evangelicae
2151 3235 2235 3264 con-

1190 3300 1404 3338 versationis
1429 3307 1556 3343 capere
1588 3305 1658 3332 non
1678 3293 1848 3328 valentes.
1875 3289 1990 3325 Larus
2022 3286 2155 3325 animal
2177 3292 2233 3323 est

1191 3362 1229 3398 in
1246 3366 1398 3405 utroque
1416 3359 1553 3399 vivens,
1574 3354 1608 3391 id
1636 3358 1705 3396 est,
1739 3361 1831 3396 aqua
1856 3355 1893 3387 et
1923 3355 2033 3386 terra.
2052 3347 2120 3392 Qui
2140 3347 2233 3413 sicut

1190 3420 1268 3457 avis
1283 3419 1407 3455 volans
1427 3415 1570 3461 quidem
1585 3438 1595 3455 ‚
1627 3416 1665 3449 ut
1691 3409 1847 3456 aquatile
1868 3412 1989 3446 autem
2017 3412 2128 3448 natat..
2165 3405 2231 3443 Cui

1189 3489 1261 3516 non
1285 3476 1377 3513 male
1391 3476 1642 3518 comparantur
1658 3470 1694 3506 hi
1718 3469 1778 3514 qui
1797 3467 1903 3504 simul
1920 3465 2230 3505 circumcisionem

1189 3541 1405 3575 venerantur
1424 3539 1460 3570 et
1479 3532 1668 3578 baptisma.
1690 3529 1745 3573 Ad
1759 3538 1850 3575 quos
1861 3527 1994 3567 Paulus
2010 3526 2097 3565 dicit
2119 3537 2128 3562 z
2150 3536 2163 3564 ε
2187 3523 2226 3562 Si

1187 3591 1506 3634 circumcidimini,
1525 3590 1689 3626 Christus
1707 3587 1807 3632 vohis
1821 3586 1912 3632 nihil
1922 3586 2069 3632 prodest
2090 3581 2224 3631 (Gaiu-

1186 3655 1236 3703 v).
1257 3668 1270 3691 i
1290 3653 1479 3698 Accipiter,
1498 3650 1592 3688 inter
1614 3658 1761 3695 rapaces
1774 3656 1859 3689 aves
1872 3650 1951 3689 est,
1979 3644 2087 3689 habet
2102 3647 2224 3680 autem

1187 3715 1356 3763 quiddam
1369 3712 1467 3750 aliud
1482 3715 1630 3758 propter
1644 3708 1739 3756 quod
1753 3718 1774 3744 a
1783 3706 1986 3755 legislatore
2002 3704 2144 3753 positus
2157 3707 2227 3743 eat.

1188 3773 1406 3818 mansuescit
1437 3772 1568 3821 <wirne
1596 3775 1634 3815 et
1655 3773 1870 3820 mm
1893 3766 1943 3828 etl
1963 3765 2222 3817 tamenne-¹¹¹3
