2540 4016
27 131 76 210 ’γ
106 151 179 192 σει

531 145 534 147 ’
576 97 936 199 mff'lolilsss
959 140 1006 179 IN
1030 140 1205 180 LIBRUM
1229 140 1542 183 numum
1566 151 1615 175 ³-
1637 146 1724 184 m.
1750 147 1796 185 B.

2173 79 2211 115 ⁴»

2209 157 2281 205 lm

43 262 45 266 Α
108 228 268 272 notium,
291 229 330 263 et
345 226 392 263 oh
409 224 480 262 hoe
496 221 723 265 neebostias
738 219 955 264 offerentes,
984 223 1157 265 peccata,
1176 219 1214 262 A
1228 218 1446 267 ”1201th
1466 220 1558 268 m).
1591 222 1747 270 ideoque
1769 226 1965 268 <Meum
1988 231 2214 287 ffingmuut,
2244 234 2283 280 St

108 290 291 337 inquiunt,
305 292 429 325 nostra
440 289 592 334 manent
608 284 647 330 in
664 281 781 325 nobis,
797 285 837 319 et
849 280 932 318 ideo
945 279 1052 317 venia
1065 280 1163 316 nulla

79 335 83 342 ’
107 350 353 398 subsequitur.
389 348 467 386 Scit
484 351 606 383 tamen
621 344 813 400 Dominus,
832 342 894 389 qui
914 346 1000 379 sunt
1014 341 1108 387 ejus,
1126 346 1163 378 et

108 413 147 450 in
169 413 300 459 quibus
319 421 393 448 non
410 414 591 457 speratur,
622 406 732 455 habet
757 405 817 442 ille
842 405 1035 442 thesauros
1061 414 1159 441 suos.

107 475 187 512 Non
204 475 302 512 enim
322 474 417 510 sicut
439 473 548 509 homo
564 471 662 508 videt
675 497 685 514 ‚
718 470 770 506 ita
790 474 826 505 et
844 469 955 506 Deus.
989 468 1066 516 Ego
1088 474 1162 504 non

108 536 234 572 dubito
257 539 294 571 et
319 535 358 570 in
375 536 444 570 hoc
462 538 641 570 conventu
658 541 738 568 esse
761 530 902 577 aliquos
923 530 992 576 ipsi
1011 529 1080 567 soli
1101 540 1162 566 co—

105 598 236 646 gnitos,
260 597 321 642 qui
336 595 411 641 jam
430 597 524 642 apud
541 605 624 631 eum
644 599 824 640 martyres
843 592 928 635 sint,
951 590 1161 628 testimonio

105 658 337 697 conscientiae
355 658 487 703 parati,
510 658 540 694 si
559 658 640 702 quis
664 661 849 703 exposcat,
871 654 1057 691 effundere
1077 665 1162 691 sau-

103 719 250 766 guinem
265 723 369 753 suum
385 726 451 762 pro
465 716 610 752 nomine
622 716 765 752 Domini
781 716 895 751 nostri
910 715 995 752 Jesu
1009 714 1158 751 Christi.

103 779 181 816 Nou
199 777 324 814 dubito
341 786 423 813 esse
441 777 593 823 aliquos,
620 777 682 823 qui
705 777 854 813 tulerint
873 785 1021 812 crucem
1041 780 1157 820 suani,

104 845 140 877 et
160 844 358 885 sequantur
378 849 475 874 eum.
508 838 591 874 Haec
620 838 705 874 licet
732 848 797 883 per
820 847 1011 873 excessum
1034 847 1162 882 quem-

103 901 185 936 dam
198 926 207 941 ,
227 898 434 934 necessario
453 903 575 934 tamen
592 897 761 933 videntur
777 896 895 938 dieta,
918 900 958 930 ut
977 895 1158 941 intellige-

101 971 223 997 remus
247 959 426 1005 quomodo
453 969 519 1004 per
543 957 751 1003 pontificem
785 961 822 991 et
854 955 949 991 filios
978 956 1159 1000 pontilicis

101 1021 166 1056 fiat
180 1021 215 1056 in
231 1019 364 1055 sanctis
378 1018 545 1053 remissio
558 1022 802 1062 peccatorum.
821 1015 994 1060 Sequitur
1007 1015 1160 1062 loquens

100 1080 273 1116 Dominus
293 1079 336 1113 ad
355 1077 476 1113 Aaron
496 1076 619 1112 dicens
638 1087 646 1110 :
671 1076 723 1110 Tu
752 1080 783 1111 et
813 1074 881 1120 filii
907 1076 958 1110 tui
979 1076 1161 1112 ministra-

101 1142 180 1177 bitis
202 1141 239 1176 in
262 1138 487 1175 tabernaculo
510 1138 711 1180 testimonii,
729 1137 1014 1184 excubabuntque
1031 1137 1160 1174 Levitoe

100 1202 145 1239 ad
172 1206 345 1248 praecepta
373 1207 461 1243 tua,
494 1206 526 1235 et
552 1199 597 1235 ad
625 1204 750 1234 cuncta
778 1210 883 1245 opera
914 1199 1156 1244 tabernaculi,

99 1263 150 1297 ita
172 1261 357 1303 duntaxat,
388 1266 426 1295 ut
453 1271 537 1296 vasa
563 1259 757 1295 sanctuarii
779 1270 848 1294 non
874 1265 1033 1305 tanqant,
1059 1266 1090 1296 et
1113 1261 1158 1297 ad

99 1322 211 1358 altare
246 1330 317 1357 non
351 1321 541 1364 accedunt,
583 1332 624 1356 ne
655 1326 687 1356 ct
713 1319 766 1355 illi
796 1321 1007 1364 moriantur,
1042 1328 1073 1357 et
1101 1333 1158 1358 vos

97 1383 247 1430 pereatis
276 1380 393 1417 simul.
431 1381 510 1416 Sint
539 1387 656 1416 autem
684 1386 816 1423 tecum,
854 1386 886 1415 et
918 1381 1090 1416 excubent
1121 1383 1160 1418 in.

99 1444 266 1478 custodiis
289 1441 520 1484 tabernaculi,
537 1447 568 1476 et
590 1442 626 1476 in
648 1441 807 1475 ontnibus
829 1441 1045 1476 coerernoniis
1065 1441 1155 1487 ejus,

98 1502 294 1548 alieniyena
317 1514 385 1537 non
407 1502 591 1537 misceatur
608 1502 717 1539 vobis.
745 1501 925 1537 Excubate
943 1503 979 1538 in
997 1504 1157 1539 custodia

97 1564 308 1606 sanctuarii,
337 1569 368 1598 et
396 1563 433 1598 in
457 1563 649 1598 ministerio
670 1562 809 1605 altaris,
839 1574 881 1598 ne
908 1563 1043 1599 oriatur
1066 1564 1158 1599 iudi-

97 1624 215 1670 qnatio
239 1635 343 1669 super
362 1623 454 1669 filios
474 1622 598 1666 Israel,
616 1629 684 1659 etc.
707 1623 800 1659 Ecce
818 1624 965 1660 mandat
983 1625 1156 1662 Dominus

95 1683 217 1721 Aaron
237 1685 416 1721 sacerloti
443 1690 478 1720 et
503 1685 585 1720 filiis
610 1684 699 1730 ejus,
728 1691 767 1720 ut
791 1686 860 1731 ipsi
886 1686 1094 1723 ministrent
1119 1686 1156 1723 in

96 1746 330 1782 tabernaculo
351 1746 574 1789 testimonii,
606 1751 642 1781 et
674 1756 776 1782 sacra
796 1757 883 1782 vasa
907 1747 1152 1792 praevideant,

97 1813 133 1844 et
151 1808 272 1843 onmia
293 1818 373 1854 quae
397 1808 442 1843 ad
465 1808 602 1843 cultum
626 1808 750 1843 altaris
770 1809 976 1853 pertinent,
1002 1815 1038 1846 et
1061 1810 1155 1846 intra

95 1869 215 1903 velum
230 1874 326 1904 sunt.
351 1868 478 1905 Caeteri
495 1874 613 1903 autem
630 1868 764 1904 Levitae
781 1868 826 1904 ad
840 1877 1019 1917 praeci-pta
1034 1871 1152 1908 Aaron

95 1935 131 1966 ct
151 1930 308 1966 filiorum
329 1930 406 1975 ejus
427 1931 606 1965 excubent
635 1930 671 1964 in
700 1930 875 1966 custodiis
904 1932 1151 1976 tabernaculi,

94 1997 131 2027 et.
152 1991 188 2026 in
207 1991 374 2026 omnibus
394 1990 619 2026 caeremoniis
637 1990 734 2035 ejus;
760 1996 1009 2028 verumtamen
1034 1993 1079 2029 ad
1103 1993 1154 2029 {tl-⁴

94 2057 172 2087 tare
190 2062 261 2087 non
283 2051 481 2095 accedant,
517 2056 553 2087 ct
583 2062 684 2088 sacra
712 2062 798 2088 vasa
827 2062 899 2089 non
926 2054 1149 2100 contingant.
1172 2037 1201 2078 G

95 2112 188 2156 Quid
207 2113 243 2147 in
262 2112 382 2149 Aaron
403 2118 439 2148 et
459 2112 542 2148 filiis
569 2113 663 2159 ejus,
689 2114 760 2149 nisi
782 2113 1020 2160 perfectiores
1046 2125 1154 2161 quos-

96 2183 165 2219 que
187 2173 223 2208 in
243 2173 403 2209 Ecclesia
419 2201 429 2217 ,
463 2178 499 2209 et
528 2180 672 2211 sanctos
693 2174 862 2212 doclbres
887 2177 962 2213 slve
980 2179 1153 2224 praesulcs

96 2234 331 2270 ecclesiarum
352 2235 416 2270 Dei
446 2235 609 2281 accipere
636 2237 836 2274 debemus?
865 2238 1027 2282 Quorum
1045 2240 1152 2278 officii

95 2299 169 2335 est,
198 2301 236 2330 ut
254 2300 485 2331 sacramenta
504 2296 626 2332 divina
643 2298 810 2335 manibus
829 2305 1058 2338 contrectent
1074 2329 1083 2345 ,
1117 2307 1153 2338 et

94 2365 180 2391 vasa
213 2362 363 2398 sancta,
397 2357 467 2393 hoc
489 2362 569 2402 est,
603 2364 738 2396 sanctae
770 2359 966 2407 Scripturas
1000 2365 1152 2409 mystica

94 2416 204 2451 verba
225 2415 473 2463 investigando
491 2418 690 2462 ventilent;
726 2425 834 2468 atque
859 2423 904 2458 ad
931 2424 1151 2460 intellectum

95 2475 293 2521 perducere
312 2476 509 2522 festinent,
541 2489 654 2524 eaque
685 2491 764 2526 quae
794 2482 909 2518 ardua
938 2489 1021 2519 sunt
1042 2490 1149 2527 actu,

94 2536 163 2581 ipsi
184 2547 292 2583 opere
313 2539 495 2584 complere
516 2541 714 2577 decertent.
747 2542 885 2579 Caetera
906 2551 1026 2580 autem
1048 2546 1152 2582 turba

95 2597 255 2632 fidelium
285 2607 375 2643 opus
397 2600 508 2635 habet
536 2605 576 2636 ut
610 2602 800 2648 diligenter
829 2605 928 2651 vigili
958 2607 1079 2644 animo
1110 2615 1152 2644 ea

95 2657 288 2693 meditetur
305 2668 384 2703 quae
402 2659 566 2696 faciliora
586 2667 689 2704 sunt,
718 2667 755 2698 et
775 2674 854 2709 quae
874 2665 1058 2704 intellectu
1084 2669 1152 2715 ipsi

95 2726 225 2762 capere
244 2723 414 2762 possunt,
434 2719 567 2765 illaque
586 2722 765 2758 custodiat
784 2724 987 2772 diligenter,
1021 2739 1100 2774 quae
1132 2739 1152 2766 a

95 2778 280 2824 magistris
312 2780 379 2816 sibi
413 2791 557 2818 servare
586 2782 773 2829 jubentur,
809 2787 894 2833 quia
924 2799 995 2825 non
1026 2787 1151 2830 eadem

95 2840 278 2885 capacitas
296 2845 352 2877 est
371 2852 499 2878 sensus
515 2843 759 2889 perfectorum
781 2847 858 2894 jam
882 2849 919 2885 in
942 2851 1093 2888 scientia
1117 2860 1153 2890 et

97 2901 239 2937 rudium
258 2902 375 2938 adhuc
396 2903 432 2938 in
453 2903 544 2949 fide,
573 2913 640 2941 nec
667 2907 734 2952 par
750 2912 806 2944 est
832 2911 1028 2949 streniiitas
1053 2913 1152 2962 inge-

95 2962 280 2999 niosorum
303 2968 339 2999 et
357 2963 542 3001 hebetum.
580 2965 682 3003 Unde
709 2972 745 3004 et
771 2968 904 3008 Paulus
936 2973 1150 3019 quibusdam

96 3022 217 3059 minus
243 3023 434 3069 capacibus
459 3034 532 3062 suae
558 3027 730 3065 doctrinae
754 3030 828 3067 ait:
855 3031 929 3069 Luc
953 3031 1034 3071 deut
1059 3037 1153 3074 vobis

96 3088 230 3130 potum
255 3094 325 3120 non
346 3095 462 3122 escam
477 3095 490 3121 .·
514 3090 671 3126 nandum
697 3093 788 3129 enim
810 3096 999 3141 poten-'atim
1016 3097 1076 3134 seit
1092 3097 1152 3135 n'ec

97 3143 213 3179 adhuc
231 3146 371 3192 quidem
390 3149 532 3194 potestis
551 3150 586 3198 (I
605 3150 687 3188 Cim
705 3155 777 3202 ιιι).
807 3152 896 3193 item
923 3158 994 3194 ailo
1012 3159 1048 3195 in
1072 3159 1152 3198 lli'co

99 3204 142 3239 de
168 3203 446 3250 perfectioribus
466 3210 682 3255 quibusdam
707 3214 782 3250 ait:
805 3215 997 3264 Loquintur
1016 3220 1153 3268 sapten-

98 3264 184 3300 tiam
216 3265 309 3302 inter
338 3267 522 3315 perstctos,
556 3279 660 3318 quum
692 3279 792 3311 nemo
822 3278 1018 3326 principum
1047 3280 1154 3328 hujus

97 3325 219 3362 soecuti
249 3329 405 3374 coynovit
434 3329 471 3378 (Ι
488 3330 570 3368 Gor.
591 3334 649 3382 n).
684 3335 761 3373 Hoc
787 3339 842 3375 est
870 3340 966 3378 enim
997 3342 1091 3390 quod
1118 3345 1153 3381 in

99 3382 293 3434 Evangelio
308 3386 511 3436 fragmenta
526 3397 608 3438 qnae
625 3399 890 3442 superaverunt
913 3402 1024 3439 turbae
1047 3413 1066 3440 a
1084 3402 1154 3442 Do·
1180 3423 1182 3425 ·

93 3443 200 3499 'mino
226 3452 340 3494 μείω
359 3451 513 3497 apostoli
530 3453 770 3502 collegerunt,
802 3463 839 3496 et
868 3461 1059 3500 duodecim
1091 3471 1153 3503 co*

98 3503 231 3551 phines
247 3506 501 3555 impleverant.
530 3512 623 3552 Hinc
641 3520 678 3552 et
695 3517 772 3565 ipsa
793 3511 934 3557 Veritas
951 3521 995 3558 de
1010 3523 1154 3561 virtuti-

94 3560 481 3632 ι111θιίιίιιθιιῑίονὼιιέ
496 3570 697 3622 disputans,
717 3578 768 3614 ait
786 3590 795 3615 ε
820 3579 889 3623 Qun·
903 3584 1013 3627 polest
1032 3584 1154 3630 capere

94 3622 233 3705 lm
255 3626 304 3664 m
321 3629 369 3666 nd
385 3629 635 3680 legisperituffl
653 3649 662 3673 :
683 3634 724 3674 Si
743 3636 807 3683 aa,
827 3640 957 3688 inquit,
980 3644 1153 3691 perfectus

93 3685 299 3799 108881οΜ
323 3691 359 3730 d
373 3693 481 3730 venite
498 3693 618 3734 munta
641 3700 722 3746 φῆτε
742 3695 865 3747 nata»,
880 3702 914 3741 et
929 3703 976 3741 aa
991 3707 1155 3753 pauperi·

103 3741 1155 3816 Ouaioemmmffltvtbeitsseqilele

1230 278 1419 315 intendere
1438 279 1496 316 his
1517 288 1599 326 quae
1622 281 1760 327 scripta
1777 284 1882 329 shut,
1912 286 2083 331 eoniemt'
2098 302 2162 337 eb!
2185 295 2281 348 pr&
2299 283 2304 288 ’

1229 342 1335 387 cipue
1352 343 1415 388 qui
1437 343 1476 379 in
1492 342 1620 380 ordine
1640 344 1856 395 sacerdotali
1876 344 2091 399 gloriahthr,
2107 351 2149 394 iu
2165 362 2284 400 mant

1228 401 1377 447 quidem
1393 404 1492 449 quod
1509 404 1563 440 eis
1582 403 1642 440 lex
1660 404 1783 452 divina
1798 405 1990 454 pracepit«,
2006 407 2283 457 observandum.

1229 461 1299 505 Tu,
1319 462 1459 508 inquit,
1480 470 1518 500 et
1537 464 1602 501 filii
1619 464 1672 502 tiri
1688 471 1831 503 mecutn
1849 467 1887 504 in
1905 471 2101 517 cunspect'u
2123 466 2287 515 taberna-

1229 523 1302 560 culi
1320 525 1520 561 testimonii
1541 526 1731 563 observate
1748 529 1933 566 'custodias
1952 535 2109 578 vestras,
2138 541 2175 572 et
2199 537 2290 577 alta-

1228 584 1293 628 ris,
1318 589 1355 620 et
1381 585 1618 622 tabernaculi.
1655 587 1822 624 Mandata
1850 590 1983 638 quippe
2011 596 2111 630 certa
2139 592 2223 633 suut
2253 605 2289 636 et

1229 645 1410 683 evidentia
1431 651 1470 682 ut
1490 647 1686 684 observare
1704 649 1901 686 debeamus
1920 650 2104 690 custodias
2122 650 2290 695 'tabema-

1230 706 1303 743 culi
1321 712 1358 743 et
1377 708 1586 744 sacerdotii.
1609 708 1676 753 Qui
1693 720 1781 747 saue
1799 712 1846 748 sit
1859 713 1921 758 qhi
1939 710 2108 751 observet
2125 721 2161 752 et
2179 716 2291 756 factat

1228 778 1271 805 ea
1290 779 1371 815 quae
1390 770 1639 806 sacerdotibus
1658 773 1827 809 mandata
1854 775 1957 818 sunt,
1992 781 2029 811 et
2060 774 2122 823 qui
2153 778 2200 814 sit
2229 780 2291 826 qui

1227 835 1351 866 utatur
1371 831 1515 878 quidem
1536 832 1663 869 ordine
1683 839 1719 870 et
1737 834 1875 871 honore
1894 837 2108 883 sacerdotii,
2130 850 2204 876 non
2223 841 2290 877 ob-

1228 896 1350 926 servet
1387 896 1508 926 autem
1540 893 1710 929 mandata
1743 895 1990 933 sacerdotibus
2022 895 2168 936 de‘creta
2185 913 2194 944 ,¹
2231 901 2290 938 iile

1227 950 1325 987 solus
1356 962 1463 988 nosse
1494 959 1614 998 potest
1648 954 1710 1000 qui
1745 957 1926 993 scrutatur
1957 959 2066 995 corda
2099 964 2135 997 et
2167 966 2288 998 renes.
2318 996 2333 1006 ,,

1228 1009 1446 1047 Mandantur
1463 1020 1584 1049 autem
1604 1014 1800 1051 observare
1818 1015 1891 1054 ndn
1910 1019 2027 1056 solum
2045 1028 2087 1057 ea
2105 1027 2186 1069 quae
2201 1023 2291 1061 soris

1229 1076 1332 1114 sunt,
1356 1072 1418 1108 sed
1440 1078 1476 1108 et
1498 1084 1556 1118 ea,
1574 1075 1708 1121 inquit,
1730 1076 1857 1114 curent
1881 1081 2090 1118 sacerdotes
2106 1084 2288 1130 praecipue

1178 1127 1211 1167 B
1231 1144 1310 1180 quae
1331 1134 1425 1169 intra
1446 1135 1612 1172 velamen
1632 1139 1733 1182 sunt;
1757 1139 1856 1175 velut
1875 1139 1905 1177 si
1926 1140 2088 1178 diceret:
2121 1143 2216 1180 cura
2244 1146 2291 1183 sit

1229 1197 1479 1234 sacerdotibus
1499 1199 1679 1236 evidentia
1698 1211 1740 1237 ac
1758 1202 1950 1240 manifesta
1968 1205 2140 1242 mandata
2159 1207 2290 1245 divinae

1227 1259 1317 1306 legis
1330 1260 1493 1306 implere,
1510 1272 1552 1298 ac
1567 1264 1767 1300 ministeria
1784 1265 1860 1310 ejus
1886 1268 2096 1306 abscondita
2120 1274 2156 1307 et
2170 1271 2288 1309 velata

1226 1322 1326 1357 omni
1346 1323 1569 1369 perspicacia
1592 1325 1736 1361 intueri.
1767 1326 1804 1362 Si
1825 1338 1911 1364 vero
1932 1330 1977 1365 ad
1998 1331 2182 1369 hominem
2198 1332 2287 1371 velis

1226 1381 1364 1419 inferre
1394 1385 1666 1422 tabernaculum
1697 1388 1919 1434 testimonii,
1951 1391 2122 1437 quoniam
2140 1391 2285 1441 ‘quidem

1226 1454 1356 1490 corpus
1371 1445 1526 1482 hominis
1542 1448 1812 1485 tabernaculum
1827 1451 1960 1491 Paulus
1977 1455 2130 1500 appellat
2142 1456 2283 1494 dicens:

1228 1505 1297 1548 Qui
1317 1506 1409 1541 enim
1427 1518 1547 1543 sumus
1574 1509 1609 1544 in
1627 1510 1852 1547 tabernaculo
1873 1514 1951 1558 ltoc,
1970 1517 2139 1561 yemimus
2159 1528 2287 1565 agyra-

1226 1566 1294 1601 rati
1313 1592 1322 1609 ,
1357 1567 1393 1601 in
1421 1578 1488 1613 quo
1521 1568 1682 1605 nolumus
1722 1572 1932 1618 exspoliari,
1978 1575 2039 1610 sed
2066 1579 2286 1624 supervestiri

1226 1627 1259 1674 (1
1277 1627 1358 1665 Cor.
1375 1629 1434 1678 v);
1456 1631 1484 1666 si
1499 1640 1584 1678 ergo
1599 1634 1641 1668 ad
1659 1634 1841 1671 hominem
1859 1637 2133 1675 tabernaculum
2151 1639 2287 1676 resera-

1224 1702 1305 1728 mus
1334 1692 1508 1730 interiora
1535 1695 1742 1741 velaminis,
1776 1697 1837 1735 ubi
1869 1695 2135 1738 inaccessibilia
2163 1702 2286 1741 conte-

1224 1759 1367 1799 guntur,
1387 1755 1587 1802 principale
1604 1759 1723 1795 cordis
1739 1759 1906 1805 dicimus,
1924 1762 2019 1808 quod
2035 1760 2150 1800 solum
2166 1770 2286 1810 potest

1224 1812 1386 1859 recipere
1400 1817 1572 1862 mysteria
1588 1819 1766 1863 veritatis,
1785 1825 1820 1856 et
1839 1830 1952 1868 capax
1970 1831 2051 1860 esse
2068 1821 2284 1862 arcanorum

1224 1873 1302 1909 Dei.
1336 1875 1472 1911 Altaria
1491 1888 1578 1914 vcro
1597 1879 1679 1923 duo,
1702 1880 1738 1917 id
1758 1887 1827 1925 est,
1859 1881 2012 1921 interius
2041 1891 2077 1922 et
2106 1886 2282 1932 emerius,

1223 1932 1394 1981 quoniam
1428 1938 1542 1975 altare
1571 1941 1746 1978 orationis
1775 1941 1948 1981 indicium
1976 1951 2053 1991 est,
2086 1938 2174 1984 illud
2197 1954 2284 1996 puto

1223 1996 1440 2043 significare,
1455 2001 1551 2047 quod
1566 2002 1654 2039 dicit
1666 1996 1877 2051 Apostolus:
1896 2001 2012 2044 Oraba
2028 2009 2166 2056 spiritu,
2178 2000 2283 2048 orabo

1223 2065 1255 2094 et
1274 2067 1384 2095 mente
1404 2054 1438 2109 (I
1457 2061 1537 2098 Cor.
1556 2064 1645 2111 xn').

1269 2120 1359 2157 Cum
1387 2123 1483 2159 enim
1513 2124 1550 2159 in
1578 2127 1686 2162 corde
1713 2137 1880 2173 oravero,
1913 2129 1959 2166 ad
1988 2127 2103 2169 altare
2132 2124 2284 2172 inferius

1222 2181 1417 2229 ingredior.
1449 2183 1495 2222 Et
1517 2185 1585 2223 hoc
1602 2195 1689 2233 puto
1710 2191 1789 2226 ess'e
1808 2190 1917 2228 etiam
1937 2194 2033 2240 quod
2053 2195 2228 2234 Doininus
2248 2198 2284 2235 in

1221 2241 1426 2290 Evangeliis
1447 2244 1534 2283 dicit
1552 2259 1560 2282 :
1585 2247 1636 2284 Tu
1662 2258 1779 2287 autem
1804 2247 1882 2288 cuni
1902 2265 1996 2299 oras,
2018 2256 2112 2293 intra
2133 2258 2169 2294 in
2189 2259 2284 2295 cubi-

1222 2302 1339 2337 culum
1359 2307 1470 2347 luunt,
1502 2311 1533 2342 et
1563 2308 1687 2346 claude
1712 2313 1839 2348 ostium
1863 2310 1973 2358 tunm,
2005 2322 2038 2352 et
2066 2328 2128 2352 ora
2148 2319 2282 2365 patrem

1222 2369 1320 2399 tuum
1341 2365 1376 2400 in
1398 2367 1600 2406 abscendito
1620 2368 1763 2418 (Matth.
1783 2373 1847 2423 ri).
1881 2367 1949 2420 Qui
1970 2388 2055 2423 ergo
2075 2379 2123 2415 ita
2142 2380 2223 2417 orat
2242 2388 2282 2418 ut

1223 2424 1315 2466 dixi,
1344 2424 1543 2472 ingreditur
1560 2431 1605 2466 ad
1622 2430 1735 2468 altare
1755 2430 1906 2479 incensi,
1926 2436 2021 2483 quod
2040 2432 2094 2476 c's'i
2115 2438 2277 2479 interius.

1221 2485 1310 2520 Cum
1332 2491 1451 2523 autem
1472 2490 1552 2535 quis
1572 2491 1669 2528 clara
1688 2504 1776 2531 voce
1798 2500 1833 2532 et
1851 2491 1972 2536 'verbis
1992 2510 2073 2536 cuni
2093 2495 2182 2540 sono
2199 2507 2282 2551 pro·

1221 2547 1324 2591 latis,
1344 2551 1448 2595 quasi
1468 2555 1508 2587 ut
1527 2553 1682 2591 aedilicct
1702 2557 1909 2605 audientes,
1939 2563 2143 2601 orationem
2163 2564 2282 2604 fundit

1222 2610 1267 2644 ad
1285 2610 1411 2654 Deum,
1434 2611 1491 2649 hic
1514 2611 1651 2660 Spiritu
1674 2624 1799 2655 sancto
1819 2626 1911 2664 orat,
1934 2623 1971 2659 'et
1989 2622 2121 2661 offerre
2138 2624 2282 2664 videtur

1221 2662 1377 2706 hostiam
1403 2671 1438 2707 in
1461 2672 1567 2710 altari
1588 2679 1682 2722 quod
1707 2677 1794 2715 soris
1819 2677 1875 2718 est
1901 2672 1947 2718 ad
1972 2683 2281 2724 holocaustomata

1221 2732 1343 2776 populi
1370 2735 1619 2772 constitutum.
1648 2737 1798 2786 Opo'rtet
1818 2753 1905 2790 ergo
1925 2748 2134 2786 sacerdotes
2155 2760 2197 2787 ea
2218 2762 2282 2788 cu—

1222 2801 1305 2828 rare
1331 2793 1512 2841 'praecipue
1535 2798 1570 2834 'et
1591 2796 1774 2838 custodire
1793 2797 1872 2849 ‹1¹1¹ae
1892 2805 1987 2843 intra
2004 2800 2167 2847 velamen
2188 2813 2282 2849 inte-

1221 2854 1297 2890 rius
1316 2859 1570 2903 conteguntur,
1598 2870 1643 2895 ne
1663 2861 1749 2907 quid
1767 2861 1817 2899 ibi
1836 2865 2025 2912 pollutum,
2049 2880 2095 2906 ne
2116 2872 2202 2919 quid
2227 2874 2281 2910 in-

1222 2915 1386 2952 veniatur
1405 2916 1629 2957 immundum
1648 2933 1655 2955 :
1686 2922 1755 2960 hoc
1778 2930 1845 2970 est,
1869 2923 2077 2967 interiorem
2098 2930 2281 2972 hominem

1222 2979 1258 3010 et
1277 2973 1395 3013 cordis
1415 2971 1556 3016 secreta
1575 2980 1723 3029 curare,
1753 2990 1792 3022 ut
1816 2983 1865 3024 ibi
1886 2976 2117 3030 immacuiata
2136 2991 2281 3043 perma-

1221 3040 1330 3073 neant
1349 3039 1525 3077 cherubin
1543 3047 1578 3078 et
1595 3044 1899 3091 propitiatorium.
1925 3046 2107 3090 Cherubin
2128 3056 2279 3093 scientia

1220 3096 1453 3145 intelligenda
1485 3108 1540 3139 est
1572 3106 1751 3143 veritatis.
1789 3107 2043 3156 interpretatio
2075 3114 2248 3151 cherubin
2265 3143 2275 3159 ‚

1220 3158 1499 3209 multitudinem,
1521 3163 1556 3201 id
1574 3172 1649 3212 est,
1672 3168 1930 3214 perfectionem
1950 3172 2111 3209 scientiae
2128 3172 2275 3212 indicat.

1220 3218 1266 3256 Et
1283 3219 1363 3268 quae
1380 3226 1436 3261 eSt
1451 3224 1520 3262 alia
1539 3228 1698 3274 perfecta
1719 3230 1868 3266 scientia
1882 3258 1891 3274 ‚
1912 3228 1982 3268 nisi
2000 3230 2191 3280 agnovisse
2210 3224 2278 3274 I5a-

1222 3282 1331 3327 trem,
1360 3289 1396 3321 et
1422 3286 1566 3331 Filium,
1599 3294 1636 3325 et
1666 3288 1839 3337 Spiritum
1859 3295 2053 3330 sanctuni?
2086 3295 2172 3335 Haec
2190 3292 2278 3347 ergo

1224 3341 1383 3381 'curanda
1406 3352 1490 3382 sunt
1514 3358 1535 3382 a
1561 3349 1828 3394 sacerdotibus,
1859 3356 1899 3386 ut
1925 3345 2209 3394 incontaminata
2241 3351 2278 3395 et

1222 3401 1332 3439 illaesa
1347 3399 1547 3441 serventur.
1568 3403 1639 3443 Sed
1654 3412 1690 3444 et
1702 3418 1791 3444 urna
1806 3408 1943 3449 habens
1957 3407 2142 3454 coelestein
2155 3409 2277 3455 cilium

1223 3462 1377 3508 iiiannae,
1395 3463 1587 3502 thesaurus
1607 3463 1730 3513 utique
1747 3467 1848 3507 verbi
1866 3467 1990 3519 divini,
2010 3464 2047 3512 'ei
2063 3472 2149 3515 arca
2166 3471 2276 3517 aurea

1223 3520 1260 3556 ui
1285 3520 1356 3567 qua
1387 3527 1470 3559 sunt
1501 3524 1631 3561 tabulae
1662 3517 1882 3576 iestaiii'ehti,
1909 3529 2051 3582 opinor,
2073 3530 2146 3588 uon
2179 3522 2278 3577 allud

1223 3579 1330 3628 quali]
1346 3584 1448 3621 mens
1466 3576 1589 3623 nostra
1605 3591 1687 3626 esse
1702 3575 1918 3639 dcciiii-aibr,
1935 3587 1974 3632 in
1990 3588 2061 3642 qii'a
2079 3591 2198 3647 legem
2210 3582 2278 3641 fici

1223 3640 1397 3683 debemus
1414 3639 1550 3686 nabere
1567 3635 1797 3699 descriptaiii.
1824 3641 1911 3693 tinae
1928 3653 2051 3695 autem
2066 3651 2194 3699 mensa
2211 3672 2278 3701 au·

1225 3711 1284 3746 rea
1309 3701 1415 3745 'debet
1439 3711 1541 3755 esse,
1567 3711 1636 3749 boc
1659 3714 1739 3759 est,
1762 3711 1854 3765 pura
1875 3722 1914 3755 et
1933 3706 2118 3766 pretiosa,
2142 3722 2183 3760 in
2202 3716 2275 3773 qna

1222 3760 1330 3817 ledani
1346 3754 1413 3808 ti'e't
1426 3765 1592 3820 §criptam
1607 3768 1741 3824 seraper
1754 3762 1957 3825 habiarius,
1976 3767 2072 3820 sicui
2089 3770 2275 3833 ἀροείοιιιό
