2540 4016
317 163 390 214 879

745 164 986 205 B.RABAN1
1011 165 1160 203 MAURI
1185 162 1846 202 ARCfflEP.n10GUNT.oPERtJM
1871 162 1991 199 PARS
2016 162 2045 199 1.

2396 165 2478 210 880

311 251 375 299 qui
409 258 483 285 non
509 247 618 284 habet
650 245 919 286 discretionem,
947 251 1111 288 quaerere
1142 248 1214 275 non
1246 241 1367 285 potest
1381 240 1418 280 A
1436 238 1585 275 tentiam
1606 238 1728 276 indici.
1754 239 1958 286 Supputant
1987 244 2108 275 autem
2133 247 2262 286 usque
2275 241 2322 281 ad
2345 241 2482 290 juhilaei

313 310 519 350 mercedem
548 308 694 345 virtutis
723 315 829 352 quam
862 303 990 349 egerit.
1008 303 1054 339 Et
1070 307 1261 348 propterea
1279 309 1365 348 pro—

313 369 438 420 pritini
464 369 591 417 agrum
625 367 757 404 dicitur
783 371 855 401 non
883 363 1075 406 redimere,
1107 361 1169 399 sed
1197 361 1366 398 veniente

310 429 470 480 inhibeo,
491 428 527 467 id
556 435 625 473 est,
656 427 816 473 tempere
834 425 1060 461 remissionis
1076 428 1302 467 transeunte,
1325 423 1364 459 in

313 502 386 541 quo
404 491 570 530 remissio
586 487 703 526 locum
726 486 848 529 habet,
869 491 925 522 est
945 491 1067 521 autem
1086 493 1245 531 praesens
1263 483 1360 526 vita,

312 549 395 590 vide
409 546 513 598 duale
531 553 778 596 quantumque
796 545 844 581 sit
863 544 958 590 quod
975 544 1135 591 patietur
1153 556 1162 579 ε
1184 542 1363 578 Possessio

314 611 536 656 sanctificata
564 607 630 643 erit
651 605 824 646 Domino,-
852 603 1079 640 conversatio
1107 602 1222 645 enim,
1255 610 1364 646 quam

311 665 425 708 semei
439 671 653 706 consecutus
673 669 741 707 est,
762 663 906 699 etiamsi
926 662 1017 699 alter
1034 666 1115 698 erat
1137 661 1197 707 qui
1228 661 1361 706 guber-

310 730 432 771 nabat,
463 732 587 764 sancta
613 725 682 761 erit
700 723 866 759 Domino.
895 721 965 758 Sed
993 721 1293 769 quemadmodum
1326 723 1363 754 et

309 787 489 835 possessio
521 790 731 823 eonsecrata
761 785 807 820 ad
827 784 887 831 jus
916 784 1073 830 pertinet
1107 782 1360 819 sacerdotum:

310 847 491 895 possessio
508 846 606 884 enim
622 845 700 892 ejus
717 850 754 882 et
768 845 909 881 lucrum
926 844 960 880 ei
979 843 1041 889 qui
1059 843 1226 880 continue
1240 841 1364 886 guber-

308 908 408 944 navit
423 908 661 955 reputabitur.

358 967 399 1005 Si
416 981 501 1016 aqer
520 963 750 1015 emptus'est,
779 974 811 1003 et
846 978 915 1003 non
944 967 987 1002 de
1007 966 1223 1012 possessione
1255 962 1364 998 malo-

311 1040 390 1065 rum
410 1029 654 1074 sanctifidatus
677 1028 782 1073 fuerit
799 1027 963 1069 Domino,
984 1024 1184 1071 supputabit
1202 1022 1362 1058 sacerdos

305 1091 410 1139 juxta
426 1092 597 1129 annorum
614 1095 796 1127 numerum
811 1100 918 1136 usque
935 1089 981 1124 ad
989 1087 1173 1134 jubilseum
1187 1086 1358 1132 pretium:

310 1161 341 1190 et
369 1155 466 1190 dabit
489 1154 547 1190 itte
566 1154 623 1200 qui
643 1159 758 1188 votum
779 1156 914 1187 rot-erat
946 1149 1107 1184 Domino.
1145 1148 1190 1182 In
1216 1146 1360 1192 jubiloeo
1379 1140 1411 1179 B

309 1220 424 1250 autem
443 1218 632 1249 revertetur
652 1212 698 1248 ad
715 1211 866 1258 priorem
886 1210 1064 1245 dominum
1083 1208 1142 1254 qui
1159 1206 1359 1242 vendiderat

309 1285 399 1317 eum,
418 1279 450 1309 et
463 1273 632 1308 babuerat
663 1271 698 1306 in
729 1275 858 1305 sortem
879 1269 1108 1316 possessionis
1129 1280 1214 1304 suco.
1238 1267 1359 1302 Omnis

312 1335 498 1371 «estimatio
518 1333 602 1368 siclo
617 1332 810 1368 sanctuarii
826 1331 1088 1376 ponderabitur.
1111 1329 1225 1364 siclus
1243 1329 1361 1372 riqinti

308 1394 427 1431 obolos
452 1393 567 1429 habet.
597 1390 836 1437 Primoqenita
860 1400 938 1435 quae
963 1389 1008 1423 ad
1035 1389 1146 1423 Deum
1176 1388 1359 1433 pertinent,

307 1465 406 1490 nemo
437 1453 660 1498 sanctificare
695 1451 822 1496 poterit
847 1456 878 1484 et
904 1459 1022 1483 vovere
1045 1457 1056 1480 .·
1083 1447 1154 1482 sive
1186 1447 1258 1488 bos,
1293 1447 1360 1481 sire

306 1513 376 1550 ovis
394 1514 513 1560 fuerit,
541 1511 685 1547 Domini
713 1516 809 1545 sunt.
846 1509 1037 1544 Maximam
1066 1507 1242 1552 justitiam
1273 1507 1360 1553 legis

306 1575 426 1611 littera
459 1579 493 1609 et
524 1573 672 1619 spiritus
691 1570 873 1607 ostendit:
894 1570 1014 1604 littera
1036 1568 1212 1614 siquidem
1235 1578 1359 1614 agrum

307 1633 524 1680 possidentis
545 1631 716 1674 alienum,
747 1635 788 1665 ut
816 1629 1043 1665 sanctificent
1061 1630 1134 1664 Deo
1154 1633 1190 1663 et
1207 1627 1361 1663 offerant

309 1693 569 1736 sacerdotibus,
594 1698 632 1727 ut
651 1701 775 1727 eorum
796 1690 842 1726 sit
857 1689 1016 1725 creditus
1037 1699 1123 1735 ager
1141 1698 1211 1724 non
1231 1689 1357 1730 vetuit,

311 1755 394 1800 quia
435 1763 506 1789 non
547 1751 753 1798 specialiter
792 1761 892 1786 suam
932 1750 1086 1793 obtulit3
1127 1750 1221 1785 sicut
1263 1750 1359 1784 enim

311 1820 452 1861 emptus
480 1811 556 1858 ejas
579 1817 664 1848 tunc
691 1816 782 1855 erat,
818 1811 870 1847 sic
890 1818 1009 1847 autem
1029 1810 1089 1856 qui
1111 1811 1154 1846 de
1172 1810 1360 1846 vendentis

309 1870 426 1911 suerat
454 1873 681 1921 possessione
708 1878 807 1909 recte
833 1872 971 1908 alienus
995 1876 1063 1907 est.
1085 1871 1255 1916 Praeeipu
1274 1882 1358 1917 ergo

310 1934 515 1981 computare
542 1934 765 1970 sacerdotem
790 1933 866 1978 agri
890 1932 1044 1978 pretium
1067 1941 1180 1976 usque
1205 1932 1247 1967 ad
1265 1932 1360 1977 jobi-

312 1997 430 2039 laeum,
447 2002 483 2032 et
505 1997 555 2032 sic
574 2006 639 2041 pro
660 2005 703 2030 eo
717 1996 803 2031 dare
820 1993 975 2039 pretium
991 2004 1000 2036 ;
1020 1993 1056 2027 in
1072 1991 1218 2037 juhilaeo
1238 1998 1357 2029 autem

312 2058 442 2092 reverti
460 2063 501 2092 ac
525 2053 624 2092 reddi
640 2056 752 2102 priori
771 2054 934 2097 Domino,
955 2055 989 2089 id
1004 2059 1071 2097 est,
1089 2054 1122 2090 ei
1138 2055 1197 2100 qui
1215 2060 1359 2101 propter
1378 2046 1407 2087 G

310 2121 559 2163 paupertatem
583 2125 659 2151 rem
689 2116 873 2161 propriam
891 2115 1063 2158 vendidit,
1097 2120 1134 2150 et
1157 2116 1201 2150 ad
1222 2122 1359 2151 certum

311 2186 391 2212 eam
409 2182 549 2222 tempus
569 2175 748 2211 alienavit.

356 2233 410 2274 Ab
420 2236 488 2273 hoc
503 2246 588 2284 ergo
603 2236 697 2272 etad
712 2236 908 2282 spiritalem
925 2235 1195 2282 intelligentiam
1210 2235 1357 2270 transit:

310 2294 349 2334 Si
369 2307 450 2344 affer
466 2303 611 2343 emptus,
632 2303 663 2332 et
684 2307 752 2332 non
771 2297 986 2343 possessione
1004 2296 1180 2341 majorum
1199 2295 1354 2340 sanctifi-

310 2366 407 2394 catus
427 2359 531 2404 suerit
551 2359 714 2401 Domino,
735 2359 932 2404 supputabit
952 2357 1112 2392 sacerdos
1123 2357 1229 2402 juxta
1248 2368 1359 2392 anno-

310 2429 385 2453 rum
404 2419 586 2453 numerum
609 2428 716 2464 usque
743 2418 788 2453 ad
813 2417 1009 2463 jubiloeum.
1043 2417 1179 2461 Agrum
1201 2417 1260 2462 qui
1279 2427 1362 2463 pos-

310 2477 412 2521 sidet,
436 2480 541 2523 quem
560 2477 660 2520 emit,
680 2481 715 2512 et
735 2486 806 2512 non
831 2481 887 2511 est
908 2486 980 2511 sure
996 2475 1235 2522 possessionis
1254 2476 1285 2511 is
1299 2476 1358 2520 qui

311 2531 569 2584 intelligibilem
589 2535 840 2583 paupertatem
869 2537 1065 2582 patientem
1088 2536 1273 2572 exhortari
1298 2546 1361 2571 va-

309 2597 370 2641 let,
386 2602 607 2643 arguereque
627 2606 722 2639 eum,
745 2600 853 2642 atque
869 2605 1014 2632 movere
1033 2596 1076 2631 ad
1093 2595 1357 2640 poenitentiam.

308 2656 567 2704 intelligibilem
587 2657 682 2693 enim
704 2663 850 2699 terram,
874 2667 981 2703 quam
1000 2656 1059 2692 ille
1077 2656 1296 2702 possidebat,
1316 2656 1360 2691 de

314 2722 383 2766 qua
414 2719 526 2758 David
555 2719 760 2765 psallebat:
785 2718 940 2765 Spiritus
969 2723 1048 2753 tuus
1077 2718 1184 2753 bonus
1216 2717 1359 2752 deducet

307 2794 362 2819 me
382 2784 418 2819 in
443 2790 572 2819 terram
596 2790 725 2819 rectam
758 2783 872 2831 (Psal.
892 2783 982 2831 nv),
1003 2784 1079 2829 ipse
1098 2784 1271 2830 possidet,
1288 2795 1359 2820 non

307 2844 519 2890 permittens
533 2847 612 2880 eain
629 2855 671 2880 ex
690 2850 765 2880 toto
783 2844 976 2890 corrumpi,
997 2844 1058 2880 sed
1077 2844 1219 2878 lucrans
1238 2843 1360 2879 fratris

311 2904 482 2940 virtutem
507 2905 563 2942 vel
582 2906 717 2950 vitam,
746 2906 789 2942 de
817 2912 889 2953 qua
919 2905 980 2942 ille
1011 2916 1076 2952 per
1104 2905 1359 2952 negligentiam

312 2960 456 3000 cecidit.

361 3021 399 3070 Si
417 3024 525 3072 igitur
544 3036 585 3063 ea
604 3027 887 3064 sanctificaverit
906 3027 1071 3070 nomino,-
1099 3026 1135 3062 id
1161 3030 1228 3068 est,
1255 3026 1358 3062 obtu-

311 3084 392 3120 lerit
407 3083 585 3122 sacerdoti
609 3086 767 3124 :audisti
788 3086 883 3124 enim
907 3087 990 3133 quia
1019 3087 1055 3122 in
1085 3086 1252 3131 praesenti
1278 3095 1360 3121 san-

310 3143 462 3183 ctificari
492 3144 566 3184 neb
594 3147 682 3184 dicit
699 3157 742 3184 ea
765 3151 846 3194 quat
869 3142 1115 3183 sacerdotibus
1135 3151 1232 3182 sorte
1251 3146 1360 3181 obve-

308 3209 450 3242 nerunt.
489 3205 617 3244 offerri
655 3211 791 3253 autem,
815 3208 1018 3255 quomodo?
1046 3208 1082 3243 id
1112 3212 1184 3250 est,
1217 3210 1359 3253 oportet

311 3269 392 3302 enm
409 3267 469 3314 qui
489 3268 646 3316 culpavit
667 3267 868 3313 emendari,
887 3273 924 3305 et
941 3271 1103 3306 sanctam
1123 3269 1201 3315 ejus
1217 3267 1358 3304 efficere

312 3328 636 3367 conversationem.
677 3321 893 3377 supputabit
924 3330 1087 3366 sacerdos
1114 3330 1220 3376 juxta
1246 3339 1359 3365 anno-

311 3387 389 3424 ram
411 3394 592 3428 numerum
607 3391 718 3439 usqiae‘e
742 3389 790 3427 ad
815 3390 1003 3438 jubilaeum
1028 3391 1190 3438 pretium,
1213 3395 1245 3426 et
1263 3389 1360 3425 dabit

314 3442 375 3483 tue
387 3442 445 3495 lidi
459 3454 574 3487 votum
592 3450 730 3489 voverat
750 3446 912 3488 Domino.
937 3451 1050 3488 Recte
1069 3449 1239 3488 sacerdos
1254 3449 1361 3486 simul

316 3500 397 3544 euin
415 3506 458 3545 eb
474 3508 535 3556 qui
554 3509 664 3548 motit
683 3510 834 3549 fratrem
853 3513 899 3549 ad
915 3511 1180 3560 prendendam,
1198 3510 1283 3558 quia
1301 3509 1361 3545 ille

313 3564 457 3616 nitidem
485 3567 644 3610 districte
672 3575 750 3622 eius
776 3572 954 3613 actionem
978 3574 1015 3611 et
1033 3566 1358 3617 conversationen,

316 3627 354 3666 nt
373 3629 455 3678 pote
474 3631 559 3680 quia
585 3631 661 3682 ipse
677 3645 760 3673 eum
777 3637 948 3680 correxit,
969 3635 1028 3673 hic
1047 3640 1167 3672 autem
1181 3641 1223 3672 ut
1241 3639 1360 3671 saeer-

316 3684 380 3728 dos
405 3694 505 3730 amit
534 3692 658 3732 ieram
689 3695 799 3743 atque
827 3695 1026 3743 perfectam
1060 3695 1357 3744 redemptionem,

318 3745 536 3800 susinum,
554 3740 638 3792 aa
645 3750 827 3803 man,
845 3752 998 3803 quatem
1012 3754 1050 3793 e}
1064 3756 1229 3803 mm·
1243 3753 1360 3818 μω-

1376 2942 1412 2989 I)

1422 3749 1514 3790 ‘dum
1539 3749 1658 3787 Duum
1676 3753 1724 3786 „ot
1745 3758 1827 3798 oum
1852 3749 1913 3798 pia
1935 3742 2481 3801 ⁴subjectione„in‘eipitg.i(ludis

1434 299 1603 344 pretium,
1635 299 1672 334 id
1687 303 1758 342 est,
1779 309 1823 335 ex
1842 299 1900 335 his
1915 309 1995 345 quae
2012 299 2056 335 de
2071 298 2482 347 poeniwnmvina

1435 360 1530 396 dicta
1550 365 1633 396 sunt
1657 359 1858 406 Scriptura.
1884 360 1964 407 Ipsa
1990 360 2088 396 enim
2115 359 2307 397 aestimatio
2323 366 2379 399 est
2394 363 2480 400 anni
2533 374 2540 411 j

1428 421 1561 467 jubilaei
1587 422 1662 458 sive
1682 421 1919 458 remissionis.
1940 421 1987 457 Et
2012 421 2109 458 dabit
2125 420 2186 458 ute
2204 422 2264 469 qui
2283 427 2479 461 volumno-
2534 435 2540 475 j

1431 490 1526 519 verat
1544 483 1716 525 Domino;
1742 483 1831 525 sive,
1858 481 2056 518 seeundum
2076 481 2326 529 Septuaginta,
2349 489 2384 520 et
2399 485 2480 523 toda·
2534 478 2540 482 ⁴

1431 545 1488 579 det
1506 545 1655 590 pretium
1670 544 1708 578 in
1727 543 1782 578 die
1800 542 1864 579 itta
1882 548 2043 578 sanctum
2067 543 2222 580 Domino
2229 555 2244 587 ;
2265 545 2306 580 in
2322 550 2483 592 tempora

1431 603 1542 644 enini,
1563 603 1598 638 in
1619 612 1691 648 quo
1710 603 1907 638 seeundum
1930 603 2026 638 hane
2047 603 2224 639 rationem
2241 613 2286 640 ea
2301 614 2381 650 (με
2396 610 2481 643 sunt

1432 664 1474 699 de
1494 664 1706 709 poenitentia
1738 663 1974 706 definiuntur,
2003 663 2077 699 sive
2102 663 2311 701 indieuntur
2328 665 2375 709 ei,
2397 675 2480 704 eum

1430 723 1633 759 necessaria
1665 729 1719 759 est
1750 723 1911 759 definitio
1933 723 2010 769 ejus
2029 728 2153 760 saneta
2168 725 2321 761 Domino
2338 726 2479 762 inveni,

1431 791 1501 820 tur.
1527 785 1622 820 Bene
1642 790 1760 820 autem
1782 783 1887 827 dixit,
1908 784 2018 828 dabit,
2038 785 2096 820 vel
2114 785 2207 822 sicut
2226 785 2477 833 Septuaginta,

1431 847 1561 890 reddet,
1601 857 1672 882 non
1706 847 1857 883 reddent
1879 859 1886 882 :
1906 857 1989 882 nam
2020 847 2089 883 etsi
2120 849 2302 883 communi
2331 849 2482 885 consilio
2536 843 2540 845 ’

1431 909 1628 944 sacerdotis
1645 914 1680 944 et
1695 908 1771 953 ejus
1788 909 1850 953 qui
1866 908 1978 944 movit
1994 913 2223 954 peccatorem
2240 908 2284 944 ad
2299 909 2480 955 poeniten-

1431 971 1530 1013 tiam,
1562 970 1605 1005 de
1634 980 1675 1004 ea
1708 969 1869 1005 delinitio
1896 970 2127 1005 constituitur
2152 979 2231 1015 quae
2258 971 2479 1014 aestimatum

1430 1035 1679 1065 verumtamen
1705 1029 1764 1064 iile
1789 1039 1871 1064 eum
1898 1028 2004 1064 offert
2020 1029 2082 1074 qui
2107 1029 2257 1065 fratrem
2280 1030 2481 1075 culpantem

1431 1090 1621 1136 compungi
1647 1088 1743 1125 fecit.
1773 1089 1863 1124 Huic
1885 1090 1980 1124 enim
1998 1095 2034 1124 et
2051 1089 2204 1125 obediet.
2242 1090 2313 1125 Sed
2340 1095 2376 1125 et
2406 1090 2482 1136 ipse
2527 1099 2540 1134 1·

1430 1149 1607 1195 obligatur
1625 1151 1661 1185 in
1679 1150 1930 1186 emendatione
1950 1149 2026 1194 ejus
2044 1150 2103 1194 qui
2120 1149 2368 1194 poenitentiam
2391 1150 2479 1195 agit,

1429 1216 1468 1246 ut
1488 1216 1570 1255 pote
1592 1211 1653 1255 qui
1682 1210 1792 1245 semel
1817 1209 1894 1254 ejus
1913 1209 2147 1245 correctionis
2172 1209 2257 1244 fecit
2277 1210 2478 1246 exordium.

1429 1270 1496 1314 Qui
1520 1275 1638 1305 autem
1659 1279 1730 1305 non
1747 1270 1842 1305 illico
1857 1279 1938 1305 cum
1960 1269 2130 1304 desinitur
2149 1269 2362 1313 poenitentia
2380 1269 2480 1314 peni-

1431 1336 1487 1366 tus
1511 1331 1719 1373 mundatur,
1740 1331 1802 1366 sed
1822 1331 1966 1376 quando
1979 1340 2057 1365 eam
2073 1329 2232 1375 perfecte
2253 1330 2379 1375 egerit,
2402 1340 2482 1375 pro-

1428 1397 1551 1435 pterea
1579 1391 1655 1426 ait:
1677 1391 1722 1426 In
1743 1391 1887 1436 jubiloeo
1911 1396 2026 1425 autem
2047 1391 2228 1425 revertitur
2252 1390 2297 1425 ad
2327 1391 2480 1436 priorem

1429 1451 1620 1492 (tantinum,
1648 1450 1707 1495 qui
1724 1450 1924 1484 vendiderat
1939 1461 2030 1484 eum.
2049 1450 2144 1495 Ergo
2159 1450 2320 1486 definitio
2335 1452 2480 1496 quidem

1428 1511 1648 1557 poenitentiae
1679 1511 1717 1545 in
1748 1510 1808 1544 illa
1839 1510 1897 1545 die
1932 1515 2056 1544 sancta
2088 1520 2172 1545 mox
2203 1510 2276 1550 fiet,
2307 1511 2343 1546 in
2371 1523 2440 1557 qua
2459 1522 2480 1548 a

1429 1570 1616 1605 siccrdote
1647 1574 1683 1604 et
1715 1569 1966 1604 exhortatione
1999 1568 2096 1613 ejus,
2134 1569 2196 1614 qui
2231 1571 2480 1616 poenitentiam
2534 1575 2540 1617 j

1429 1635 1576 1665 acturus
1594 1635 1672 1664 erat
1685 1639 1750 1675 per
1769 1630 1926 1665 divinam
1948 1628 2185 1675 Sciiptuiam,
2207 1633 2386 1676 quomodo
2399 1643 2479 1670 eam
2538 1655 2540 1660 -

1429 1691 1555 1726 debeat
1576 1699 1681 1736 agere
1696 1690 1909 1725 aestimatur.

1479 1751 1578 1786 lunc
1603 1757 1722 1786 autem
1739 1751 1918 1796 poenitens
1929 1753 2194 1795 possessionem
2209 1762 2324 1796 suam,
2342 1763 2479 1800 agrum-

1429 1820 1498 1855 que
1519 1816 1553 1845 et
1575 1811 1886 1847 conversationem
1912 1811 2072 1857 recipiet,
2102 1812 2244 1857 quando
2272 1813 2317 1848 ad
2345 1824 2478 1851 annum

1428 1872 1633 1916 pervenerit
1647 1870 1782 1916 jubilaei
1804 1872 1879 1907 sive
1893 1872 2130 1908 remissionis.
2155 1871 2276 1908 Omnis
2294 1874 2477 1910 oestintatio

1429 1932 1514 1968 siclo
1529 1933 1722 1967 sanctuarii
1734 1931 1996 1978 ponderabitur.
2015 1930 2142 1975 siclus,
2159 1932 2234 1968 sive
2251 1933 2476 1979 didrachma,

1427 1994 1547 2039 viginti
1565 1992 1682 2028 obolos
1703 1993 1827 2034 habet‚·
1854 1998 1892 2028 ut
1915 1993 2032 2029 omnis
2055 1994 2244 2029 aestimatio
2261 1994 2336 2030 sive
2351 1994 2479 2031 defini-

1432 2056 1481 2090 tio
1501 2055 1636 2091 sanctis
1656 2055 1718 2090 liat
1734 2055 1963 2101 ponderibus,
1987 2056 2021 2091 id
2039 2061 2106 2098 est,
2136 2056 2192 2091 his
2219 2067 2299 2102 quae
2327 2064 2410 2092 sunt
2435 2058 2480 2094 de

1429 2128 1530 2153 sacra
1544 2118 1749 2162 Scriptura:
1763 2117 1943 2152 exteriora
1956 2117 2051 2152 enim
2066 2117 2225 2163 pondera
2238 2118 2350 2153 veluti
2364 2119 2479 2164 philo-

1429 2177 1824 2221 sopliorum‚inquibus
1844 2176 1951 2212 etiam
1973 2177 2040 2222 ipsi
2056 2178 2150 2214 vitas
2167 2179 2479 2216 conversationes-

1429 2244 1499 2280 que
1512 2243 1678 2280 pensant,
1691 2247 1759 2271 non
1775 2242 1857 2272 sunt
1870 2242 2005 2278 sancta,
2019 2237 2101 2282 quia
2117 2238 2304 2274 seientiam
2314 2239 2481 2284 imperse-

1429 2300 1523 2330 ctam
1538 2295 1733 2340 possident.
1747 2296 1817 2331 Sed
1840 2306 1906 2331 nec
1922 2297 2172 2333 haereticorum
2188 2299 2346 2344 pondera
2356 2304 2481 2335 sancta

1430 2360 1512 2389 sunt
1532 2367 1538 2388 :
1562 2355 1757 2390 cauteriata
1784 2361 1839 2391 est
1864 2357 1961 2391 enim
1985 2367 2108 2393 eorum
2137 2360 2382 2403 conscientia3
2417 2360 2481 2397 sed

1430 2421 1552 2451 sancta
1571 2422 1652 2451 sunt
1671 2426 1712 2451 ea
1728 2426 1806 2461 quae
1831 2423 1913 2451 sunt
1930 2418 1965 2451 in
1985 2418 2105 2453 divina
2126 2418 2328 2464 Scriptura,
2349 2421 2385 2456 in
2402 2419 2482 2466 qui-

1428 2477 1495 2512 bus
1523 2476 1651 2522 viginti
1682 2476 1777 2512 oholi
1810 2482 1906 2512 sunt.
1939 2477 2074 2513 Siclum
2103 2479 2178 2514 sive
2203 2479 2423 2524 didrachma,
2445 2481 2480 2516 id

1428 2541 1497 2579 est,
1525 2538 1650 2573 decem
1679 2539 1865 2582 mandata,
1894 2540 2090 2575 secundum
2117 2540 2274 2576 litteram
2294 2546 2330 2576 et
2354 2551 2481 2578 seeun-

1429 2597 1513 2633 dum
1550 2599 1715 2643 spiritum
1740 2599 1985 2642 intellectum,
2011 2599 2105 2635 sicut
2131 2601 2335 2647 evangelica
2365 2602 2482 2649 gratia

1429 2657 1602 2699 insinuat,
1635 2663 1671 2693 et
1695 2658 1754 2702 qui
1779 2658 1815 2692 in
1835 2668 1876 2694 ca
1903 2659 2016 2695 dicit:
2041 2659 2124 2696 Non
2151 2661 2395 2706 arbitremini,
2420 2663 2481 2710 qui

1430 2721 1503 2755 reni
1528 2719 1656 2756 solvere
1673 2720 1795 2767 leqem,
1819 2728 1879 2756 aut
1906 2722 2089 2768 propbetas
2102 2734 2115 2766 ;
2144 2733 2213 2759 non
2234 2725 2311 2759 veni
2334 2723 2478 2768 solvere,

1428 2782 1489 2817 sed
1519 2782 1660 2828 implere
1689 2782 1832 2827 (Manli.
1855 2782 1905 2830 v).
1934 2784 2029 2830 Ergo
2046 2784 2249 2829 quicunque
2279 2789 2340 2819 aut
2364 2784 2480 2831 legem

1430 2842 1570 2877 irritam
1593 2841 1691 2884 iacit,
1712 2848 1775 2877 aut
1794 2842 2024 2889 Evangelium
2046 2843 2173 2886 tenuit,
2200 2843 2259 2879 hic
2280 2854 2351 2880 non
2370 2844 2482 2881 habet

1430 2902 1650 2943 didrachma,
1685 2912 1751 2937 nec
1781 2903 1887 2949 hujus
1913 2903 2113 2939 doctrinam
2137 2908 2178 2939 ut
2194 2903 2480 2942 sanctificantem

1431 2963 1624 3009 recipimus
1644 2973 1653 2998 :
1675 2964 1866 3000 haereticos
1884 2969 2006 3000 autem
2022 2969 2060 3000 et
2075 2962 2233 3007 Judaeos,
2249 2974 2404 3010 quorum
2418 2963 2480 3001 alii
2494 2954 2499 2957 ”

1429 3026 1573 3071 quidem
1611 3026 1763 3072 gratiam
1779 3053 1788 3069 ,
1833 3026 1896 3061 alii-
1932 3026 2048 3072 legem
2092 3031 2226 3072 negant
2240 3052 2250 3069 ‚
2293 3025 2480 3072 aequaliter

1430 3085 1646 3130 respuimus.
1687 3085 1928 3133 Primoqenita
1959 3098 2039 3134 qm
2079 3088 2125 3124 ad
2158 3087 2270 3124 Deum
2308 3089 2479 3135 pertinent

1431 3156 1528 3181 nemo
1554 3146 1774 3191 sanctificare
1799 3153 1910 3192 potest
1927 3152 1959 3183 et
1983 3157 2114 3192 vovere,
2135 3148 2205 3184 sive
2223 3147 2298 3192 bos,
2316 3148 2387 3184 sive
2406 3147 2479 3183 ovis

1430 3209 1550 3255 suerit,
1569 3209 1712 3244 Domini
1730 3215 1823 3245 sunt.
1839 3210 1975 3246 Pecora
1993 3220 2056 3247 eos
2074 3211 2135 3256 qui
2151 3211 2254 3248 nobis
2269 3210 2478 3248 obedientes

1429 3274 1525 3311 sunt,
1545 3269 1638 3304 tilios
1655 3273 1692 3304 et
1707 3278 1845 3312 servos,
1867 3274 1904 3304 et
1926 3270 2123 3315 discipulos
2142 3271 2178 3306 in
2195 3269 2481 3317 praecedentibus

1429 3329 1587 3365 diximus
1606 3340 1614 3362 ε
1631 3327 1768 3363 Horum
1798 3327 2101 3374 primogenitum,
2131 3328 2170 3364 id
2194 3334 2263 3372 est,
2291 3330 2354 3374 qui
2377 3327 2482 3365 nobis

1429 3389 1481 3426 sie
1496 3394 1627 3435 parens
1640 3393 1678 3424 et
1692 3387 1864 3424 obediens
1879 3386 2005 3431 tuerit,
2019 3392 2059 3423 nt
2075 3394 2110 3424 et
2125 3387 2206 3424 aliis
2220 3387 2432 3424 obedientiae
2445 3393 2483 3425 et

1429 3449 1580 3496 parendi
1600 3449 1770 3485 ducatum
1786 3447 1960 3494 praebuit.
1978 3446 2025 3483 Et
2041 3451 2233 3493 propterea
2255 3446 2317 3482 hic
2334 3446 2480 3493 quidem

1427 3509 1707 3557 primogenitum
1733 3507 1886 3551 diuitum
1915 3506 2000 3543 alibi
2027 3511 2150 3544 autem
2170 3507 2214 3544 de
2234 3516 2278 3543 eo
2299 3506 2482 3554 legislator

1429 3570 1517 3607 dicit
1533 3581 1542 3605 :
1558 3569 1671 3607 om
1687 3566 1922 3604 masculanum
1939 3566 2147 3614 adaperiens
2168 3566 2305 3605 vulvam
2316 3571 2482 3608 sanctum

1428 3627 1578 3666 Domino
1608 3628 1790 3664 vocabitur
1821 3627 1954 3675 (Exod.
1987 3627 2128 3676 xxxiv).
2173 3619 2348 3676 Adaperit
2382 3626 2480 3665 enim

1427 3688 1572 3725 vulvam
1601 3689 1890 3734 gmerandorum
1916 3688 2086 3733 filiorum,
2107 3691 2169 3736 qui
2188 3691 2336 3734 obedire
2347 3698 2500 3736 ’φωρ-ς
