2540 4016
39 167 106 203 321

40 301 194 348 Propter
214 303 310 349 quod
328 301 465 339 addidit
483 314 492 337 ε
514 301 561 337 In
578 301 635 336 die
651 313 721 348 qua
738 301 863 337 obtulit
880 313 938 337 eos
954 301 1094 348 Moyses

40 370 79 400 ut
96 363 291 399 sacerdotio
308 362 535 408 funyerentur
551 361 658 405 milti,
676 366 708 396 et
727 372 805 407 quae
829 362 992 407 praecepit
1016 361 1096 396 dari

41 427 90 462 eis
108 425 278 461 Dominus
298 435 319 458 a
337 422 422 469 filiis
443 421 571 458 Israel.
587 423 682 469 Ergo
702 422 739 458 in
753 423 810 459 his
829 422 935 459 nobis
954 422 1098 459 unctio-

42 499 126 524 nem
153 487 271 530 dedit,
295 490 332 522 et
354 486 392 522 in
418 485 498 521 istis
523 496 590 522 nos
613 485 759 522 vocavit
781 485 904 521 Deus:
930 485 997 520 Die
1026 495 1096 532 qua

44 548 167 584 obtulit
190 559 260 584 eos.
288 546 441 591 Quando
465 551 586 582 autem
610 545 707 582 hoe?
727 544 805 589 Qua
829 544 887 581 die
908 544 1014 580 unxit
1035 554 1098 580 eos

42 615 82 646 ut
106 609 308 646 sacerdotio
330 607 581 654 fungerentur,
607 607 643 643 id
666 611 744 650 est,
772 616 841 651 qua
865 606 923 642 die
949 605 1028 641 illos
1053 615 1099 641 ex

43 672 127 708 filiis
143 672 255 708 Israel
273 672 400 714 unxit,
417 681 482 717 per
495 670 705 706 unctionem
719 669 889 705 videlicet
908 679 988 715 quae
1003 678 1099 704 nunc

44 733 141 769 dicta
164 738 260 768 sunt.
287 732 355 776 Qui
380 732 476 768 enim
503 731 690 768 sublimius
715 731 843 766 vivunt
867 740 931 766 seu
950 737 1101 764 conver-

43 797 183 835 santur,
203 797 302 828 recte
322 792 420 827 omni
440 792 714 828 excellentiores
734 795 821 826 sunt
837 789 983 836 populo,
1005 789 1100 824 unde

44 859 81 890 et
114 853 222 889 nimis
255 858 455 899 opportune
489 852 676 898 legislator
709 849 868 886 subdidit
889 861 897 885 ε
917 848 1100 894 Reliyione

42 921 208 962 perpetua
227 915 264 949 in
280 913 560 960 yeneratiom'bus
579 912 718 954 vestris,
736 915 913 955 quatenus
929 916 969 945 tu
987 910 1101 946 scires

43 975 127 1021 quia
149 975 363 1010 inconcussa
382 975 460 1008 haec
478 971 572 1017 apud
590 971 704 1006 Deum
722 970 852 1017 religio
871 975 948 1015 est,
970 975 1012 1006 ut
1030 980 1099 1006 ne-

47 1044 117 1079 que
141 1034 337 1080 dignitate,
365 1041 483 1078 neque
506 1031 708 1076 sapientia,
732 1042 851 1078 neque
885 1032 1101 1079 cognatione

40 1096 242 1142 justorum,
266 1105 383 1140 neque
402 1094 473 1130 alia
494 1094 602 1130 simili
631 1105 675 1130 ex
695 1104 736 1130 re
761 1094 892 1140 populo
910 1094 967 1130 vel
986 1094 1101 1140 pluri-

43 1229 123 1265 quae
144 1219 181 1254 in
202 1216 451 1263 superioribus
472 1219 556 1251 sunt
574 1220 768 1261 praecepta.
798 1213 858 1251 Sic
882 1215 979 1250 enim
1003 1214 1101 1260 quis-

42 1280 139 1327 piam
159 1284 195 1314 et
215 1277 385 1314 sacerdos
405 1276 445 1311 fit
467 1275 664 1312 secundum
687 1275 942 1321 cognationem
963 1274 1100 1312 Christi

43 1341 119 1376 veri
139 1339 358 1382 sacerdotis,
382 1338 443 1384 qui
464 1337 733 1373 immaculatam
755 1343 791 1373 et
811 1337 1012 1384 perfectam
1034 1339 1099 1374 de-

44 1401 260 1438 monstravit
281 1400 407 1435 vitam.
435 1398 507 1434 Sed
526 1399 610 1444 quia
631 1398 840 1434 unctionem
866 1409 908 1434 ea
934 1408 1013 1444 quae
1039 1409 1100 1433 su-

33 1462 166 1509 perius
182 1461 287 1507 plane
305 1460 400 1496 dicta
416 1464 499 1494 sunt
514 1458 712 1501 intellexit,
739 1468 819 1504 quae
834 1459 1103 1502 subsequuntur

46 1522 272 1566 approbant:
295 1519 371 1555 Ista
398 1525 448 1554 est
476 1518 532 1553 lea:
557 1518 753 1553 holocausti
783 1523 814 1552 et
844 1517 1010 1562 sacrificii
1039 1528 1102 1563 pro

44 1588 183 1628 peccato
213 1586 314 1627 atque
343 1579 468 1614 delicto
482 1606 491 1622 ‚
512 1585 544 1613 et
564 1589 626 1624 pro
646 1578 904 1613 consecratione
925 1583 957 1613 et
977 1579 1103 1624 pacifi-

47 1652 168 1677 corum
205 1640 353 1676 victimis
378 1650 463 1685 quas
491 1639 670 1674 constituit
707 1638 874 1673 Dominus
918 1637 1033 1684 Moysi
1065 1639 1102 1674 in

47 1706 162 1735 monte
174 1699 289 1742 Sinai,
300 1699 440 1745 quando
450 1698 627 1733 mandavit
644 1697 728 1742 filiis
742 1697 871 1741 Israel,
885 1705 922 1733 ut
937 1699 1102 1744 offerrent

46 1760 237 1796 oblationes
257 1771 339 1795 suas
357 1759 507 1793 Domino
527 1758 563 1793 in
582 1758 716 1792 deserto
737 1758 839 1793 Sinai
859 1757 870 1805 (
886 1758 980 1793 Ibid.
996 1758 1024 1805 ).
1041 1759 1103 1795 Vi-

47 1822 111 1858 des
130 1820 334 1857 differentes
355 1818 649 1854 conversationes
669 1828 748 1862 quae
769 1817 993 1862 conjungunt
1012 1818 1099 1861 Deo,

45 1882 121 1918 sive
144 1879 343 1926 perfectum
369 1880 545 1915 honorem
572 1877 781 1923 sapientiae,
808 1877 869 1922 qui
900 1886 965 1921 per
997 1876 1100 1911 holo-

35 1947 210 1979 ·caustum
239 1939 478 1987 significatur,
500 1939 575 1975 sive
594 1948 658 1984 per
684 1937 904 1973 mediocrem
922 1935 1101 1981 justitiam

33 2015 125 2051 «quae
151 2004 280 2039 idonea
300 2008 375 2045 est,
398 2006 435 2037 et
455 2011 535 2046 quse
556 2001 601 2036 ad
625 1999 776 2035 salutem
802 1998 986 2045 pertinent
1013 2007 1099 2044 ope—

35 2123 207 2160 llocausta
231 2127 399 2168 agantur,
429 2121 504 2156 sive
529 2130 592 2165 per
618 2119 863 2161 oblationem,
890 2124 989 2154 recte
1016 2128 1098 2154 esse

46 2185 171 2227 utilia,
197 2188 237 2219 ut
261 2189 345 2229 pote
371 2183 583 2228 dignitatem
611 2180 872 2217 sacerdotalem
893 2180 1102 2225 praestantia

35 2247 103 2283 lex
130 2245 328 2288 intellexit,
350 2250 383 2280 et
404 2249 596 2290 propterea
615 2243 651 2278 in
672 2243 729 2278 die
749 2252 820 2288 qua
842 2241 1027 2277 unctionis
1051 2241 1104 2277 le-

36 2319 130 2357 .gem
155 2308 268 2354 Moysi
293 2307 329 2342 in
356 2312 479 2342 monte
503 2305 591 2341 Sina
617 2305 800 2340 mandavit
822 2304 931 2340 etiam
955 2314 997 2339 ea
1024 2313 1103 2349 quae

51 2374 135 2406 sunt
154 2369 196 2404 de
217 2367 407 2404 sacrificiis
424 2366 606 2409 subdidit,
627 2364 804 2410 simulque
821 2374 863 2400 ea
882 2364 1003 2400 omnia
1019 2364 1104 2399 brc-

36 2429 140 2466 *viter
172 2428 398 2465 enumeravit
427 2432 464 2463 et
494 2425 806 2462 commemoravit.
844 2424 915 2461 Sed
937 2424 1000 2460 ubi
1025 2425 1103 2460 haec

34 2491 241 2527 «constituta
262 2489 384 2524 dixit?
405 2488 449 2523 In
469 2488 603 2523 deserto
624 2488 726 2523 Sinai
748 2497 759 2521 :
783 2487 883 2522 Sinai
903 2491 1024 2522 autem
1045 2496 1105 2520 ru-

38 2550 109 2586 bus
137 2550 196 2585 vel
226 2550 401 2594 temptatio
433 2549 705 2593 interpretatur.
739 2546 876 2582 Similis
902 2552 958 2582 est
983 2551 1103 2581 autem

48 2613 137 2648 rubo
163 2610 352 2656 temptatio
366 2637 375 2652 ‚
397 2620 565 2654 asperum
588 2610 721 2654 quippe
746 2608 943 2654 virgultum
969 2613 1024 2644 est
1038 2635 1046 2650 ,
1069 2612 1105 2643 et

44 2670 144 2717 quod
176 2668 320 2706 difficile
356 2679 465 2704 manu
503 2668 835 2713 comprehenditur.
872 2667 1106 2714 significatur

43 2736 168 2768 autem
187 2741 252 2776 per
272 2730 369 2765 hunc
382 2756 390 2772 ‚
413 2730 498 2776 quia
518 2730 822 2774 quemadmodum
842 2739 966 2765 eorum
987 2730 1048 2776 qui
1069 2730 1105 2765 iu

42 2800 163 2838 agone
183 2790 425 2832 contendunt,
448 2798 584 2824 corona
605 2788 645 2823 in
666 2788 799 2824 sudore
819 2793 856 2824 et
876 2788 1000 2824 labore
1021 2795 1076 2824 est
1094 2800 1102 2824 :

36 2851 100 2888 ssic
119 2856 156 2887 et
173 2861 308 2887 corona
330 2850 436 2886 bonae
454 2849 538 2885 vitae
559 2849 596 2884 in
616 2849 917 2895 temptationibus
938 2855 975 2884 et
996 2850 1107 2885 tribu-

37 2910 240 2947 llationibus
266 2914 540 2946 consummatur
561 2920 570 2943 ε
604 2909 711 2944 finem
744 2915 864 2945 autem
897 2909 1106 2954 temptatio-

36 2981 134 3007 ·num
153 2974 195 3011 et
208 2970 483 3007 tribulationum
500 2968 657 3005 lacobus
676 2969 783 3005 nobis
803 2969 1022 3006 sufficienter
1042 2980 1106 3006 ex-

33 3045 63 3068 c·
79 3031 166 3068 nsuit
186 3043 204 3082 :-
221 3030 351 3067 Beatus
381 3031 435 3066 vir
459 3031 518 3078 qui
536 3031 684 3066 sustinet
716 3031 997 3077 temptationem,
1020 3032 1104 3078 quia

91 3103 127 3127 m
145 3092 311 3139 probatus
332 3091 438 3138 suerit
452 3119 462 3135 ‚
483 3092 630 3138 accipiet
647 3103 814 3128 coronam
833 3093 911 3129 vitoe
927 3104 1033 3140 quam
1051 3104 1105 3130 re-

43 3191 53 3194 ,
98 3170 103 3185 ι
146 3155 206 3190 isit
223 3154 318 3190 Deus
337 3153 563 3201 diligentibus
579 3166 616 3190 se
634 3154 686 3201 (J
688 3155 786 3190 acob
806 3166 818 3191 1
835 3155 861 3202 ).

68 3213 229 3263 (Leon.
247 3225 326 3252 vm.
340 3214 352 3262 )
373 3214 594 3261 Locutusqae
611 3220 662 3250 est
679 3215 852 3251 Dominus
869 3216 915 3252 ad
933 3216 1100 3263 Moysen,

51 3321 53 3323 Ι
76 3277 78 3283 ’
158 3305 160 3308 f
183 3275 316 3312 :Tolle
342 3276 464 3312 Aaron
493 3287 571 3311 cum
601 3274 687 3322 filiis
716 3276 788 3312 suis
807 3283 914 3313 vestes
933 3288 1055 3313 eorum
1074 3282 1106 3313 et

48 3327 52 3329 ⁵
107 3383 110 3386 y
133 3338 224 3374 ionis
253 3336 395 3381 oleum,·
416 3336 563 3373 vitulum
582 3348 647 3383 pro
665 3344 822 3384 peccato,
843 3338 931 3375 duos
956 3339 1106 3383 arietes,

64 3413 71 3425 ν
90 3400 94 3401 ’
123 3397 134 3406 “
150 3413 153 3419 ·
209 3409 245 3435 m
267 3409 346 3434 cum
365 3398 512 3445 azymis,
535 3404 568 3434 et
586 3399 811 3445 conyreyabis
826 3410 963 3436 omnem
982 3405 1107 3436 coetum

51 3490 54 3491 γ
77 3478 79 3481 -
165 3475 169 3494 τ
192 3481 197 3491 ³
230 3479 243 3487 w
284 3458 500 3497 tabernaculi
529 3459 730 3497 testimonii.
761 3460 855 3505 Quid
883 3466 1005 3497 autem
1029 3461 1108 3497 haee

68 3530 134 3564 ψ,
150 3526 254 3564 me
267 3519 365 3558 dieta
380 3526 466 3558 sunt
481 3520 707 3569 significent,
723 3521 795 3557 hoc
812 3520 878 3556 tibi
896 3519 1109 3567 praecedens

110 3574 114 3577 ’
139 3583 154 3622 ’,
186 3579 351 3624 undet,
382 3581 470 3628 quia
489 3582 614 3619 unctio
631 3581 770 3619 Christi
789 3586 826 3618 et
849 3580 909 3618 his
943 3580 1006 3627 qui
1030 3578 1110 3626 ejus

114 3634 129 3643 ⁸
146 3642 148 3644 ’
185 3653 192 3665 2
267 3644 318 3671 Ἶτιιι
404 3647 444 3679 et
470 3652 547 3681 uon
576 3643 780 3680 eommunis
805 3647 874 3680 est.
896 3641 1109 3680 Communis

653 162 992 202 EXPOSITIONES
1014 163 1063 202 IN
1085 161 1354 203 LEvl'rtctJM.
1380 181 1430 190 --
1453 162 1541 200 LIB.
1566 163 1610 201 11.

39 242 76 276 iu
109 241 292 286 praedictis
324 245 408 278 sunt
439 239 630 286 descriptae
660 239 849 276 sacrificiis
878 245 1085 286 praestatur.
1106 249 1143 287 Α
1157 238 1358 276 Christiani
1371 238 1538 276 dicimur.
1555 237 1637 275 Non
1654 238 1860 275 communis
1877 238 2020 286 autem,
2037 245 2224 291 quiainae.

36 2065 132 2099 urari.
162 2063 347 2099 Sacrifieia
369 2062 466 2098 enim
486 2061 563 2097 haec
583 2060 820 2106 pacificorum
846 2059 922 2095 sive
945 2069 1011 2105 per
1036 2060 1102 2095 ho·
1121 2045 1150 2085 C

2152 170 2226 208 522

1163 299 1339 337 stimabili
1357 299 1514 346 quadam
1534 298 1757 335 sublimitate
1775 299 1921 336 excellit
1947 299 2046 338 Deus
2073 304 2229 343 homini-

1161 363 1230 399 bus
1245 367 1283 398 et
1299 362 1416 409 gratia
1432 362 1470 400 in
1484 372 1556 408 qua
1575 362 1610 399 ei
1627 362 1940 399 communicamus
1955 373 1966 406 ;
1986 364 2135 410 ungitur
2150 367 2228 412 ipse

1163 424 1344 470 siquidem
1368 424 1674 469 substantialiter,
1699 434 1766 461 nos
1790 434 1880 461 vero
1906 425 2119 471 operatione
2149 427 2229 472 ejus

1164 489 1202 520 et
1224 484 1341 529 gratia
1365 495 1373 519 ε
1409 489 1604 531 propterea
1630 489 1815 531 unguntur
1838 484 1985 530 quidem
2012 485 2120 521 simul
2145 495 2229 522 cum

1165 545 1289 581 Aaron
1314 544 1380 580 filii
1401 544 1503 591 ejus,
1529 545 1593 581 sed
1616 554 1690 581 non
1715 544 1802 580 talia
1827 545 1864 581 in
1888 545 1965 590 eis,
1987 546 2110 592 qualia
2130 552 2167 583 et
2191 546 2229 584 in

1165 605 1289 643 Aaron
1313 607 1352 643 in
1374 607 1546 643 unctione
1572 611 1745 652 aguntur,
1779 607 1874 643 sicut
1904 607 2142 644 manifestant
2171 618 2231 645 se·-

1166 667 1314 714 quentia
1334 679 1342 702 :
1370 667 1434 703 sed
1451 667 1562 703 etiam
1581 667 1619 703 in
1635 667 1706 703 hoc
1721 677 1825 703 mens
1843 667 1880 703 in
1897 668 2068 713 praesenti
2089 668 2232 716 figenda

1166 733 1223 764 est
1236 755 1246 772 ‚
1266 728 1362 774 quod
1379 739 1453 764 non
1476 727 1614 764 frustra
1633 728 1712 764 haec
1731 728 1775 763 in·
1788 727 1975 764 Christum
1996 729 2233 775 accipiamus,

1167 789 1287 825 sciens
1304 789 1402 824 enim
1421 788 1623 825 Ecclesiam
1643 789 1765 825 dicere
1786 789 1865 825 haec
1886 789 2073 836 legislator
2099 796 2234 838 myste-

1167 848 1239 890 ria,
1263 848 1456 884 convocari
1477 858 1621 885 ornnem
1643 853 1779 884 coetum
1801 849 1878 885 sive
1899 849 2126 898 Synagogam
2144 862 2238 898 prae-

1167 909 1290 954 cepit,
1316 909 1354 945 id
1377 915 1456 952 est,
1481 910 1579 955 quod
1605 909 1723 946 Graeci
1749 909 1983 948 Ecclesiastae
2009 911 2159 957 dicunt,
2188 913 2235 951 ad

1163 969 1314 1015 Januam
1341 971 1566 1006 tabernaculi
1592 971 1806 1007 testimonii.
1835 972 1922 1016 Quae
1953 984 2136 1021 synagoga
2160 984 2234 1011 non

1166 1035 1288 1077 potest
1307 1030 1413 1065 aliter
1433 1031 1477 1066 ad
1496 1031 1591 1067 hanc
1610 1031 1728 1077 legem
1754 1033 2048 1069 communionem
2072 1035 2231 1079 habere,

1168 1092 1239 1128 nisi
1268 1092 1314 1128 ad
1337 1092 1537 1128 Ecclesiam
1562 1092 1775 1136 conveniat,
1798 1094 1894 1140 apud
1912 1104 2022 1139 quam
2041 1095 2172 1131 harum
2193 1095 2236 1131 fi-

43 1157 113 1194 mis
137 1155 315 1192 excellere
338 1155 454 1201 possit
489 1154 596 1200 quis,
619 1152 689 1189 nisi
716 1163 756 1190 ea
783 1159 972 1190 assecutus
991 1154 1101 1190 fuerit
1120 1141 1152 1181 Β
1171 1162 1346 1200 gurarum
1369 1152 1505 1189 vetitas
1529 1158 1781 1190 conservatur.

1218 1211 1319 1248 Fecit
1347 1211 1487 1259 Moyses
1508 1219 1546 1248 ut
1567 1212 1740 1248 Dominus
1760 1214 2015 1260 imperaverat,
2041 1226 2234 1263 conyreya-

1171 1280 1275 1322 taque
1295 1275 1389 1310 omni
1405 1274 1510 1310 turba
1528 1280 1609 1309 ante
1627 1275 1719 1320 fores
1741 1275 1790 1309 ait
1808 1283 1819 1307 :
1841 1274 1914 1310 Iste
1932 1281 1983 1310 est
2003 1287 2116 1311 sermo
2133 1288 2237 1322 quem

1169 1334 1263 1369 misit
1288 1334 1460 1368 Dominus
1483 1333 1590 1378 fieri:
1624 1332 1822 1380 Statimque
1843 1334 1967 1369 obtulit
1986 1334 2108 1371 Aaron
2132 1343 2165 1371 et
2195 1337 2238 1382 fi-

1171 1397 1236 1431 lios
1264 1397 1354 1442 ejus,
1378 1408 1524 1443 cumque
1545 1396 1685 1431 lavisset
1707 1407 1778 1440 eos,
1802 1397 1932 1432 vestivit
1953 1399 2155 1443 pontificem
2174 1410 2235 1435 su-

1172 1457 1300 1493 bucula
1321 1458 1415 1493 linea
1431 1485 1441 1501 ‚
1480 1458 1666 1504 accinyens
1687 1470 1765 1494 eum
1785 1458 1897 1494 balteo
1914 1486 1922 1502 ,
1951 1466 1983 1494 et
2002 1460 2151 1496 induens
2176 1467 2235 1496 tu-

1172 1518 1250 1553 nica
1269 1518 1512 1564 hyacinthina,
1534 1524 1565 1553 et
1578 1517 1726 1564 desuper
1742 1518 1922 1554 humerale
1942 1519 2122 1566 imposuit,
2141 1520 2236 1567 quod

1171 1580 1371 1625 astrinyens
1393 1579 1534 1625 cinyulo
1564 1581 1739 1625 coaptavit
1770 1580 1967 1616 rationali:
1998 1582 2034 1617 in
2064 1593 2132 1628 quo
2162 1587 2238 1618 erat

1171 1639 1332 1674 doctrina
1352 1645 1383 1674 et
1404 1641 1547 1675 veritas.
1570 1639 1738 1686 Cydarim
1766 1652 1900 1687 quoque
1930 1643 2017 1677 texit
2046 1649 2171 1689 caput,
2204 1651 2238 1679 et

1171 1711 1275 1745 super
1306 1711 1382 1735 eam
1419 1707 1540 1735 contra
1571 1700 1720 1745 frontem
1751 1702 1866 1746 posuit
1893 1701 2063 1739 laminam
2091 1715 2238 1740 auream

1171 1768 1412 1797 consecratam
1440 1762 1478 1796 in
1505 1763 1839 1807 sanctificationem,
1860 1764 1952 1798 sicut
1975 1772 2188 1811 proeceperat
2204 1767 2237 1802 ei

1172 1821 1360 1857 Dominus.
1385 1822 1471 1866 Quae
1495 1823 1648 1869 mystice
1681 1824 1717 1858 in
1750 1824 1915 1860 Ecclesia
1947 1832 2117 1871 aguntur,
2152 1833 2238 1863 ante

1171 1883 1306 1918 multas
1332 1885 1588 1929 generationes
1617 1885 1776 1930 Spiritus
1801 1886 1865 1922 Dei
1890 1888 2077 1932 praecepit,
2105 1888 2168 1924 sed
2201 1894 2239 1924 ct

1172 1954 1256 1979 cum
1282 1945 1480 1980 secundum
1504 1945 1741 1991 Septuaginta
1764 1947 1932 1992 superius
1953 1948 2103 1984 dixisset
2122 1948 2237 1984 :Gon-

1173 2017 1258 2041 voca
1279 2006 1324 2042 acl
1340 2006 1474 2053 januas
1495 2007 1716 2043 tabernaculi
1737 2009 1940 2052 testimonii,
1965 2009 2025 2045 hic
2046 2010 2122 2045 ait:
2145 2011 2236 2046 Con-

1172 2070 1305 2105 vocavit
1332 2071 1636 2116 conyreyationem
1663 2081 1735 2107 non
1768 2071 1812 2107 ad
1835 2071 1993 2117 januas,
2015 2072 2078 2108 sed
2106 2072 2152 2106 ad
2171 2072 2236 2118 ja-

1171 2140 1279 2165 nuam
1308 2129 1528 2165 tabernaculi
1556 2131 1775 2166 testimonii:
1808 2131 2007 2168 admonens
2035 2141 2143 2168 aures
2173 2142 2238 2168 no-

1172 2196 1267 2227 stras
1291 2192 1494 2236 evidenter,
1523 2193 1619 2238 quod
1644 2194 1893 2239 apostolorum
1926 2194 2124 2239 doctrinae,
2146 2204 2237 2240 quas

1170 2261 1251 2288 esse
1268 2250 1398 2297 januas
1419 2253 1645 2289 tabernaculi
1666 2254 1864 2290 testimonii
1885 2256 2094 2301 praecedens
2115 2265 2236 2291 sermo

1171 2315 1338 2359 exposuit
1353 2342 1362 2358 ,
1386 2320 1421 2350 et
1441 2315 1577 2351 Christi
1599 2316 1765 2351 doctrina
1786 2321 1870 2352 sunt
1890 2317 2004 2362 ipsius
2023 2317 2154 2362 linguae
2180 2317 2237 2351 in·

1173 2373 1276 2416 susm,
1295 2379 1330 2408 ct
1346 2384 1390 2409 ex
1406 2375 1463 2409 his
1481 2385 1526 2410 ex
1545 2375 1676 2419 quibus
1694 2375 1771 2420 ipse
1789 2375 1924 2411 docuit.
1947 2375 2236 2421 Conyrcyataque

1174 2435 1268 2469 omni
1288 2435 1389 2469 turba
1409 2441 1489 2470 ante
1508 2436 1600 2480 l'ores
1621 2437 1670 2470 ait
1689 2445 1701 2468 .·
1723 2436 1792 2470 Hic
1812 2442 1861 2471 est
1880 2447 1992 2471 sermo
2011 2446 2112 2482 quem
2126 2435 2238 2481 jussit

1172 2495 1344 2531 Dominus
1366 2497 1458 2541 fieri.
1486 2497 1574 2540 Quis
1598 2508 1718 2534 sermo
1736 2498 1823 2533 ille?
1841 2498 1891 2533 De
1911 2509 1983 2543 quo
2004 2498 2142 2534 scilicet
2165 2498 2237 2533 Da-

1172 2556 1233 2591 vid
1253 2556 1395 2592 dicebat
1415 2569 1421 2592 :
1446 2556 1618 2594 Dominus
1638 2558 1735 2594 dabit
1754 2558 1894 2594 verbum
1915 2558 2237 2606 evanyelizantibus

1173 2617 1300 2652 virtute
1323 2617 1433 2652 multa
1460 2617 1587 2664 (Psal.
1612 2629 1710 2654 van
1728 2618 1739 2663 )
1758 2631 1767 2662 ;
1795 2619 1858 2655 sed
1880 2624 1916 2654 et
1941 2619 2071 2655 Petrus
2093 2618 2237 2664 planius

1174 2677 1224 2711 ait
1242 2685 1251 2711 :
1274 2676 1351 2711 Hoc
1371 2682 1422 2711 est
1443 2677 1583 2712 verbum
1603 2678 1697 2723 quod
1718 2678 1969 2713 annuntiatum
1999 2683 2050 2713 est
2073 2677 2168 2713 vobis
2191 2677 2236 2724 (I

1175 2737 1273 2772 Petr.
1295 2736 1347 2784 1).
1370 2737 1610 2784 Evangelicus
1632 2736 1813 2782 siquidem
1833 2747 1993 2783 praesens
2016 2747 2137 2773 sermo
2157 2744 2235 2780 est,

1175 2797 1259 2842 quia
1280 2802 1316 2832 et
1336 2797 1554 2844 Evangelica
1575 2803 1658 2834 sunt
1678 2798 1723 2833 ab
1744 2808 1787 2834 co
1807 2799 2020 2834 annuntiata
2040 2798 2211 2844 mysteria
2225 2825 2234 2840 ‚

1176 2858 1306 2904 quibus
1341 2863 1377 2893 et
1407 2859 1523 2904 gratia
1555 2859 1651 2895 inest
1683 2859 1934 2905 baptismatis,
1972 2858 2033 2894 sed
2065 2858 2150 2904 quid
2182 2863 2238 2894 est

1176 2917 1288 2953 etiam
1309 2918 1405 2963 quod
1425 2928 1523 2954 nunc
1541 2918 1690 2964 exponit
1708 2918 1822 2953 Deum
1843 2918 2071 2964 praecipere?
2089 2916 2236 2953 Statim-

1177 2988 1243 3023 que
1262 2977 1389 3013 obtulit
1406 2977 1528 3013 Aaron
1548 2984 1580 3013 et
1599 2977 1692 3024 filios
1713 2978 1790 3024 ejus
1803 3005 1813 3022 ,
1833 2989 1980 3025 cumque
1999 2978 2137 3014 lavisset
2157 2989 2237 3021 eos,

1177 3038 1322 3083 quando
1346 3039 1376 3075 is
1401 3038 1462 3084 qui
1487 3048 1574 3075 vere
1603 3043 1660 3075 est
1692 3039 1863 3075 sacerdos
1892 3038 2060 3075 Christus
2088 3037 2237 3074 offertur

1175 3098 1277 3136 Patri
1298 3111 1307 3135 t
1332 3099 1532 3137 oblationis
1560 3101 1657 3137 enim
1675 3100 1753 3147 ejus
1772 3101 1883 3137 etiam
1902 3100 2028 3137 Daniel
2048 3098 2235 3140 meminit,

1176 3171 1259 3197 cum
1287 3160 1403 3197 dicit:
1435 3161 1484 3197 Et
1513 3172 1590 3198 ecce
1620 3168 1659 3198 ut
1686 3162 1783 3207 filius
1813 3162 1964 3197 hominis
1985 3172 2064 3196 cum
2088 3158 2237 3194 nubibus

1175 3222 1273 3267 coeli,
1293 3228 1326 3258 et
1345 3233 1455 3269 usque
1473 3222 1520 3258 ad
1535 3221 1720 3258 Vetustum
1737 3222 1873 3256 dierum
1890 3220 2056 3267 pervenit.
2074 3217 2122 3252 Et
2140 3215 2239 3252 obla-

1177 3289 1233 3319 tus
1257 3289 1308 3319 est
1334 3284 1373 3319 in
1395 3289 1581 3330 conspectu
1611 3283 1703 3329 ejus.
1734 3280 1857 3316 Nostri
1884 3279 2009 3325 utique
2037 3285 2170 3320 causa,
2200 3278 2238 3311 et

1177 3345 1390 3388 nobiscum,
1414 3350 1450 3381 et
1480 3349 1630 3390 propter
1660 3352 1728 3378 nos
1760 3340 1942 3377 offertur:
1974 3341 2166 3383 propterea
2198 3338 2236 3372 et

1177 3415 1275 3441 nunc
1306 3414 1389 3440 eum
1419 3413 1503 3439 cum
1536 3402 1621 3438 filiis
1650 3401 1725 3437 suis
1756 3399 1844 3435 dicit
1869 3397 2052 3441 oblatum,
2076 3405 2158 3433 cum
2177 3394 2236 3432 his

1178 3463 1350 3500 videlicet
1382 3462 1445 3508 qui
1477 3460 1688 3498 sublimiora
1721 3457 1867 3503 sapiunt
1894 3461 1931 3493 et
1958 3456 2020 3504 qui
2044 3455 2235 3492 imitantur

1181 3532 1265 3560 eum
1278 3548 1290 3566 ,
1309 3526 1483 3567 quantum
1503 3519 1560 3555 fas
1577 3523 1634 3555 est
1651 3516 1873 3562 hominibus,
1891 3517 1987 3554 sicut
2003 3516 2152 3560 Paulus,
2173 3514 2236 3561 qui

1181 3582 1257 3619 ait:
1277 3580 1480 3616 Imitatores
1499 3578 1568 3614 mei
1587 3582 1713 3620 estote,
1731 3576 1822 3612 sicut
1838 3581 1873 3612 et
1891 3586 1954 3623 eyo
1970 3574 2102 3612 Christi
2121 3572 2234 3622 (Phil.

1179 3641 1272 3690 ιιι),
1299 3640 1362 3677 sed
1389 3639 1526 3676 oblatio
1558 3638 1636 3684 ipsa
1667 3646 1734 3685 per
1764 3636 1984 3684 baptismum
2014 3635 2234 3683 celebratur,

1179 3705 1327 3748 propter
1353 3697 1449 3745 quod
1477 3697 1554 3734 ait:
1573 3693 1730 3744 Cumque
1751 3693 1892 3733 lavisset
1909 3706 1982 3733 eos.
2003 3694 2152 3733 Cei-mm
2177 3696 2236 3732 est

1179 3766 1303 3800 autem
1320 3759 1417 3808 quod
1436 3757 1606 3814 Christus
1628 3756 1683 3802 ad
1696 3756 1959 3814 sacrificandas
1977 3765 2092 3806 aquas
2105 3753 2230 3802 bapti-

1747 3810 1828 3815 ---⁷
1846 3809 2002 3814 ⁷..s„-.—.
2038 3798 2235 3813 ma—

1301 3870 1365 3881 m«
1377 3870 1400 3881 ,w-

2264 3866 2281 3878 b
