2540 4016
55 202 126 240 163

702 194 1042 235 COMMENTARIA
1070 194 1116 231 ΙΝ
1142 193 1355 231 EXODUM.
1381 196 1537 232 —1.lt3.
1566 197 1629 233 111.

1388 164 1428 199 Ο

2184 207 2253 245 166

53 285 121 321 tes,
144 276 328 314 habebunt
352 274 491 312 cubitos
521 280 680 308 novenos
700 283 708 307 :
731 271 856 318 sicque
875 270 916 306 tit
940 274 981 306 ut
1011 279 1113 305 sum·
1133 270 1164 310 Λ
1185 269 1263 306 baec
1285 274 1427 306 tantum
1443 270 1488 306 ad
1504 270 1658 306 invicem
1673 271 1894 318 pertingere,
1910 281 1948 311 et
1962 275 2078 315 instar
2091 281 2252 318 cortina-

51 340 161 375 mitas
180 338 402 375 cortinarum
420 340 554 371 terram
589 338 738 379 tangere
767 342 840 367 non
875 330 1019 377 possit,
1049 331 1114 367 sed

50 410 223 438 mensura
241 399 347 435 unius
365 396 476 433 cubiti
501 405 521 430 a
543 400 637 430 terra
654 394 762 430 altior
780 393 887 429 absit.
908 393 994 429 item
1019 392 1115 428 vide-

51 461 110 497 bis
126 460 222 507 quod
241 458 388 496 cortina:
405 457 540 493 babent
557 457 593 492 in
616 455 822 502 :equalitate
839 465 905 501 per
918 454 1114 500 longitudi-

51 532 134 558 nem
168 522 294 558 domus
318 519 457 556 cubitos
487 518 647 565 triginta,
671 517 706 553 in
724 527 878 553 ascensu
899 522 1019 552 autem
1039 516 1114 552 sive

51 583 227 620 descensu
242 608 252 625 ,
289 580 349 626 qui
381 584 435 616 est
455 579 490 615 in
510 578 677 615 orientali
699 583 735 614 et
761 577 976 614 occidentali
1000 577 1115 612 latere

53 646 194 686 domus,
211 642 352 679 cubitos
364 641 506 688 quinos.
520 640 675 686 ldeoque
694 639 818 676 eadem
839 639 999 675 lateralis
1018 648 1115 674 sum-

51 706 159 740 mitas
175 703 397 740 cortinarum
414 712 642 748 nequaqnam
673 701 718 736 ad
741 706 875 736 terram
894 709 1010 745 usquc
1028 709 1113 745 per-

50 767 166 812 tingit,
189 766 248 802 sed
277 765 396 811 quinis
416 764 547 800 cubitis
578 764 731 800 liabetur
750 770 844 800 terra
869 763 996 806 altior;
1019 762 1115 798 unde

48 835 196 861 neccsse
214 825 267 867 lit,
285 831 324 860 ιιι
341 824 440 870 quini
463 824 511 859 illi
541 823 650 860 cubiti
671 824 893 859 cortinarum
912 850 922 865 ,
956 822 1016 867 qui
1036 832 1115 858 ces-

48 886 212 922 santibus
234 885 431 931 parietibus
452 890 645 930 supersunt
666 911 676 926 ‚
713 883 930 919 inducantur
958 883 1002 918 ad
1023 882 1114 917 invi-

47 957 126 982 cem
146 947 179 981 in
200 946 366 982 orientali
390 945 496 980 simul
516 950 552 980 et
581 943 796 980 occidentali
828 944 954 986 latere,
973 943 1114 988 sibique

47 1014 172 1044 mutuo
203 1008 419 1054 jungantur;
455 1016 497 1041 ae
524 1006 576 1040 sic
610 1005 683 1046 liat,
702 1011 741 1040 ut
775 1004 934 1050 undique
967 1005 1112 1040 domum

47 1070 195 1104 cortinte
209 1073 359 1113 excepto
375 1076 445 1101 uno
461 1065 565 1110 juxta
588 1071 723 1100 terrm]
745 1065 868 1100 cubito
900 1070 1109 1111 contegant.

47 1130 130 1166 llaec
148 1130 192 1165 de
215 1128 380 1165 cortinis.
404 1127 515 1163 Porro
549 1138 633 1174 saga
669 1127 825 1163 tricenos
846 1128 1026 1164 habebant
1047 1139 1111 1164 cu-

46 1191 138 1227 bitos
177 1189 437 1236 longitudinis,
479 1195 679 1234 quaternos
709 1188 922 1225 latitudinis.

44 1251 210 1287 undecim
228 1256 330 1286 eraut
354 1248 557 1294 «injimette
575 1249 775 1284 adinvicem
794 1259 858 1294 per
873 1248 999 1291 latera,
1018 1258 1110 1294 qua-

44 1313 208 1358 draginta
228 1319 384 1358 quatuor
415 1311 555 1347 cubitos
592 1311 803 1357 implebant.
840 1311 937 1347 Pone
970 1321 1055 1356 ergo
1076 1316 1112 1346 et

44 1374 110 1410 bas
134 1375 168 1409 in
191 1374 325 1416 (ionio,
364 1372 448 1418 qnia
485 1373 682 1408 coneordat
722 1371 907 1417 longitudo
941 1381 1110 1417 sagorum

44 1446 126 1471 cum
147 1435 303 1472 l'uniculo
322 1445 393 1481 quo
407 1435 551 1470 domum
566 1433 775 1470 metiebaris
792 1433 825 1469 in
844 1439 1108 1477 transversum,

46 1496 155 1542 [itque
183 1502 222 1531 ut
243 1496 434 1532 suuunitas
456 1506 580 1531 eorum
611 1495 654 1530 ad
677 1501 810 1530 terram
836 1504 950 1540 usque
973 1495 1110 1540 pcrtin-

45 1562 119 1601 gat.
146 1555 335 1591 llabebunt
357 1556 451 1590 enin‘.
478 1555 589 1590 denos
609 1555 748 1590 culriitos
776 1554 994 1599 :equalitatis
1016 1554 1110 1590 inter

45 1615 214 1660 parietes.
237 1615 348 1650 denos
375 1625 476 1660 teque
496 1614 720 1650 ascensionis
756 1614 832 1649 sive
862 1614 1109 1650 descensionis

45 1675 79 1709 in
102 1681 253 1720 utroque
291 1675 414 1709 latere.
439 1673 483 1709 Et
504 1674 571 1709 boc
606 1681 661 1709 est
694 1674 790 1719 quod
824 1674 874 1709 ait
897 1673 1105 1720 Scriptura,

43 1737 125 1782 quia
147 1737 282 1771 cubitus
299 1747 340 1771 m·
363 1747 430 1771 una
447 1742 545 1782 parte
564 1735 743 1781 penderet,
760 1742 790 1770 et
816 1735 906 1771 alter
922 1747 965 1771 eat
981 1737 1106 1780 altera,

43 1799 103 1843 qui
118 1798 195 1843 plus
213 1804 298 1832 essee
318 1797 352 1831 ἰη
371 1807 534 1842 εαῃονιιηι
563 1796 792 1842 (crassitudine,
813 1802 998 1843 uerumque
1016 1798 1108 1833 lalus

43 1859 261 1894 tabernaculi
286 1865 477 1904 proleyens.
513 1857 801 1893 Tabernaculum
832 1869 988 1904 namque
1021 1871 1106 1906 pro-

43 1923 121 1970 prie
150 1929 250 1958 vocat
271 1923 385 1968 ipsam
410 1922 632 1958 cortinarum
655 1921 829 1958 facturam
850 1923 925 1959 sive
956 1924 1107 1969 conjun-

43 1985 214 2026 ctionem,
235 1994 326 2030 quas
343 1994 413 2019 uno
432 1983 555 2028 ntique
574 1983 696 2020 cubito
718 1983 944 2019 [PssnSlObtnl
961 1995 1044 2030 saga
1062 1984 1107 2019 ab

44 2052 144 2080 ausu·
147 2044 191 2080 ali
214 2044 326 2080 latere
346 2045 485 2086 doinus,
504 2044 617 2080 aneio
635 2055 653 2079 a
682 2044 915 2090 septentrion
909 2044 969 2080 ili.
1007 2045 1106 2080 ideo-

1183 339 1264 365 rum
1286 340 1367 366 sese
1385 331 1423 366 in
1438 331 1558 367 medio
1575 330 1727 376 parietis
1751 333 1963 380 contingere
1980 341 2166 384 poter-anu
2189 342 2253 378 sed

1182 393 1267 439 quia
1288 399 1519 440 septenorum
1544 399 1649 430 erant
1667 395 1886 439 cubitorum,
1914 397 2073 433 medium
2103 402 2253 445 parietis

1183 452 1221 488 in
1242 458 1438 500 utrumque
1464 460 1603 500 partem
1624 454 1764 490 duobus
1784 454 1915 491 cubitis
1933 456 2157 492 excedebant
2174 486 2183 501 ,
2210 471 2253 496 ac

1183 513 1252 550 sibi
1272 514 1427 550 invicem
1462 516 1698 562 superpositae
1712 516 1969 562 jungebantur.
2003 517 2106 563 Quod
2125 521 2252 557 eodem

1183 575 1291 611 modo
1306 586 1371 621 per
1391 577 1512 612 omnia
1533 577 1643 612 etlam
1659 577 1704 613 de
1723 577 1890 614 orientali
1913 583 2017 624 parte
2050 579 2179 616 domus
2200 581 2251 616 in-

1184 635 1418 682 telligendum
1438 647 1518 673 esse
1538 638 1887 685 putamus.1deoque
1904 649 2012 685 supra
2031 647 2252 687 pmeceptum

1183 701 1298 732 estut
1320 704 1463 734 sextum
1494 708 1620 744 sagum
1653 698 1688 734 in
1718 698 1838 735 l'ronte
1872 701 1956 736 tecti
1992 701 2250 747 duplicaretur.

1184 755 1268 792 Ilaec
1285 757 1328 793 de
1345 768 1384 793 re
1401 756 1607 793 difficillima
1623 763 1730 804 prout
1744 759 1849 795 nobis
1864 758 2085 797 intellexisse
2098 761 2166 797 visi
2189 772 2252 797 su-

1184 829 1278 862 mus,
1297 820 1453 855 strictim
1474 821 1658 867 explicare
1677 823 1897 866 curavimus,
1918 825 2036 870 parati
2057 825 2197 861 discere
2214 826 2250 861 in

1184 879 1241 915 his
1259 881 1400 917 veriora
1414 882 1442 918 si
1454 882 1536 927 quis
1547 883 1677 918 docere
1697 894 1762 920 nos
1781 884 1948 928 voluerit,
1966 886 2001 922 in
2017 887 2150 932 quibus
2168 893 2252 925 tuus

1183 942 1351 978 omnibus
1381 949 1482 988 patet
1518 944 1699 991 allegoriae
1734 956 1863 982 sensus
1897 947 2117 992 perlucidus.
2157 949 2251 997 Saga

1182 1013 1340 1049 namque
1359 1005 1518 1042 cortinas
1538 1012 1573 1042 et
1593 1007 1750 1053 desuper
1769 1014 1805 1044 et
1824 1009 1930 1051 infra,
1954 1016 1988 1046 ct
2013 1022 2057 1048 ex
2083 1014 2180 1049 omni
2202 1014 2252 1050 la·

1184 1068 1260 1100 tere
1277 1065 1535 1110 protegebant;
1563 1072 1672 1111 atque
1685 1072 1723 1101 ιιι
1741 1063 1927 1105 illae'intus
1946 1070 2058 1107 libera
2075 1072 2168 1109 sacie
2185 1085 2248 1110 sua

1181 1125 1385 1160 venustatis
1405 1123 1598 1171 fulgerent,
1620 1128 1695 1162 lucc
1712 1128 1756 1163 ab
1778 1129 1876 1164 omni
1907 1139 1969 1165 eas
2001 1130 2132 1176 injuria
2164 1139 2251 1169 tem·

963 1189 1007 1224 Ei
1027 1189 1111 1235 quia
1133 1188 1162 1227 B
1181 1189 1377 1230 pestatnni,
1399 1185 1602 1231 pluviarum
1633 1192 1669 1222 ct
1701 1195 1923 1232 caumatum,
1942 1188 2029 1226 soris
2071 1191 2251 1229 immunes

1180 1244 1404 1281 reddebant:
1426 1247 1509 1292 quia
1542 1248 1712 1284 nimirum
1739 1249 1890 1295 perfecti
1923 1257 2056 1288 sanctae
2079 1253 2251 1291 Ecclesiae

1178 1306 1359 1352 praepositi
1381 1306 1429 1342 ita
1449 1307 1557 1342 vitain
1592 1308 1750 1345 fidelium
1778 1310 1848 1346 sibi
1879 1313 2155 1350 commissorum
2192 1327 2250 1351 so-

1178 1366 1259 1402 lerti
1276 1367 1390 1403 solent
1412 1378 1498 1403 cura
1523 1368 1821 1415 circumspicere,
1839 1378 1878 1406 ut
1897 1383 1963 1408 nec
1986 1374 2144 1410 subsidia
2165 1385 2247 1411 car-

1179 1427 1250 1469 nis,
1273 1437 1340 1462 nec
1362 1429 1443 1463 vita}
1464 1429 1663 1474 spiritualis
1679 1431 1732 1467 eis
1750 1432 1881 1468 auxilia
1898 1433 2028 1469 desint.
2055 1435 2248 1482 Repellunt

1178 1487 1276 1522 enim
1305 1498 1389 1534 saga
1425 1490 1572 1532 imbres,
1593 1491 1775 1527 obsistunt
1806 1494 1987 1538 procellis,
2008 1503 2133 1532 arcent
2158 1498 2247 1535 solis

1178 1550 1340 1592 ardores,
1358 1557 1487 1586 cuncta
1521 1552 1611 1588 soris
1632 1554 1861 1590 adversantia
1893 1556 2037 1594 sortiter
2068 1560 2246 1605 ambiunt,

1178 1616 1217 1645 ut
1239 1610 1347 1646 decus
1369 1611 1593 1647 cortinarum
1615 1613 1767 1650 interius
1794 1615 2030 1653 intemeratus
2050 1621 2244 1664 persistat:

1178 1681 1260 1706 cum
1274 1671 1497 1718 Augustinus
1514 1673 1635 1708 onmia
1656 1683 1736 1719 quze
1762 1674 1868 1710 iidem
1887 1677 2033 1714 turbare
2052 1685 2221 1723 poterant
2234 1708 2244 1723 ‚

1178 1732 1432 1768 haeretieorum
1477 1745 1616 1770 venena
1649 1742 1822 1779 evacuat;
1861 1748 1942 1773 cum
1979 1739 2176 1786 Gregorius
2204 1752 2246 1777 ea

1178 1803 1257 1838 qum
1301 1804 1420 1829 mores
1450 1795 1563 1830 bonos
1603 1795 1813 1841 impugnant
1848 1803 2070 1835 tentamenta
2107 1802 2246 1847 antiqui

1179 1854 1293 1890 bostis
1313 1854 1491 1900 explieat;
1519 1866 1601 1891 cum
1621 1855 1823 1902 Cyprianus
1840 1858 2002 1894 inlirmos
2021 1870 2066 1896 ne
2085 1861 2119 1896 in
2151 1872 2249 1896 mar-

1179 1915 1271 1960 tyrio
1294 1916 1476 1958 labantur,
1497 1918 1566 1962 piis
1596 1918 1777 1955 confortat
1801 1921 2136 1965 exhortationibu53
2164 1933 2247 1959 eum

1177 1972 1235 2007 alii
1257 1974 1480 2010 venerabiles
1495 1975 1655 2021 episcopi
1677 1988 1719 2012 ae
1739 1979 1906 2014 doctores
1927 1991 2152 2027 quaecunque
2171 1987 2249 2017 tur-

1176 2031 1263 2068 bare
1282 2032 1480 2070 Ecclesiam
1515 2041 1707 2081 poterant,
1743 2037 1824 2072 lon<r
1804 2039 1883 2084 gius
1921 2045 2141 2077 tentamenta
2161 2052 2248 2088 pro-

43 2116 114 2153 que
140 2106 183 2142 3¹1
203 2112 335 2142 lenam
367 2094 639 2152 pem-'cumbam
660 2106 743 2152 quja
772 2106 849 2142 1¹5oe
881 2107 1026 2152 „agium
1047 2117 1109 2142 eu
1127 2089 1156 2130 C
1178 2091 1329 2137 pellunt,
1350 2098 1384 2128 et
1404 2103 1484 2139 <pne
1505 2094 1643 2130 eisdem
1675 2096 1748 2131 sint
1764 2066 1823 2132 adr>
1828 2098 1978 2134 salutem
2010 2100 2168 2144 prolicua
2190 2111 2248 2137 so-

45 2168 139 2203 bitos
159 2167 421 2214 longitudinis,
456 2167 524 2203 illa
557 2167 627 2203 duo
651 2168 772 2203 minus
804 2168 998 2204 habebant.
1020 2168 1109 2204 ltem

45 2236 213 2262 mensura
234 2237 400 2272 sagorum
425 2237 489 2272 per
509 2227 769 2274 longitudinem
794 2227 922 2265 domus
954 2230 1111 2274 quadra-

45 2287 143 2333 ginta
163 2292 320 2333 quatuor
346 2287 478 2323 cubitis
512 2287 751 2323 tendebatur:
773 2288 922 2334 triginta
942 2289 1111 2326 videlicet

45 2347 186 2382 cubitos
205 2347 240 2382 in
261 2347 466 2392 aequalitate
502 2347 639 2383 babens
660 2358 680 2382 a
701 2347 820 2383 srontc
849 2349 977 2384 domus
997 2361 1112 2397 usque

46 2406 92 2441 ad
109 2406 354 2442 summitatem
377 2406 580 2442 tabularum
610 2408 644 2442 in
666 2407 770 2454 plaga
806 2408 1043 2451 occidentali,
1076 2417 1113 2446 et

45 2476 184 2517 septem
203 2469 343 2507 cubitos
363 2471 605 2518 dependentes
628 2483 646 2506 a
669 2471 786 2508 fronte
808 2473 950 2517 domus,
973 2478 1112 2518 septem

49 2530 218 2566 similiter
251 2531 496 2577 dependentes
524 2532 559 2567 in
593 2532 696 2579 plaga
723 2533 951 2570 occidentali.
980 2532 1114 2578 Sicqne

47 2589 112 2624 suit
134 2596 174 2625 ιιι
202 2601 368 2626 mensura
391 2602 558 2637 sagorum
592 2593 627 2627 in
647 2593 862 2629 occidentali
882 2593 995 2628 latere
1025 2593 1114 2628 duo-

46 2651 116 2687 bus
132 2640 263 2686 eubitis
288 2652 479 2686 excederet
500 2662 709 2688 mensuram
743 2654 967 2688 cortinarum
985 2679 995 2695 ‚
1028 2652 1113 2697 quia

50 2712 221 2748 nimirum
264 2714 414 2749 cortinae
458 2714 612 2759 desuper
647 2715 835 2750 venientes
873 2715 967 2750 sicut
1005 2725 1114 2760 supra

49 2774 424 2816 commemoravimus,
446 2774 606 2819 quinque
635 2775 778 2811 cubitos
795 2775 913 2811 eidem
945 2775 1114 2811 occiden-

50 2832 132 2869 talis
151 2833 300 2879 parietis
314 2832 503 2880 tegebant,
537 2840 574 2869 et
594 2833 712 2869 tribus
734 2834 988 2880 relinquebant
1022 2835 1114 2870 inta-

49 2897 140 2929 etos.
161 2893 206 2928 Et
232 2893 302 2929 hoc
335 2898 392 2929 est
423 2893 517 2938 quod
547 2904 643 2930 nune
675 2895 831 2930 dicitur:
856 2895 960 2938 Quod
996 2901 1114 2931 autem

50 2953 259 3000 superfuerit
283 2955 320 2990 in
341 2955 435 3001 saqis
457 2965 534 3002 qua:
555 2961 727 3001 parantur
743 2962 848 2999 tecto,
865 2956 901 2992 id
921 2962 1113 2998 est,unum

52 3024 175 3062 sagum
206 3015 301 3061 quod
321 3017 476 3063 amplius
495 3027 540 3053 ex
566 3017 760 3054 medietate
787 3017 864 3063 ejus
888 3019 1030 3064 operies
1051 3029 1115 3065 po-

53 3075 204 3112 steriora
226 3076 460 3113 tabernaculi.
477 3078 649 3114 Medietas
670 3088 825 3123 namque
841 3079 917 3125 sagi
937 3080 972 3114 in
993 3079 1115 3115 latitu-

53 3132 136 3172 dine
155 3142 238 3172 sunt
268 3136 340 3173 duo
357 3137 482 3180 cubiti,
503 3148 548 3174 ex
567 3148 638 3184 qua
657 3137 824 3173 videlicet
844 3138 1038 3174 medietate
1055 3149 1116 3175 co-

54 3196 305 3242 operiebantur
332 3197 534 3243 posteriora
568 3197 807 3239 tabernaculi,
833 3197 869 3233 id
894 3202 970 3240 est,
1004 3198 1114 3234 corti-

54 3264 180 3297 uarum
196 3267 276 3303 quae
291 3258 436 3303 proprie
455 3258 729 3294 tabernaculum
747 3259 992 3301 x·,ocabantur
1028 3258 1113 3304 quia

57 3301 192 3370 duobus
211 3318 342 3354 cubitis
359 3328 436 3361 eas,
457 3325 498 3353 ut
520 3318 690 3360 diximus,
713 3319 758 3355 ad
775 3318 946 3354 inferiora
964 3319 1114 3354 tendens

57 3384 182 3437 sagum
195 3378 364 3414 ultimum
393 3378 581 3415 transibat.
599 3379 761 3426 Itemque
779 3389 864 3426 saga
886 3380 1040 3424 desuper
1057 3389 1116 3414 xe-

58 3435 192 3505 ξιριηίιι
214 3445 351 3487 septem
378 3440 603 3477 solummodo
627 3441 769 3477 cubitos
786 3440 1020 3476 occidentalis
1048 3449 1114 3486 pa-

59 3496 164 3561 W
189 3499 437 3545 cooperiebam
466 3509 534 3536 nec
558 3505 681 3536 tamen
702 3505 776 3536 tres
801 3499 930 3545 reliqui
965 3499 1026 3544 qui
1058 3508 1115 3534 re-

184 3564 266 3597 ram
283 3569 397 3606 usque
416 3559 463 3596 ad
479 3565 613 3596 terram
632 3560 718 3596 nudi
747 3564 1004 3605 tempestatum
1023 3559 1116 3605 iniu-

61 3562 324 3676 &aeliane
343 3622 407 3659 sed
424 3622 590 3659 adductis
608 3623 678 3659 ad
669 3624 824 3660 1nvicem
839 3623 885 3660 ab
904 3628 1057 3669 utroque
1071 3622 1119 3659 la-

63 3675 266 3743 we
286 3686 517 3729 septenorum
535 3681 754 3733 cubitorum,
776 3683 866 3736 qui
869 3682 1119 3719 deficientibus

35 3756 37 3771 ι
63 3737 210 3791 Pffl‘q
290 3746 502 3794 „peret-aut,
519 3743 586 3780 his
606 3745 809 3790 posteriora
832 3742 967 3783 domus
984 3743 1119 3781 fixmis-

66 3793 160 3832 sime
183 3805 205 3834 a
255 3797 390 3838 tet-ram
406 3810 521 3848 usque
540 3805 836 3851 contegebantur.
853 3805 979 3852 Neque
998 3811 1118 3842 antem

1180 2154 1262 2190 lerti
1297 2154 1465 2202 indagine
1489 2158 1745 2203 prospiciunt:
1773 2166 1954 2206 quatenus
1975 2163 2134 2208 undique
2170 2170 2246 2200 ιιιι·ι

1180 2216 1406 2251 conversatio
1428 2217 1595 2263 religiosa
1613 2218 1771 2254 fidelium
1793 2220 1908 2256 libero
1925 2221 2034 2257 corde
2053 2223 2250 2261 x‘irtutibus

1180 2274 1340 2317 studere,
1358 2277 1518 2321 atquein
1545 2284 1740 2324 conspectu
1767 2280 1821 2316 sui
1853 2281 2053 2319 conditoris
2072 2291 2109 2319 ct
2140 2295 2251 2331 opere

1180 2334 1389 2380 praefulgida
1411 2335 1551 2380 lucere,
1586 2345 1622 2373 et
1640 2339 1754 2383 ipsius
1775 2351 1917 2386 quoque
1949 2343 2247 2389 contemplationi

1180 2394 1293 2438 possit
1314 2395 1457 2431 oculum
1492 2399 1624 2433 mentis
1658 2399 1858 2436 intendere.
1888 2402 2022 2437 Yerum
2050 2403 2133 2447 qnia
2156 2403 2250 2438 inter

1181 2460 1325 2490 sanctos
1352 2456 1608 2500 przedz'catores
1624 2458 1673 2493 illi
1691 2465 1774 2494 sunt
1797 2461 1956 2496 maximo
1977 2461 2075 2506 digni
2096 2462 2247 2504 bonore,

1181 2515 1242 2560 qui
1266 2522 1418 2561 excepto
1434 2518 1530 2562 quod
1550 2519 1668 2554 ossicio
1690 2521 1959 2564 praedicationis
1976 2528 2012 2557 et
2033 2523 2250 2568 populorum

1182 2582 1350 2628 regimini
1387 2583 1611 2627 deserviunt,
1636 2586 1745 2621 etiam
1775 2598 1840 2633 pro
1864 2587 2008 2625 ChriSto
2037 2592 2251 2637 sanguinem

1182 2642 1349 2685 fundunt,
1370 2650 1466 2679 recte
1483 2645 1672 2681 subditur:
1695 2647 1822 2683 Facies
1842 2655 1871 2683 el
1884 2650 2135 2695 operimentzmt
2150 2653 2249 2686 aliua

1183 2711 1286 2747 tecto,
1305 2704 1347 2740 de
1376 2705 1523 2751 pellibus
1539 2707 1689 2743 arietum
1711 2709 1913 2745 rubricatis.
1942 2711 2103 2747 Arictum
2121 2713 2265 2758 quippe-

1181 2765 1497 2808 vocabu10‚solent
1518 2778 1779 2814 nonnunquam
1801 2771 1917 2806 sancti
1933 2770 2100 2808 doctores
2119 2772 2249 2818 accipi,

1182 2835 1225 2861 eo
1262 2827 1358 2871 quod
1399 2827 1472 2863 sint
1505 2827 1617 2864 duces
1651 2829 1880 2874 sequentium
1919 2831 2061 2867 Domini
2082 2843 2246 2879 gregem.

1182 2885 1286 2922 Unde
1312 2887 1463 2933 pulcbre
1499 2886 1716 2924 psalmista:
1739 2889 1870 2935 Afferte
1889 2890 2041 2926 Domino
2060 2918 2069 2934 ‚
2109 2892 2250 2938 inquit,

1183 2948 1249 2995 filii
1266 2949 1351 2993 Dei,
1369 2950 1492 2996 afferte
1508 2951 1659 2986 Domino
1680 2948 1772 2997 filio's
1792 2953 1942 2987 arietum
1967 2950 2083 2999 (Psal.
2101 2954 2247 3001 xxviii).

1185 3009 1287 3053 Quod
1309 3016 1364 3046 est
1378 3016 1505 3056 aperte
1525 3011 1646 3047 dicere
1663 3025 1671 3046 ;
1694 3011 1830 3048 Ass'erte
1849 3012 2013 3055 Domino,
2034 3024 2160 3050 omnes
2189 3024 2255 3049 an·

1185 3070 1253 3118 geli
1270 3071 1346 3114 Dei,
1372 3071 1503 3117 quibus
1536 3072 1643 3118 hujus
1662 3071 1771 3108 officii
1793 3083 1879 3108 cura
1908 3073 2072 3119 delegata
2094 3079 2172 3117 cst,
2203 3072 2255 3109 af·

1184 3130 1276 3167 ferte
1297 3132 1449 3167 Domino
1466 3132 1501 3167 in
1521 3132 1634 3168 coelos
1656 3133 1806 3179 spiritus
1827 3133 2072 3180 fidelium‚qui
2090 3146 2156 3181 per
2170 3135 2253 3170 imi-

1184 3192 1356 3228 tationem
1385 3193 1470 3228 vitae
1493 3199 1530 3230 et
1551 3193 1656 3236 lidei,
1693 3195 1756 3230 filii
1783 3195 1972 3231 beatorum
2003 3195 2250 3241 apostolorum

1184 3252 1262 3288 lieri
1279 3259 1503 3291 meruerunt.
1540 3255 1786 3302 operiuntque
1815 3257 2088 3293 tabernaculum
2107 3256 2252 3293 Domini

1185 3322 1297 3367 pelles
1323 3323 1479 3359 arietum
1506 3323 1699 3359 rubricatae
1714 3329 1822 3369 atque
1842 3324 1888 3359 ab
1908 3323 2038 3368 injuria
2060 3327 2254 3368 tempesta-

1186 3385 1262 3416 tum
1291 3380 1514 3425 defendunt,
1551 3393 1634 3418 cum
1658 3383 1771 3418 sancti
1810 3381 2066 3427 praedicatores
2085 3382 2252 3428 exemplo

1186 3442 1367 3487 passionis
1384 3448 1422 3478 et
1455 3442 1638 3488 patientiae
1658 3451 1744 3483 suae,
1765 3440 1874 3476 corda
1895 3439 2123 3477 intirmorum
2146 3452 2192 3478 ne
2213 3443 2250 3478 in

1186 3501 1369 3546 pressuris
1395 3501 1670 3537 tribulationum
1694 3499 1847 3535 delicere
1864 3499 2040 3545 debeant,
2068 3503 2250 3538 muniunt.

1188 3559 1233 3594 Et
1251 3561 1420 3604 quoniam
1438 3562 1533 3596 inter
1545 3559 1726 3605 praecipua
1741 3558 1876 3596 Christi
1890 3566 1927 3597 et
1945 3561 2118 3599 Ecclesiae
2137 3573 2252 3599 mem-

1186 3620 1251 3656 bra
1276 3620 1449 3655 eximium
1469 3629 1573 3655 sacra
1591 3619 1781 3668 virginitas
1798 3619 1916 3657 locum
1936 3627 2048 3666 tenet,
2068 3628 2151 3667 apte
2168 3629 2253 3669 post

1187 3680 1367 3716 variatum
1386 3680 1496 3716 decus
1520 3680 1764 3725 cortinarum,
1786 3686 1870 3728 post
1900 3682 2101 3719 ciliciorum
2130 3684 2251 3721 muni-

1187 3741 1284 3777 mina
1299 3745 1521 3783 sanctorum,
1539 3746 1620 3786 post
1635 3740 1838 3778 rubricatas
1865 3742 2020 3780 arietum
2044 3743 2172 3791 pelles,
2190 3745 2239 3781 ad

1189 3802 1286 3838 ditur
1304 3801 1449 3838 adbuc:
1472 3800 1518 3836 Et
1545 3811 1652 3847 super
1672 3801 1737 3838 hoc
1755 3813 1896 3839 rursum
1927 3803 2028 3842 aliud
2057 3806 2251 3852 operimen-
