<?xml version="1.0" encoding="UTF-8"?>
<!DOCTYPE html PUBLIC "-//W3C//DTD XHTML 1.0 Transitional//EN"
    "http://www.w3.org/TR/xhtml1/DTD/xhtml1-transitional.dtd">
<html xmlns="http://www.w3.org/1999/xhtml" xml:lang="en" lang="en">
 <head>
  <title>
</title>
<meta http-equiv="Content-Type" content="text/html;charset=utf-8" />
  <meta name='ocr-system' content='tesseract 3.04.00' />
  <meta name='ocr-capabilities' content='ocr_page ocr_carea ocr_par ocr_line ocrx_word'/>
</head>
<body>
  <div class='ocr_page' id='page_1' title='image "./patrologiae00unknuoft_0367.png"; bbox 0 0 2540 4016; ppageno 0'>
   <div class='ocr_carea' id='block_1_1' title="bbox 0 521 52 4016">
    <p class='ocr_par' dir='ltr' id='par_1_1' title="bbox 0 521 52 4016">
     <span class='ocr_line' id='line_1_1' title="bbox 0 521 52 4016; baseline 0 0"><span class='ocrx_word' id='word_1_1' title='bbox 0 521 52 4016; x_wconf 95' lang='lat' dir='ltr'> </span> 
     </span>
    </p>
   </div>
   <div class='ocr_carea' id='block_1_2' title="bbox 0 0 25 236">
    <p class='ocr_par' dir='ltr' id='par_1_2' title="bbox 0 0 25 236">
     <span class='ocr_line' id='line_1_2' title="bbox 0 0 25 236; baseline 0 3780"><span class='ocrx_word' id='word_1_2' title='bbox 0 0 25 236; x_wconf 95' lang='lat' dir='ltr'> </span> 
     </span>
    </p>
   </div>
   <div class='ocr_carea' id='block_1_3' title="bbox 0 189 104 238">
    <p class='ocr_par' dir='ltr' id='par_1_3' title="bbox 0 189 104 238">
     <span class='ocr_line' id='line_1_3' title="bbox 0 189 104 238; baseline -0.029 0"><span class='ocrx_word' id='word_1_3' title='bbox 0 189 104 238; x_wconf 71' lang='lat' dir='ltr'>&#39;tm</span> 
     </span>
    </p>
   </div>
   <div class='ocr_carea' id='block_1_4' title="bbox 502 189 1734 234">
    <p class='ocr_par' dir='ltr' id='par_1_4' title="bbox 502 189 1734 234">
     <span class='ocr_line' id='line_1_4' title="bbox 502 189 1734 234; baseline 0.001 -2"><span class='ocrx_word' id='word_1_4' title='bbox 502 189 860 234; x_wconf 80' lang='lat' dir='ltr'>ENARRATIONES</span> <span class='ocrx_word' id='word_1_5' title='bbox 885 192 932 230; x_wconf 82' lang='lat' dir='ltr'>IN</span> <span class='ocrx_word' id='word_1_6' title='bbox 956 190 1135 230; x_wconf 82' lang='lat' dir='ltr'>LIBRUM</span> <span class='ocrx_word' id='word_1_7' title='bbox 1160 190 1474 231; x_wconf 71' lang='lat' dir='ltr'>NUMERORUM.</span> <span class='ocrx_word' id='word_1_8' title='bbox 1499 211 1546 220; x_wconf 89' lang='lat'><em>-</em></span> <span class='ocrx_word' id='word_1_9' title='bbox 1568 194 1653 232; x_wconf 79' lang='lat' dir='ltr'>Lm.</span> <span class='ocrx_word' id='word_1_10' title='bbox 1674 193 1734 233; x_wconf 86' lang='lat' dir='ltr'>m.</span> 
     </span>
    </p>
   </div>
   <div class='ocr_carea' id='block_1_5' title="bbox 2135 205 2206 245">
    <p class='ocr_par' dir='ltr' id='par_1_5' title="bbox 2135 205 2206 245">
     <span class='ocr_line' id='line_1_5' title="bbox 2135 205 2206 245; baseline 0.042 -3"><span class='ocrx_word' id='word_1_11' title='bbox 2135 205 2206 245; x_wconf 74' lang='lat' dir='ltr'>&#39;m</span> 
     </span>
    </p>
   </div>
   <div class='ocr_carea' id='block_1_6' title="bbox 0 265 2210 324">
    <p class='ocr_par' dir='ltr' id='par_1_6' title="bbox 0 265 2210 324">
     <span class='ocr_line' id='line_1_6' title="bbox 0 265 2210 324; baseline 0.001 -17"><span class='ocrx_word' id='word_1_12' title='bbox 0 284 3 307; x_wconf 80' lang='grc' dir='ltr'>ι</span> <span class='ocrx_word' id='word_1_13' title='bbox 30 265 134 310; x_wconf 64' lang='lat' dir='ltr'>Oen:</span> <span class='ocrx_word' id='word_1_14' title='bbox 145 267 322 315; x_wconf 66' lang='lat' dir='ltr'>judicium</span> <span class='ocrx_word' id='word_1_15' title='bbox 352 275 450 305; x_wconf 82' lang='lat' dir='ltr'>tuum</span> <span class='ocrx_word' id='word_1_16' title='bbox 483 267 556 315; x_wconf 75' lang='lat' dir='ltr'>reqi</span> <span class='ocrx_word' id='word_1_17' title='bbox 579 268 627 304; x_wconf 83' lang='lat' dir='ltr'>da</span> <span class='ocrx_word' id='word_1_18' title='bbox 653 266 768 315; x_wconf 77' lang='lat' dir='ltr'>(Psal.</span> <span class='ocrx_word' id='word_1_19' title='bbox 787 267 869 315; x_wconf 85' lang='lat' dir='ltr'>vn).</span> <span class='ocrx_word' id='word_1_20' title='bbox 900 267 962 305; x_wconf 82' lang='lat' dir='ltr'>Via</span> <span class='ocrx_word' id='word_1_21' title='bbox 979 267 1091 314; x_wconf 83' lang='lat' dir='ltr'>regali</span> <span class='ocrx_word' id='word_1_22' title='bbox 1108 269 1144 309; x_wconf 78' lang='grc' dir='ltr'>Α</span> <span class='ocrx_word' id='word_1_23' title='bbox 1160 267 1253 304; x_wconf 89' lang='lat' dir='ltr'>simo</span> <span class='ocrx_word' id='word_1_24' title='bbox 1269 272 1396 314; x_wconf 84' lang='lat' dir='ltr'>patere</span> <span class='ocrx_word' id='word_1_25' title='bbox 1426 267 1569 304; x_wconf 84' lang='lat' dir='ltr'>debeat.</span> <span class='ocrx_word' id='word_1_26' title='bbox 1587 268 1660 305; x_wconf 88' lang='lat' dir='ltr'>Sed</span> <span class='ocrx_word' id='word_1_27' title='bbox 1685 269 1762 314; x_wconf 76' lang='lat' dir='ltr'>Jam</span> <span class='ocrx_word' id='word_1_28' title='bbox 1779 274 1819 306; x_wconf 89' lang='lat' dir='ltr'>ut</span> <span class='ocrx_word' id='word_1_29' title='bbox 1838 268 1932 309; x_wconf 87' lang='lat' dir='ltr'>Dens</span> <span class='ocrx_word' id='word_1_30' title='bbox 1947 283 2010 312; x_wconf 81' lang='lat' dir='ltr'>sua</span> <span class='ocrx_word' id='word_1_31' title='bbox 2033 282 2210 324; x_wconf 57' lang='lat' dir='ltr'>promissa</span> 
     </span>
    </p>
   </div>
   <div class='ocr_carea' id='block_1_7' title="bbox 0 327 1100 680">
    <p class='ocr_par' dir='ltr' id='par_1_7' title="bbox 0 327 1100 680">
     <span class='ocr_line' id='line_1_7' title="bbox 28 327 1095 376; baseline -0.002 -11"><span class='ocrx_word' id='word_1_32' title='bbox 28 338 127 376; x_wconf 66' lang='lat' dir='ltr'>orgo</span> <span class='ocrx_word' id='word_1_33' title='bbox 147 329 382 366; x_wconf 87' lang='lat' dir='ltr'>incedendum</span> <span class='ocrx_word' id='word_1_34' title='bbox 397 334 468 373; x_wconf 85' lang='lat' dir='ltr'>est,</span> <span class='ocrx_word' id='word_1_35' title='bbox 484 338 551 365; x_wconf 84' lang='lat' dir='ltr'>nec</span> <span class='ocrx_word' id='word_1_36' title='bbox 567 327 817 365; x_wconf 89' lang='lat' dir='ltr'>declinandum</span> <span class='ocrx_word' id='word_1_37' title='bbox 847 337 1014 374; x_wconf 89' lang='lat' dir='ltr'>usquam,</span> <span class='ocrx_word' id='word_1_38' title='bbox 1031 337 1095 364; x_wconf 88' lang='lat' dir='ltr'>ne-</span> 
     </span>
     <span class='ocr_line' id='line_1_8' title="bbox 0 388 1094 437; baseline -0.002 -11"><span class='ocrx_word' id='word_1_39' title='bbox 0 417 2 432; x_wconf 91' lang='grc'>,</span> <span class='ocrx_word' id='word_1_40' title='bbox 29 398 111 436; x_wconf 69' lang='lat' dir='ltr'>que</span> <span class='ocrx_word' id='word_1_41' title='bbox 128 389 166 426; x_wconf 92' lang='lat' dir='ltr'>in</span> <span class='ocrx_word' id='word_1_42' title='bbox 200 400 326 437; x_wconf 89' lang='lat' dir='ltr'>agrum</span> <span class='ocrx_word' id='word_1_43' title='bbox 361 389 451 436; x_wconf 89' lang='lat' dir='ltr'>ejus,</span> <span class='ocrx_word' id='word_1_44' title='bbox 471 399 589 437; x_wconf 88' lang='lat' dir='ltr'>neque</span> <span class='ocrx_word' id='word_1_45' title='bbox 619 390 656 426; x_wconf 92' lang='lat' dir='ltr'>in</span> <span class='ocrx_word' id='word_1_46' title='bbox 675 390 819 426; x_wconf 84' lang='lat' dir='ltr'>vineam</span> <span class='ocrx_word' id='word_1_47' title='bbox 847 388 939 435; x_wconf 77' lang='lat' dir='ltr'>ejus,</span> <span class='ocrx_word' id='word_1_48' title='bbox 971 388 1008 424; x_wconf 91' lang='lat' dir='ltr'>id</span> <span class='ocrx_word' id='word_1_49' title='bbox 1024 393 1094 432; x_wconf 92' lang='lat' dir='ltr'>est,</span> 
     </span>
     <span class='ocr_line' id='line_1_9' title="bbox 0 449 1097 497; baseline -0.003 -9"><span class='ocrx_word' id='word_1_50' title='bbox 0 465 2 488; x_wconf 85' lang='grc' dir='ltr'>ι</span> <span class='ocrx_word' id='word_1_51' title='bbox 30 459 159 496; x_wconf 73' lang='lat' dir='ltr'>neque</span> <span class='ocrx_word' id='word_1_52' title='bbox 181 451 226 487; x_wconf 91' lang='lat' dir='ltr'>ad</span> <span class='ocrx_word' id='word_1_53' title='bbox 247 460 370 497; x_wconf 88' lang='lat' dir='ltr'>opera,</span> <span class='ocrx_word' id='word_1_54' title='bbox 391 460 509 496; x_wconf 90' lang='lat' dir='ltr'>neque</span> <span class='ocrx_word' id='word_1_55' title='bbox 534 451 578 487; x_wconf 90' lang='lat' dir='ltr'>ad</span> <span class='ocrx_word' id='word_1_56' title='bbox 605 459 732 487; x_wconf 90' lang='lat' dir='ltr'>sensus</span> <span class='ocrx_word' id='word_1_57' title='bbox 768 449 968 487; x_wconf 75' lang='lat' dir='ltr'>diabolicos</span> <span class='ocrx_word' id='word_1_58' title='bbox 986 450 1097 486; x_wconf 87' lang='lat' dir='ltr'>decli-</span> 
     </span>
     <span class='ocr_line' id='line_1_10' title="bbox 0 510 1098 556; baseline 0.005 -14"><span class='ocrx_word' id='word_1_59' title='bbox 0 533 3 542; x_wconf 90' lang='lat'>.</span> <span class='ocrx_word' id='word_1_60' title='bbox 31 518 128 548; x_wconf 73' lang='lat' dir='ltr'>aare</span> <span class='ocrx_word' id='word_1_61' title='bbox 146 510 241 546; x_wconf 90' lang='lat' dir='ltr'>ultra</span> <span class='ocrx_word' id='word_1_62' title='bbox 261 521 364 547; x_wconf 91' lang='lat' dir='ltr'>mens</span> <span class='ocrx_word' id='word_1_63' title='bbox 398 510 557 547; x_wconf 89' lang='lat' dir='ltr'>fidelium</span> <span class='ocrx_word' id='word_1_64' title='bbox 574 511 693 548; x_wconf 86' lang='lat' dir='ltr'>debet.</span> <span class='ocrx_word' id='word_1_65' title='bbox 730 510 916 556; x_wconf 88' lang='lat' dir='ltr'><strong>Quomodo</strong></span> <span class='ocrx_word' id='word_1_66' title='bbox 934 510 1098 547; x_wconf 80' lang='lat' dir='ltr'>volumus</span> 
     </span>
     <span class='ocr_line' id='line_1_11' title="bbox 0 570 1099 619; baseline 0.003 -13"><span class='ocrx_word' id='word_1_67' title='bbox 0 595 2 602; x_wconf 87' lang='lat'>.</span> <span class='ocrx_word' id='word_1_68' title='bbox 30 579 129 616; x_wconf 73' lang='lat' dir='ltr'>eergo</span> <span class='ocrx_word' id='word_1_69' title='bbox 147 570 238 607; x_wconf 82' lang='lat' dir='ltr'>fines</span> <span class='ocrx_word' id='word_1_70' title='bbox 255 571 548 609; x_wconf 83' lang='lat' dir='ltr'>Amorrhaeorum</span> <span class='ocrx_word' id='word_1_71' title='bbox 568 583 650 610; x_wconf 92' lang='lat' dir='ltr'>cum</span> <span class='ocrx_word' id='word_1_72' title='bbox 665 583 755 619; x_wconf 86' lang='lat' dir='ltr'>pace</span> <span class='ocrx_word' id='word_1_73' title='bbox 773 573 928 610; x_wconf 86' lang='lat' dir='ltr'>transire</span> <span class='ocrx_word' id='word_1_74' title='bbox 940 573 956 609; x_wconf 74' lang='lat'>²?</span> <span class='ocrx_word' id='word_1_75' title='bbox 968 572 1099 609; x_wconf 87' lang='lat' dir='ltr'>Amor-</span> 
     </span>
     <span class='ocr_line' id='line_1_12' title="bbox 0 628 1100 680; baseline 0.005 -16"><span class='ocrx_word' id='word_1_76' title='bbox 0 655 3 663; x_wconf 86' lang='lat'>.</span> <span class='ocrx_word' id='word_1_77' title='bbox 34 628 144 672; x_wconf 75' lang='lat' dir='ltr'>uhaei,</span> <span class='ocrx_word' id='word_1_78' title='bbox 162 628 361 666; x_wconf 82' lang='lat' dir='ltr'>infidelium</span> <span class='ocrx_word' id='word_1_79' title='bbox 380 631 442 676; x_wconf 93' lang='lat' dir='ltr'>qui</span> <span class='ocrx_word' id='word_1_80' title='bbox 471 637 554 668; x_wconf 90' lang='lat' dir='ltr'>sunt</span> <span class='ocrx_word' id='word_1_81' title='bbox 572 632 610 669; x_wconf 93' lang='lat' dir='ltr'>in</span> <span class='ocrx_word' id='word_1_82' title='bbox 628 633 697 670; x_wconf 78' lang='lat' dir='ltr'>lioc</span> <span class='ocrx_word' id='word_1_83' title='bbox 715 634 865 676; x_wconf 90' lang='lat' dir='ltr'>mundo,</span> <span class='ocrx_word' id='word_1_84' title='bbox 884 643 968 679; x_wconf 87' lang='lat' dir='ltr'>pars</span> <span class='ocrx_word' id='word_1_85' title='bbox 985 632 1100 680; x_wconf 80' lang='lat' dir='ltr'><strong>accipi</strong></span> 
     </span>
    </p>
   </div>
   <div class='ocr_carea' id='block_1_8' title="bbox 32 683 1149 740">
    <p class='ocr_par' dir='ltr' id='par_1_8' title="bbox 32 683 1149 740">
     <span class='ocr_line' id='line_1_13' title="bbox 32 683 1149 740; baseline 0.004 -16"><span class='ocrx_word' id='word_1_86' title='bbox 32 692 174 736; x_wconf 70' lang='lat' dir='ltr'>[potest.</span> <span class='ocrx_word' id='word_1_87' title='bbox 196 688 267 725; x_wconf 89' lang='lat' dir='ltr'>Sed</span> <span class='ocrx_word' id='word_1_88' title='bbox 284 689 344 725; x_wconf 89' lang='lat' dir='ltr'>isti</span> <span class='ocrx_word' id='word_1_89' title='bbox 364 689 662 737; x_wconf 87' lang='lat' dir='ltr'>interpretantur,</span> <span class='ocrx_word' id='word_1_90' title='bbox 682 699 722 729; x_wconf 90' lang='lat' dir='ltr'>ut</span> <span class='ocrx_word' id='word_1_91' title='bbox 748 703 855 740; x_wconf 90' lang='lat' dir='ltr'>supra</span> <span class='ocrx_word' id='word_1_92' title='bbox 877 693 1035 730; x_wconf 82' lang='lat' dir='ltr'>diximus</span> <span class='ocrx_word' id='word_1_93' title='bbox 1051 692 1102 729; x_wconf 85' lang='lat' dir='ltr'>lo-</span> <span class='ocrx_word' id='word_1_94' title='bbox 1144 683 1149 688; x_wconf 63' lang='grc'><strong><em>’</em></strong></span> 
     </span>
    </p>
   </div>
   <div class='ocr_carea' id='block_1_9' title="bbox 0 750 1103 1164">
    <p class='ocr_par' dir='ltr' id='par_1_9' title="bbox 0 750 1103 1164">
     <span class='ocr_line' id='line_1_14' title="bbox 31 750 1102 800; baseline 0.006 -15"><span class='ocrx_word' id='word_1_95' title='bbox 31 756 199 798; x_wconf 54' lang='lat' dir='ltr'>attentes,</span> <span class='ocrx_word' id='word_1_96' title='bbox 230 750 288 786; x_wconf 88' lang='lat' dir='ltr'>vel</span> <span class='ocrx_word' id='word_1_97' title='bbox 312 752 584 789; x_wconf 78' lang='lat' dir='ltr'><strong><em>amaritudinem</em></strong></span> <span class='ocrx_word' id='word_1_98' title='bbox 602 754 826 791; x_wconf 78' lang='lat' dir='ltr'><em>adducentes.</em></span> <span class='ocrx_word' id='word_1_99' title='bbox 857 754 902 791; x_wconf 88' lang='lat' dir='ltr'>Et</span> <span class='ocrx_word' id='word_1_100' title='bbox 921 754 1102 800; x_wconf 87' lang='lat' dir='ltr'>quomodo</span> 
     </span>
     <span class='ocr_line' id='line_1_15' title="bbox 32 809 1102 858; baseline 0.003 -10"><span class='ocrx_word' id='word_1_101' title='bbox 32 809 190 858; x_wconf 71' lang='lat' dir='ltr'>oquidem</span> <span class='ocrx_word' id='word_1_102' title='bbox 229 810 268 846; x_wconf 92' lang='lat' dir='ltr'>in</span> <span class='ocrx_word' id='word_1_103' title='bbox 287 811 564 850; x_wconf 82' lang='lat' dir='ltr'>amaritudinem</span> <span class='ocrx_word' id='word_1_104' title='bbox 584 815 764 851; x_wconf 85' lang='lat' dir='ltr'>adducant</span> <span class='ocrx_word' id='word_1_105' title='bbox 795 814 908 850; x_wconf 90' lang='lat' dir='ltr'>Deum</span> <span class='ocrx_word' id='word_1_106' title='bbox 938 813 1102 851; x_wconf 84' lang='lat' dir='ltr'>infideles</span> 
     </span>
     <span class='ocr_line' id='line_1_16' title="bbox 32 871 1101 921; baseline 0.003 -16"><span class='ocrx_word' id='word_1_107' title='bbox 32 875 83 908; x_wconf 70' lang='lat' dir='ltr'>«et</span> <span class='ocrx_word' id='word_1_108' title='bbox 101 871 292 916; x_wconf 90' lang='lat' dir='ltr'>increduli,</span> <span class='ocrx_word' id='word_1_109' title='bbox 324 874 550 919; x_wconf 83' lang='lat' dir='ltr'>expositione</span> <span class='ocrx_word' id='word_1_110' title='bbox 572 885 646 911; x_wconf 91' lang='lat' dir='ltr'>non</span> <span class='ocrx_word' id='word_1_111' title='bbox 678 875 827 921; x_wconf 82' lang='lat' dir='ltr'>indiget.</span> <span class='ocrx_word' id='word_1_112' title='bbox 855 873 960 918; x_wconf 83' lang='lat' dir='ltr'>Quod</span> <span class='ocrx_word' id='word_1_113' title='bbox 980 878 1101 909; x_wconf 88' lang='lat' dir='ltr'>autem</span> 
     </span>
     <span class='ocr_line' id='line_1_17' title="bbox 0 931 1103 981; baseline 0.002 -15"><span class='ocrx_word' id='word_1_114' title='bbox 0 959 2 966; x_wconf 93' lang='lat'>.</span> <span class='ocrx_word' id='word_1_115' title='bbox 34 931 98 968; x_wconf 70' lang='lat' dir='ltr'>:ait</span> <span class='ocrx_word' id='word_1_116' title='bbox 115 931 308 979; x_wconf 85' lang='lat' dir='ltr'>loquentes,</span> <span class='ocrx_word' id='word_1_117' title='bbox 324 933 370 970; x_wconf 84' lang='lat' dir='ltr'>ad</span> <span class='ocrx_word' id='word_1_118' title='bbox 388 934 486 970; x_wconf 90' lang='lat' dir='ltr'>illam</span> <span class='ocrx_word' id='word_1_119' title='bbox 503 940 644 981; x_wconf 90' lang='lat' dir='ltr'>partem</span> <span class='ocrx_word' id='word_1_120' title='bbox 662 934 756 970; x_wconf 88' lang='lat' dir='ltr'>trahi</span> <span class='ocrx_word' id='word_1_121' title='bbox 770 938 901 980; x_wconf 85' lang='lat' dir='ltr'>potest,</span> <span class='ocrx_word' id='word_1_122' title='bbox 922 933 1007 978; x_wconf 90' lang='lat' dir='ltr'>quia</span> <span class='ocrx_word' id='word_1_123' title='bbox 1021 932 1103 968; x_wconf 79' lang='lat' dir='ltr'>infi-</span> 
     </span>
     <span class='ocr_line' id='line_1_18' title="bbox 34 991 1102 1043; baseline 0.005 -16"><span class='ocrx_word' id='word_1_124' title='bbox 34 991 145 1029; x_wconf 72' lang='lat' dir='ltr'>‹deles</span> <span class='ocrx_word' id='word_1_125' title='bbox 161 994 292 1041; x_wconf 78' lang='lat' dir='ltr'>quippe</span> <span class='ocrx_word' id='word_1_126' title='bbox 306 1001 343 1032; x_wconf 90' lang='lat' dir='ltr'>et</span> <span class='ocrx_word' id='word_1_127' title='bbox 375 997 442 1033; x_wconf 93' lang='lat' dir='ltr'>sub</span> <span class='ocrx_word' id='word_1_128' title='bbox 468 997 632 1043; x_wconf 83' lang='lat' dir='ltr'>principe</span> <span class='ocrx_word' id='word_1_129' title='bbox 652 996 793 1032; x_wconf 88' lang='lat' dir='ltr'>diabolo</span> <span class='ocrx_word' id='word_1_130' title='bbox 826 1000 986 1042; x_wconf 77' lang='lat' dir='ltr'>agentes,</span> <span class='ocrx_word' id='word_1_131' title='bbox 1005 995 1102 1041; x_wconf 92' lang='lat' dir='ltr'>loqui</span> 
     </span>
     <span class='ocr_line' id='line_1_19' title="bbox 0 1055 1102 1102; baseline 0.002 -11"><span class='ocrx_word' id='word_1_132' title='bbox 0 1081 3 1090; x_wconf 86' lang='lat'>.</span> <span class='ocrx_word' id='word_1_133' title='bbox 35 1060 180 1092; x_wconf 65' lang='lat' dir='ltr'>:norunt</span> <span class='ocrx_word' id='word_1_134' title='bbox 211 1057 474 1100; x_wconf 88' lang='lat' dir='ltr'>tantummodo,</span> <span class='ocrx_word' id='word_1_135' title='bbox 501 1057 564 1092; x_wconf 92' lang='lat' dir='ltr'>sed</span> <span class='ocrx_word' id='word_1_136' title='bbox 595 1057 791 1102; x_wconf 90' lang='lat' dir='ltr'>loquuntur</span> <span class='ocrx_word' id='word_1_137' title='bbox 820 1055 956 1092; x_wconf 86' lang='lat' dir='ltr'>inania.</span> <span class='ocrx_word' id='word_1_138' title='bbox 990 1057 1102 1094; x_wconf 83' lang='lat' dir='ltr'>Verbi</span> 
     </span>
     <span class='ocr_line' id='line_1_20' title="bbox 0 1116 1102 1164; baseline 0.004 -14"><span class='ocrx_word' id='word_1_139' title='bbox 0 1153 1 1158; x_wconf 17' lang='lat'>¹</span> <span class='ocrx_word' id='word_1_140' title='bbox 35 1125 169 1158; x_wconf 73' lang='lat' dir='ltr'>causa,</span> <span class='ocrx_word' id='word_1_141' title='bbox 191 1119 230 1150; x_wconf 89' lang='lat' dir='ltr'>ut</span> <span class='ocrx_word' id='word_1_142' title='bbox 255 1120 370 1161; x_wconf 84' lang='lat' dir='ltr'>poetae</span> <span class='ocrx_word' id='word_1_143' title='bbox 405 1124 544 1159; x_wconf 86' lang='lat' dir='ltr'>eorum,</span> <span class='ocrx_word' id='word_1_144' title='bbox 579 1121 619 1152; x_wconf 88' lang='lat' dir='ltr'>ut</span> <span class='ocrx_word' id='word_1_145' title='bbox 636 1116 807 1164; x_wconf 81' lang='lat' dir='ltr'><strong>astrologi</strong></span> <span class='ocrx_word' id='word_1_146' title='bbox 830 1144 839 1160; x_wconf 93' lang='lat'>,</span> <span class='ocrx_word' id='word_1_147' title='bbox 871 1122 910 1153; x_wconf 90' lang='lat' dir='ltr'>ut</span> <span class='ocrx_word' id='word_1_148' title='bbox 940 1118 1102 1154; x_wconf 91' lang='lat' dir='ltr'>nonnulli</span> 
     </span>
    </p>
   </div>
   <div class='ocr_carea' id='block_1_10' title="bbox 1161 326 2234 1163">
    <p class='ocr_par' dir='ltr' id='par_1_10' title="bbox 1161 326 2234 1163">
     <span class='ocr_line' id='line_1_21' title="bbox 1161 326 2214 380; baseline 0.006 -17"><span class='ocrx_word' id='word_1_149' title='bbox 1161 327 1374 373; x_wconf 82' lang='lat' dir='ltr'>compleret,</span> <span class='ocrx_word' id='word_1_150' title='bbox 1393 327 1531 374; x_wconf 88' lang='lat' dir='ltr'>adjuvit</span> <span class='ocrx_word' id='word_1_151' title='bbox 1550 326 1747 371; x_wconf 75' lang='lat' dir='ltr'>israelitas,</span> <span class='ocrx_word' id='word_1_152' title='bbox 1766 329 1896 373; x_wconf 89' lang='lat' dir='ltr'>quibus</span> <span class='ocrx_word' id='word_1_153' title='bbox 1923 332 2214 380; x_wconf 71' lang='lat' dir='ltr'>Amorrhaeomm</span> 
     </span>
     <span class='ocr_line' id='line_1_22' title="bbox 1161 388 2217 442; baseline 0.01 -19"><span class='ocrx_word' id='word_1_154' title='bbox 1161 393 1259 423; x_wconf 84' lang='lat' dir='ltr'>terra</span> <span class='ocrx_word' id='word_1_155' title='bbox 1273 388 1350 424; x_wconf 86' lang='lat' dir='ltr'>dari</span> <span class='ocrx_word' id='word_1_156' title='bbox 1380 388 1584 435; x_wconf 81' lang='lat' dir='ltr'>oportebat.</span> <span class='ocrx_word' id='word_1_157' title='bbox 1609 388 1700 425; x_wconf 90' lang='lat' dir='ltr'>Nam</span> <span class='ocrx_word' id='word_1_158' title='bbox 1719 388 1833 426; x_wconf 85' lang='lat' dir='ltr'>Edom</span> <span class='ocrx_word' id='word_1_159' title='bbox 1866 401 1948 427; x_wconf 88' lang='lat' dir='ltr'>eum</span> <span class='ocrx_word' id='word_1_160' title='bbox 1979 393 2145 434; x_wconf 85' lang='lat' dir='ltr'>similiter</span> <span class='ocrx_word' id='word_1_161' title='bbox 2163 401 2217 442; x_wconf 64' lang='lat' dir='ltr'>eh</span> 
     </span>
     <span class='ocr_line' id='line_1_23' title="bbox 1163 447 2219 503; baseline 0.008 -20"><span class='ocrx_word' id='word_1_162' title='bbox 1163 447 1356 484; x_wconf 76' lang='lat' dir='ltr'>transitum</span> <span class='ocrx_word' id='word_1_163' title='bbox 1391 449 1600 496; x_wconf 83' lang='lat' dir='ltr'>denegaret,</span> <span class='ocrx_word' id='word_1_164' title='bbox 1637 459 1710 485; x_wconf 91' lang='lat' dir='ltr'>non</span> <span class='ocrx_word' id='word_1_165' title='bbox 1741 457 1993 496; x_wconf 80' lang='lat' dir='ltr'>pugnaverunt</span> <span class='ocrx_word' id='word_1_166' title='bbox 2025 463 2108 491; x_wconf 90' lang='lat' dir='ltr'>cum</span> <span class='ocrx_word' id='word_1_167' title='bbox 2139 455 2219 503; x_wconf 74' lang='lat' dir='ltr'>ipsa</span> 
     </span>
     <span class='ocr_line' id='line_1_24' title="bbox 1163 505 2220 560; baseline 0.007 -17"><span class='ocrx_word' id='word_1_168' title='bbox 1163 511 1271 554; x_wconf 82' lang='lat' dir='ltr'>gente</span> <span class='ocrx_word' id='word_1_169' title='bbox 1286 505 1471 552; x_wconf 88' lang='lat' dir='ltr'>Israelitae,</span> <span class='ocrx_word' id='word_1_170' title='bbox 1495 508 1533 544; x_wconf 88' lang='lat' dir='ltr'>id</span> <span class='ocrx_word' id='word_1_171' title='bbox 1566 513 1636 552; x_wconf 88' lang='lat' dir='ltr'>est,</span> <span class='ocrx_word' id='word_1_172' title='bbox 1655 507 1721 544; x_wconf 85' lang='lat' dir='ltr'>tilii</span> <span class='ocrx_word' id='word_1_173' title='bbox 1755 507 1867 545; x_wconf 83' lang='lat' dir='ltr'>Jacob</span> <span class='ocrx_word' id='word_1_174' title='bbox 1885 519 1968 547; x_wconf 85' lang='lat' dir='ltr'>cum</span> <span class='ocrx_word' id='word_1_175' title='bbox 1993 510 2078 549; x_wconf 84' lang='lat' dir='ltr'>filiis</span> <span class='ocrx_word' id='word_1_176' title='bbox 2108 512 2220 560; x_wconf 82' lang='lat' dir='ltr'>Esau,</span> 
     </span>
     <span class='ocr_line' id='line_1_25' title="bbox 1166 567 2222 619; baseline 0.007 -16"><span class='ocrx_word' id='word_1_177' title='bbox 1166 567 1318 604; x_wconf 91' lang='lat' dir='ltr'>duorum</span> <span class='ocrx_word' id='word_1_178' title='bbox 1352 578 1611 615; x_wconf 84' lang='lat' dir='ltr'>germanorum</span> <span class='ocrx_word' id='word_1_179' title='bbox 1644 574 1754 615; x_wconf 91' lang='lat' dir='ltr'>atque</span> <span class='ocrx_word' id='word_1_180' title='bbox 1791 570 2017 616; x_wconf 90' lang='lat' dir='ltr'>geminorum</span> <span class='ocrx_word' id='word_1_181' title='bbox 2054 572 2222 619; x_wconf 86' lang='lat' dir='ltr'>duorum,</span> 
     </span>
     <span class='ocr_line' id='line_1_26' title="bbox 1165 616 2226 678; baseline 0.007 -15"><span class='ocrx_word' id='word_1_182' title='bbox 1165 626 1249 673; x_wconf 89' lang='lat' dir='ltr'>quia</span> <span class='ocrx_word' id='word_1_183' title='bbox 1286 632 1423 664; x_wconf 88' lang='lat' dir='ltr'>terram</span> <span class='ocrx_word' id='word_1_184' title='bbox 1457 628 1555 664; x_wconf 89' lang='lat' dir='ltr'>illam</span> <span class='ocrx_word' id='word_1_185' title='bbox 1591 616 1765 666; x_wconf 64' lang='lat' dir='ltr'>Israelitis</span> <span class='ocrx_word' id='word_1_186' title='bbox 1799 640 1873 666; x_wconf 89' lang='lat' dir='ltr'>non</span> <span class='ocrx_word' id='word_1_187' title='bbox 1901 631 2135 678; x_wconf 85' lang='lat' dir='ltr'>promiserat,</span> <span class='ocrx_word' id='word_1_188' title='bbox 2161 635 2226 671; x_wconf 90' lang='lat' dir='ltr'>sed</span> 
     </span>
     <span class='ocr_line' id='line_1_27' title="bbox 1167 686 2226 740; baseline 0.007 -17"><span class='ocrx_word' id='word_1_189' title='bbox 1167 686 1437 725; x_wconf 85' lang='lat' dir='ltr'>declinaverunt</span> <span class='ocrx_word' id='word_1_190' title='bbox 1456 689 1501 725; x_wconf 90' lang='lat' dir='ltr'>ab</span> <span class='ocrx_word' id='word_1_191' title='bbox 1530 690 1597 726; x_wconf 90' lang='lat' dir='ltr'>eis.</span> <span class='ocrx_word' id='word_1_192' title='bbox 1618 691 1664 727; x_wconf 89' lang='lat' dir='ltr'>Et</span> <span class='ocrx_word' id='word_1_193' title='bbox 1681 691 1855 728; x_wconf 91' lang='lat' dir='ltr'>dominati</span> <span class='ocrx_word' id='word_1_194' title='bbox 1875 697 1971 736; x_wconf 89' lang='lat' dir='ltr'>sunt,</span> <span class='ocrx_word' id='word_1_195' title='bbox 1999 692 2128 740; x_wconf 83' lang='lat' dir='ltr'>inquit,</span> <span class='ocrx_word' id='word_1_196' title='bbox 2163 695 2226 731; x_wconf 87' lang='lat' dir='ltr'>filii</span> 
     </span>
     <span class='ocr_line' id='line_1_28' title="bbox 1166 746 2229 800; baseline 0.007 -17"><span class='ocrx_word' id='word_1_197' title='bbox 1166 746 1278 784; x_wconf 88' lang='lat' dir='ltr'>Israel</span> <span class='ocrx_word' id='word_1_198' title='bbox 1291 748 1329 784; x_wconf 90' lang='lat' dir='ltr'>in</span> <span class='ocrx_word' id='word_1_199' title='bbox 1361 749 1459 784; x_wconf 92' lang='lat' dir='ltr'>omni</span> <span class='ocrx_word' id='word_1_200' title='bbox 1478 755 1575 785; x_wconf 86' lang='lat' dir='ltr'>terra</span> <span class='ocrx_word' id='word_1_201' title='bbox 1595 750 1687 797; x_wconf 84' lang='lat' dir='ltr'>ejus.</span> <span class='ocrx_word' id='word_1_202' title='bbox 1710 751 1836 788; x_wconf 90' lang='lat' dir='ltr'>Omnis</span> <span class='ocrx_word' id='word_1_203' title='bbox 1857 752 2004 799; x_wconf 91' lang='lat' dir='ltr'>quidem</span> <span class='ocrx_word' id='word_1_204' title='bbox 2022 753 2123 800; x_wconf 81' lang='lat' dir='ltr'>regio</span> <span class='ocrx_word' id='word_1_205' title='bbox 2149 754 2229 791; x_wconf 79' lang='lat' dir='ltr'>haec</span> 
     </span>
     <span class='ocr_line' id='line_1_29' title="bbox 1169 810 2229 856; baseline 0.006 -11"><span class='ocrx_word' id='word_1_206' title='bbox 1169 814 1327 854; x_wconf 86' lang='lat' dir='ltr'>terrena,</span> <span class='ocrx_word' id='word_1_207' title='bbox 1349 815 1447 846; x_wconf 89' lang='lat' dir='ltr'>terra</span> <span class='ocrx_word' id='word_1_208' title='bbox 1464 816 1520 848; x_wconf 89' lang='lat' dir='ltr'>est</span> <span class='ocrx_word' id='word_1_209' title='bbox 1541 810 1662 856; x_wconf 90' lang='lat' dir='ltr'>Seon;</span> <span class='ocrx_word' id='word_1_210' title='bbox 1705 814 1768 850; x_wconf 90' lang='lat' dir='ltr'>sed</span> <span class='ocrx_word' id='word_1_211' title='bbox 1800 813 1966 851; x_wconf 88' lang='lat' dir='ltr'>Christus</span> <span class='ocrx_word' id='word_1_212' title='bbox 2005 814 2041 851; x_wconf 93' lang='lat' dir='ltr'>in</span> <span class='ocrx_word' id='word_1_213' title='bbox 2064 814 2229 851; x_wconf 82' lang='lat' dir='ltr'>Ecclesia</span> 
     </span>
     <span class='ocr_line' id='line_1_30' title="bbox 1169 870 2230 916; baseline 0.007 -10"><span class='ocrx_word' id='word_1_214' title='bbox 1169 870 1246 916; x_wconf 85' lang='lat' dir='ltr'>ejus</span> <span class='ocrx_word' id='word_1_215' title='bbox 1279 871 1489 909; x_wconf 87' lang='lat' dir='ltr'>dominatur</span> <span class='ocrx_word' id='word_1_216' title='bbox 1512 873 1547 909; x_wconf 93' lang='lat' dir='ltr'>in</span> <span class='ocrx_word' id='word_1_217' title='bbox 1579 874 1678 911; x_wconf 92' lang='lat' dir='ltr'>omni</span> <span class='ocrx_word' id='word_1_218' title='bbox 1716 880 1811 911; x_wconf 84' lang='lat' dir='ltr'>terra</span> <span class='ocrx_word' id='word_1_219' title='bbox 1843 875 1951 912; x_wconf 91' lang='lat' dir='ltr'>Seon.</span> <span class='ocrx_word' id='word_1_220' title='bbox 1980 876 2027 913; x_wconf 89' lang='lat' dir='ltr'>Et</span> <span class='ocrx_word' id='word_1_221' title='bbox 2051 876 2230 914; x_wconf 87' lang='lat' dir='ltr'>dominati</span> 
     </span>
     <span class='ocr_line' id='line_1_31' title="bbox 1170 933 2229 982; baseline 0.006 -14"><span class='ocrx_word' id='word_1_222' title='bbox 1170 938 1253 968; x_wconf 90' lang='lat' dir='ltr'>sunt</span> <span class='ocrx_word' id='word_1_223' title='bbox 1275 934 1320 970; x_wconf 89' lang='lat' dir='ltr'>ab</span> <span class='ocrx_word' id='word_1_224' title='bbox 1343 933 1467 971; x_wconf 88' lang='lat' dir='ltr'>Arnon</span> <span class='ocrx_word' id='word_1_225' title='bbox 1486 945 1602 982; x_wconf 91' lang='lat' dir='ltr'>usque</span> <span class='ocrx_word' id='word_1_226' title='bbox 1636 934 1762 973; x_wconf 82' lang='lat' dir='ltr'>Jaboc.</span> <span class='ocrx_word' id='word_1_227' title='bbox 1786 936 1911 973; x_wconf 86' lang='lat' dir='ltr'>Arnon</span> <span class='ocrx_word' id='word_1_228' title='bbox 1935 943 1971 974; x_wconf 90' lang='lat' dir='ltr'>et</span> <span class='ocrx_word' id='word_1_229' title='bbox 1999 937 2109 974; x_wconf 86' lang='lat' dir='ltr'>Jaboc</span> <span class='ocrx_word' id='word_1_230' title='bbox 2139 938 2229 974; x_wconf 88' lang='lat' dir='ltr'>civi-</span> 
     </span>
     <span class='ocr_line' id='line_1_32' title="bbox 1171 995 2228 1045; baseline 0.008 -18"><span class='ocrx_word' id='word_1_231' title='bbox 1171 997 1264 1027; x_wconf 85' lang='lat' dir='ltr'>tates</span> <span class='ocrx_word' id='word_1_232' title='bbox 1284 999 1388 1029; x_wconf 86' lang='lat' dir='ltr'>erant</span> <span class='ocrx_word' id='word_1_233' title='bbox 1417 995 1575 1041; x_wconf 84' lang='lat' dir='ltr'>regionis</span> <span class='ocrx_word' id='word_1_234' title='bbox 1600 995 1710 1032; x_wconf 89' lang='lat' dir='ltr'>Seon.</span> <span class='ocrx_word' id='word_1_235' title='bbox 1744 995 1817 1032; x_wconf 91' lang='lat' dir='ltr'>Sed</span> <span class='ocrx_word' id='word_1_236' title='bbox 1847 997 1992 1033; x_wconf 91' lang='lat' dir='ltr'>initium</span> <span class='ocrx_word' id='word_1_237' title='bbox 2028 1003 2107 1034; x_wconf 90' lang='lat' dir='ltr'>erat</span> <span class='ocrx_word' id='word_1_238' title='bbox 2126 999 2228 1045; x_wconf 89' lang='lat' dir='ltr'>regni</span> 
     </span>
     <span class='ocr_line' id='line_1_33' title="bbox 1172 1051 2233 1104; baseline 0.008 -18"><span class='ocrx_word' id='word_1_239' title='bbox 1172 1051 1249 1097; x_wconf 87' lang='lat' dir='ltr'>ejus</span> <span class='ocrx_word' id='word_1_240' title='bbox 1262 1051 1403 1096; x_wconf 92' lang='lat' dir='ltr'>Arnon,</span> <span class='ocrx_word' id='word_1_241' title='bbox 1424 1059 1461 1089; x_wconf 88' lang='lat' dir='ltr'>et</span> <span class='ocrx_word' id='word_1_242' title='bbox 1481 1054 1563 1090; x_wconf 85' lang='lat' dir='ltr'>finis</span> <span class='ocrx_word' id='word_1_243' title='bbox 1588 1054 1714 1091; x_wconf 81' lang='lat' dir='ltr'>Jaboc.</span> <span class='ocrx_word' id='word_1_244' title='bbox 1738 1055 1785 1091; x_wconf 89' lang='lat' dir='ltr'>Et</span> <span class='ocrx_word' id='word_1_245' title='bbox 1804 1056 1885 1092; x_wconf 90' lang='lat' dir='ltr'>ideo</span> <span class='ocrx_word' id='word_1_246' title='bbox 1911 1057 2044 1093; x_wconf 89' lang='lat' dir='ltr'>dicitur</span> <span class='ocrx_word' id='word_1_247' title='bbox 2064 1058 2148 1104; x_wconf 83' lang='lat' dir='ltr'>quia</span> <span class='ocrx_word' id='word_1_248' title='bbox 2169 1059 2233 1094; x_wconf 86' lang='lat' dir='ltr'>do-</span> 
     </span>
     <span class='ocr_line' id='line_1_34' title="bbox 1174 1113 2234 1163; baseline 0.006 -15"><span class='ocrx_word' id='word_1_249' title='bbox 1174 1113 1302 1149; x_wconf 90' lang='lat' dir='ltr'>minati</span> <span class='ocrx_word' id='word_1_250' title='bbox 1325 1119 1409 1149; x_wconf 94' lang='lat' dir='ltr'>sunt</span> <span class='ocrx_word' id='word_1_251' title='bbox 1445 1115 1490 1149; x_wconf 87' lang='lat' dir='ltr'>ab</span> <span class='ocrx_word' id='word_1_252' title='bbox 1510 1114 1634 1151; x_wconf 85' lang='lat' dir='ltr'>Arnon</span> <span class='ocrx_word' id='word_1_253' title='bbox 1663 1126 1779 1158; x_wconf 89' lang='lat' dir='ltr'>usque</span> <span class='ocrx_word' id='word_1_254' title='bbox 1811 1115 1934 1153; x_wconf 83' lang='lat' dir='ltr'>Jaboc.</span> <span class='ocrx_word' id='word_1_255' title='bbox 1971 1117 2234 1163; x_wconf 86' lang='lat' dir='ltr'>Interpretatur</span> 
     </span>
    </p>
   </div>
   <div class='ocr_carea' id='block_1_11' title="bbox 0 1170 2233 1224">
    <p class='ocr_par' dir='ltr' id='par_1_11' title="bbox 0 1170 2233 1224">
     <span class='ocr_line' id='line_1_35' title="bbox 0 1170 2233 1224; baseline -0 -11"><span class='ocrx_word' id='word_1_256' title='bbox 0 1214 1 1220; x_wconf 60' lang='grc'>,</span> <span class='ocrx_word' id='word_1_257' title='bbox 35 1175 154 1212; x_wconf 85' lang='lat' dir='ltr'>·etian1</span> <span class='ocrx_word' id='word_1_258' title='bbox 170 1175 489 1223; x_wconf 85' lang='lat' dir='ltr'>philosophorum:</span> <span class='ocrx_word' id='word_1_259' title='bbox 511 1177 573 1223; x_wconf 89' lang='lat' dir='ltr'>qui</span> <span class='ocrx_word' id='word_1_260' title='bbox 589 1177 710 1213; x_wconf 86' lang='lat' dir='ltr'>inania</span> <span class='ocrx_word' id='word_1_261' title='bbox 724 1178 921 1224; x_wconf 75' lang='lat' dir='ltr'>loquuntur</span> <span class='ocrx_word' id='word_1_262' title='bbox 939 1185 977 1217; x_wconf 78' lang='lat' dir='ltr'>et</span> <span class='ocrx_word' id='word_1_263' title='bbox 994 1190 1100 1217; x_wconf 75' lang='lat' dir='ltr'>vana,</span> <span class='ocrx_word' id='word_1_264' title='bbox 1121 1170 1153 1209; x_wconf 94' lang='lat' dir='ltr'><strong>B</strong></span> <span class='ocrx_word' id='word_1_265' title='bbox 1172 1178 1293 1208; x_wconf 87' lang='lat' dir='ltr'>autem</span> <span class='ocrx_word' id='word_1_266' title='bbox 1312 1172 1569 1209; x_wconf 79' lang='lat' dir='ltr'>meledictiones</span> <span class='ocrx_word' id='word_1_267' title='bbox 1589 1185 1722 1210; x_wconf 86' lang='lat' dir='ltr'>eorum.</span> <span class='ocrx_word' id='word_1_268' title='bbox 1744 1175 1889 1211; x_wconf 87' lang='lat' dir='ltr'>Initium</span> <span class='ocrx_word' id='word_1_269' title='bbox 1904 1185 1991 1222; x_wconf 89' lang='lat' dir='ltr'>ergo</span> <span class='ocrx_word' id='word_1_270' title='bbox 2005 1177 2106 1222; x_wconf 88' lang='lat' dir='ltr'>regni</span> <span class='ocrx_word' id='word_1_271' title='bbox 2123 1175 2233 1221; x_wconf 85' lang='lat' dir='ltr'>Seon,</span> 
     </span>
    </p>
   </div>
   <div class='ocr_carea' id='block_1_12' title="bbox 0 1239 1114 2077">
    <p class='ocr_par' dir='ltr' id='par_1_12' title="bbox 0 1239 1114 2077">
     <span class='ocr_line' id='line_1_36' title="bbox 35 1239 1106 1288; baseline 0.002 -10"><span class='ocrx_word' id='word_1_272' title='bbox 35 1239 223 1278; x_wconf 84' lang='lat' dir='ltr'>lFidelium</span> <span class='ocrx_word' id='word_1_273' title='bbox 242 1247 362 1277; x_wconf 81' lang='lat' dir='ltr'>autem</span> <span class='ocrx_word' id='word_1_274' title='bbox 378 1252 530 1288; x_wconf 88' lang='lat' dir='ltr'>regnum</span> <span class='ocrx_word' id='word_1_275' title='bbox 553 1242 648 1287; x_wconf 91' lang='lat' dir='ltr'>quod</span> <span class='ocrx_word' id='word_1_276' title='bbox 663 1252 684 1278; x_wconf 91' lang='lat' dir='ltr'>a</span> <span class='ocrx_word' id='word_1_277' title='bbox 702 1243 775 1279; x_wconf 90' lang='lat' dir='ltr'>Deo</span> <span class='ocrx_word' id='word_1_278' title='bbox 797 1248 867 1287; x_wconf 85' lang='lat' dir='ltr'>est,</span> <span class='ocrx_word' id='word_1_279' title='bbox 887 1254 957 1279; x_wconf 93' lang='lat' dir='ltr'>non</span> <span class='ocrx_word' id='word_1_280' title='bbox 975 1244 1012 1280; x_wconf 90' lang='lat' dir='ltr'>in</span> <span class='ocrx_word' id='word_1_281' title='bbox 1027 1254 1106 1280; x_wconf 89' lang='lat' dir='ltr'>ser-</span> 
     </span>
     <span class='ocr_line' id='line_1_37' title="bbox 0 1302 1107 1350; baseline 0.002 -12"><span class='ocrx_word' id='word_1_282' title='bbox 0 1335 1 1338; x_wconf 65' lang='lat'>,</span> <span class='ocrx_word' id='word_1_283' title='bbox 36 1311 154 1338; x_wconf 64' lang='lat' dir='ltr'>»mone</span> <span class='ocrx_word' id='word_1_284' title='bbox 169 1307 237 1345; x_wconf 90' lang='lat' dir='ltr'>est,</span> <span class='ocrx_word' id='word_1_285' title='bbox 261 1303 324 1338; x_wconf 91' lang='lat' dir='ltr'>sed</span> <span class='ocrx_word' id='word_1_286' title='bbox 343 1302 379 1338; x_wconf 93' lang='lat' dir='ltr'>in</span> <span class='ocrx_word' id='word_1_287' title='bbox 400 1302 549 1339; x_wconf 87' lang='lat' dir='ltr'>virtute.</span> <span class='ocrx_word' id='word_1_288' title='bbox 566 1303 740 1339; x_wconf 86' lang='lat' dir='ltr'>Volumus</span> <span class='ocrx_word' id='word_1_289' title='bbox 762 1314 848 1350; x_wconf 82' lang='lat' dir='ltr'>ergo</span> <span class='ocrx_word' id='word_1_290' title='bbox 867 1314 934 1340; x_wconf 92' lang='lat' dir='ltr'>nos</span> <span class='ocrx_word' id='word_1_291' title='bbox 956 1304 1107 1350; x_wconf 83' lang='lat' dir='ltr'>pacifice</span> 
     </span>
     <span class='ocr_line' id='line_1_38' title="bbox 0 1363 1108 1412; baseline 0.001 -11"><span class='ocrx_word' id='word_1_292' title='bbox 0 1379 2 1401; x_wconf 71' lang='lat'>2</span> <span class='ocrx_word' id='word_1_293' title='bbox 38 1363 203 1399; x_wconf 46' lang='lat' dir='ltr'>¹transire</span> <span class='ocrx_word' id='word_1_294' title='bbox 217 1373 282 1409; x_wconf 92' lang='lat' dir='ltr'>per</span> <span class='ocrx_word' id='word_1_295' title='bbox 313 1364 500 1405; x_wconf 89' lang='lat' dir='ltr'>mundum,</span> <span class='ocrx_word' id='word_1_296' title='bbox 522 1364 585 1400; x_wconf 90' lang='lat' dir='ltr'>sed</span> <span class='ocrx_word' id='word_1_297' title='bbox 617 1365 687 1401; x_wconf 89' lang='lat' dir='ltr'>hoc</span> <span class='ocrx_word' id='word_1_298' title='bbox 704 1365 822 1411; x_wconf 88' lang='lat' dir='ltr'>ipsum</span> <span class='ocrx_word' id='word_1_299' title='bbox 844 1365 959 1412; x_wconf 87' lang='lat' dir='ltr'>magis</span> <span class='ocrx_word' id='word_1_300' title='bbox 983 1366 1108 1402; x_wconf 88' lang='lat' dir='ltr'>incitat</span> 
     </span>
     <span class='ocr_line' id='line_1_39' title="bbox 0 1423 1109 1471; baseline 0.003 -12"><span class='ocrx_word' id='word_1_301' title='bbox 0 1448 1 1455; x_wconf 22' lang='grc' dir='ltr'><strong>κ</strong></span> <span class='ocrx_word' id='word_1_302' title='bbox 37 1423 247 1471; x_wconf 69' lang='lat' dir='ltr'>⁴principem</span> <span class='ocrx_word' id='word_1_303' title='bbox 264 1425 401 1468; x_wconf 88' lang='lat' dir='ltr'>mundi,</span> <span class='ocrx_word' id='word_1_304' title='bbox 422 1425 516 1470; x_wconf 75' lang='lat' dir='ltr'>quod</span> <span class='ocrx_word' id='word_1_305' title='bbox 533 1425 686 1461; x_wconf 85' lang='lat' dir='ltr'>dicimus</span> <span class='ocrx_word' id='word_1_306' title='bbox 700 1436 767 1461; x_wconf 91' lang='lat' dir='ltr'>nos</span> <span class='ocrx_word' id='word_1_307' title='bbox 787 1425 880 1461; x_wconf 90' lang='lat' dir='ltr'>nolle</span> <span class='ocrx_word' id='word_1_308' title='bbox 898 1435 1109 1471; x_wconf 85' lang='lat' dir='ltr'>permanere</span> 
     </span>
     <span class='ocr_line' id='line_1_40' title="bbox 0 1484 1108 1531; baseline 0 -9"><span class='ocrx_word' id='word_1_309' title='bbox 0 1502 1 1522; x_wconf 62' lang='lat' dir='ltr'>l</span> <span class='ocrx_word' id='word_1_310' title='bbox 38 1493 130 1520; x_wconf 84' lang='lat' dir='ltr'>cum</span> <span class='ocrx_word' id='word_1_311' title='bbox 153 1484 232 1531; x_wconf 91' lang='lat' dir='ltr'>ipso</span> <span class='ocrx_word' id='word_1_312' title='bbox 248 1495 316 1520; x_wconf 91' lang='lat' dir='ltr'>nec</span> <span class='ocrx_word' id='word_1_313' title='bbox 340 1485 488 1527; x_wconf 85' lang='lat' dir='ltr'>morari,</span> <span class='ocrx_word' id='word_1_314' title='bbox 511 1495 579 1520; x_wconf 90' lang='lat' dir='ltr'>nec</span> <span class='ocrx_word' id='word_1_315' title='bbox 597 1485 734 1531; x_wconf 92' lang='lat' dir='ltr'>aliquid</span> <span class='ocrx_word' id='word_1_316' title='bbox 760 1484 837 1530; x_wconf 81' lang='lat' dir='ltr'>ejus</span> <span class='ocrx_word' id='word_1_317' title='bbox 856 1485 948 1522; x_wconf 86' lang='lat' dir='ltr'>velle</span> <span class='ocrx_word' id='word_1_318' title='bbox 967 1487 1108 1522; x_wconf 89' lang='lat' dir='ltr'>contin-</span> 
     </span>
     <span class='ocr_line' id='line_1_41' title="bbox 0 1546 1110 1592; baseline -0.001 -9"><span class='ocrx_word' id='word_1_319' title='bbox 0 1559 2 1583; x_wconf 77' lang='grc' dir='ltr'>ι</span> <span class='ocrx_word' id='word_1_320' title='bbox 37 1555 146 1592; x_wconf 86' lang='lat' dir='ltr'>·gere.</span> <span class='ocrx_word' id='word_1_321' title='bbox 166 1546 250 1582; x_wconf 90' lang='lat' dir='ltr'>Inde</span> <span class='ocrx_word' id='word_1_322' title='bbox 275 1546 391 1592; x_wconf 86' lang='lat' dir='ltr'>magis</span> <span class='ocrx_word' id='word_1_323' title='bbox 411 1546 661 1589; x_wconf 83' lang='lat' dir='ltr'>exacerbatur,</span> <span class='ocrx_word' id='word_1_324' title='bbox 682 1546 765 1582; x_wconf 91' lang='lat' dir='ltr'>inde</span> <span class='ocrx_word' id='word_1_325' title='bbox 779 1546 964 1582; x_wconf 86' lang='lat' dir='ltr'>extollitur</span> <span class='ocrx_word' id='word_1_326' title='bbox 983 1552 1021 1582; x_wconf 90' lang='lat' dir='ltr'>et</span> <span class='ocrx_word' id='word_1_327' title='bbox 1038 1547 1110 1582; x_wconf 80' lang='lat' dir='ltr'>ira-</span> 
     </span>
     <span class='ocr_line' id='line_1_42' title="bbox 0 1606 1109 1653; baseline 0 -11"><span class='ocrx_word' id='word_1_328' title='bbox 0 1633 2 1642; x_wconf 73' lang='grc'>,</span> <span class='ocrx_word' id='word_1_329' title='bbox 38 1606 174 1649; x_wconf 80' lang='lat' dir='ltr'>scitur,</span> <span class='ocrx_word' id='word_1_330' title='bbox 207 1612 243 1642; x_wconf 91' lang='lat' dir='ltr'>et</span> <span class='ocrx_word' id='word_1_331' title='bbox 267 1612 470 1642; x_wconf 81' lang='lat' dir='ltr'>commovet</span> <span class='ocrx_word' id='word_1_332' title='bbox 490 1607 595 1642; x_wconf 88' lang='lat' dir='ltr'>nobis</span> <span class='ocrx_word' id='word_1_333' title='bbox 628 1606 914 1652; x_wconf 85' lang='lat' dir='ltr'>persecutiones,</span> <span class='ocrx_word' id='word_1_334' title='bbox 949 1606 1109 1653; x_wconf 86' lang='lat' dir='ltr'>pericula</span> 
     </span>
     <span class='ocr_line' id='line_1_43' title="bbox 49 1666 1111 1714; baseline -0.001 -11"><span class='ocrx_word' id='word_1_335' title='bbox 49 1668 213 1710; x_wconf 85' lang='lat' dir='ltr'>suscitat,</span> <span class='ocrx_word' id='word_1_336' title='bbox 236 1667 418 1703; x_wconf 89' lang='lat' dir='ltr'>cruciatus</span> <span class='ocrx_word' id='word_1_337' title='bbox 433 1667 601 1702; x_wconf 86' lang='lat' dir='ltr'>intentat.</span> <span class='ocrx_word' id='word_1_338' title='bbox 624 1667 669 1702; x_wconf 87' lang='lat' dir='ltr'>Et</span> <span class='ocrx_word' id='word_1_339' title='bbox 686 1667 766 1703; x_wconf 92' lang='lat' dir='ltr'>ideo</span> <span class='ocrx_word' id='word_1_340' title='bbox 780 1667 891 1703; x_wconf 83' lang='lat' dir='ltr'>dicit:</span> <span class='ocrx_word' id='word_1_341' title='bbox 913 1666 1111 1714; x_wconf 74' lang='lat' dir='ltr'>Conqreqa-</span> 
     </span>
     <span class='ocr_line' id='line_1_44' title="bbox 0 1727 1112 1776; baseline -0.003 -11"><span class='ocrx_word' id='word_1_342' title='bbox 0 1757 1 1766; x_wconf 65' lang='grc'>,</span> <span class='ocrx_word' id='word_1_343' title='bbox 48 1729 96 1764; x_wconf 73' lang='lat' dir='ltr'>vit</span> <span class='ocrx_word' id='word_1_344' title='bbox 115 1728 254 1775; x_wconf 77' lang='lat' dir='ltr'>iniquus</span> <span class='ocrx_word' id='word_1_345' title='bbox 271 1727 363 1764; x_wconf 88' lang='lat' dir='ltr'>Seon</span> <span class='ocrx_word' id='word_1_346' title='bbox 382 1728 547 1776; x_wconf 84' lang='lat' dir='ltr'>populum</span> <span class='ocrx_word' id='word_1_347' title='bbox 567 1739 683 1771; x_wconf 86' lang='lat' dir='ltr'>suum,</span> <span class='ocrx_word' id='word_1_348' title='bbox 700 1734 730 1763; x_wconf 92' lang='lat' dir='ltr'>et</span> <span class='ocrx_word' id='word_1_349' title='bbox 744 1728 828 1763; x_wconf 78' lang='lat' dir='ltr'>exiit</span> <span class='ocrx_word' id='word_1_350' title='bbox 846 1728 1029 1773; x_wconf 66' lang='lat' dir='ltr'>confligere</span> <span class='ocrx_word' id='word_1_351' title='bbox 1048 1727 1112 1762; x_wconf 83' lang='lat' dir='ltr'>ad-</span> 
     </span>
     <span class='ocr_line' id='line_1_45' title="bbox 0 1788 1110 1835; baseline -0.002 -9"><span class='ocrx_word' id='word_1_352' title='bbox 0 1795 1 1799; x_wconf 77' lang='grc'>’</span> <span class='ocrx_word' id='word_1_353' title='bbox 36 1800 185 1826; x_wconf 62' lang='lat' dir='ltr'>¹veroum</span> <span class='ocrx_word' id='word_1_354' title='bbox 202 1789 330 1825; x_wconf 83' lang='lat' dir='ltr'>Israel.</span> <span class='ocrx_word' id='word_1_355' title='bbox 351 1789 438 1833; x_wconf 89' lang='lat' dir='ltr'>Quis</span> <span class='ocrx_word' id='word_1_356' title='bbox 455 1794 511 1825; x_wconf 89' lang='lat' dir='ltr'>est</span> <span class='ocrx_word' id='word_1_357' title='bbox 541 1789 659 1825; x_wconf 92' lang='lat' dir='ltr'>omnis</span> <span class='ocrx_word' id='word_1_358' title='bbox 687 1788 839 1835; x_wconf 88' lang='lat' dir='ltr'>populus</span> <span class='ocrx_word' id='word_1_359' title='bbox 869 1788 976 1832; x_wconf 78' lang='lat' dir='ltr'>Semi,</span> <span class='ocrx_word' id='word_1_360' title='bbox 1003 1798 1110 1835; x_wconf 89' lang='lat' dir='ltr'>quem</span> 
     </span>
     <span class='ocr_line' id='line_1_46' title="bbox 0 1848 1107 1895; baseline -0.003 -8"><span class='ocrx_word' id='word_1_361' title='bbox 0 1866 2 1891; x_wconf 83' lang='lat'>;</span> <span class='ocrx_word' id='word_1_362' title='bbox 38 1850 208 1887; x_wconf 82' lang='lat' dir='ltr'>concitat</span> <span class='ocrx_word' id='word_1_363' title='bbox 226 1855 353 1887; x_wconf 87' lang='lat' dir='ltr'>contra</span> <span class='ocrx_word' id='word_1_364' title='bbox 373 1849 482 1886; x_wconf 86' lang='lat' dir='ltr'>Israel</span> <span class='ocrx_word' id='word_1_365' title='bbox 496 1850 510 1884; x_wconf 61' lang='grc' dir='ltr'>ἱ)</span> <span class='ocrx_word' id='word_1_366' title='bbox 526 1848 598 1885; x_wconf 87' lang='lat' dir='ltr'>Sed</span> <span class='ocrx_word' id='word_1_367' title='bbox 616 1849 702 1895; x_wconf 89' lang='lat' dir='ltr'>quid</span> <span class='ocrx_word' id='word_1_368' title='bbox 716 1849 803 1885; x_wconf 79' lang='lat' dir='ltr'>facit</span> <span class='ocrx_word' id='word_1_369' title='bbox 819 1849 930 1885; x_wconf 83' lang='lat' dir='ltr'>Israel</span> <span class='ocrx_word' id='word_1_370' title='bbox 946 1850 960 1884; x_wconf 74' lang='lat' dir='ltr'>‘t</span> <span class='ocrx_word' id='word_1_371' title='bbox 994 1848 1107 1891; x_wconf 84' lang='lat' dir='ltr'>Venit,</span> 
     </span>
     <span class='ocr_line' id='line_1_47' title="bbox 0 1909 1114 1958; baseline 0.002 -15"><span class='ocrx_word' id='word_1_372' title='bbox 0 1937 2 1943; x_wconf 79' lang='grc'>,</span> <span class='ocrx_word' id='word_1_373' title='bbox 49 1909 180 1957; x_wconf 87' lang='lat' dir='ltr'>inquit,</span> <span class='ocrx_word' id='word_1_374' title='bbox 210 1912 248 1947; x_wconf 85' lang='lat' dir='ltr'>in</span> <span class='ocrx_word' id='word_1_375' title='bbox 266 1911 370 1955; x_wconf 83' lang='lat' dir='ltr'>Jasa,</span> <span class='ocrx_word' id='word_1_376' title='bbox 405 1911 501 1957; x_wconf 93' lang='lat' dir='ltr'>quod</span> <span class='ocrx_word' id='word_1_377' title='bbox 531 1911 790 1958; x_wconf 85' lang='lat' dir='ltr'>interpretatur</span> <span class='ocrx_word' id='word_1_378' title='bbox 821 1910 980 1946; x_wconf 83' lang='lat' dir='ltr'>mandati</span> <span class='ocrx_word' id='word_1_379' title='bbox 999 1911 1114 1945; x_wconf 84' lang='lat' dir='ltr'>adim-</span> 
     </span>
     <span class='ocr_line' id='line_1_48' title="bbox 0 1968 1113 2017; baseline 0 -12"><span class='ocrx_word' id='word_1_380' title='bbox 0 2010 1 2014; x_wconf 17' lang='lat'>,</span> <span class='ocrx_word' id='word_1_381' title='bbox 49 1968 168 2017; x_wconf 77' lang='lat' dir='ltr'>pletio.</span> <span class='ocrx_word' id='word_1_382' title='bbox 193 1969 231 2006; x_wconf 92' lang='lat' dir='ltr'>Si</span> <span class='ocrx_word' id='word_1_383' title='bbox 251 1981 338 2017; x_wconf 88' lang='lat' dir='ltr'>ergo</span> <span class='ocrx_word' id='word_1_384' title='bbox 356 1971 544 2007; x_wconf 85' lang='lat' dir='ltr'>veniamus</span> <span class='ocrx_word' id='word_1_385' title='bbox 571 1976 606 2006; x_wconf 91' lang='lat' dir='ltr'>et</span> <span class='ocrx_word' id='word_1_386' title='bbox 636 1980 703 2006; x_wconf 91' lang='lat' dir='ltr'>nos</span> <span class='ocrx_word' id='word_1_387' title='bbox 723 1971 767 2006; x_wconf 89' lang='lat' dir='ltr'>ad</span> <span class='ocrx_word' id='word_1_388' title='bbox 797 1970 915 2006; x_wconf 91' lang='lat' dir='ltr'>locum</span> <span class='ocrx_word' id='word_1_389' title='bbox 932 1970 1055 2013; x_wconf 90' lang='lat' dir='ltr'>istum,</span> <span class='ocrx_word' id='word_1_390' title='bbox 1077 1969 1113 2005; x_wconf 91' lang='lat' dir='ltr'>id</span> 
     </span>
     <span class='ocr_line' id='line_1_49' title="bbox 0 2030 1114 2077; baseline -0.002 -10"><span class='ocrx_word' id='word_1_391' title='bbox 0 2059 2 2067; x_wconf 68' lang='grc'><strong>,</strong></span> <span class='ocrx_word' id='word_1_392' title='bbox 50 2036 121 2075; x_wconf 80' lang='lat' dir='ltr'>est,</span> <span class='ocrx_word' id='word_1_393' title='bbox 138 2030 183 2066; x_wconf 93' lang='lat' dir='ltr'>ad</span> <span class='ocrx_word' id='word_1_394' title='bbox 199 2031 439 2077; x_wconf 83' lang='lat' dir='ltr'>expletionem</span> <span class='ocrx_word' id='word_1_395' title='bbox 458 2031 727 2074; x_wconf 87' lang='lat' dir='ltr'>mandatorum,</span> <span class='ocrx_word' id='word_1_396' title='bbox 744 2031 852 2066; x_wconf 88' lang='lat' dir='ltr'>etiam</span> <span class='ocrx_word' id='word_1_397' title='bbox 873 2031 999 2069; x_wconf 90' lang='lat' dir='ltr'>sicum</span> <span class='ocrx_word' id='word_1_398' title='bbox 1015 2031 1114 2066; x_wconf 92' lang='lat' dir='ltr'>omni</span> 
     </span>
    </p>
   </div>
   <div class='ocr_carea' id='block_1_13' title="bbox 0 2071 1163 2133">
    <p class='ocr_par' dir='ltr' id='par_1_13' title="bbox 0 2071 1163 2133">
     <span class='ocr_line' id='line_1_50' title="bbox 0 2071 1163 2133; baseline -0.002 -6"><span class='ocrx_word' id='word_1_399' title='bbox 0 2110 2 2120; x_wconf 54' lang='grc' dir='ltr'>ι</span> <span class='ocrx_word' id='word_1_400' title='bbox 51 2091 213 2128; x_wconf 87' lang='lat' dir='ltr'>exercitu</span> <span class='ocrx_word' id='word_1_401' title='bbox 243 2090 384 2127; x_wconf 83' lang='lat' dir='ltr'>venerit</span> <span class='ocrx_word' id='word_1_402' title='bbox 403 2091 596 2127; x_wconf 86' lang='lat' dir='ltr'>adversum</span> <span class='ocrx_word' id='word_1_403' title='bbox 616 2100 683 2126; x_wconf 89' lang='lat' dir='ltr'>nos</span> <span class='ocrx_word' id='word_1_404' title='bbox 702 2089 797 2126; x_wconf 89' lang='lat' dir='ltr'>Seon</span> <span class='ocrx_word' id='word_1_405' title='bbox 833 2090 902 2126; x_wconf 87' lang='lat' dir='ltr'>iste</span> <span class='ocrx_word' id='word_1_406' title='bbox 931 2090 1064 2133; x_wconf 88' lang='lat' dir='ltr'>elatus,</span> <span class='ocrx_word' id='word_1_407' title='bbox 1079 2095 1115 2125; x_wconf 92' lang='lat' dir='ltr'>et</span> <span class='ocrx_word' id='word_1_408' title='bbox 1132 2071 1163 2112; x_wconf 82' lang='lat' dir='ltr'>C</span> 
     </span>
    </p>
   </div>
   <div class='ocr_carea' id='block_1_14' title="bbox 0 2150 1120 2506">
    <p class='ocr_par' dir='ltr' id='par_1_14' title="bbox 0 2150 1120 2506">
     <span class='ocr_line' id='line_1_51' title="bbox 0 2150 1116 2199; baseline -0.004 -9"><span class='ocrx_word' id='word_1_409' title='bbox 0 2191 1 2197; x_wconf 59' lang='grc'>,</span> <span class='ocrx_word' id='word_1_410' title='bbox 52 2152 227 2199; x_wconf 80' lang='lat' dir='ltr'>superbus</span> <span class='ocrx_word' id='word_1_411' title='bbox 247 2151 425 2196; x_wconf 88' lang='lat' dir='ltr'>diabolus,</span> <span class='ocrx_word' id='word_1_412' title='bbox 446 2156 483 2187; x_wconf 89' lang='lat' dir='ltr'>et</span> <span class='ocrx_word' id='word_1_413' title='bbox 501 2150 670 2198; x_wconf 87' lang='lat' dir='ltr'>confligat</span> <span class='ocrx_word' id='word_1_414' title='bbox 683 2151 874 2188; x_wconf 88' lang='lat' dir='ltr'>adversum</span> <span class='ocrx_word' id='word_1_415' title='bbox 894 2161 972 2194; x_wconf 89' lang='lat' dir='ltr'>nos,</span> <span class='ocrx_word' id='word_1_416' title='bbox 993 2150 1024 2186; x_wconf 88' lang='lat' dir='ltr'>si</span> <span class='ocrx_word' id='word_1_417' title='bbox 1042 2161 1116 2186; x_wconf 89' lang='lat' dir='ltr'>om·</span> 
     </span>
     <span class='ocr_line' id='line_1_52' title="bbox 0 2212 1117 2258; baseline -0.002 -8"><span class='ocrx_word' id='word_1_418' title='bbox 0 2235 1 2255; x_wconf 60' lang='grc'><strong>;</strong></span> <span class='ocrx_word' id='word_1_419' title='bbox 52 2222 119 2250; x_wconf 88' lang='lat' dir='ltr'>nes</span> <span class='ocrx_word' id='word_1_420' title='bbox 139 2223 224 2249; x_wconf 93' lang='lat' dir='ltr'>suos</span> <span class='ocrx_word' id='word_1_421' title='bbox 244 2217 371 2249; x_wconf 88' lang='lat' dir='ltr'>contra</span> <span class='ocrx_word' id='word_1_422' title='bbox 386 2222 454 2249; x_wconf 91' lang='lat' dir='ltr'>nos</span> <span class='ocrx_word' id='word_1_423' title='bbox 483 2213 666 2249; x_wconf 82' lang='lat' dir='ltr'>daemones</span> <span class='ocrx_word' id='word_1_424' title='bbox 697 2212 866 2254; x_wconf 86' lang='lat' dir='ltr'>concitet,</span> <span class='ocrx_word' id='word_1_425' title='bbox 903 2222 1117 2258; x_wconf 86' lang='lat' dir='ltr'>superamus</span> 
     </span>
     <span class='ocr_line' id='line_1_53' title="bbox 0 2274 1120 2320; baseline -0.004 -7"><span class='ocrx_word' id='word_1_426' title='bbox 0 2307 1 2313; x_wconf 71' lang='grc'>,</span> <span class='ocrx_word' id='word_1_427' title='bbox 53 2284 150 2319; x_wconf 85' lang='lat' dir='ltr'>cum,</span> <span class='ocrx_word' id='word_1_428' title='bbox 169 2274 200 2310; x_wconf 91' lang='lat' dir='ltr'>si</span> <span class='ocrx_word' id='word_1_429' title='bbox 210 2274 452 2310; x_wconf 87' lang='lat' dir='ltr'>Deimandata</span> <span class='ocrx_word' id='word_1_430' title='bbox 468 2274 701 2320; x_wconf 88' lang='lat' dir='ltr'>complemus.</span> <span class='ocrx_word' id='word_1_431' title='bbox 714 2274 901 2320; x_wconf 90' lang='lat' dir='ltr'>Complere</span> <span class='ocrx_word' id='word_1_432' title='bbox 911 2275 1007 2310; x_wconf 89' lang='lat' dir='ltr'>enim</span> <span class='ocrx_word' id='word_1_433' title='bbox 1018 2285 1120 2309; x_wconf 90' lang='lat' dir='ltr'>man-</span> 
     </span>
     <span class='ocr_line' id='line_1_54' title="bbox 0 2333 1120 2382; baseline -0.002 -10"><span class='ocrx_word' id='word_1_434' title='bbox 0 2378 1 2382; x_wconf 13' lang='lat'>,</span> <span class='ocrx_word' id='word_1_435' title='bbox 53 2334 152 2378; x_wconf 89' lang='lat' dir='ltr'>data,</span> <span class='ocrx_word' id='word_1_436' title='bbox 164 2334 234 2371; x_wconf 90' lang='lat' dir='ltr'>hoc</span> <span class='ocrx_word' id='word_1_437' title='bbox 248 2340 303 2371; x_wconf 86' lang='lat' dir='ltr'>est</span> <span class='ocrx_word' id='word_1_438' title='bbox 316 2334 498 2372; x_wconf 91' lang='lat' dir='ltr'>diabolum</span> <span class='ocrx_word' id='word_1_439' title='bbox 508 2339 697 2371; x_wconf 88' lang='lat' dir='ltr'>etomnem</span> <span class='ocrx_word' id='word_1_440' title='bbox 714 2333 791 2380; x_wconf 85' lang='lat' dir='ltr'>ejus</span> <span class='ocrx_word' id='word_1_441' title='bbox 800 2335 999 2371; x_wconf 84' lang='lat' dir='ltr'>exereitum</span> <span class='ocrx_word' id='word_1_442' title='bbox 1017 2343 1120 2382; x_wconf 88' lang='lat' dir='ltr'>supe-</span> 
     </span>
     <span class='ocr_line' id='line_1_55' title="bbox 0 2398 1119 2446; baseline 0 -10"><span class='ocrx_word' id='word_1_443' title='bbox 0 2439 1 2446; x_wconf 23' lang='lat'>,</span> <span class='ocrx_word' id='word_1_444' title='bbox 54 2407 150 2436; x_wconf 85' lang='lat' dir='ltr'>rare.</span> <span class='ocrx_word' id='word_1_445' title='bbox 167 2398 212 2435; x_wconf 90' lang='lat' dir='ltr'>Et</span> <span class='ocrx_word' id='word_1_446' title='bbox 222 2403 308 2435; x_wconf 89' lang='lat' dir='ltr'>tunc</span> <span class='ocrx_word' id='word_1_447' title='bbox 318 2399 556 2445; x_wconf 86' lang='lat' dir='ltr'>complebitur</span> <span class='ocrx_word' id='word_1_448' title='bbox 571 2400 607 2435; x_wconf 94' lang='lat' dir='ltr'>in</span> <span class='ocrx_word' id='word_1_449' title='bbox 624 2400 728 2436; x_wconf 88' lang='lat' dir='ltr'>nobis</span> <span class='ocrx_word' id='word_1_450' title='bbox 740 2399 902 2446; x_wconf 85' lang='lat' dir='ltr'>Apostoli</span> <span class='ocrx_word' id='word_1_451' title='bbox 917 2399 1045 2442; x_wconf 87' lang='lat' dir='ltr'>oratio,</span> <span class='ocrx_word' id='word_1_452' title='bbox 1057 2399 1119 2444; x_wconf 83' lang='lat' dir='ltr'>qui</span> 
     </span>
     <span class='ocr_line' id='line_1_56' title="bbox 55 2458 1118 2506; baseline 0.001 -11"><span class='ocrx_word' id='word_1_453' title='bbox 55 2459 106 2495; x_wconf 83' lang='lat' dir='ltr'>ait</span> <span class='ocrx_word' id='word_1_454' title='bbox 123 2470 133 2495; x_wconf 74' lang='grc' dir='ltr'>ι</span> <span class='ocrx_word' id='word_1_455' title='bbox 152 2458 244 2495; x_wconf 78' lang='lat' dir='ltr'>Deus</span> <span class='ocrx_word' id='word_1_456' title='bbox 262 2465 379 2495; x_wconf 86' lang='lat' dir='ltr'>autem</span> <span class='ocrx_word' id='word_1_457' title='bbox 396 2466 547 2495; x_wconf 86' lang='lat' dir='ltr'>conteret</span> <span class='ocrx_word' id='word_1_458' title='bbox 563 2459 724 2496; x_wconf 85' lang='lat' dir='ltr'>Satanan</span> <span class='ocrx_word' id='word_1_459' title='bbox 738 2459 856 2496; x_wconf 83' lang='lat' dir='ltr'>subter</span> <span class='ocrx_word' id='word_1_460' title='bbox 870 2460 972 2506; x_wconf 81' lang='lat' dir='ltr'>pedes</span> <span class='ocrx_word' id='word_1_461' title='bbox 990 2466 1118 2496; x_wconf 82' lang='lat' dir='ltr'>vestros</span> 
     </span>
    </p>
   </div>
   <div class='ocr_carea' id='block_1_15' title="bbox 0 2518 1121 2628">
    <p class='ocr_par' dir='ltr' id='par_1_15' title="bbox 0 2518 1121 2628">
     <span class='ocr_line' id='line_1_57' title="bbox 54 2518 1121 2567; baseline 0.002 -13"><span class='ocrx_word' id='word_1_462' title='bbox 54 2518 214 2554; x_wconf 82' lang='lat' dir='ltr'>velociter</span> <span class='ocrx_word' id='word_1_463' title='bbox 228 2518 347 2566; x_wconf 86' lang='lat' dir='ltr'>(Rom.</span> <span class='ocrx_word' id='word_1_464' title='bbox 365 2519 454 2567; x_wconf 81' lang='lat' dir='ltr'>xvi).</span> <span class='ocrx_word' id='word_1_465' title='bbox 470 2519 515 2556; x_wconf 87' lang='lat' dir='ltr'>Et</span> <span class='ocrx_word' id='word_1_466' title='bbox 529 2519 616 2557; x_wconf 92' lang='lat' dir='ltr'>illud</span> <span class='ocrx_word' id='word_1_467' title='bbox 630 2521 726 2566; x_wconf 90' lang='lat' dir='ltr'>quod</span> <span class='ocrx_word' id='word_1_468' title='bbox 740 2520 914 2556; x_wconf 90' lang='lat' dir='ltr'>Dominus</span> <span class='ocrx_word' id='word_1_469' title='bbox 933 2520 984 2556; x_wconf 87' lang='lat' dir='ltr'>ait</span> <span class='ocrx_word' id='word_1_470' title='bbox 999 2530 1008 2555; x_wconf 89' lang='lat'>:</span> <span class='ocrx_word' id='word_1_471' title='bbox 1030 2520 1121 2556; x_wconf 85' lang='lat' dir='ltr'>Ecce</span> 
     </span>
     <span class='ocr_line' id='line_1_58' title="bbox 0 2576 1121 2628; baseline 0.003 -16"><span class='ocrx_word' id='word_1_472' title='bbox 0 2624 1 2628; x_wconf 13' lang='grc' dir='ltr'><strong>Ἰ</strong></span> <span class='ocrx_word' id='word_1_473' title='bbox 56 2576 101 2612; x_wconf 83' lang='lat' dir='ltr'>do</span> <span class='ocrx_word' id='word_1_474' title='bbox 113 2577 206 2613; x_wconf 78' lang='lat' dir='ltr'>vobis</span> <span class='ocrx_word' id='word_1_475' title='bbox 219 2585 421 2623; x_wconf 84' lang='lat' dir='ltr'>potestatem</span> <span class='ocrx_word' id='word_1_476' title='bbox 432 2579 592 2614; x_wconf 77' lang='lat' dir='ltr'>calcandi</span> <span class='ocrx_word' id='word_1_477' title='bbox 607 2591 711 2625; x_wconf 81' lang='lat' dir='ltr'>super</span> <span class='ocrx_word' id='word_1_478' title='bbox 726 2586 898 2625; x_wconf 81' lang='lat' dir='ltr'>serpentes</span> <span class='ocrx_word' id='word_1_479' title='bbox 917 2586 949 2615; x_wconf 88' lang='lat' dir='ltr'>et</span> <span class='ocrx_word' id='word_1_480' title='bbox 964 2580 1121 2626; x_wconf 83' lang='lat' dir='ltr'>scorpio-</span> 
     </span>
    </p>
   </div>
   <div class='ocr_carea' id='block_1_16' title="bbox 0 2639 1122 2684">
    <p class='ocr_par' dir='ltr' id='par_1_16' title="bbox 0 2639 1122 2684">
     <span class='ocr_line' id='line_1_59' title="bbox 0 2639 1122 2684; baseline 0.002 -11"><span class='ocrx_word' id='word_1_481' title='bbox 0 2675 2 2684; x_wconf 53' lang='lat'>,</span> <span class='ocrx_word' id='word_1_482' title='bbox 57 2649 132 2682; x_wconf 81' lang='lat' dir='ltr'>nes,</span> <span class='ocrx_word' id='word_1_483' title='bbox 151 2644 183 2674; x_wconf 90' lang='lat' dir='ltr'>et</span> <span class='ocrx_word' id='word_1_484' title='bbox 201 2650 305 2684; x_wconf 81' lang='lat' dir='ltr'>super</span> <span class='ocrx_word' id='word_1_485' title='bbox 326 2649 461 2674; x_wconf 88' lang='lat' dir='ltr'>omnem</span> <span class='ocrx_word' id='word_1_486' title='bbox 479 2640 642 2675; x_wconf 82' lang='lat' dir='ltr'>virtutem</span> <span class='ocrx_word' id='word_1_487' title='bbox 671 2640 817 2682; x_wconf 82' lang='lat' dir='ltr'>inimici,</span> <span class='ocrx_word' id='word_1_488' title='bbox 849 2646 880 2675; x_wconf 88' lang='lat' dir='ltr'>et</span> <span class='ocrx_word' id='word_1_489' title='bbox 914 2639 1000 2675; x_wconf 80' lang='lat' dir='ltr'>nihil</span> <span class='ocrx_word' id='word_1_490' title='bbox 1028 2640 1122 2675; x_wconf 80' lang='lat' dir='ltr'>vobis</span> 
     </span>
    </p>
   </div>
   <div class='ocr_carea' id='block_1_17' title="bbox 0 2697 1134 3849">
    <p class='ocr_par' dir='ltr' id='par_1_17' title="bbox 0 2697 1124 2867">
     <span class='ocr_line' id='line_1_60' title="bbox 57 2697 1123 2744; baseline 0 -10"><span class='ocrx_word' id='word_1_491' title='bbox 57 2698 190 2734; x_wconf 83' lang='lat' dir='ltr'>nocebit</span> <span class='ocrx_word' id='word_1_492' title='bbox 206 2697 306 2744; x_wconf 74' lang='lat' dir='ltr'>(Luc.</span> <span class='ocrx_word' id='word_1_493' title='bbox 317 2697 368 2744; x_wconf 88' lang='lat' dir='ltr'>x).</span> <span class='ocrx_word' id='word_1_494' title='bbox 385 2697 480 2734; x_wconf 89' lang='lat' dir='ltr'>Nihil</span> <span class='ocrx_word' id='word_1_495' title='bbox 495 2698 592 2734; x_wconf 88' lang='lat' dir='ltr'>enim</span> <span class='ocrx_word' id='word_1_496' title='bbox 604 2708 734 2733; x_wconf 89' lang='lat' dir='ltr'>nocere</span> <span class='ocrx_word' id='word_1_497' title='bbox 750 2698 854 2734; x_wconf 89' lang='lat' dir='ltr'>nobis</span> <span class='ocrx_word' id='word_1_498' title='bbox 869 2704 1038 2744; x_wconf 89' lang='lat' dir='ltr'>poterunt</span> <span class='ocrx_word' id='word_1_499' title='bbox 1055 2699 1123 2735; x_wconf 91' lang='lat' dir='ltr'>ista</span> 
     </span>
     <span class='ocr_line' id='line_1_61' title="bbox 0 2748 1124 2808; baseline 0.003 -12"><span class='ocrx_word' id='word_1_500' title='bbox 0 2748 2 2808; x_wconf 22' lang='grc' dir='ltr'><strong>ᾗ</strong></span> <span class='ocrx_word' id='word_1_501' title='bbox 58 2759 194 2802; x_wconf 89' lang='lat' dir='ltr'>omnia,</span> <span class='ocrx_word' id='word_1_502' title='bbox 228 2759 258 2795; x_wconf 89' lang='lat' dir='ltr'>si</span> <span class='ocrx_word' id='word_1_503' title='bbox 289 2760 477 2796; x_wconf 82' lang='lat' dir='ltr'>veniamus</span> <span class='ocrx_word' id='word_1_504' title='bbox 495 2761 532 2797; x_wconf 89' lang='lat' dir='ltr'>in</span> <span class='ocrx_word' id='word_1_505' title='bbox 562 2759 645 2796; x_wconf 87' lang='lat' dir='ltr'>Jasa</span> <span class='ocrx_word' id='word_1_506' title='bbox 663 2772 670 2795; x_wconf 92' lang='lat'>:</span> <span class='ocrx_word' id='word_1_507' title='bbox 693 2760 729 2796; x_wconf 90' lang='lat' dir='ltr'>id</span> <span class='ocrx_word' id='word_1_508' title='bbox 746 2767 816 2804; x_wconf 89' lang='lat' dir='ltr'>est,</span> <span class='ocrx_word' id='word_1_509' title='bbox 849 2761 879 2797; x_wconf 89' lang='lat' dir='ltr'>si</span> <span class='ocrx_word' id='word_1_510' title='bbox 904 2762 1073 2798; x_wconf 86' lang='lat' dir='ltr'>mandata</span> <span class='ocrx_word' id='word_1_511' title='bbox 1088 2767 1124 2799; x_wconf 84' lang='lat' dir='ltr'>et</span> 
     </span>
     <span class='ocr_line' id='line_1_62' title="bbox 59 2821 1003 2867; baseline 0.004 -11"><span class='ocrx_word' id='word_1_512' title='bbox 59 2826 238 2867; x_wconf 83' lang='lat' dir='ltr'>praeccpta</span> <span class='ocrx_word' id='word_1_513' title='bbox 264 2821 406 2857; x_wconf 87' lang='lat' dir='ltr'>Domini</span> <span class='ocrx_word' id='word_1_514' title='bbox 418 2822 533 2858; x_wconf 89' lang='lat' dir='ltr'>nostri</span> <span class='ocrx_word' id='word_1_515' title='bbox 551 2821 635 2858; x_wconf 89' lang='lat' dir='ltr'>Jesu</span> <span class='ocrx_word' id='word_1_516' title='bbox 654 2821 788 2858; x_wconf 91' lang='lat' dir='ltr'>Christi</span> <span class='ocrx_word' id='word_1_517' title='bbox 805 2833 1003 2860; x_wconf 86' lang='lat' dir='ltr'>servemus.</span> 
     </span>
    </p>

    <p class='ocr_par' dir='ltr' id='par_1_18' title="bbox 60 2881 1134 3849">
     <span class='ocr_line' id='line_1_63' title="bbox 109 2881 1124 2930; baseline 0.003 -14"><span class='ocrx_word' id='word_1_518' title='bbox 109 2881 154 2916; x_wconf 87' lang='lat' dir='ltr'>Et</span> <span class='ocrx_word' id='word_1_519' title='bbox 168 2893 326 2929; x_wconf 73' lang='lat' dir='ltr'>possessa</span> <span class='ocrx_word' id='word_1_520' title='bbox 353 2889 403 2919; x_wconf 83' lang='lat' dir='ltr'>est</span> <span class='ocrx_word' id='word_1_521' title='bbox 423 2889 517 2918; x_wconf 85' lang='lat' dir='ltr'>terra</span> <span class='ocrx_word' id='word_1_522' title='bbox 535 2883 610 2928; x_wconf 85' lang='lat' dir='ltr'>ejus</span> <span class='ocrx_word' id='word_1_523' title='bbox 629 2883 671 2918; x_wconf 86' lang='lat' dir='ltr'>ab</span> <span class='ocrx_word' id='word_1_524' title='bbox 687 2882 809 2918; x_wconf 85' lang='lat' dir='ltr'>Arnon</span> <span class='ocrx_word' id='word_1_525' title='bbox 827 2895 935 2930; x_wconf 81' lang='lat' dir='ltr'>usque</span> <span class='ocrx_word' id='word_1_526' title='bbox 960 2883 1072 2919; x_wconf 83' lang='lat' dir='ltr'>Jaboc</span> <span class='ocrx_word' id='word_1_527' title='bbox 1091 2889 1124 2919; x_wconf 88' lang='lat' dir='ltr'>et</span> 
     </span>
     <span class='ocr_line' id='line_1_64' title="bbox 61 2940 1124 2990; baseline 0.003 -13"><span class='ocrx_word' id='word_1_528' title='bbox 61 2940 153 2988; x_wconf 79' lang='lat' dir='ltr'>filios</span> <span class='ocrx_word' id='word_1_529' title='bbox 170 2943 333 2986; x_wconf 87' lang='lat' dir='ltr'>Ammon,</span> <span class='ocrx_word' id='word_1_530' title='bbox 349 2943 432 2990; x_wconf 84' lang='lat' dir='ltr'>quia</span> <span class='ocrx_word' id='word_1_531' title='bbox 450 2943 534 2989; x_wconf 74' lang='lat' dir='ltr'>sorti</span> <span class='ocrx_word' id='word_1_532' title='bbox 564 2943 729 2990; x_wconf 63' lang='lat' dir='ltr'>praesidio</span> <span class='ocrx_word' id='word_1_533' title='bbox 757 2944 962 2979; x_wconf 84' lang='lat' dir='ltr'>tenebantur</span> <span class='ocrx_word' id='word_1_534' title='bbox 984 2945 1124 2980; x_wconf 82' lang='lat' dir='ltr'>termini</span> 
     </span>
     <span class='ocr_line' id='line_1_65' title="bbox 62 3001 1121 3051; baseline 0.003 -13"><span class='ocrx_word' id='word_1_535' title='bbox 62 3001 354 3039; x_wconf 77' lang='lat' dir='ltr'>Arnmonitarum.</span> <span class='ocrx_word' id='word_1_536' title='bbox 377 3003 471 3039; x_wconf 82' lang='lat' dir='ltr'>Tulit</span> <span class='ocrx_word' id='word_1_537' title='bbox 488 3015 568 3051; x_wconf 73' lang='lat' dir='ltr'>erqo</span> <span class='ocrx_word' id='word_1_538' title='bbox 585 3003 700 3040; x_wconf 79' lang='lat' dir='ltr'>Israel</span> <span class='ocrx_word' id='word_1_539' title='bbox 725 3015 842 3040; x_wconf 79' lang='lat' dir='ltr'>omnes</span> <span class='ocrx_word' id='word_1_540' title='bbox 862 3005 1016 3041; x_wconf 76' lang='lat' dir='ltr'>civitates</span> <span class='ocrx_word' id='word_1_541' title='bbox 1027 3005 1121 3051; x_wconf 77' lang='lat' dir='ltr'>ejus,</span> 
     </span>
     <span class='ocr_line' id='line_1_66' title="bbox 62 3064 1123 3109; baseline 0.001 -9"><span class='ocrx_word' id='word_1_542' title='bbox 62 3069 94 3100; x_wconf 80' lang='lat' dir='ltr'>et</span> <span class='ocrx_word' id='word_1_543' title='bbox 109 3064 276 3100; x_wconf 82' lang='lat' dir='ltr'>habitavit</span> <span class='ocrx_word' id='word_1_544' title='bbox 287 3065 325 3102; x_wconf 84' lang='lat' dir='ltr'>in</span> <span class='ocrx_word' id='word_1_545' title='bbox 340 3065 484 3100; x_wconf 81' lang='lat' dir='ltr'>urbibus</span> <span class='ocrx_word' id='word_1_546' title='bbox 498 3065 708 3109; x_wconf 81' lang='lat' dir='ltr'>Amorrhaei,</span> <span class='ocrx_word' id='word_1_547' title='bbox 712 3065 755 3109; x_wconf 63' lang='lat' dir='ltr'>,in</span> <span class='ocrx_word' id='word_1_548' title='bbox 764 3065 799 3100; x_wconf 85' lang='grc' dir='ltr'><em>Η</em></span> <span class='ocrx_word' id='word_1_549' title='bbox 802 3066 925 3101; x_wconf 84' lang='lat' dir='ltr'>esebon</span> <span class='ocrx_word' id='word_1_550' title='bbox 942 3065 1072 3102; x_wconf 83' lang='lat' dir='ltr'>scilicet</span> <span class='ocrx_word' id='word_1_551' title='bbox 1090 3071 1123 3102; x_wconf 88' lang='lat' dir='ltr'>et</span> 
     </span>
     <span class='ocr_line' id='line_1_67' title="bbox 64 3124 1124 3172; baseline 0 -11"><span class='ocrx_word' id='word_1_552' title='bbox 64 3124 186 3161; x_wconf 73' lang='lat' dir='ltr'>viculis</span> <span class='ocrx_word' id='word_1_553' title='bbox 204 3125 293 3171; x_wconf 81' lang='lat' dir='ltr'>ejus,</span> <span class='ocrx_word' id='word_1_554' title='bbox 317 3131 355 3160; x_wconf 86' lang='lat' dir='ltr'>et</span> <span class='ocrx_word' id='word_1_555' title='bbox 371 3125 524 3171; x_wconf 87' lang='lat' dir='ltr'>reliqua.</span> <span class='ocrx_word' id='word_1_556' title='bbox 544 3126 590 3161; x_wconf 89' lang='lat' dir='ltr'>Et</span> <span class='ocrx_word' id='word_1_557' title='bbox 609 3125 790 3172; x_wconf 88' lang='lat' dir='ltr'>percussit</span> <span class='ocrx_word' id='word_1_558' title='bbox 806 3136 890 3161; x_wconf 87' lang='lat' dir='ltr'>eum</span> <span class='ocrx_word' id='word_1_559' title='bbox 906 3125 1018 3162; x_wconf 86' lang='lat' dir='ltr'>lsrael</span> <span class='ocrx_word' id='word_1_560' title='bbox 1034 3134 1124 3162; x_wconf 90' lang='lat' dir='ltr'>nece</span> 
     </span>
     <span class='ocr_line' id='line_1_68' title="bbox 65 3184 1125 3233; baseline 0.002 -12"><span class='ocrx_word' id='word_1_561' title='bbox 65 3184 188 3232; x_wconf 75' lang='lat' dir='ltr'>gladii,</span> <span class='ocrx_word' id='word_1_562' title='bbox 213 3191 250 3222; x_wconf 89' lang='lat' dir='ltr'>et</span> <span class='ocrx_word' id='word_1_563' title='bbox 269 3186 444 3223; x_wconf 87' lang='lat' dir='ltr'>dominati</span> <span class='ocrx_word' id='word_1_564' title='bbox 472 3191 556 3223; x_wconf 89' lang='lat' dir='ltr'>sunt</span> <span class='ocrx_word' id='word_1_565' title='bbox 584 3192 690 3223; x_wconf 80' lang='lat' dir='ltr'>terrae</span> <span class='ocrx_word' id='word_1_566' title='bbox 705 3186 784 3233; x_wconf 86' lang='lat' dir='ltr'>ejus</span> <span class='ocrx_word' id='word_1_567' title='bbox 799 3187 844 3223; x_wconf 89' lang='lat' dir='ltr'>ab</span> <span class='ocrx_word' id='word_1_568' title='bbox 866 3186 990 3223; x_wconf 89' lang='lat' dir='ltr'>Arnon</span> <span class='ocrx_word' id='word_1_569' title='bbox 1010 3195 1125 3232; x_wconf 89' lang='lat' dir='ltr'>usque</span> 
     </span>
     <span class='ocr_line' id='line_1_69' title="bbox 65 3243 1126 3293; baseline 0 -11"><span class='ocrx_word' id='word_1_570' title='bbox 65 3243 190 3289; x_wconf 74' lang='lat' dir='ltr'>«laboc,</span> <span class='ocrx_word' id='word_1_571' title='bbox 210 3256 325 3292; x_wconf 91' lang='lat' dir='ltr'>usque</span> <span class='ocrx_word' id='word_1_572' title='bbox 341 3246 387 3283; x_wconf 90' lang='lat' dir='ltr'>ad</span> <span class='ocrx_word' id='word_1_573' title='bbox 420 3246 514 3283; x_wconf 86' lang='lat' dir='ltr'>filios</span> <span class='ocrx_word' id='word_1_574' title='bbox 541 3247 712 3291; x_wconf 83' lang='lat' dir='ltr'>Ammon,</span> <span class='ocrx_word' id='word_1_575' title='bbox 735 3247 905 3293; x_wconf 92' lang='lat' dir='ltr'>quoniam</span> <span class='ocrx_word' id='word_1_576' title='bbox 929 3245 1035 3283; x_wconf 84' lang='lat' dir='ltr'>Jazer</span> <span class='ocrx_word' id='word_1_577' title='bbox 1051 3251 1126 3283; x_wconf 91' lang='lat' dir='ltr'>ter-</span> 
     </span>
     <span class='ocr_line' id='line_1_70' title="bbox 60 3306 1126 3355; baseline 0.003 -13"><span class='ocrx_word' id='word_1_578' title='bbox 60 3307 156 3348; x_wconf 69' lang='lat' dir='ltr'>‚mini</span> <span class='ocrx_word' id='word_1_579' title='bbox 173 3306 328 3344; x_wconf 82' lang='lat' dir='ltr'>filiorum</span> <span class='ocrx_word' id='word_1_580' title='bbox 359 3307 513 3345; x_wconf 86' lang='lat' dir='ltr'>Ammon</span> <span class='ocrx_word' id='word_1_581' title='bbox 545 3313 642 3345; x_wconf 91' lang='lat' dir='ltr'>sunt.</span> <span class='ocrx_word' id='word_1_582' title='bbox 661 3308 708 3344; x_wconf 88' lang='lat' dir='ltr'>Et</span> <span class='ocrx_word' id='word_1_583' title='bbox 724 3308 864 3355; x_wconf 88' lang='lat' dir='ltr'>accepit</span> <span class='ocrx_word' id='word_1_584' title='bbox 881 3308 1000 3344; x_wconf 90' lang='lat' dir='ltr'>omnis</span> <span class='ocrx_word' id='word_1_585' title='bbox 1015 3307 1126 3345; x_wconf 85' lang='lat' dir='ltr'>lsrael</span> 
     </span>
     <span class='ocr_line' id='line_1_71' title="bbox 70 3366 1128 3413; baseline 0.004 -11"><span class='ocrx_word' id='word_1_586' title='bbox 70 3366 234 3404; x_wconf 80' lang='lat' dir='ltr'>civitates</span> <span class='ocrx_word' id='word_1_587' title='bbox 251 3368 352 3413; x_wconf 87' lang='lat' dir='ltr'>istas,</span> <span class='ocrx_word' id='word_1_588' title='bbox 374 3374 412 3405; x_wconf 92' lang='lat' dir='ltr'>et</span> <span class='ocrx_word' id='word_1_589' title='bbox 430 3369 608 3406; x_wconf 83' lang='lat' dir='ltr'>habitavit</span> <span class='ocrx_word' id='word_1_590' title='bbox 626 3369 738 3406; x_wconf 88' lang='lat' dir='ltr'>lsrael</span> <span class='ocrx_word' id='word_1_591' title='bbox 757 3370 795 3405; x_wconf 92' lang='lat' dir='ltr'>in</span> <span class='ocrx_word' id='word_1_592' title='bbox 811 3369 979 3406; x_wconf 87' lang='lat' dir='ltr'>omnibus</span> <span class='ocrx_word' id='word_1_593' title='bbox 998 3369 1128 3406; x_wconf 85' lang='lat' dir='ltr'>civita-</span> 
     </span>
     <span class='ocr_line' id='line_1_72' title="bbox 71 3426 1130 3477; baseline 0.005 -14"><span class='ocrx_word' id='word_1_594' title='bbox 71 3426 165 3465; x_wconf 80' lang='lat' dir='ltr'>tibus</span> <span class='ocrx_word' id='word_1_595' title='bbox 172 3428 513 3467; x_wconf 83' lang='lat' dir='ltr'>Amorrhaeorumin</span> <span class='ocrx_word' id='word_1_596' title='bbox 522 3430 703 3468; x_wconf 87' lang='lat' dir='ltr'>Hesebon.</span> <span class='ocrx_word' id='word_1_597' title='bbox 715 3430 783 3468; x_wconf 86' lang='lat' dir='ltr'>Hic</span> <span class='ocrx_word' id='word_1_598' title='bbox 804 3437 903 3467; x_wconf 89' lang='lat' dir='ltr'>certe</span> <span class='ocrx_word' id='word_1_599' title='bbox 921 3430 1034 3467; x_wconf 86' lang='lat' dir='ltr'>lsrael</span> <span class='ocrx_word' id='word_1_600' title='bbox 1047 3440 1130 3477; x_wconf 85' lang='lat' dir='ltr'>pos-</span> 
     </span>
     <span class='ocr_line' id='line_1_73' title="bbox 72 3489 1128 3540; baseline 0.002 -15"><span class='ocrx_word' id='word_1_601' title='bbox 72 3489 166 3526; x_wconf 83' lang='lat' dir='ltr'>sedit</span> <span class='ocrx_word' id='word_1_602' title='bbox 185 3490 350 3528; x_wconf 84' lang='lat' dir='ltr'>eivitates</span> <span class='ocrx_word' id='word_1_603' title='bbox 367 3491 678 3538; x_wconf 63' lang='lat' dir='ltr'>Amorrhaeorum,</span> <span class='ocrx_word' id='word_1_604' title='bbox 693 3503 786 3540; x_wconf 84' lang='lat' dir='ltr'>quas</span> <span class='ocrx_word' id='word_1_605' title='bbox 814 3492 908 3529; x_wconf 89' lang='lat' dir='ltr'>bello</span> <span class='ocrx_word' id='word_1_606' title='bbox 931 3491 1128 3538; x_wconf 84' lang='lat' dir='ltr'>superavit,</span> 
     </span>
     <span class='ocr_line' id='line_1_74' title="bbox 73 3548 1127 3595; baseline 0.002 -10"><span class='ocrx_word' id='word_1_607' title='bbox 73 3548 159 3595; x_wconf 86' lang='lat' dir='ltr'>quia</span> <span class='ocrx_word' id='word_1_608' title='bbox 176 3560 249 3587; x_wconf 89' lang='lat' dir='ltr'>non</span> <span class='ocrx_word' id='word_1_609' title='bbox 277 3562 341 3589; x_wconf 83' lang='lat' dir='ltr'>eas</span> <span class='ocrx_word' id='word_1_610' title='bbox 372 3554 632 3591; x_wconf 82' lang='lat' dir='ltr'>anathemavit.</span> <span class='ocrx_word' id='word_1_611' title='bbox 665 3553 758 3590; x_wconf 89' lang='lat' dir='ltr'>Nam</span> <span class='ocrx_word' id='word_1_612' title='bbox 783 3553 815 3590; x_wconf 90' lang='lat' dir='ltr'>si</span> <span class='ocrx_word' id='word_1_613' title='bbox 845 3553 1127 3595; x_wconf 83' lang='lat' dir='ltr'>anathemasset,</span> 
     </span>
     <span class='ocr_line' id='line_1_75' title="bbox 74 3611 1130 3659; baseline 0.001 -12"><span class='ocrx_word' id='word_1_614' title='bbox 74 3611 259 3656; x_wconf 72' lang='lat' dir='ltr'>possidere</span> <span class='ocrx_word' id='word_1_615' title='bbox 275 3614 326 3651; x_wconf 82' lang='lat' dir='ltr'>im</span> <span class='ocrx_word' id='word_1_616' title='bbox 342 3625 414 3651; x_wconf 91' lang='lat' dir='ltr'>non</span> <span class='ocrx_word' id='word_1_617' title='bbox 429 3612 570 3659; x_wconf 85' lang='lat' dir='ltr'>liceret,</span> <span class='ocrx_word' id='word_1_618' title='bbox 588 3624 657 3652; x_wconf 89' lang='lat' dir='ltr'>nec</span> <span class='ocrx_word' id='word_1_619' title='bbox 674 3616 759 3652; x_wconf 86' lang='lat' dir='ltr'>inde</span> <span class='ocrx_word' id='word_1_620' title='bbox 787 3615 834 3652; x_wconf 90' lang='lat' dir='ltr'>ad</span> <span class='ocrx_word' id='word_1_621' title='bbox 848 3624 937 3651; x_wconf 84' lang='lat' dir='ltr'>usus</span> <span class='ocrx_word' id='word_1_622' title='bbox 965 3623 1050 3651; x_wconf 85' lang='lat' dir='ltr'>suos</span> <span class='ocrx_word' id='word_1_623' title='bbox 1066 3612 1130 3648; x_wconf 87' lang='lat' dir='ltr'>ali-</span> 
     </span>
     <span class='ocr_line' id='line_1_76' title="bbox 75 3669 1131 3722; baseline 0.002 -16"><span class='ocrx_word' id='word_1_624' title='bbox 75 3669 163 3715; x_wconf 85' lang='lat' dir='ltr'>quid</span> <span class='ocrx_word' id='word_1_625' title='bbox 179 3674 308 3717; x_wconf 68' lang='lat' dir='ltr'>praedae</span> <span class='ocrx_word' id='word_1_626' title='bbox 327 3685 514 3722; x_wconf 86' lang='lat' dir='ltr'>usurpare.</span> <span class='ocrx_word' id='word_1_627' title='bbox 534 3675 740 3713; x_wconf 89' lang='lat' dir='ltr'>Notandum</span> <span class='ocrx_word' id='word_1_628' title='bbox 760 3681 817 3713; x_wconf 89' lang='lat' dir='ltr'>est</span> <span class='ocrx_word' id='word_1_629' title='bbox 833 3685 935 3719; x_wconf 87' lang='lat' dir='ltr'>sane,</span> <span class='ocrx_word' id='word_1_630' title='bbox 955 3673 1131 3720; x_wconf 90' lang='lat' dir='ltr'>quemad-</span> 
     </span>
     <span class='ocr_line' id='line_1_77' title="bbox 77 3731 1131 3784; baseline 0.003 -17"><span class='ocrx_word' id='word_1_631' title='bbox 77 3731 226 3768; x_wconf 84' lang='lat' dir='ltr'>modum</span> <span class='ocrx_word' id='word_1_632' title='bbox 241 3733 337 3780; x_wconf 72' lang='lat' dir='ltr'>iusta</span> <span class='ocrx_word' id='word_1_633' title='bbox 352 3736 448 3772; x_wconf 84' lang='lat' dir='ltr'>bella</span> <span class='ocrx_word' id='word_1_634' title='bbox 464 3737 696 3784; x_wconf 77' lang='lat' dir='ltr'>gerebantur.</span> <span class='ocrx_word' id='word_1_635' title='bbox 710 3737 882 3774; x_wconf 79' lang='lat' dir='ltr'>lnnoxius</span> <span class='ocrx_word' id='word_1_636' title='bbox 897 3736 996 3773; x_wconf 86' lang='lat' dir='ltr'>enim</span> <span class='ocrx_word' id='word_1_637' title='bbox 1011 3742 1131 3771; x_wconf 86' lang='lat' dir='ltr'>trans-</span> 
     </span>
     <span class='ocr_line' id='line_1_78' title="bbox 65 3789 1134 3849; baseline -0.007 -11"><span class='ocrx_word' id='word_1_638' title='bbox 65 3789 155 3846; x_wconf 61' lang='grc' dir='ltr'>ςὶῑῦὃ</span> <span class='ocrx_word' id='word_1_639' title='bbox 177 3792 392 3842; x_wconf 77' lang='lat' dir='ltr'>negabatur,</span> <span class='ocrx_word' id='word_1_640' title='bbox 414 3795 478 3849; x_wconf 80' lang='lat' dir='ltr'>qui</span> <span class='ocrx_word' id='word_1_641' title='bbox 497 3794 581 3843; x_wconf 80' lang='lat' dir='ltr'>iure</span> <span class='ocrx_word' id='word_1_642' title='bbox 606 3796 774 3835; x_wconf 83' lang='lat' dir='ltr'>humanae</span> <span class='ocrx_word' id='word_1_643' title='bbox 790 3795 975 3835; x_wconf 80' lang='lat' dir='ltr'>societatis</span> <span class='ocrx_word' id='word_1_644' title='bbox 1003 3793 1134 3840; x_wconf 79' lang='lat' dir='ltr'>aequis-</span> 
     </span>
    </p>
   </div>
   <div class='ocr_carea' id='block_1_18' title="bbox 1172 1234 2260 3828">
    <p class='ocr_par' dir='ltr' id='par_1_19' title="bbox 1172 1234 2244 1952">
     <span class='ocr_line' id='line_1_79' title="bbox 1173 1234 2235 1280; baseline 0.004 -10"><span class='ocrx_word' id='word_1_645' title='bbox 1173 1234 1279 1280; x_wconf 85' lang='lat' dir='ltr'>hujus</span> <span class='ocrx_word' id='word_1_646' title='bbox 1299 1234 1384 1270; x_wconf 87' lang='lat' dir='ltr'>elati</span> <span class='ocrx_word' id='word_1_647' title='bbox 1404 1239 1439 1270; x_wconf 87' lang='lat' dir='ltr'>ct</span> <span class='ocrx_word' id='word_1_648' title='bbox 1460 1234 1675 1272; x_wconf 83' lang='lat' dir='ltr'>infructuosi</span> <span class='ocrx_word' id='word_1_649' title='bbox 1703 1236 1975 1273; x_wconf 87' lang='lat' dir='ltr'>maledictiones</span> <span class='ocrx_word' id='word_1_650' title='bbox 2001 1243 2112 1280; x_wconf 83' lang='lat' dir='ltr'>sunt;</span> <span class='ocrx_word' id='word_1_651' title='bbox 2145 1237 2235 1274; x_wconf 81' lang='lat' dir='ltr'>sines</span> 
     </span>
     <span class='ocr_line' id='line_1_80' title="bbox 1172 1296 2236 1344; baseline 0.003 -11"><span class='ocrx_word' id='word_1_652' title='bbox 1172 1307 1259 1334; x_wconf 84' lang='lat' dir='ltr'>vero</span> <span class='ocrx_word' id='word_1_653' title='bbox 1281 1302 1336 1333; x_wconf 90' lang='lat' dir='ltr'>est</span> <span class='ocrx_word' id='word_1_654' title='bbox 1351 1296 1478 1341; x_wconf 85' lang='lat' dir='ltr'>Jaboc,</span> <span class='ocrx_word' id='word_1_655' title='bbox 1493 1297 1588 1343; x_wconf 89' lang='lat' dir='ltr'>quod</span> <span class='ocrx_word' id='word_1_656' title='bbox 1602 1298 1862 1344; x_wconf 86' lang='lat' dir='ltr'>interpretatur</span> <span class='ocrx_word' id='word_1_657' title='bbox 1877 1298 2064 1334; x_wconf 83' lang='lat' dir='ltr'>luctamen.</span> <span class='ocrx_word' id='word_1_658' title='bbox 2081 1298 2236 1336; x_wconf 84' lang='lat' dir='ltr'>Necesse</span> 
     </span>
     <span class='ocr_line' id='line_1_81' title="bbox 1174 1358 2236 1406; baseline 0.002 -13"><span class='ocrx_word' id='word_1_659' title='bbox 1174 1364 1230 1394; x_wconf 88' lang='lat' dir='ltr'>est</span> <span class='ocrx_word' id='word_1_660' title='bbox 1253 1358 1349 1394; x_wconf 88' lang='lat' dir='ltr'>enim</span> <span class='ocrx_word' id='word_1_661' title='bbox 1367 1364 1407 1394; x_wconf 90' lang='lat' dir='ltr'>ut</span> <span class='ocrx_word' id='word_1_662' title='bbox 1427 1359 1545 1395; x_wconf 88' lang='lat' dir='ltr'>omnis</span> <span class='ocrx_word' id='word_1_663' title='bbox 1575 1359 1636 1405; x_wconf 89' lang='lat' dir='ltr'>qui</span> <span class='ocrx_word' id='word_1_664' title='bbox 1661 1359 1738 1395; x_wconf 85' lang='lat' dir='ltr'>vult</span> <span class='ocrx_word' id='word_1_665' title='bbox 1769 1359 1870 1395; x_wconf 87' lang='lat' dir='ltr'>exire</span> <span class='ocrx_word' id='word_1_666' title='bbox 1894 1359 1938 1395; x_wconf 92' lang='lat' dir='ltr'>de</span> <span class='ocrx_word' id='word_1_667' title='bbox 1971 1369 2081 1406; x_wconf 82' lang='lat' dir='ltr'>regno</span> <span class='ocrx_word' id='word_1_668' title='bbox 2100 1358 2236 1395; x_wconf 84' lang='lat' dir='ltr'>diaboli</span> 
     </span>
     <span class='ocr_line' id='line_1_82' title="bbox 1174 1417 2237 1463; baseline 0.001 -10"><span class='ocrx_word' id='word_1_669' title='bbox 1174 1424 1211 1454; x_wconf 89' lang='lat' dir='ltr'>et</span> <span class='ocrx_word' id='word_1_670' title='bbox 1226 1417 1315 1453; x_wconf 84' lang='lat' dir='ltr'>fines</span> <span class='ocrx_word' id='word_1_671' title='bbox 1345 1417 1421 1463; x_wconf 89' lang='lat' dir='ltr'>ejus</span> <span class='ocrx_word' id='word_1_672' title='bbox 1454 1418 1623 1462; x_wconf 83' lang='lat' dir='ltr'>evadere,</span> <span class='ocrx_word' id='word_1_673' title='bbox 1645 1418 1826 1454; x_wconf 89' lang='lat' dir='ltr'>luctamen</span> <span class='ocrx_word' id='word_1_674' title='bbox 1868 1418 2040 1461; x_wconf 84' lang='lat' dir='ltr'>inveniat,</span> <span class='ocrx_word' id='word_1_675' title='bbox 2061 1424 2098 1455; x_wconf 84' lang='lat' dir='ltr'>et</span> <span class='ocrx_word' id='word_1_676' title='bbox 2119 1425 2237 1455; x_wconf 85' lang='lat' dir='ltr'>certa-</span> 
     </span>
     <span class='ocr_line' id='line_1_83' title="bbox 1175 1478 2233 1525; baseline 0.002 -11"><span class='ocrx_word' id='word_1_677' title='bbox 1175 1479 1273 1515; x_wconf 82' lang='lat' dir='ltr'>mina</span> <span class='ocrx_word' id='word_1_678' title='bbox 1299 1479 1330 1515; x_wconf 91' lang='lat' dir='ltr'>ei</span> <span class='ocrx_word' id='word_1_679' title='bbox 1350 1489 1370 1514; x_wconf 86' lang='lat' dir='ltr'>a</span> <span class='ocrx_word' id='word_1_680' title='bbox 1389 1479 1566 1515; x_wconf 89' lang='lat' dir='ltr'>ministris</span> <span class='ocrx_word' id='word_1_681' title='bbox 1584 1478 1663 1525; x_wconf 86' lang='lat' dir='ltr'>ejus</span> <span class='ocrx_word' id='word_1_682' title='bbox 1691 1485 1728 1515; x_wconf 91' lang='lat' dir='ltr'>et</span> <span class='ocrx_word' id='word_1_683' title='bbox 1758 1479 1974 1516; x_wconf 87' lang='lat' dir='ltr'>satellitibus</span> <span class='ocrx_word' id='word_1_684' title='bbox 2000 1480 2233 1516; x_wconf 83' lang='lat' dir='ltr'>suscitentur.</span> 
     </span>
     <span class='ocr_line' id='line_1_84' title="bbox 1176 1539 2237 1586; baseline 0.001 -11"><span class='ocrx_word' id='word_1_685' title='bbox 1176 1539 1244 1576; x_wconf 86' lang='lat' dir='ltr'>Sed</span> <span class='ocrx_word' id='word_1_686' title='bbox 1263 1541 1293 1575; x_wconf 86' lang='lat' dir='ltr'>si</span> <span class='ocrx_word' id='word_1_687' title='bbox 1311 1540 1462 1575; x_wconf 80' lang='lat' dir='ltr'>luctatus</span> <span class='ocrx_word' id='word_1_688' title='bbox 1494 1539 1598 1585; x_wconf 72' lang='lat' dir='ltr'>suerit</span> <span class='ocrx_word' id='word_1_689' title='bbox 1631 1546 1662 1575; x_wconf 91' lang='lat' dir='ltr'>et</span> <span class='ocrx_word' id='word_1_690' title='bbox 1680 1540 1814 1583; x_wconf 83' lang='lat' dir='ltr'>vicerit,</span> <span class='ocrx_word' id='word_1_691' title='bbox 1843 1541 1921 1586; x_wconf 83' lang='lat' dir='ltr'>jam</span> <span class='ocrx_word' id='word_1_692' title='bbox 1943 1551 2012 1575; x_wconf 87' lang='lat' dir='ltr'>non</span> <span class='ocrx_word' id='word_1_693' title='bbox 2041 1541 2106 1576; x_wconf 80' lang='lat' dir='ltr'>erit</span> <span class='ocrx_word' id='word_1_694' title='bbox 2125 1539 2237 1576; x_wconf 83' lang='lat' dir='ltr'>Jacob</span> 
     </span>
     <span class='ocr_line' id='line_1_85' title="bbox 1177 1601 2239 1648; baseline 0 -12"><span class='ocrx_word' id='word_1_695' title='bbox 1177 1602 1299 1637; x_wconf 76' lang='lat' dir='ltr'>civitas</span> <span class='ocrx_word' id='word_1_696' title='bbox 1320 1601 1427 1645; x_wconf 82' lang='lat' dir='ltr'>Seon,</span> <span class='ocrx_word' id='word_1_697' title='bbox 1445 1601 1504 1637; x_wconf 83' lang='lat' dir='ltr'>sed</span> <span class='ocrx_word' id='word_1_698' title='bbox 1532 1602 1597 1637; x_wconf 87' lang='lat' dir='ltr'>erit</span> <span class='ocrx_word' id='word_1_699' title='bbox 1615 1602 1735 1637; x_wconf 76' lang='lat' dir='ltr'>civitas</span> <span class='ocrx_word' id='word_1_700' title='bbox 1755 1601 1869 1637; x_wconf 82' lang='lat' dir='ltr'>Israel</span> <span class='ocrx_word' id='word_1_701' title='bbox 1902 1601 2002 1648; x_wconf 87' lang='lat' dir='ltr'>(Gen.</span> <span class='ocrx_word' id='word_1_702' title='bbox 2021 1601 2142 1647; x_wconf 76' lang='lat' dir='ltr'>xxm).</span> <span class='ocrx_word' id='word_1_703' title='bbox 2161 1601 2239 1637; x_wconf 84' lang='lat' dir='ltr'>Hoc</span> 
     </span>
     <span class='ocr_line' id='line_1_86' title="bbox 1176 1660 2238 1710; baseline -0.003 -11"><span class='ocrx_word' id='word_1_704' title='bbox 1176 1669 1232 1699; x_wconf 86' lang='lat' dir='ltr'>est</span> <span class='ocrx_word' id='word_1_705' title='bbox 1266 1663 1437 1699; x_wconf 90' lang='lat' dir='ltr'>nimirum</span> <span class='ocrx_word' id='word_1_706' title='bbox 1470 1663 1566 1709; x_wconf 89' lang='lat' dir='ltr'>quod</span> <span class='ocrx_word' id='word_1_707' title='bbox 1593 1663 1745 1710; x_wconf 85' lang='lat' dir='ltr'>legimus</span> <span class='ocrx_word' id='word_1_708' title='bbox 1762 1663 1860 1699; x_wconf 87' lang='lat' dir='ltr'>etde</span> <span class='ocrx_word' id='word_1_709' title='bbox 1879 1662 2086 1708; x_wconf 85' lang='lat' dir='ltr'>patriarcha</span> <span class='ocrx_word' id='word_1_710' title='bbox 2111 1660 2238 1705; x_wconf 83' lang='lat' dir='ltr'>Jacob,</span> 
     </span>
     <span class='ocr_line' id='line_1_87' title="bbox 1178 1721 2241 1769; baseline 0 -11"><span class='ocrx_word' id='word_1_711' title='bbox 1178 1723 1341 1769; x_wconf 84' lang='lat' dir='ltr'>quicum</span> <span class='ocrx_word' id='word_1_712' title='bbox 1372 1723 1530 1760; x_wconf 87' lang='lat' dir='ltr'>venisset</span> <span class='ocrx_word' id='word_1_713' title='bbox 1558 1723 1602 1759; x_wconf 89' lang='lat' dir='ltr'>ad</span> <span class='ocrx_word' id='word_1_714' title='bbox 1622 1722 1739 1759; x_wconf 90' lang='lat' dir='ltr'>locum</span> <span class='ocrx_word' id='word_1_715' title='bbox 1772 1722 1976 1768; x_wconf 88' lang='lat' dir='ltr'>quemdam,</span> <span class='ocrx_word' id='word_1_716' title='bbox 2006 1721 2188 1757; x_wconf 88' lang='lat' dir='ltr'>luctamen</span> <span class='ocrx_word' id='word_1_717' title='bbox 2204 1721 2241 1758; x_wconf 88' lang='lat' dir='ltr'>ei</span> 
     </span>
     <span class='ocr_line' id='line_1_88' title="bbox 1177 1780 2244 1830; baseline 0.001 -12"><span class='ocrx_word' id='word_1_718' title='bbox 1177 1789 1419 1830; x_wconf 76' lang='lat' dir='ltr'>praeparatum</span> <span class='ocrx_word' id='word_1_719' title='bbox 1443 1789 1512 1827; x_wconf 87' lang='lat' dir='ltr'>est,</span> <span class='ocrx_word' id='word_1_720' title='bbox 1531 1788 1568 1819; x_wconf 87' lang='lat' dir='ltr'>et</span> <span class='ocrx_word' id='word_1_721' title='bbox 1583 1782 1633 1819; x_wconf 89' lang='lat' dir='ltr'>ibi</span> <span class='ocrx_word' id='word_1_722' title='bbox 1650 1788 1723 1818; x_wconf 88' lang='lat' dir='ltr'>tota</span> <span class='ocrx_word' id='word_1_723' title='bbox 1749 1789 1853 1818; x_wconf 88' lang='lat' dir='ltr'>nocte</span> <span class='ocrx_word' id='word_1_724' title='bbox 1881 1781 2053 1827; x_wconf 88' lang='lat' dir='ltr'>luctatus,</span> <span class='ocrx_word' id='word_1_725' title='bbox 2071 1791 2154 1818; x_wconf 88' lang='lat' dir='ltr'>cum</span> <span class='ocrx_word' id='word_1_726' title='bbox 2176 1780 2244 1819; x_wconf 85' lang='lat' dir='ltr'>ob-</span> 
     </span>
     <span class='ocr_line' id='line_1_89' title="bbox 1180 1843 2242 1888; baseline 0 -8"><span class='ocrx_word' id='word_1_727' title='bbox 1180 1846 1347 1881; x_wconf 87' lang='lat' dir='ltr'>tinuisset</span> <span class='ocrx_word' id='word_1_728' title='bbox 1364 1851 1401 1880; x_wconf 90' lang='lat' dir='ltr'>et</span> <span class='ocrx_word' id='word_1_729' title='bbox 1429 1844 1641 1881; x_wconf 85' lang='lat' dir='ltr'>invaluisset</span> <span class='ocrx_word' id='word_1_730' title='bbox 1670 1844 1715 1880; x_wconf 87' lang='lat' dir='ltr'>ad</span> <span class='ocrx_word' id='word_1_731' title='bbox 1734 1843 1861 1888; x_wconf 89' lang='lat' dir='ltr'>Deum,</span> <span class='ocrx_word' id='word_1_732' title='bbox 1881 1843 2080 1880; x_wconf 84' lang='lat' dir='ltr'>vocitatum</span> <span class='ocrx_word' id='word_1_733' title='bbox 2104 1847 2159 1879; x_wconf 91' lang='lat' dir='ltr'>est</span> <span class='ocrx_word' id='word_1_734' title='bbox 2175 1850 2242 1880; x_wconf 86' lang='lat' dir='ltr'>no-</span> 
     </span>
     <span class='ocr_line' id='line_1_90' title="bbox 1180 1905 1492 1952; baseline -0.006 -9"><span class='ocrx_word' id='word_1_735' title='bbox 1180 1918 1263 1943; x_wconf 87' lang='lat' dir='ltr'>men</span> <span class='ocrx_word' id='word_1_736' title='bbox 1278 1906 1354 1952; x_wconf 87' lang='lat' dir='ltr'>ejus</span> <span class='ocrx_word' id='word_1_737' title='bbox 1368 1905 1492 1942; x_wconf 83' lang='lat' dir='ltr'>lsrael.</span> 
     </span>
    </p>

    <p class='ocr_par' dir='ltr' id='par_1_20' title="bbox 1183 1966 2259 3773">
     <span class='ocr_line' id='line_1_91' title="bbox 1228 1966 2246 2016; baseline -0.004 -11"><span class='ocrx_word' id='word_1_738' title='bbox 1228 1970 1274 2005; x_wconf 88' lang='lat' dir='ltr'>Et</span> <span class='ocrx_word' id='word_1_739' title='bbox 1293 1969 1436 2016; x_wconf 84' lang='lat' dir='ltr'>occepit,</span> <span class='ocrx_word' id='word_1_740' title='bbox 1460 1968 1593 2014; x_wconf 88' lang='lat' dir='ltr'>inquit,</span> <span class='ocrx_word' id='word_1_741' title='bbox 1628 1967 1741 2003; x_wconf 81' lang='lat' dir='ltr'>Israel</span> <span class='ocrx_word' id='word_1_742' title='bbox 1772 1977 1889 2002; x_wconf 79' lang='lat' dir='ltr'>omnes</span> <span class='ocrx_word' id='word_1_743' title='bbox 1915 1967 2070 2002; x_wconf 82' lang='lat' dir='ltr'>civitates</span> <span class='ocrx_word' id='word_1_744' title='bbox 2089 1966 2191 2010; x_wconf 76' lang='lat' dir='ltr'>istas,</span> <span class='ocrx_word' id='word_1_745' title='bbox 2209 1972 2246 2002; x_wconf 80' lang='lat' dir='ltr'>et</span> 
     </span>
     <span class='ocr_line' id='line_1_92' title="bbox 1183 2028 2242 2067; baseline -0.005 0"><span class='ocrx_word' id='word_1_746' title='bbox 1183 2032 1350 2067; x_wconf 81' lang='lat' dir='ltr'>habitavit</span> <span class='ocrx_word' id='word_1_747' title='bbox 1366 2029 1478 2067; x_wconf 85' lang='lat' dir='ltr'>Israel</span> <span class='ocrx_word' id='word_1_748' title='bbox 1496 2030 1534 2065; x_wconf 86' lang='lat' dir='ltr'>in</span> <span class='ocrx_word' id='word_1_749' title='bbox 1553 2029 1710 2065; x_wconf 83' lang='lat' dir='ltr'>omnibus</span> <span class='ocrx_word' id='word_1_750' title='bbox 1727 2029 1925 2065; x_wconf 84' lang='lat' dir='ltr'>civitatibus</span> <span class='ocrx_word' id='word_1_751' title='bbox 1944 2028 2242 2063; x_wconf 81' lang='lat' dir='ltr'>Amorrhoeorum.</span> 
     </span>
     <span class='ocr_line' id='line_1_93' title="bbox 1187 2088 2248 2138; baseline -0.007 -9"><span class='ocrx_word' id='word_1_752' title='bbox 1187 2093 1254 2129; x_wconf 89' lang='lat' dir='ltr'>Hic</span> <span class='ocrx_word' id='word_1_753' title='bbox 1268 2091 1392 2135; x_wconf 88' lang='lat' dir='ltr'>lsrael,</span> <span class='ocrx_word' id='word_1_754' title='bbox 1410 2091 1472 2138; x_wconf 89' lang='lat' dir='ltr'>qui</span> <span class='ocrx_word' id='word_1_755' title='bbox 1490 2091 1525 2127; x_wconf 91' lang='lat' dir='ltr'>in</span> <span class='ocrx_word' id='word_1_756' title='bbox 1541 2089 1686 2126; x_wconf 90' lang='lat' dir='ltr'>Christo</span> <span class='ocrx_word' id='word_1_757' title='bbox 1704 2089 1815 2125; x_wconf 85' lang='lat' dir='ltr'>lsrael</span> <span class='ocrx_word' id='word_1_758' title='bbox 1829 2094 1899 2131; x_wconf 90' lang='lat' dir='ltr'>est,</span> <span class='ocrx_word' id='word_1_759' title='bbox 1915 2088 1976 2135; x_wconf 89' lang='lat' dir='ltr'>qui</span> <span class='ocrx_word' id='word_1_760' title='bbox 1998 2098 2069 2123; x_wconf 91' lang='lat' dir='ltr'>non</span> <span class='ocrx_word' id='word_1_761' title='bbox 2085 2088 2121 2123; x_wconf 92' lang='lat' dir='ltr'>in</span> <span class='ocrx_word' id='word_1_762' title='bbox 2136 2096 2248 2123; x_wconf 78' lang='lat' dir='ltr'>earne</span> 
     </span>
     <span class='ocr_line' id='line_1_94' title="bbox 1187 2146 2249 2194; baseline -0.006 -6"><span class='ocrx_word' id='word_1_763' title='bbox 1187 2151 1309 2194; x_wconf 86' lang='lat' dir='ltr'>lsrael,</span> <span class='ocrx_word' id='word_1_764' title='bbox 1332 2161 1400 2187; x_wconf 90' lang='lat' dir='ltr'>nec</span> <span class='ocrx_word' id='word_1_765' title='bbox 1423 2151 1459 2186; x_wconf 92' lang='lat' dir='ltr'>in</span> <span class='ocrx_word' id='word_1_766' title='bbox 1479 2149 1672 2186; x_wconf 81' lang='lat' dir='ltr'>manifesto</span> <span class='ocrx_word' id='word_1_767' title='bbox 1687 2147 1833 2184; x_wconf 80' lang='lat' dir='ltr'>Judaeus</span> <span class='ocrx_word' id='word_1_768' title='bbox 1849 2153 1918 2191; x_wconf 87' lang='lat' dir='ltr'>est,</span> <span class='ocrx_word' id='word_1_769' title='bbox 1947 2148 2023 2194; x_wconf 89' lang='lat' dir='ltr'>ipse</span> <span class='ocrx_word' id='word_1_770' title='bbox 2052 2147 2192 2183; x_wconf 87' lang='lat' dir='ltr'>habitat</span> <span class='ocrx_word' id='word_1_771' title='bbox 2211 2146 2249 2182; x_wconf 90' lang='lat' dir='ltr'>in</span> 
     </span>
     <span class='ocr_line' id='line_1_95' title="bbox 1187 2207 2247 2252; baseline -0.005 -4"><span class='ocrx_word' id='word_1_772' title='bbox 1187 2212 1355 2248; x_wconf 89' lang='lat' dir='ltr'>omnibus</span> <span class='ocrx_word' id='word_1_773' title='bbox 1393 2211 1602 2247; x_wconf 88' lang='lat' dir='ltr'>civitatibus</span> <span class='ocrx_word' id='word_1_774' title='bbox 1621 2209 1930 2252; x_wconf 82' lang='lat' dir='ltr'>Amorrhaeorum,</span> <span class='ocrx_word' id='word_1_775' title='bbox 1961 2218 2043 2245; x_wconf 90' lang='lat' dir='ltr'>cum</span> <span class='ocrx_word' id='word_1_776' title='bbox 2081 2208 2117 2244; x_wconf 90' lang='lat' dir='ltr'>in</span> <span class='ocrx_word' id='word_1_777' title='bbox 2148 2207 2247 2244; x_wconf 86' lang='lat' dir='ltr'>omni</span> 
     </span>
     <span class='ocr_line' id='line_1_96' title="bbox 1188 2269 2250 2316; baseline -0.006 -6"><span class='ocrx_word' id='word_1_778' title='bbox 1188 2275 1276 2310; x_wconf 87' lang='lat' dir='ltr'>orbe</span> <span class='ocrx_word' id='word_1_779' title='bbox 1296 2278 1475 2309; x_wconf 83' lang='lat' dir='ltr'>terrarum</span> <span class='ocrx_word' id='word_1_780' title='bbox 1505 2271 1640 2308; x_wconf 85' lang='lat' dir='ltr'>Christi</span> <span class='ocrx_word' id='word_1_781' title='bbox 1658 2271 1829 2308; x_wconf 86' lang='lat' dir='ltr'>Ecclesiae</span> <span class='ocrx_word' id='word_1_782' title='bbox 1847 2275 2105 2316; x_wconf 82' lang='lat' dir='ltr'>propagantur.</span> <span class='ocrx_word' id='word_1_783' title='bbox 2126 2269 2196 2305; x_wconf 93' lang='lat' dir='ltr'>Sed</span> <span class='ocrx_word' id='word_1_784' title='bbox 2213 2274 2250 2305; x_wconf 88' lang='lat' dir='ltr'>et</span> 
     </span>
     <span class='ocr_line' id='line_1_97' title="bbox 1189 2329 2248 2381; baseline -0.007 -9"><span class='ocrx_word' id='word_1_785' title='bbox 1189 2336 1436 2381; x_wconf 88' lang='lat' dir='ltr'>unusquisque</span> <span class='ocrx_word' id='word_1_786' title='bbox 1451 2339 1614 2370; x_wconf 91' lang='lat' dir='ltr'>nostrum</span> <span class='ocrx_word' id='word_1_787' title='bbox 1629 2333 1730 2380; x_wconf 90' lang='lat' dir='ltr'>prius</span> <span class='ocrx_word' id='word_1_788' title='bbox 1741 2333 1869 2369; x_wconf 86' lang='lat' dir='ltr'>civitas</span> <span class='ocrx_word' id='word_1_789' title='bbox 1884 2332 1952 2366; x_wconf 81' lang='lat' dir='ltr'>suit</span> <span class='ocrx_word' id='word_1_790' title='bbox 1966 2330 2123 2376; x_wconf 90' lang='lat' dir='ltr'>regionis</span> <span class='ocrx_word' id='word_1_791' title='bbox 2138 2329 2248 2372; x_wconf 88' lang='lat' dir='ltr'>Seon,</span> 
     </span>
     <span class='ocr_line' id='line_1_98' title="bbox 1190 2390 2250 2443; baseline -0.008 -11"><span class='ocrx_word' id='word_1_792' title='bbox 1190 2397 1285 2443; x_wconf 89' lang='lat' dir='ltr'>regis</span> <span class='ocrx_word' id='word_1_793' title='bbox 1303 2395 1401 2431; x_wconf 88' lang='lat' dir='ltr'>elati.</span> <span class='ocrx_word' id='word_1_794' title='bbox 1422 2393 1609 2440; x_wconf 81' lang='lat' dir='ltr'>Regnabat</span> <span class='ocrx_word' id='word_1_795' title='bbox 1635 2392 1785 2428; x_wconf 91' lang='lat' dir='ltr'>enimin</span> <span class='ocrx_word' id='word_1_796' title='bbox 1808 2392 1911 2427; x_wconf 91' lang='lat' dir='ltr'>nobis</span> <span class='ocrx_word' id='word_1_797' title='bbox 1942 2390 2105 2432; x_wconf 89' lang='lat' dir='ltr'>stultitia,</span> <span class='ocrx_word' id='word_1_798' title='bbox 2125 2398 2250 2435; x_wconf 85' lang='lat' dir='ltr'>super-</span> 
     </span>
     <span class='ocr_line' id='line_1_99' title="bbox 1189 2448 2248 2502; baseline -0.008 -9"><span class='ocrx_word' id='word_1_799' title='bbox 1189 2458 1261 2499; x_wconf 83' lang='lat' dir='ltr'>bia,</span> <span class='ocrx_word' id='word_1_800' title='bbox 1296 2455 1479 2502; x_wconf 89' lang='lat' dir='ltr'>impietas,</span> <span class='ocrx_word' id='word_1_801' title='bbox 1500 2459 1536 2490; x_wconf 86' lang='lat' dir='ltr'>et</span> <span class='ocrx_word' id='word_1_802' title='bbox 1555 2453 1676 2490; x_wconf 90' lang='lat' dir='ltr'>omnia</span> <span class='ocrx_word' id='word_1_803' title='bbox 1700 2463 1780 2499; x_wconf 81' lang='lat' dir='ltr'>quae</span> <span class='ocrx_word' id='word_1_804' title='bbox 1799 2458 1883 2489; x_wconf 87' lang='lat' dir='ltr'>sunt</span> <span class='ocrx_word' id='word_1_805' title='bbox 1903 2462 1948 2487; x_wconf 88' lang='lat' dir='ltr'>ex</span> <span class='ocrx_word' id='word_1_806' title='bbox 1979 2458 2082 2497; x_wconf 86' lang='lat' dir='ltr'>parte</span> <span class='ocrx_word' id='word_1_807' title='bbox 2099 2448 2248 2485; x_wconf 82' lang='lat' dir='ltr'>diaboli.</span> 
     </span>
     <span class='ocr_line' id='line_1_100' title="bbox 1192 2512 2250 2562; baseline -0.008 -8"><span class='ocrx_word' id='word_1_808' title='bbox 1192 2519 1264 2555; x_wconf 89' lang='lat' dir='ltr'>Sed</span> <span class='ocrx_word' id='word_1_809' title='bbox 1280 2517 1342 2553; x_wconf 90' lang='lat' dir='ltr'>ubi</span> <span class='ocrx_word' id='word_1_810' title='bbox 1376 2520 1601 2562; x_wconf 84' lang='lat' dir='ltr'>expugnatur</span> <span class='ocrx_word' id='word_1_811' title='bbox 1635 2520 1671 2550; x_wconf 90' lang='lat' dir='ltr'>et</span> <span class='ocrx_word' id='word_1_812' title='bbox 1688 2514 1849 2550; x_wconf 88' lang='lat' dir='ltr'>devictus</span> <span class='ocrx_word' id='word_1_813' title='bbox 1879 2518 1934 2549; x_wconf 91' lang='lat' dir='ltr'>est</span> <span class='ocrx_word' id='word_1_814' title='bbox 1957 2512 2074 2554; x_wconf 82' lang='lat' dir='ltr'>sortis,</span> <span class='ocrx_word' id='word_1_815' title='bbox 2110 2516 2147 2546; x_wconf 91' lang='lat' dir='ltr'>et</span> <span class='ocrx_word' id='word_1_816' title='bbox 2163 2520 2250 2547; x_wconf 82' lang='lat' dir='ltr'>vasa</span> 
     </span>
     <span class='ocr_line' id='line_1_101' title="bbox 1192 2571 2251 2624; baseline -0.009 -8"><span class='ocrx_word' id='word_1_817' title='bbox 1192 2579 1269 2624; x_wconf 79' lang='lat' dir='ltr'>eius</span> <span class='ocrx_word' id='word_1_818' title='bbox 1286 2578 1424 2623; x_wconf 88' lang='lat' dir='ltr'>direpta</span> <span class='ocrx_word' id='word_1_819' title='bbox 1444 2582 1542 2618; x_wconf 87' lang='lat' dir='ltr'>sunt,</span> <span class='ocrx_word' id='word_1_820' title='bbox 1573 2574 1689 2612; x_wconf 79' lang='lat' dir='ltr'>effecti</span> <span class='ocrx_word' id='word_1_821' title='bbox 1721 2585 1845 2611; x_wconf 84' lang='lat' dir='ltr'>sumus</span> <span class='ocrx_word' id='word_1_822' title='bbox 1870 2573 2036 2609; x_wconf 82' lang='lat' dir='ltr'>civitates</span> <span class='ocrx_word' id='word_1_823' title='bbox 2067 2571 2194 2614; x_wconf 87' lang='lat' dir='ltr'>lsrael,</span> <span class='ocrx_word' id='word_1_824' title='bbox 2213 2575 2251 2607; x_wconf 87' lang='lat' dir='ltr'>et</span> 
     </span>
     <span class='ocr_line' id='line_1_102' title="bbox 1193 2632 2252 2679; baseline -0.008 -4"><span class='ocrx_word' id='word_1_825' title='bbox 1193 2638 1385 2676; x_wconf 84' lang='lat' dir='ltr'>haereditas</span> <span class='ocrx_word' id='word_1_826' title='bbox 1404 2641 1624 2673; x_wconf 86' lang='lat' dir='ltr'>sanctorum.</span> <span class='ocrx_word' id='word_1_827' title='bbox 1648 2635 1686 2671; x_wconf 91' lang='lat' dir='ltr'>Si</span> <span class='ocrx_word' id='word_1_828' title='bbox 1713 2640 1835 2671; x_wconf 87' lang='lat' dir='ltr'>tamen</span> <span class='ocrx_word' id='word_1_829' title='bbox 1868 2634 2013 2679; x_wconf 86' lang='lat' dir='ltr'>penitus</span> <span class='ocrx_word' id='word_1_830' title='bbox 2045 2632 2166 2668; x_wconf 88' lang='lat' dir='ltr'>excisa</span> <span class='ocrx_word' id='word_1_831' title='bbox 2195 2636 2252 2668; x_wconf 87' lang='lat' dir='ltr'>est</span> 
     </span>
     <span class='ocr_line' id='line_1_103' title="bbox 1193 2693 2252 2745; baseline -0.009 -8"><span class='ocrx_word' id='word_1_832' title='bbox 1193 2702 1229 2737; x_wconf 94' lang='lat' dir='ltr'>in</span> <span class='ocrx_word' id='word_1_833' title='bbox 1256 2700 1359 2736; x_wconf 89' lang='lat' dir='ltr'>nobis</span> <span class='ocrx_word' id='word_1_834' title='bbox 1376 2704 1536 2745; x_wconf 85' lang='lat' dir='ltr'>potestas</span> <span class='ocrx_word' id='word_1_835' title='bbox 1554 2697 1629 2741; x_wconf 91' lang='lat' dir='ltr'>illa,</span> <span class='ocrx_word' id='word_1_836' title='bbox 1646 2707 1726 2742; x_wconf 76' lang='lat' dir='ltr'>quoe</span> <span class='ocrx_word' id='word_1_837' title='bbox 1742 2696 1844 2743; x_wconf 87' lang='lat' dir='ltr'>prius</span> <span class='ocrx_word' id='word_1_838' title='bbox 1859 2693 2112 2731; x_wconf 87' lang='lat' dir='ltr'>dominabatur</span> <span class='ocrx_word' id='word_1_839' title='bbox 2131 2693 2167 2727; x_wconf 93' lang='lat' dir='ltr'>in</span> <span class='ocrx_word' id='word_1_840' title='bbox 2184 2702 2252 2728; x_wconf 90' lang='lat' dir='ltr'>no-</span> 
     </span>
     <span class='ocr_line' id='line_1_104' title="bbox 1192 2752 2255 2806; baseline -0.011 -7"><span class='ocrx_word' id='word_1_841' title='bbox 1192 2763 1263 2806; x_wconf 89' lang='lat' dir='ltr'>bis,</span> <span class='ocrx_word' id='word_1_842' title='bbox 1285 2767 1322 2798; x_wconf 88' lang='lat' dir='ltr'>et</span> <span class='ocrx_word' id='word_1_843' title='bbox 1341 2761 1461 2797; x_wconf 83' lang='lat' dir='ltr'>excisa</span> <span class='ocrx_word' id='word_1_844' title='bbox 1479 2764 1534 2796; x_wconf 90' lang='lat' dir='ltr'>est</span> <span class='ocrx_word' id='word_1_845' title='bbox 1557 2759 1665 2794; x_wconf 86' lang='lat' dir='ltr'>arbor</span> <span class='ocrx_word' id='word_1_846' title='bbox 1693 2756 1930 2798; x_wconf 79' lang='lat' dir='ltr'>infructuosa,</span> <span class='ocrx_word' id='word_1_847' title='bbox 1951 2759 1989 2790; x_wconf 89' lang='lat' dir='ltr'>et</span> <span class='ocrx_word' id='word_1_848' title='bbox 2020 2752 2179 2798; x_wconf 66' lang='lat' dir='ltr'>(injectus</span> <span class='ocrx_word' id='word_1_849' title='bbox 2197 2757 2255 2788; x_wconf 92' lang='lat' dir='ltr'>est</span> 
     </span>
     <span class='ocr_line' id='line_1_105' title="bbox 1194 2813 2253 2865; baseline -0.011 -6"><span class='ocrx_word' id='word_1_850' title='bbox 1194 2834 1259 2860; x_wconf 75' lang='lat' dir='ltr'>rex</span> <span class='ocrx_word' id='word_1_851' title='bbox 1280 2822 1409 2865; x_wconf 85' lang='lat' dir='ltr'>elatus,</span> <span class='ocrx_word' id='word_1_852' title='bbox 1429 2825 1465 2857; x_wconf 88' lang='lat' dir='ltr'>et</span> <span class='ocrx_word' id='word_1_853' title='bbox 1483 2829 1607 2856; x_wconf 89' lang='lat' dir='ltr'>sumus</span> <span class='ocrx_word' id='word_1_854' title='bbox 1627 2819 1692 2854; x_wconf 89' lang='lat' dir='ltr'>sub</span> <span class='ocrx_word' id='word_1_855' title='bbox 1709 2827 1752 2854; x_wconf 95' lang='lat' dir='ltr'>eo</span> <span class='ocrx_word' id='word_1_856' title='bbox 1770 2827 1868 2863; x_wconf 85' lang='lat' dir='ltr'>rege,</span> <span class='ocrx_word' id='word_1_857' title='bbox 1885 2815 1946 2861; x_wconf 93' lang='lat' dir='ltr'>qui</span> <span class='ocrx_word' id='word_1_858' title='bbox 1976 2814 2087 2851; x_wconf 86' lang='lat' dir='ltr'>dicit:</span> <span class='ocrx_word' id='word_1_859' title='bbox 2123 2813 2253 2849; x_wconf 79' lang='lat' dir='ltr'>Discite</span> 
     </span>
     <span class='ocr_line' id='line_1_106' title="bbox 1195 2871 2254 2930; baseline -0.012 -10"><span class='ocrx_word' id='word_1_860' title='bbox 1195 2896 1216 2919; x_wconf 89' lang='grc' dir='ltr'><em>α</em></span> <span class='ocrx_word' id='word_1_861' title='bbox 1237 2895 1303 2927; x_wconf 87' lang='lat' dir='ltr'>me,</span> <span class='ocrx_word' id='word_1_862' title='bbox 1331 2883 1413 2930; x_wconf 86' lang='lat' dir='ltr'>quia</span> <span class='ocrx_word' id='word_1_863' title='bbox 1431 2882 1524 2917; x_wconf 82' lang='lat' dir='ltr'>mitis</span> <span class='ocrx_word' id='word_1_864' title='bbox 1543 2890 1621 2915; x_wconf 85' lang='lat' dir='ltr'>sum</span> <span class='ocrx_word' id='word_1_865' title='bbox 1634 2885 1665 2914; x_wconf 92' lang='lat' dir='ltr'>et</span> <span class='ocrx_word' id='word_1_866' title='bbox 1683 2877 1825 2913; x_wconf 65' lang='lat' dir='ltr'>hunnilis</span> <span class='ocrx_word' id='word_1_867' title='bbox 1842 2875 1945 2912; x_wconf 84' lang='lat' dir='ltr'>corde</span> <span class='ocrx_word' id='word_1_868' title='bbox 1963 2874 2107 2922; x_wconf 80' lang='lat' dir='ltr'>(Matth.</span> <span class='ocrx_word' id='word_1_869' title='bbox 2124 2872 2190 2918; x_wconf 78' lang='lat' dir='ltr'>xi).</span> <span class='ocrx_word' id='word_1_870' title='bbox 2209 2871 2254 2908; x_wconf 82' lang='lat' dir='ltr'>Et</span> 
     </span>
     <span class='ocr_line' id='line_1_107' title="bbox 1194 2931 2257 2990; baseline -0.012 -10"><span class='ocrx_word' id='word_1_871' title='bbox 1194 2950 1276 2990; x_wconf 89' lang='lat' dir='ltr'>post</span> <span class='ocrx_word' id='word_1_872' title='bbox 1297 2943 1374 2979; x_wconf 81' lang='lat' dir='ltr'>liaec</span> <span class='ocrx_word' id='word_1_873' title='bbox 1403 2940 1585 2988; x_wconf 87' lang='lat' dir='ltr'>sigillatim</span> <span class='ocrx_word' id='word_1_874' title='bbox 1606 2938 1682 2984; x_wconf 91' lang='lat' dir='ltr'>jam</span> <span class='ocrx_word' id='word_1_875' title='bbox 1714 2937 1879 2973; x_wconf 77' lang='lat' dir='ltr'>civitates</span> <span class='ocrx_word' id='word_1_876' title='bbox 1899 2934 2046 2981; x_wconf 88' lang='lat' dir='ltr'>superbi</span> <span class='ocrx_word' id='word_1_877' title='bbox 2078 2938 2115 2969; x_wconf 87' lang='lat' dir='ltr'>et</span> <span class='ocrx_word' id='word_1_878' title='bbox 2145 2931 2257 2968; x_wconf 78' lang='lat' dir='ltr'>infru·</span> 
     </span>
     <span class='ocr_line' id='line_1_108' title="bbox 1193 2994 2256 3047; baseline -0.012 -7"><span class='ocrx_word' id='word_1_879' title='bbox 1193 3002 1311 3041; x_wconf 89' lang='lat' dir='ltr'>ctuosi</span> <span class='ocrx_word' id='word_1_880' title='bbox 1329 3001 1425 3047; x_wconf 83' lang='lat' dir='ltr'>regis</span> <span class='ocrx_word' id='word_1_881' title='bbox 1440 3004 1641 3042; x_wconf 90' lang='lat' dir='ltr'>enumerat,</span> <span class='ocrx_word' id='word_1_882' title='bbox 1661 3003 1697 3034; x_wconf 90' lang='lat' dir='ltr'>et</span> <span class='ocrx_word' id='word_1_883' title='bbox 1711 2997 1817 3034; x_wconf 90' lang='lat' dir='ltr'>dicit:</span> <span class='ocrx_word' id='word_1_884' title='bbox 1830 2996 1875 3032; x_wconf 88' lang='lat' dir='ltr'>In</span> <span class='ocrx_word' id='word_1_885' title='bbox 1897 2994 2058 3031; x_wconf 80' lang='lat' dir='ltr'>Hesebon</span> <span class='ocrx_word' id='word_1_886' title='bbox 2072 2999 2104 3030; x_wconf 91' lang='lat' dir='ltr'>et</span> <span class='ocrx_word' id='word_1_887' title='bbox 2126 2994 2163 3028; x_wconf 88' lang='lat' dir='ltr'>in</span> <span class='ocrx_word' id='word_1_888' title='bbox 2181 3002 2256 3028; x_wconf 89' lang='lat' dir='ltr'>om-</span> 
     </span>
     <span class='ocr_line' id='line_1_109' title="bbox 1193 3055 2253 3109; baseline -0.009 -9"><span class='ocrx_word' id='word_1_889' title='bbox 1193 3065 1293 3102; x_wconf 80' lang='lat' dir='ltr'>nibus</span> <span class='ocrx_word' id='word_1_890' title='bbox 1314 3063 1472 3109; x_wconf 76' lang='lat' dir='ltr'>finitimis</span> <span class='ocrx_word' id='word_1_891' title='bbox 1486 3061 1577 3108; x_wconf 81' lang='lat' dir='ltr'>ejus.</span> <span class='ocrx_word' id='word_1_892' title='bbox 1613 3060 1706 3106; x_wconf 86' lang='lat' dir='ltr'>Quid</span> <span class='ocrx_word' id='word_1_893' title='bbox 1737 3066 1794 3096; x_wconf 88' lang='lat' dir='ltr'>est</span> <span class='ocrx_word' id='word_1_894' title='bbox 1825 3059 1895 3095; x_wconf 88' lang='lat' dir='ltr'>hoc</span> <span class='ocrx_word' id='word_1_895' title='bbox 1910 3057 2003 3103; x_wconf 90' lang='lat' dir='ltr'>quod</span> <span class='ocrx_word' id='word_1_896' title='bbox 2033 3055 2253 3103; x_wconf 83' lang='lat' dir='ltr'>praecipuam</span> 
     </span>
     <span class='ocr_line' id='line_1_110' title="bbox 1193 3115 2253 3170; baseline -0.012 -8"><span class='ocrx_word' id='word_1_897' title='bbox 1193 3127 1320 3162; x_wconf 87' lang='lat' dir='ltr'>urbem</span> <span class='ocrx_word' id='word_1_898' title='bbox 1332 3125 1376 3161; x_wconf 93' lang='lat' dir='ltr'>de</span> <span class='ocrx_word' id='word_1_899' title='bbox 1391 3134 1501 3170; x_wconf 84' lang='lat' dir='ltr'>regno</span> <span class='ocrx_word' id='word_1_900' title='bbox 1509 3122 1604 3160; x_wconf 87' lang='lat' dir='ltr'>Seon</span> <span class='ocrx_word' id='word_1_901' title='bbox 1615 3121 1815 3159; x_wconf 90' lang='lat' dir='ltr'>nominavit</span> <span class='ocrx_word' id='word_1_902' title='bbox 1823 3119 1990 3155; x_wconf 86' lang='lat' dir='ltr'>Hesebon</span> <span class='ocrx_word' id='word_1_903' title='bbox 1999 3118 2014 3153; x_wconf 89' lang='lat'><strong>?</strong></span> <span class='ocrx_word' id='word_1_904' title='bbox 2022 3116 2187 3153; x_wconf 88' lang='lat' dir='ltr'>llesebon</span> <span class='ocrx_word' id='word_1_905' title='bbox 2199 3115 2253 3149; x_wconf 89' lang='lat' dir='ltr'>in-</span> 
     </span>
     <span class='ocr_line' id='line_1_111' title="bbox 1193 3171 2255 3233; baseline -0.016 -9"><span class='ocrx_word' id='word_1_906' title='bbox 1193 3191 1414 3233; x_wconf 86' lang='lat' dir='ltr'>terpretatur</span> <span class='ocrx_word' id='word_1_907' title='bbox 1420 3185 1658 3232; x_wconf 70' lang='lat' dir='ltr'>coqitationes.</span> <span class='ocrx_word' id='word_1_908' title='bbox 1668 3182 1794 3218; x_wconf 88' lang='lat' dir='ltr'>Merito</span> <span class='ocrx_word' id='word_1_909' title='bbox 1802 3190 1888 3226; x_wconf 89' lang='lat' dir='ltr'>ergo</span> <span class='ocrx_word' id='word_1_910' title='bbox 1897 3188 1981 3224; x_wconf 87' lang='lat' dir='ltr'>pars</span> <span class='ocrx_word' id='word_1_911' title='bbox 1990 3175 2146 3212; x_wconf 85' lang='lat' dir='ltr'>maxima</span> <span class='ocrx_word' id='word_1_912' title='bbox 2155 3171 2255 3218; x_wconf 77' lang='lat' dir='ltr'>regni</span> 
     </span>
     <span class='ocr_line' id='line_1_112' title="bbox 1195 3232 2255 3290; baseline -0.018 -6"><span class='ocrx_word' id='word_1_913' title='bbox 1195 3246 1375 3289; x_wconf 88' lang='lat' dir='ltr'>diabolici,</span> <span class='ocrx_word' id='word_1_914' title='bbox 1395 3251 1431 3281; x_wconf 88' lang='lat' dir='ltr'>et</span> <span class='ocrx_word' id='word_1_915' title='bbox 1448 3250 1609 3290; x_wconf 76' lang='lat' dir='ltr'>potestas</span> <span class='ocrx_word' id='word_1_916' title='bbox 1628 3243 1708 3288; x_wconf 84' lang='lat' dir='ltr'>ejus</span> <span class='ocrx_word' id='word_1_917' title='bbox 1733 3240 1901 3287; x_wconf 88' lang='lat' dir='ltr'>plurima,</span> <span class='ocrx_word' id='word_1_918' title='bbox 1920 3236 1957 3272; x_wconf 90' lang='lat' dir='ltr'>in</span> <span class='ocrx_word' id='word_1_919' title='bbox 1977 3232 2255 3280; x_wconf 84' lang='lat' dir='ltr'>cogitationibus</span> 
     </span>
     <span class='ocr_line' id='line_1_113' title="bbox 1194 3291 2255 3357; baseline -0.021 -10"><span class='ocrx_word' id='word_1_920' title='bbox 1194 3314 1337 3357; x_wconf 86' lang='lat' dir='ltr'>regnat.</span> <span class='ocrx_word' id='word_1_921' title='bbox 1360 3307 1422 3344; x_wconf 88' lang='lat' dir='ltr'>Sic</span> <span class='ocrx_word' id='word_1_922' title='bbox 1440 3306 1538 3343; x_wconf 91' lang='lat' dir='ltr'>enim</span> <span class='ocrx_word' id='word_1_923' title='bbox 1564 3303 1654 3341; x_wconf 85' lang='lat' dir='ltr'>dixit</span> <span class='ocrx_word' id='word_1_924' title='bbox 1673 3308 1709 3338; x_wconf 91' lang='lat' dir='ltr'>et</span> <span class='ocrx_word' id='word_1_925' title='bbox 1741 3299 1939 3336; x_wconf 86' lang='lat' dir='ltr'>Dominus:</span> <span class='ocrx_word' id='word_1_926' title='bbox 1973 3294 2066 3337; x_wconf 76' lang='lat' dir='ltr'>Quia</span> <span class='ocrx_word' id='word_1_927' title='bbox 2090 3292 2134 3328; x_wconf 82' lang='lat' dir='ltr'>de</span> <span class='ocrx_word' id='word_1_928' title='bbox 2150 3291 2255 3327; x_wconf 78' lang='lat' dir='ltr'>conte</span> 
     </span>
     <span class='ocr_line' id='line_1_114' title="bbox 1194 3351 2254 3418; baseline -0.022 -10"><span class='ocrx_word' id='word_1_929' title='bbox 1194 3370 1386 3418; x_wconf 79' lang='lat' dir='ltr'>procedunt</span> <span class='ocrx_word' id='word_1_930' title='bbox 1426 3366 1649 3414; x_wconf 66' lang='lat' dir='ltr'>cogitationes</span> <span class='ocrx_word' id='word_1_931' title='bbox 1680 3360 1798 3403; x_wconf 77' lang='lat' dir='ltr'>rnaloe,</span> <span class='ocrx_word' id='word_1_932' title='bbox 1831 3354 2032 3397; x_wconf 73' lang='lat' dir='ltr'>homicidia,</span> <span class='ocrx_word' id='word_1_933' title='bbox 2064 3351 2254 3393; x_wconf 78' lang='lat' dir='ltr'>adulterio,</span> 
     </span>
     <span class='ocr_line' id='line_1_115' title="bbox 1195 3416 2256 3479; baseline -0.021 -10"><span class='ocrx_word' id='word_1_934' title='bbox 1195 3432 1306 3479; x_wconf 73' lang='lat' dir='ltr'>furta,</span> <span class='ocrx_word' id='word_1_935' title='bbox 1328 3429 1422 3479; x_wconf 72' lang='lat' dir='ltr'>salsa</span> <span class='ocrx_word' id='word_1_936' title='bbox 1440 3425 1654 3466; x_wconf 79' lang='lat' dir='ltr'>testimonia,</span> <span class='ocrx_word' id='word_1_937' title='bbox 1673 3419 1894 3467; x_wconf 64' lang='lat' dir='ltr'>blasphemiae</span> <span class='ocrx_word' id='word_1_938' title='bbox 1909 3426 1922 3452; x_wconf 89' lang='grc'>.·</span> <span class='ocrx_word' id='word_1_939' title='bbox 1940 3416 2051 3452; x_wconf 69' lang='lat' dir='ltr'>eliste</span> <span class='ocrx_word' id='word_1_940' title='bbox 2070 3419 2256 3460; x_wconf 48' lang='lat' dir='ltr'>suntque</span> 
     </span>
     <span class='ocr_line' id='line_1_116' title="bbox 1195 3474 2258 3536; baseline -0.017 -9"><span class='ocrx_word' id='word_1_941' title='bbox 1195 3491 1380 3536; x_wconf 78' lang='lat' dir='ltr'>inquinant</span> <span class='ocrx_word' id='word_1_942' title='bbox 1411 3486 1585 3522; x_wconf 78' lang='lat' dir='ltr'>bominem</span> <span class='ocrx_word' id='word_1_943' title='bbox 1607 3480 1751 3529; x_wconf 76' lang='lat' dir='ltr'>(Malui.</span> <span class='ocrx_word' id='word_1_944' title='bbox 1777 3478 1828 3525; x_wconf 92' lang='lat' dir='ltr'>v).</span> <span class='ocrx_word' id='word_1_945' title='bbox 1865 3476 1911 3513; x_wconf 86' lang='lat' dir='ltr'>Et</span> <span class='ocrx_word' id='word_1_946' title='bbox 1941 3476 2023 3512; x_wconf 90' lang='lat' dir='ltr'>ideo</span> <span class='ocrx_word' id='word_1_947' title='bbox 2050 3474 2258 3512; x_wconf 84' lang='lat' dir='ltr'>necessario</span> 
     </span>
     <span class='ocr_line' id='line_1_117' title="bbox 1199 3533 2259 3586; baseline -0.017 0"><span class='ocrx_word' id='word_1_948' title='bbox 1199 3547 1404 3586; x_wconf 88' lang='lat' dir='ltr'>incenditur</span> <span class='ocrx_word' id='word_1_949' title='bbox 1423 3547 1492 3582; x_wconf 89' lang='lat' dir='ltr'>ista</span> <span class='ocrx_word' id='word_1_950' title='bbox 1510 3543 1639 3580; x_wconf 87' lang='lat' dir='ltr'>civitas</span> <span class='ocrx_word' id='word_1_951' title='bbox 1659 3545 1696 3577; x_wconf 89' lang='lat' dir='ltr'>et</span> <span class='ocrx_word' id='word_1_952' title='bbox 1729 3539 1801 3585; x_wconf 82' lang='lat' dir='ltr'>igni</span> <span class='ocrx_word' id='word_1_953' title='bbox 1832 3537 2011 3577; x_wconf 79' lang='lat' dir='ltr'>exuritur.</span> <span class='ocrx_word' id='word_1_954' title='bbox 2043 3534 2122 3580; x_wconf 87' lang='lat' dir='ltr'>Quo</span> <span class='ocrx_word' id='word_1_955' title='bbox 2155 3533 2259 3580; x_wconf 82' lang='lat' dir='ltr'>igni?</span> 
     </span>
     <span class='ocr_line' id='line_1_118' title="bbox 1201 3596 2259 3656; baseline -0.018 -8"><span class='ocrx_word' id='word_1_956' title='bbox 1201 3613 1263 3649; x_wconf 92' lang='lat' dir='ltr'>illo</span> <span class='ocrx_word' id='word_1_957' title='bbox 1281 3608 1443 3656; x_wconf 79' lang='lat' dir='ltr'>profecto</span> <span class='ocrx_word' id='word_1_958' title='bbox 1461 3616 1533 3652; x_wconf 94' lang='lat' dir='ltr'>quo</span> <span class='ocrx_word' id='word_1_959' title='bbox 1550 3604 1638 3641; x_wconf 87' lang='lat' dir='ltr'>dicit</span> <span class='ocrx_word' id='word_1_960' title='bbox 1653 3602 1818 3639; x_wconf 88' lang='lat' dir='ltr'>Salvator</span> <span class='ocrx_word' id='word_1_961' title='bbox 1835 3612 1844 3636; x_wconf 75' lang='lat' dir='ltr'><em>z</em></span> <span class='ocrx_word' id='word_1_962' title='bbox 1878 3599 2002 3646; x_wconf 68' lang='lat' dir='ltr'>Ignem</span> <span class='ocrx_word' id='word_1_963' title='bbox 2026 3597 2102 3634; x_wconf 78' lang='lat' dir='ltr'>veni</span> <span class='ocrx_word' id='word_1_964' title='bbox 2123 3596 2259 3631; x_wconf 78' lang='lat' dir='ltr'>mittere</span> 
     </span>
     <span class='ocr_line' id='line_1_119' title="bbox 1201 3654 2257 3711; baseline -0.016 -5"><span class='ocrx_word' id='word_1_965' title='bbox 1201 3673 1238 3707; x_wconf 84' lang='lat' dir='ltr'>in</span> <span class='ocrx_word' id='word_1_966' title='bbox 1267 3676 1413 3710; x_wconf 85' lang='lat' dir='ltr'>terram,</span> <span class='ocrx_word' id='word_1_967' title='bbox 1447 3672 1478 3701; x_wconf 89' lang='lat' dir='ltr'>et</span> <span class='ocrx_word' id='word_1_968' title='bbox 1506 3673 1611 3711; x_wconf 84' lang='lat' dir='ltr'>quam</span> <span class='ocrx_word' id='word_1_969' title='bbox 1641 3661 1734 3704; x_wconf 83' lang='lat' dir='ltr'>volo,</span> <span class='ocrx_word' id='word_1_970' title='bbox 1766 3666 1803 3696; x_wconf 78' lang='lat' dir='ltr'>ut</span> <span class='ocrx_word' id='word_1_971' title='bbox 1823 3658 2036 3695; x_wconf 68' lang='lat' dir='ltr'>accendatur</span> <span class='ocrx_word' id='word_1_972' title='bbox 2055 3655 2157 3692; x_wconf 65' lang='lat' dir='ltr'>(Luc.</span> <span class='ocrx_word' id='word_1_973' title='bbox 2175 3654 2257 3702; x_wconf 78' lang='lat' dir='ltr'>xii).</span> 
     </span>
     <span class='ocr_line' id='line_1_120' title="bbox 1203 3717 1975 3773; baseline -0.018 -7"><span class='ocrx_word' id='word_1_974' title='bbox 1203 3730 1289 3767; x_wconf 85' lang='lat' dir='ltr'>Post</span> <span class='ocrx_word' id='word_1_975' title='bbox 1307 3736 1422 3773; x_wconf 84' lang='lat' dir='ltr'>pauca</span> <span class='ocrx_word' id='word_1_976' title='bbox 1444 3729 1564 3759; x_wconf 84' lang='lat' dir='ltr'>autem</span> <span class='ocrx_word' id='word_1_977' title='bbox 1585 3721 1739 3757; x_wconf 75' lang='lat' dir='ltr'>refertur</span> <span class='ocrx_word' id='word_1_978' title='bbox 1757 3719 1802 3755; x_wconf 90' lang='lat' dir='ltr'>de</span> <span class='ocrx_word' id='word_1_979' title='bbox 1816 3717 1975 3754; x_wconf 83' lang='lat' dir='ltr'>civitate.</span> 
     </span>
    </p>

    <p class='ocr_par' dir='ltr' id='par_1_21' title="bbox 1251 3772 2260 3828">
     <span class='ocr_line' id='line_1_121' title="bbox 1251 3772 2260 3828; baseline -0.014 -4"><span class='ocrx_word' id='word_1_980' title='bbox 1251 3785 1389 3825; x_wconf 84' lang='lat' dir='ltr'>Idcirco</span> <span class='ocrx_word' id='word_1_981' title='bbox 1409 3782 1539 3821; x_wconf 81' lang='lat' dir='ltr'>dicitur</span> <span class='ocrx_word' id='word_1_982' title='bbox 1552 3781 1588 3818; x_wconf 76' lang='lat' dir='ltr'>in</span> <span class='ocrx_word' id='word_1_983' title='bbox 1601 3777 1806 3828; x_wconf 73' lang='lat' dir='ltr'>proverbio.-</span> <span class='ocrx_word' id='word_1_984' title='bbox 1827 3775 1946 3818; x_wconf 75' lang='lat' dir='ltr'>Venice</span> <span class='ocrx_word' id='word_1_985' title='bbox 1964 3776 2004 3815; x_wconf 73' lang='lat' dir='ltr'>in</span> <span class='ocrx_word' id='word_1_986' title='bbox 2020 3772 2196 3819; x_wconf 67' lang='lat' dir='ltr'>naalon,</span> <span class='ocrx_word' id='word_1_987' title='bbox 2218 3777 2260 3811; x_wconf 69' lang='lat' dir='ltr'>ut</span> 
     </span>
    </p>
   </div>
  </div>
 </body>
</html>
