2540 4016
669 160 1008 215 sxrosrnosrs
1026 159 1089 213 ‘iu
1102 159 1372 217 tannem.
1400 181 1448 206 ω
1470 164 1558 214 ns.
1584 166 1658 214 vn

2184 178 2257 230 Uo

70 254 173 311 cipit,
204 259 267 308 q'ui
283 255 408 298 satem
419 246 661 296 nominaverit
677 254 811 292 nometi
838 246 983 291 nomini
1008 249 1128 291 morte
1146 254 1183 297 A
1197 253 1236 292 et
1249 247 1366 290 occidi
1377 246 1567 300 legistator
1573 251 1772 299 praecepit:
1794 258 1851 291 est
1859 244 2026 299 mm}
2037 251 2258 310 ‘emimegim
2314 270 2329 310 J,

2007 334 2010 335 γ
2308 311 2321 337 ι

70 321 276 362 morietur?
307 314 380 359 Ant
399 310 500 365 cidiis
529 308 584 354 fel
602 311 718 364 gratia
735 306 888 352 omnino,
906 320 1024 362 poenae
1046 314 1131 351 suh·-

70 385 250 430 mittitur,-
276 382 338 431 i1'ui
373 380 536 419 iioiiiinat
578 386 710 416 nomen
744 371 919 414 Domini?
965 368 1131 412 Invenies

71 448 169 486 enim
181 442 309 484 Isaiiiiii
320 439 557 482 eii‘siiltaiiteiil
567 440 606 478 in
617 439 689 478 hoc
697 443 735 476 et
751 435 950 476 dicentem:
965 435 1129 481 Domine,

72 511 171 545 extra
189 516 220 544 te
247 498 355 544 ulium
376 496 561 548 nescimus,
599 507 725 539 nomen
755 502 854 537 tuum
891 497 1128 535 nmntnamus.

72 569 173 614 Quod
190 572 277 615 ergo
296 568 428 604 nomen
453 557 596 601 Domini
613 562 694 610 quis
710 558 916 604 nominans,
936 559 1003 596 sub
1020 556 1134 594 male-

71 629 166 666 dicto
197 630 234 664 et
254 626 322 664 sub‘
343 630 451 674 poena
469 624 599 662 mortis
619 619 801 660 efficitur?
854 613 1042 666 Siquidem
1070 615 1135 654 ail-

71 686 165 737 quod
178 687 296 725 latens
312 689 455 732 hornen,
478 687 619 733 etquod
637 691 705 722 nos
722 684 930 730 ignoramus
951 678 1135 727 legistator

71 761 166 788 nune
192 747 291 793 dicit,
320 746 417 795 quod
441 746 477 784 in
497 747 687 794 Scriptura
721 748 825 782 sacra
845 745 918 779 n‘on
943 745 999 778 est
1021 741 1136 777 mani-

69 810 256 855 festatum,
279 808 460 856 quomodo
475 808 654 856 quispiam
673 806 741 842 h'oc
759 802 924 841 nominet
948 798 1045 847 quod
1062 811 1135 837 non

71 870 211 917 didicit,
240 883 307 909 nec
330 871 376 909 ad
398 867 556 907 medium
580 867 745 915 proferre
766 858 918 912 potest?
957 854 1048 897 Vide
1068 867 1134 897 au-

71 941 144 972 tem
174 935 259 982 quid
295 933 398 971 nobis
423 930 517 969 D'eus
547 941 612 977 per
644 928 791 974 Moysen
821 915 1132 961 manifestaverit:

72 996 227 1043 Cumque
246 987 477 1032 descendisset
495 988 665 1027 Dominus
683 999 746 1034 per
766 987 908 1030 nubem,
937 983 1032 1021 stetit
1057 990 1135 1020 cum

71 1071 110 1095 eo
129 1051 266 1104 Moyses
282 1057 445 1091 invocans
461 1063 586 1088 nomen
603 1049 762 1094 Domini,
779 1051 846 1096 quo
864 1052 1064 1083 transeunte
1079 1056 1136 1081 co-

71 1127 146 1152 rum
166 1127 204 1151 eo
215 1116 278 1159 ait,
299 1110 510 1150 Dominator
526 1111 675 1148 Domine
693 1109 788 1146 Deus
806 1109 1005 1145 misericors
1026 1112 1058 1143 et
1068 1104 1137 1142 cie-

70 1189 165 1215 mens
182 1174 311 1226 (Ea-od.
335 1175 474 1223 xxxiv).
511 1173 589 1211 Non
613 1172 733 1210 autem
766 1172 836 1208 hoc
854 1171 958 1208 nobis
979 1167 1134 1206 manise-
1154 1167 1186 1208 B

71 1246 184 1278 staret
215 1239 242 1275 si
261 1250 327 1276 nos
341 1239 409 1275 hoe
427 1248 498 1274 non
513 1236 701 1273 nominare
724 1233 912 1271 voluisset.
953 1232 1024 1269 Sed
1036 1229 1132 1268 aliud

70 1306 166 1340 nune
180 1312 244 1348 per
261 1300 453 1347 praesentia
468 1295 651 1346 legislator
662 1297 908 1333 demonstrat:
926 1295 1025 1331 illam
1036 1293 1133 1330 enim

69 1359 331 1410 blasphemiam
362 1371 470 1408 quam
511 1356 658 1397 sciendo
687 1359 768 1405 quis
804 1357 1009 1399 committit,
1040 1354 1134 1391 hanc

71 1426 137 1463 sub
151 1435 296 1472 poenam
311 1423 507 1460 maximam
522 1432 603 1459 esse
626 1427 662 1458 et
680 1432 753 1457 non
774 1418 955 1456 venialem
978 1417 1054 1453 vult
1069 1428 1078 1460 ;
1092 1420 1135 1452 et

71 1483 142 1523 hoc
166 1484 253 1523 dicit
273 1490 397 1532 aperte
430 1484 525 1530 quod
546 1483 581 1518 in
611 1478 817 1528 Evangeliis
850 1478 1023 1515 Dominus
1048 1477 1099 1513 ait
1124 1489 1131 1512 ε

75 1549 185 1586 Omne
207 1555 383 1596 peccatum
404 1553 435 1582 et
467 1545 681 1592 blasphemia
699 1543 894 1578 dimittetur
920 1538 1132 1583 hominibus,

73 1610 132 1657 qui
154 1615 270 1644 autem
284 1608 411 1643 dixerit
431 1612 553 1642 contra
569 1603 739 1651 Spiritum
754 1609 914 1638 sanctum
939 1611 1007 1636 non
1021 1599 1135 1635 dimit-

74 1677 166 1707 tetur
179 1672 226 1715 ei,
246 1682 353 1718 neque
376 1670 413 1705 in
429 1669 493 1704 hoc
509 1666 651 1711 saeculo,
676 1676 783 1713 neque
801 1665 838 1700 in
854 1663 971 1710 futuro
989 1661 1133 1709 (ΜαιτΙι.

74 1733 156 1779 xn).
177 1731 445 1777 Blasphemiam
463 1729 620 1775 Spiritus
639 1738 720 1764 eam
743 1736 823 1773 quae
847 1724 883 1762 in
905 1724 1057 1761 scientia
1073 1722 1136 1758 Dei

75 1794 314 1830 committitur
346 1791 610 1836 blasphemiam
644 1788 843 1835 appellans,
883 1786 966 1832 quia
986 1784 1136 1822 scientia

75 1854 209 1891 donum
230 1858 286 1889 est
314 1851 521 1898 specialiter
548 1849 718 1896 Spiritus,
747 1849 797 1884 ita
817 1852 856 1882 ut
889 1844 1022 1882 Paulus
1040 1846 1139 1882 dice-

73 1921 130 1952 ret
152 1927 160 1950 z
179 1912 273 1949 Huic
288 1914 394 1949 datur
406 1913 546 1960 quidem
559 1923 620 1959 per
634 1910 804 1958 Spiritum
813 1920 925 1946 sermo
940 1909 1135 1955 sapientise,

73 1975 136 2012 atii
155 1976 429 2012 sermoscienticc
446 1974 481 2022 (I
496 1974 579 2010 Cor.
596 1972 702 2020 xxii).
731 1972 973 2016 Quamobrem
994 1976 1031 2007 et
1042 1981 1137 2006 nune

74 2038 243 2085 intelligis
266 2037 483 2074 maledicere
501 2036 646 2082 quidem
672 2034 786 2071 Deum
809 2035 871 2081 qui
892 2045 964 2070 non
989 2033 1135 2070 sciendo

1197 312 1439 363 blasphemat,
1458 314 1556 352 sient
1574 313 1687 352 semel
1703 313 1875 413 giximus.
1925 327 1928 330 ·

1198 435 1252 474 De
1260 437 1333 485 leqe
1342 437 1484 476 talionis
1491 437 1716 487 percutientis
1728 443 1790 475 aut
1798 433 2042 486 interficientis
2047 439 2259 491 pfflfimum.

1248 499 1369 549 (lem.)
1401 501 1470 546 Qui
1487 501 1700 550 percusserit
1715 503 1749 538 et
1764 495 1930 539 occiderit
1945 501 2135 552 hominem,
2154 516 2264 552 morte

1199 562 1386 598 moriatur.
1427 562 1497 606 Qui
1523 563 1739 610 percusserit
1764 556 1913 610 animal,
1940 560 2062 603 reddet
2079 567 2261 619 bicarium,

1200 623 1237 658 id
1256 626 1320 668 est,
1338 624 1495 659 animam
1516 634 1580 671 pro
1602 623 1732 661 anima.
1771 622 1842 669 Qua·
1863 625 2071 675 irroqaverii
2086 631 2264 670 maculam

1202 682 1344 720 cuilibet
1361 684 1492 720 civium
1506 691 1674 730 suorum;
1695 685 1784 722 sicut
1803 684 1973 734 secit,sidt
1987 691 2020 725 ei
2037 700 2049 726 .·
2070 690 2267 736 [rdeturam

1201 753 1265 793 pro
1290 745 1631 792 fracturfficcutum
1667 757 1730 794 pro
1758 745 1874 792 oculo,
1904 742 2042 786 dentem
2070 760 2134 798 pro
2166 752 2270 791 dente

1203 807 1376 852 restituet,
1395 807 1535 855 qualem
1567 808 1738 855 inflixerit
1759 808 1949 854 maculam,
1971 809 2076 847 ta'lem
2098 814 2270 852 sustinere

1204 875 1364 916 cogatur.
1390 869 1459 913 Qut
1474 871 1683 916 percusserit
1692 870 1909 917 jumentum,
1921 871 2041 908 reddet
2057 870 2167 910 a'liud.
2201 875 2272 919 Qui

1204 931 1414 976 percusserit
1430 930 1621 975 hominem,
1636 932 1813 978 punietur.
1859 926 1909 968 AE
1912 936 2020 979 quum
2032 933 2211 980 judicium
2226 937 2272 972 sit

1203 988 1296 1026 inter
1318 1003 1391 1035 vos,
1413 992 1482 1027 sive
1499 991 1718 1038 peregrinus,
1745 993 1814 1028 sive
1830 993 1914 1029 civis
1932 996 2163 1041 peccaverint,
2186 997 2272 1044 quia

1205 1062 1266 1097 eqo
1285 1062 1362 1086 sum
1378 1051 1550 1087 Dominus
1565 1048 1662 1087 Deus
1678 1058 1798 1088 vester.
1843 1049 1913 1097 Qui
1934 1060 2143 1101 percusserit
2169 1062 2201 1092 et
2215 1069 2273 1093 oc-

1206 1112 1328 1149 ciderit
1346 1112 1535 1157 hominem,
1553 1113 1629 1150 sive
1641 1114 1840 1151 secundum
1860 1114 1971 1160 LXX,
1993 1114 2053 1163 qui
2064 1119 2274 1164 percusserit

1207 1177 1364 1212 animam
1382 1176 1534 1212 hominis
1556 1183 1668 1213 morte
1689 1178 1879 1214 moriatur.
1914 1178 1961 1214 Et
1997 1179 2078 1226 quis
2114 1179 2271 1218 hominis

1206 1237 1364 1284 percutit
1381 1237 1554 1281 animam,
1577 1238 1647 1274 nisi
1667 1238 1729 1284 qui
1753 1249 1837 1275 eum
1862 1239 2005 1276 illicitat
2039 1238 2085 1278 ad
2111 1241 2275 1289 impieta-

1207 1304 1296 1344 tem,
1318 1300 1379 1345 qui
1399 1311 1481 1336 cuin
1499 1301 1543 1336 ad
1557 1297 1788 1346 blasphemos
1798 1302 1912 1338 trahit
1929 1307 2132 1348 sermones,
2152 1306 2187 1340 in
2196 1305 2276 1351 qui-

1206 1363 1275 1399 bus
1307 1369 1468 1398 merctur
1490 1363 1686 1409 pessimam
1717 1364 1857 1408 peceati
1881 1370 2052 1410 mortem,
2090 1376 2170 1412 quae
2190 1376 2277 1403 vera

1207 1428 1263 1459 est
1277 1434 1376 1459 mors
1393 1424 1545 1459 animae?
1586 1423 1739 1470 Propter
1762 1425 1859 1470 quod
1894 1431 2011 1462 morte
2044 1428 2151 1471 mori,
2180 1429 2277 1466 hunc

1207 1485 1268 1530 qui
1285 1484 1366 1519 talis
1381 1490 1435 1520 est
1451 1485 1636 1531 praecepit.
1671 1485 1738 1522 llic
1754 1488 1876 1522 tam‘en
1895 1487 2050 1523 animam
2070 1488 2194 1525 dicens
2212 1489 2277 1525 ho-

1208 1545 1326 1589 minis,
1346 1545 1538 1582 animalem
1550 1547 1706 1582 maxime
1731 1547 1915 1583 bominem
1933 1547 2032 1591 dicit,
2050 1549 2085 1585 id
2104 1554 2173 1594 est,
2192 1561 2278 1587 eum

1209 1604 1271 1650 qui
1297 1615 1368 1640 non
1382 1611 1500 1650 potest
1518 1605 1719 1653 intelligere
1735 1617 1815 1653 quae
1834 1613 1919 1643 sunt
1940 1607 2110 1654 Spiritus.
2140 1609 2192 1645 De
2205 1621 2278 1656 quo

1209 1667 1260 1704 ait
1280 1667 1413 1704 Paulus
1431 1680 1438 1702 :
1461 1668 1633 1704 Animalis
1652 1675 1767 1704 autem
1781 1670 1884 1705 homo
1907 1681 1974 1705 non
1985 1670 2130 1717 percipit
2145 1682 2186 1707 ea
2197 1683 2277 1718 quce

1208 1736 1288 1766 sunt
1309 1729 1463 1777 Spiritus
1481 1730 1515 1777 (I
1534 1730 1615 1766 Cor.
1633 1731 1688 1779 11).
1713 1731 1874 1768 Stultitia
1889 1732 1986 1768 enim
2001 1738 2057 1768 est
2069 1732 2134 1776 illi,
2151 1739 2188 1770 et
2204 1745 2278 1772 non

1208 1798 1326 1839 potest
1346 1792 1548 1839 intelligere
1564 1793 1648 1839 quia
1669 1794 1882 1840 spiritaliter
1906 1794 2149 1839 exanimatur,
2167 1806 2278 1843 quem

1209 1854 1268 1899 qui
1284 1854 1647 1900 percusserit,morte
1663 1855 1851 1891 moriatur.
1888 1854 1960 1892 Sed
1984 1862 2020 1892 ct
2048 1857 2079 1891 si
2095 1868 2276 1904 percusse-

1210 1914 1255 1949 rit
1276 1913 1409 1949 animul
1425 1940 1435 1957 ,
1465 1914 1630 1950 videlieet
1652 1926 1735 1951 eum
1769 1916 1830 1962 qui
1858 1916 2000 1963 pecoris
2028 1911 2137 1954 modo
2172 1919 2277 1965 vivit,

1210 1976 1254 2012 de
1276 1987 1347 2022 quo
1364 1975 1416 2012 ait
1433 1976 1546 2013 David
1564 1989 1571 2012 :
1597 1976 1713 2013 Homo
1731 1989 1809 2013 cum
1828 1979 2007 2015 inhonore
2022 1987 2109 2016 esset
2133 1992 2202 2018 non
2224 1982 2279 2018 in-

1210 2036 1357 2081 tetteaeit,
1379 2044 1603 2083 comparatus
1630 2045 1678 2074 est
1698 2039 1864 2084 jtimentis
1885 2039 2126 2086 insipientibus
2153 2042 2280 2080 similis

73 2099 314 2146 blasphemat.
356 2097 458 2135 Unde
480 2107 547 2133 nec
574 2097 826 2143 blasphemare
863 2106 946 2132 eum
969 2094 1134 2142 Symma-
1157 2090 1186 2132 C
1208 2097 1322 2143 [actus
1347 2097 1775 2148 estillis(1³sat.xtvn1),
1804 2099 1924 2135 reddet
1943 2101 2130 2145 vicarium,
2156 2102 2192 2138 id
2207 2109 2278 2148 est,

76 2159 180 2204 chus,
203 2160 296 2196 sicut
323 2159 436 2194 silium
455 2157 620 2194 mulieris
639 2156 866 2199 Israelitidis,
885 2154 1046 2202 scripsit,
1079 2154 1142 2190 sed

76 2222 286 2265 (Μινώην-ε,-
314 2221 406 2257 dixit
423 2221 535 2264 enim,
555 2220 658 2256 homo
674 2220 733 2267 qui
755 2213 948 2254 detraaeerit
971 2217 1044 2253 Deo
1062 2228 1139 2252 suo.

76 2284 123 2321 Et
141 2295 205 2331 per
220 2285 288 2320 hoc
303 2284 460 2320 maxime
469 2283 672 2319 ostenditur
690 2282 775 2329 quia
789 2292 854 2328 per
877 2281 1028 2317 nimiam
1043 2280 1143 2326 igno-

78 2345 234 2382 rantiam
257 2355 300 2381 ea
316 2344 360 2380 de
390 2345 465 2381 Deo
488 2354 568 2391 quae
582 2343 626 2380 de
645 2343 792 2379 homine
808 2337 931 2386 habet,
951 2342 987 2377 in
1013 2339 1143 2387 quibus

77 2406 197 2443 locum
229 2406 339 2442 habet
368 2405 558 2449 detractio,
594 2404 740 2448 dicere3
762 2401 1013 2440 verumtamen
1037 2401 1144 2438 etsie

77 2472 267 2514 peceatum
289 2466 433 2514 accipit,
463 2467 548 2513 quia
574 2466 659 2502 dum
678 2465 827 2501 deberet
862 2464 1055 2501 scientiam
1080 2464 1144 2498 lia-

78 2528 180 2572 bere,
198 2539 270 2564 non
291 2529 412 2564 habet.
444 2527 641 2564 Nominare
655 2533 775 2562 autem
793 2536 923 2562 nomen
943 2524 1086 2560 Domini
1107 2524 1145 2558 in

80 2589 328 2625 maledicendo
350 2589 401 2624 ait
421 2599 503 2624 cum
525 2588 587 2633 qui
608 2588 645 2623 in
672 2587 823 2623 scientia
838 2586 1090 2631 blasphemam
1108 2584 1146 2620 hi

82 2656 202 2687 autem
220 2649 363 2696 proprie
372 2649 565 2685 Dominum
586 2647 777 2683 nominant
789 2647 938 2693 quiejus
955 2646 1146 2682 scientiam

81 2713 355 2759 conquisierunt
370 2722 436 2758 per
445 2711 619 2758 Spiritum
632 2722 642 2748 ς
662 2709 776 2746 Nemo
793 2711 885 2747 enim
895 2716 1003 2757 potest
1016 2710 1144 2756 dicere,

80 2774 254 2810 Dominus
270 2774 389 2817 Iesus,
401 2773 703 2819 quemadmodum
717 2772 849 2810 Paulus
859 2773 922 2817 ait,
938 2773 1003 2809 nisi
1019 2774 1055 2809 in
1066 2772 1146 2821 Spi-

82 2837 153 2872 ritu
172 2843 292 2873 sancto
313 2835 346 2883 (Ι
364 2835 445 2872 Cor.
467 2836 547 2882 xu).
580 2835 671 2879 Quia
686 2846 773 2882 ergo
802 2835 957 2871 scientes
981 2834 1146 2880 blasphe-

82 2902 196 2942 mant,
217 2903 315 2933 rectc
331 2903 416 2934 sunt
439 2898 516 2934 sine
539 2896 659 2940 venia,
695 2897 771 2933 sive
797 2907 817 2931 a
847 2896 1011 2942 patribus
1031 2897 1146 2932 scien-

83 2958 173 2995 tiam
208 2959 343 2995 habent
356 2985 365 3002 ,
405 2965 442 2995 et
483 2958 710 3005 appellantur
746 2963 892 3005 propter
928 2958 998 2995 hoc
1031 2958 1142 3002 cives,

83 3020 160 3058 sive
176 3021 283 3057 modo
301 3031 383 3056 eam
417 3020 634 3063 didicerunt,
657 3025 693 3055 et
724 3025 916 3066 propterea
935 3024 1020 3056 sunt
1041 3029 1147 3066 perc-

84 3084 193 3131 grini,
232 3083 323 3119 Cum
359 3083 550 3119 nominant
586 3093 673 3130 ergo
694 3093 827 3119 nomen
850 3083 1007 3126 Domini,
1048 3088 1146 3119 recte

84 3147 302 3190 morientur,
322 3145 358 3182 id
372 3151 440 3189 est,
457 3155 540 3182 cum
555 3146 742 3182 nominant
760 3151 796 3182 et
809 3145 1074 3192 blasphemant.
1090 3145 1149 3181 Vi-

85 3207 150 3245 des
181 3207 278 3244 enim
291 3207 377 3254 quia
399 3211 436 3243 et
451 3207 510 3243 ille
528 3206 735 3243 Israeliticae
755 3206 918 3243 mulieris
934 3206 1042 3250 filius,
1062 3205 1147 3252 quia

85 3269 286 3306 minavit
300 3278 430 3306 nomen
442 3274 479 3305 et
493 3269 770 3315 blasphemavit,
781 3279 928 3315 poenam
946 3269 1013 3306 sibi
1023 3277 1148 3315 super-

87 3329 259 3368 induxit?
295 3331 365 3368 Sed
390 3337 427 3368 et
450 3332 488 3368 in
510 3333 580 3368 hae
601 3332 789 3369 sanctione
800 3333 871 3369 hoc
891 3333 988 3379 quod
1004 3332 1147 3368 videtur

60 3406 70 3409 ”
89 3391 390 3439 Μυω,ΑφιίΙιι
406 3393 690 3440 planiusedidit3
704 3394 756 3431 ait
769 3394 867 3430 enim
889 3405 896 3430 :
931 3392 993 3429 Vir
1005 3391 1147 3440 quando

93 3449 376 3499 flammaverit
398 3453 649 3500 Deummmm,
677 3460 712 3492 et
741 3454 913 3502 acceperit
927 3454 1148 3501 iniquitatem

93 3511 181 3558 dui
198 3521 234 3561 Q
247 3516 478 3555 denominans
502 3528 628 3556 nomen
653 3518 814 3562 Domini,
833 3523 946 3554 morte
960 3517 1146 3554 moriatur.

93 3571 284 3615 hm
298 3579 497 3624 nominum,
508 3579 577 3616 sed
588 3579 832 3625 denommans,
851 3583 893 3616 ut
905 3579 1002 3615 hune
1014 3578 1059 3614 de
1075 3586 1147 3623 quo

95 3640 343 3692 mium»
354 3644 430 3684 eet*
462 3639 573 3678 simu}
598 3640 852 3688 blasphemare
887 3645 925 3678 et
960 3638 1149 3687 nominare

95 3693 534 3747 fflfflnpm
549 3701 614 3750 qni
623 3701 854 3750 blasphemat
865 3702 1076 3746 examinat
1086 3710 1151 3738 no-

97 3753 751 3811 ”mummium
772 3763 965 3814 (ait-enm
985 3762 1148 3803 Paulus-2

97 3814 271 3858 Dominus
284 3820 530 3870 cummium
557 3829 611 3866 est
624 3824 685 3872 [11
703 3823 902 3875 Gor-1111),
937 3825 1037 3868 hunc
1054 3826 1150 3868 mori

74 3932 159 3940 *-·
1138 3918 1155 3929 v·

1211 2159 1372 2194 animam
1391 2170 1458 2206 pro
1473 2159 1607 2195 anima.
1650 2159 1724 2195 Nec
1739 2159 1837 2196 enim
1859 2160 1943 2206 quia
1965 2168 2193 2207 peccatorem
2216 2169 2280 2200 aut

1210 2219 1435 2267 popularem,
1457 2223 1493 2262 et
1513 2232 1583 2258 non
1616 2222 1810 2258 habentem
1831 2221 2088 2260 discretionem
2110 2226 2281 2263 subtilem

1212 2283 1256 2319 de
1288 2283 1375 2327 Deo,
1403 2293 1527 2320 errare
1553 2283 1652 2327 feeit,
1675 2283 1779 2319 venia
1799 2284 1948 2320 omnino
1980 2286 2108 2332 dignus
2145 2293 2213 2331 est,
2250 2289 2283 2325 si

1214 2350 1335 2380 autem
1357 2355 1431 2380 non
1466 2344 1520 2380 sic
1552 2345 1776 2391 percusserit
1796 2351 1835 2381 ut
1867 2346 2026 2392 perfecte
2045 2357 2128 2383 eum
2147 2348 2193 2383 ad
2212 2349 2279 2386 im-

1212 2406 1388 2452 pietatem
1406 2406 1637 2451 perduecret,
1656 2410 1692 2441 et
1716 2412 1859 2442 ex‘toto
1891 2417 1974 2442 eum
1994 2418 2119 2444 errare
2140 2409 2280 2448 taceret

1214 2477 1235 2502 a
1261 2467 1348 2511 Deo,
1372 2467 1521 2503 omnino
1560 2473 1683 2503 autem
1706 2468 1872 2514 quaedam
1895 2469 1929 2504 ei
1950 2468 2083 2507 dixerit
2115 2477 2178 2507 aut
2197 2483 2279 2519 ege-

1214 2527 1295 2569 rit,
1334 2534 1371 2562 et
1405 2526 1587 2562 maculam
1621 2528 1763 2572 peceati
1796 2528 2043 2574 irrogaverit,
2077 2533 2279 2571 secundum

1217 2588 1283 2623 hoc
1302 2592 1340 2623 et
1358 2596 1504 2633 poenam
1524 2587 1731 2623 sustinebit.
1765 2587 1827 2623 Ait
1847 2589 1945 2625 enim
1967 2598 1977 2625 t
2014 2590 2084 2633 Qui
2104 2592 2279 2639 irrogave-

1215 2649 1259 2684 rit
1277 2648 1453 2685 maculam
1474 2648 1615 2685 cuilibet
1632 2650 1758 2684 civium
1775 2661 1920 2686 suorum
1938 2662 1950 2694 ;
1976 2651 2067 2687 sicut
2097 2652 2190 2698 fecit,
2216 2655 2281 2700 liat

1213 2710 1246 2745 ei
1265 2720 1278 2744 .·
1301 2710 1498 2756 fracturam
1512 2721 1576 2757 pro
1600 2710 1773 2756 fractura,
1793 2710 1870 2746 sive
1895 2716 1936 2745 ut
1965 2701 2077 2756 LXX,
2104 2714 2282 2752 contritio·

1215 2781 1293 2806 nem
1327 2782 1390 2817 pro
1413 2771 1633 2815 contritione,
1670 2770 1886 2819 oculumpro
1908 2772 2023 2816 oculo,
2051 2773 2187 2811 dentem
2218 2788 2281 2823 pro

1215 2835 1328 2871 dente.
1367 2834 1451 2872 Sive
1470 2836 1566 2872 enim
1587 2836 1759 2873 virtutem
1790 2847 1898 2884 quam
1919 2838 2043 2874 habuit
2079 2840 2170 2877 civis
2205 2842 2282 2879 sive

1213 2899 1416 2945 proximus,
1437 2899 1498 2936 iile
1520 2899 1616 2936 mala
1634 2900 1780 2944 docens,
1802 2906 1865 2937 aut
1895 2902 2066 2947 suadens,
2090 2908 2152 2939 aut
2173 2914 2280 2941 sean-

1216 2961 1392 3006 dalizans,
1415 2968 1478 2998 aut
1509 2963 1719 3006 detrahens,
1741 2968 1804 2999 aut
1838 2964 2064 3001 calumnians
2096 2967 2280 3011 contrivit,

1216 3024 1293 3061 sive
1311 3024 1454 3061 oculum
1480 3024 1571 3070 eius,
1603 3025 1773 3062 videlicet
1789 3026 1991 3071 scientiam,
2013 3038 2122 3064 unum
2142 3029 2280 3075 quodli-

1215 3087 1278 3123 bet
1292 3087 1550 3133 praedictorum
1569 3098 1693 3135 agens,
1713 3089 1876 3131 caecavit,
1898 3094 1960 3125 aut
1980 3089 2140 3133 dentem,
2161 3090 2279 3125 virtu-

1217 3153 1290 3183 tem
1311 3150 1506 3185 verborum
1534 3150 1738 3186 excusserit
1767 3149 1910 3196 (dentes
1938 3150 2034 3184 enim
2070 3158 2136 3194 pro
2160 3149 2280 3187 verbis

1219 3207 1408 3255 Scriptura
1427 3211 1593 3257 accipere
1629 3210 1736 3253 solet,
1770 3209 1866 3254 quod
1899 3210 2058 3245 ostendit
2087 3209 2202 3245 David
2226 3209 2279 3246 di·-

1218 3279 1304 3307 cens
1322 3282 1331 3305 :
1359 3270 1446 3307 Filii
1462 3271 1656 3314 hominum,
1680 3271 1799 3306 dentes
1822 3279 1943 3305 eorum
1959 3279 2060 3304 arma
2075 3275 2108 3305 et
2122 3270 2275 3317 saqittoe,

1216 3337 1250 3368 et
1262 3331 1388 3379 linqua
1407 3343 1528 3368 eorum
1545 3332 1709 3368 mcwheru
1726 3336 1831 3366 acuta
1852 3328 1967 3376 [Psal.
1984 3327 2080 3375 ινι];
2109 3329 2152 3366 de
2173 3329 2278 3367 Chri-

1216 3398 1274 3431 sto
1307 3393 1420 3430 Jacob
1443 3392 1651 3439 patriarcha
1692 3391 1729 3427 in
1760 3389 2073 3427 benedictionibus
2101 3390 2275 3429 dicebat:

1216 3453 1446 3490 Pulchriores
1462 3459 1543 3490 sunt
1560 3451 1653 3488 osuii
1676 3451 1754 3498 ejus
1777 3451 1870 3495 vino,
1899 3456 1933 3488 et
1951 3451 2071 3488 dentes
2087 3451 2178 3490 lacte
2194 3465 2278 3490 can-

1217 3515 1371 3551 didiores
1389 3513 1494 3562 [Gen.
1513 3511 1629 3559 xcixJ,
1651 3511 1740 3548 clari
1759 3511 1856 3548 enim
1870 3518 1907 3549 et
1940 3513 2058 3560 aperti
2077 3514 2277 3560 evangelici

1217 3577 1353 3614 Christi
1370 3585 1559 3615 sermones
1579 3580 1663 3611 sunt
1681 3584 1789 3621 super
1813 3574 1869 3611 lae
1886 3574 2044 3624 legate„
2071 3576 2279 3613 necessario

1216 3649 1303 3686 ergo
1321 3647 1447 3675 eorum
1464 3645 1544 3684 quae
1557 3636 1656 3673 dicta
1676 3641 1762 3672 sunt
1789 3635 1926 3683 aliquid
1958 3646 2095 3681 noem
2122 3636 2279 3675 sintilen

1216 3706 1254 3739 et
1273 3701 1351 3747 ipse
1358 3697 1515 3738 sustinet
1533 3696 1726 3742 maculam,
1742 3696 1780 3733 in
1793 3695 1936 3742 incido
1949 3695 2120 3734 videlicet
2137 3695 2275 3738 fumo.

1218 3762 1259 3800 Si
1271 3762 1371 3799 enim
1387 3759 1540 3799 alterius
1553 3757 1682 3795 virtuti
1710 3757 1848 3802 nocuit,
1866 3761 1931 3794 ait
1956 3756 2144 3803 contrivit,
2163 3756 2278 3804 ipsius

1219 3827 1452 3871 conteretur,
1484 3820 1517 3863 si
1536 3820 1740 3880 ⁸wiennam
1762 3818 1992 3868 obscuravit,
2016 3817 2096 3868 eius
2111 3816 2280 3875 *scicntia

1204 3924 1270 3936 ,νὴ
1295 3920 1337 3932 ,u-
