2540 4016
637 185 872 229 Com·
897 185 946 226 m
966 185 1141 227 mauu
1163 185 1320 228 WB.
1341 206 1390 218 --
1409 189 1496 230 1⁴18.
1519 191 1577 231 U.

47 246 50 252 ,
99 279 101 282 ⁴
120 269 411 315 emmennone
421 269 593 307 virtutem
605 264 659 302 rei
678 262 860 309 possimus
873 261 1079 307 diligentius
1093 263 1128 306 Α
1145 268 1259 299 recta.
1278 263 1353 311 Ego
1372 269 1506 308 autem,
1525 266 1563 302 in
1586 268 1760 312 quantum
1777 264 1823 303 aa
1837 267 2036 312 mmm
2061 281 2180 311 mam

87 344 90 346 ·
130 360 137 368 .
153 333 312 374 endere,
328 329 418 367 mihi
439 327 587 374 quictem
600 332 646 362 ex
664 323 722 363 his
738 321 909 362 omnibus
928 319 986 356 vel
1011 314 1084 357 evi-⁸

44 379 47 411 1
130 395 247 434 adhuc
263 400 391 429 seusus
426 389 473 429 ad
501 385 678 432 liquidum
702 389 829 430 patere
848 391 922 421 non
950 382 1081 428 potuit,

43 453 47 466 ¹
92 453 217 493 *onam
238 451 283 491 de
296 460 336 491 re
353 452 458 488 tanta
473 445 686 485 enuntiandi
704 441 956 489 etproferendi
970 442 1083 479 animi

74 520 148 564 'tus
162 511 305 548 insedit.
323 502 424 545 'Illud
440 512 574 549 autem.
606 506 645 541 in
663 510 837 550 quantum
853 513 912 539 res
929 501 1081 549 patitur,

43 595 58 615 «,,
73 573 223 620 tigisse
254 570 425 613 sufficiet,
458 568 553 615 quod
583 566 685 602 nobis
718 566 762 600 ab
794 563 965 610 apostolis
1002 572 1082 598 sors

51 639 136 680 eta
158 632 341 679 designat;
373 629 456 675 quia
482 627 544 663 ubi
565 626 634 662 fide
662 626 803 671 integra
835 635 877 661 ac
917 624 1082 662 oratione

14 682 100 746 3252:
116 693 215 733 u‘ssa
242 702 320 733 sors
338 691 487 733 dieitur,
519 700 562 725 ea
578 699 659 734 quae
689 688 751 724 Dei
778 687 947 723 voluntas
966 686 1082 722 eonti-

57 765 66 774 ’·
106 757 143 793 in
159 755 301 793 occulto
320 764 399 790 sors
418 752 623 790 hominibus
644 750 801 786 declarat
822 749 859 783 in
874 747 1078 783 manifesto.

12 804 28 865 ⁷„
40 825 49 846 ἰ
102 819 236 855 undum
253 816 462 853 interiorem
492 824 578 849 vero
593 812 826 852 intellectum,
843 810 936 845 sicut
950 808 1082 844 Paulus

13 893 21 912 ·.
75 883 170 915 ·etur
188 877 349 914 indicare
364 885 446 911 cum
466 874 551 909 dicit
571 887 579 909 2
608 884 620 906 ‹
642 873 681 908 In
697 878 798 918 parte
813 870 922 906 sortis
936 874 1080 904 saneto-

12 939 159 1001 min
179 937 326 978 lumine,
357 940 393 973 et
412 938 511 971 sorte
530 933 667 969 vocatis
686 932 723 966 in
742 931 900 973 Christo,
925 942 938 962 ι
959 928 1082 964 viden-

12 1007 22 1046 Γ,
39 999 67 1022 1‘
87 1011 105 1030 ιι
134 1004 189 1033 est
205 1008 251 1033 ne
270 997 363 1032 forte
389 1004 460 1032 non
489 993 604 1029 solum
619 990 824 1027 hominibus
839 987 902 1023 sed
922 994 958 1023 et
973 987 1008 1022 in
1027 999 1082 1023 su-

11 1052 46 1107 ’ξι
63 1059 151 1096 rnis
166 1057 359 1095 virtutibus
371 1065 450 1090 sors
465 1054 603 1099 agitur3
622 1057 658 1086 ct
673 1049 862 1096 praesideat
883 1049 1001 1095 aliqua
1012 1049 1082 1084 vir-

14 1167 33 1170 .,
101 1120 184 1160 huic
203 1117 333 1159 officio,
349 1125 428 1161 quae
444 1114 545 1150 verbi
564 1122 673 1149 causa
688 1111 772 1146 Jesu
794 1111 865 1146 lilio
879 1109 975 1146 Nave
986 1121 1082 1146 nune

14 1175 380 1235 *sorte-haereditatem
396 1176 645 1217 distribuendi,
657 1185 726 1210 non
745 1174 900 1219 aliquam
910 1173 1077 1218 gratiam,

15 1247 92 1287 sod
109 1244 305 1282 seeundum
325 1242 393 1277 boe
414 1241 510 1286 quod
528 1239 596 1275 scit
625 1239 767 1284 placere
787 1237 872 1279 Deo,
911 1237 1082 1272 ducatum

14 1100 88 1170 ε,

79 1307 185 1343 beat
207 1304 333 1345 sortis,
369 1307 405 1338 et
439 1301 488 1337 illi
512 1300 655 1346 quidem
687 1298 795 1333 faciat
827 1297 971 1332 evenire
1003 1305 1081 1340 quae

15 1370 143 1420 ”rima
161 1371 256 1409 sunt,
278 1376 383 1411 quem
410 1364 478 1400 scit
506 1362 599 1408 apud
632 1360 821 1396 Dominum
850 1358 1006 1403 primum
1026 1357 1080 1392 lo-

12 1434 50 1461 f
75 1442 109 1469 m
132 1437 267 1472 tenere,
288 1435 327 1464 ut
341 1429 410 1464 hoe
430 1426 526 1471 quod
547 1425 583 1459 in
597 1423 747 1459 occultis
762 1420 856 1466 apud
878 1421 989 1454 Deum
1019 1419 1080 1453 ha-

10 1469 23 1512 ?
41 1511 43 1515 >
62 1498 143 1533 tur,
166 1491 273 1526 sortis
292 1487 551 1535 gubernatione
567 1486 676 1522 etiam
694 1482 899 1518 hominibus
929 1480 1078 1515 demon-

11 1744 129 1775 ·mum
148 1733 357 1770 meritorum
381 1730 682 1776 contemplatione
711 1728 952 1773 distinguitur,
973 1726 1082 1761 etiam

15 1794 92 1833 iilo
115 1801 277 1840 tempore
296 1792 490 1834 habeatur;
518 1801 599 1826 cum
619 1789 786 1825 dividerit
808 1788 978 1824 Excelsus
994 1797 1081 1832 gen-

19 1861 115 1898 us,
139 1860 176 1891 et
207 1852 495 1891 disseminaverit
527 1852 619 1887 filios
654 1851 768 1886 Adam
798 1849 918 1898 (Dent.
950 1846 1079 1894 xxxii),

15 1919 68 1958 fl
85 1913 312 1951 constituerit
335 1912 429 1948 lilios
463 1912 623 1957 gentium
662 1909 857 1946 secundum
894 1917 1083 1944 numerum

20 1978 239 2026 angelorum
258 1975 344 2018 Dei;
362 1980 398 2010 et
414 1974 507 2009 facta
531 1980 586 2008 est
600 1973 718 2018 portio
732 1971 872 2006 Domini
887 1969 1011 2011 Jacob,
1031 1969 1085 2004 sn-

19 2039 171 2085 mulus
186 2037 408 2075 haereditatis
423 2034 500 2079 ejus
516 2034 636 2070 lsrael.
664 2032 769 2067 Vides
784 2041 868 2076 ergo
881 2035 917 2065 et
934 2030 992 2066 hic
1006 2039 1085 2074 par-

44 2114 82 2133 ml
122 2104 158 2136 et
188 2098 386 2135 funiculum
423 2095 565 2131 Domini
598 2094 707 2130 Israel
726 2093 908 2129 dicitesse
935 2096 1082 2127 sortem.

21 2160 133 2201 Ulmo
148 2170 235 2206 ergo
267 2158 417 2194 fortuito
442 2155 691 2191 arbitrandum
720 2154 863 2189 venisse
884 2158 1016 2188 sortem
1036 2151 1086 2187 illi

18 2223 176 2272 “uidem
200 2221 328 2266 angelo
346 2224 489 2265 gentem
507 2217 602 2253 illam
619 2216 812 2260 suscipere,
853 2213 953 2250 verbi
971 2213 1087 2259 gratia

20 2282 304 2331 OEfflptiorum:
328 2281 390 2317 alii
414 2285 533 2315 autem
556 2278 697 2324 angelo,
719 2277 970 2317 idumaeorum,
990 2275 1087 2310 Moa-

21 2341 213 2386 ffitarum;
238 2341 349 2378 etalii
369 2340 504 2376 Indiam
519 2338 573 2374 vel
593 2346 883 2382 unamquamque
905 2336 1087 2371 nationem

18 2415 158 2444 mrum
176 2414 255 2449 quoe
275 2407 359 2439 sunt
383 2411 492 2447 super
523 2405 668 2435 terram.
713 2397 783 2433 Sed
804 2403 839 2432 ct
872 2396 919 2431 ibi
944 2396 1086 2432 etiamsi

22 2465 231 2507 meandum
263 2470 454 2498 numerum
484 2460 692 2506 angelorum
712 2459 773 2494 Dei
798 2458 964 2494 dicantur
990 2463 1088 2493 sorte

19 2529 159 2576 fientes
182 2526 260 2561 istae
282 2523 417 2564 divisae,
436 2527 555 2557 tamen
580 2520 640 2555 illa
659 2530 750 2561 sors,
767 2519 859 2554 sicut
879 2518 913 2552 in
934 2517 1088 2553 bomini-

20 2583 286 2628 munimus,
307 2585 391 2630 qula
414 2583 475 2619 Dei
493 2581 668 2626 judicium
690 2580 784 2625 quod
806 2580 841 2614 in
870 2579 1013 2626 ¹occulto
1033 2584 1088 2614 est

19 2658 113 2698 *rs
126 2648 250 2695 pandit
265 2647 300 2682 in
321 2643 476 2691 publiffl,
513 2642 562 2677 ita
591 2641 701 2675 etiam
721 2640 767 2674 ibi
786 2639 901 2674 fuisse
939 2639 1089 2674 creden-

21 2710 121 2752 tdum
136 2715 202 2753 est,
218 2714 258 2745 ut
269 2718 334 2754 pro
349 2707 477 2742 merito
492 2710 527 2740 et
546 2704 679 2740 virtute
707 2703 954 2747 unusquisque
980 2710 1089 2748 ange-

22 2771 93 2812 ths
109 2773 218 2808 etiam
231 2776 267 2806 et
287 2770 382 2806 illam
398 2773 541 2814 gentem
577 2767 612 2801 in
631 2765 842 2801 divisionem
878 2763 1085 2809 susciperet.

21 2832 83 2874 'Et
96 2827 180 2879 quid
196 2833 274 2868 dieo
286 2831 330 2866 de
341 2829 479 2876 magnis
501 2834 537 2864 et
555 2827 598 2863 de
613 2826 842 2873 generalibus
868 2826 986 2868 rebus,
1007 2835 1089 2861 cum

23 2903 85 2938 tue
100 2905 165 2942 per
183 2892 343 2939 singulos
362 2889 505 2937 quidem
524 2894 699 2930 nostrum,
724 2887 858 2932 absque
888 2884 1089 2932 hujusmodi

24 3021 117 3067 καὶ)
148 3018 254 3057 Verbi
288 3027 408 3059 eausa,
441 3020 478 3050 ut
499 3015 591 3050 alius
618 3012 762 3059 quidem
797 3015 959 3048 nostrum
985 3009 1090 3045 talem

23 3071 56 3120 θ’
82 3082 96 3117 l
118 3081 226 3117 talem
262 3076 373 3114 vitam
394 3076 556 3113 novitate
585 3064 754 3117 sortitur3
781 3072 837 3108 vel
870 3076 969 3108 certo
1004 3069 1091 3106 illud

90 3143 232 3187 oderga
251 3138 415 3175 homines
446 3136 522 3183 geri
551 3145 596 3170 ex
622 3132 821 3179 Scripturis
843 3131 976 3167 sanctis
1001 3139 1094 3175 saepe

14 3238 19 3242 ,
112 3203 251 3245 nimus,
284 3199 380 3246 quod
411 3203 448 3234 et
477 3197 563 3232 boni
595 3195 711 3242 angeli
741 3194 859 3230 adsint
875 3191 1093 3234 bominibus,

12 3254 32 3285 ·.²
96 3259 273 3298 contrarii
283 3270 296 3304 3·
313 3258 408 3305 quod
428 3257 553 3302 utique
580 3255 731 3291 fortuito
746 3259 783 3289 et
796 3254 933 3298 absque
960 3250 1096 3297 judicio

14 3333 21 3371 j-
44 3338 45 3342 ’
80 3328 95 3359 t
122 3321 182 3358 ille
199 3320 347 3368 angelus
365 3319 463 3355 illius
497 3316 640 3359 animae,
656 3315 756 3351 verbi
788 3324 911 3356 eausa,
935 3317 971 3348 et
1001 3310 1101 3346 Petri

114 3387 170 3420 tos
192 3380 345 3418 formitu
364 3379 425 3422 sit,
455 3383 491 3414 et
521 3377 612 3413 alius
638 3375 753 3418 Pauli,
781 3374 839 3411 vel
869 3373 961 3408 alins
994 3371 1102 3407 unius

88 3443 197 3480 rantis
233 3442 280 3479 de
302 3439 478 3483 Ecclesia,
511 3439 556 3475 de
584 3447 738 3484 quorum
765 3435 900 3482 angelis
920 3433 1007 3470 dicit
1032 3431 1103 3467 Do—

111 3508 172 3540 us
207 3514 222 3537 ι
243 3502 330 3548 quia
361 3505 505 3545 semper
525 3499 648 3535 vident
674 3497 806 3534 faciem
835 3493 954 3530 Patris
980 3492 1040 3538 qui
1062 3491 1101 3526 in

117 3602 120 3604 .
180 3565 238 3600 σοί
268 3561 367 3610 (Act.
393 3571 443 3596 ιιι
464 3564 501 3603 );
526 3570 539 3593 n
563 3559 608 3596 de
631 3558 763 3606 quitata
786 3555 907 3600 utique
935 3550 1101 3588 dubitan-

153 3627 303 3660 nmest
328 3621 426 3669 quod
438 3620 578 3666 jndicio
604 3619 686 3663 Dei,
716 3618 779 3664 qui
798 3615 856 3652 ve}
877 3613 1020 3650 illorum
1046 3610 1100 3646 di-

101 3685 110 3695 ‘
151 3689 188 3723 fl
209 3684 268 3722 voi
284 3688 418 3720 nutrae
441 3682 572 3719 animm
600 3679 739 3725 amuis}
753 3675 938 3724 perspicit,
955 3675 992 3708 et
1011 3679 1101 3716 quan

117 3749 193 3782 tun
218 3742 506 3789 tamenin-quo
520 3744 686 3778 nostru-
713 3742 751 3774 et
775 3733 978 3773 custodiam
998 3728 1104 3767 sorti-

136 3805 347 3849 ψῃ
515 3793 954 3844 '.m..¹..'.
1048 3788 1103 3829 ὁ..

23 2962 136 2999 {mrte
153 2965 232 3002 quae
250 2954 311 2989 Dei
323 2952 459 2997 judicio
476 2950 714 2996 dispensatur,
743 2946 888 2984 evenire
901 2945 1091 2982 dicendum
1109 2965 1144 3004 D

1147 329 1301 368 spectat,
1329 329 1416 370 puto
1443 325 1616 363 audenter
1634 324 1824 364 &cendum
1841 325 1952 363 etiam
1968 328 2012 372 de
2026 331 2084 369 bis
2106 333 2180 370 vir-

1147 383 1285 422 tutibus
1312 395 1392 430 quae
1419 386 1542 423 mundi
1572 385 1680 432 baius
1705 385 1904 422 ministeria
1937 396 2180 438 susceperunt,

1148 443 1244 490 quod
1257 452 1329 478 non
1346 443 1497 481 fortuitu
1514 445 1572 482 vel
1587 455 1675 482 casu
1698 445 1759 481 illa
1780 444 1896 482 virtus
1910 445 1967 480 vel
1994 446 2055 483 illa
2079 453 2184 487 terra

1149 505 1333 545 laboribus
1354 511 1391 541 et
1409 507 1729 552 germinationibus
1755 506 1880 552 prosit,
1902 506 1963 542 illa
1980 506 2108 544 toruus
2122 508 2189 544 ssu-

1149 566 1284 605 mittum
1310 564 1447 601 fluenta
1464 565 1682 603 sufficienter
1711 566 1893 611 exhibeat,
1920 567 1990 602 alia
2006 567 2187 612 imbrium,

1150 626 1218 665 alia
1232 631 1433 669 ventorum,
1461 626 1531 661 alia
1554 627 1718 670 marinis,
1737 626 1806 662 alia
1824 631 1944 662 autem
1963 626 2189 662 terrestribus

1150 688 1364 724 animalibus
1393 687 1542 735 singulis
1564 688 1763 734 quibusque
1790 698 1810 722 a
1837 693 1934 724 terra
1965 687 2191 733 gignentibus

1148 748 1271 793 praesit
1289 760 1298 782 :
1321 753 1358 783 et
1371 757 1451 783 esse
1469 748 1504 782 in
1523 748 1580 784 his
1593 748 1742 794 singulis
1759 753 1982 784 sacramenta
2001 747 2191 783 ineffabilia

1149 808 1278 845 divinae
1297 809 1587 854 dispensationis,
1611 814 1648 844 ut
1665 809 1779 844 ordini
1804 818 1868 844 suo
1893 813 2023 845 cuncta
2039 813 2074 845 et
2093 818 2191 842 com-

1149 869 1285 914 petenti
1312 879 1377 914 per
1415 880 1741 917 unamquamquam
1776 869 1944 904 virtutem
1980 868 2192 904 dirimantur

1149 928 1278 964 officio.
1299 928 1359 964 Sic
1373 930 1467 964 enim
1488 936 1523 964 et
1549 929 1739 975 Apostolus
1763 928 1849 964 dicit
1866 941 1874 964 :
1898 941 1909 961 ι
1929 927 2051 963 Nonne
2067 938 2191 963 omncs

1150 989 1397 1024 ministratorii
1430 994 1512 1024 sunt
1545 990 1712 1034 spiritus,
1748 989 1785 1027 in
1822 988 2057 1023 ministerium
2090 987 2191 1023 missi

1150 1055 1296 1097 propt-er
1306 1059 1367 1084 eos
1382 1050 1441 1094 qui
1455 1049 1701 1085 haereditatem
1716 1049 1862 1094 capiunt
1875 1048 2020 1084 salutis?
2036 1061 2046 1081 ι
2065 1046 2113 1093 <11
2117 1047 2189 1082 ebr.

1151 1109 1204 1155 1.)
1241 1109 1295 1143 Ad
1330 1109 1458 1143 borum
1492 1108 1599 1153 igitur
1623 1108 1859 1142 imitationem
1894 1106 2107 1142 credendum
2138 1112 2193 1141 cst

1101 1168 1133 1206 Β
1151 1169 1260 1204 etiam
1290 1168 1346 1203 his
1374 1167 1642 1212 Scripturarum
1668 1167 1882 1202 auctoritate
1902 1165 2034 1200 referre
2065 1171 2191 1207 sortes,

1149 1233 1185 1264 et
1211 1229 1291 1265 duci
1311 1239 1373 1274 per
1388 1227 1510 1264 Jesum
1531 1227 1790 1269 haereditatem,
1822 1232 1859 1262 et
1878 1222 1942 1272 p'er
1958 1235 2186 1270 unamquam-

1149 1301 1218 1335 que
1250 1289 1380 1324 tribum
1415 1289 1534 1324 divina
1565 1288 1829 1334 dispensatione
1859 1285 2030 1327 decerni3
2064 1291 2099 1319 et
2131 1296 2195 1330 per

1149 1349 1362 1385 ineffabilem
1394 1349 1653 1393 providentiam
1684 1348 1746 1383 Dei
1775 1358 1795 1382 a
1821 1345 2054 1392 praesentibus
2082 1345 2194 1380 iubis

1148 1412 1305 1447 sortibus
1340 1410 1558 1452 adumbrari,
1593 1410 1721 1444 suturae
1753 1407 1973 1444 baereditatis
1998 1406 2112 1452 portio
2131 1415 2191 1440 ex-

1147 1474 1299 1519 pleatur.
1329 1472 1503 1516 Quoniam
1530 1471 1674 1516 quidem
1700 1470 1757 1506 lex
1785 1470 1948 1504 umbram
1974 1468 2103 1503 dicitur
2131 1467 2194 1502 ha-

1147 1534 1232 1569 bere
1260 1533 1461 1568 futurorum
1487 1533 1677 1574 bonorum,
1708 1537 1744 1567 et
1770 1531 1861 1566 sieut
1889 1530 1974 1565 dicit
2003 1528 2191 1574 Apostolus

1150 1597 1192 1632 de
1211 1596 1268 1632 bis
1284 1596 1343 1642 qui
1373 1596 1416 1630 ad
1437 1595 1626 1630 Dominum
1647 1593 1766 1629 Jesum
1795 1592 1977 1628 Christum
2004 1594 2191 1632 venerunt,

1149 1657 1233 1702 quia
1268 1669 1279 1690 ι
1304 1655 1506 1691 accessistis
1539 1655 1583 1689 ad
1618 1653 1701 1689 Sion
1736 1660 1908 1694 montem,
1945 1657 1981 1686 et
2015 1650 2194 1686 civitatem

1150 1718 1214 1754 Dei
1231 1717 1382 1753 viventis
1401 1716 1598 1752 Jerusalem
1628 1715 1810 1751 coelestem
1841 1713 1970 1760 (Ilebr.
1992 1711 2078 1757 xn).
2101 1725 2112 1745 i
2133 1711 2196 1747 Est

1151 1781 1268 1826 aliqua
1303 1781 1340 1814 in
1373 1779 1473 1814 coelis
1501 1779 1629 1814 civitas
1662 1787 1740 1823 quae
1769 1776 1899 1812 dieitur
1935 1773 2129 1809 Jerusalem
2159 1777 2196 1808 et

1151 1851 1254 1876 mons
1269 1840 1368 1875 Sion.
1389 1840 1466 1875 Non
1488 1844 1542 1875 est
1558 1839 1679 1884 utique
1701 1839 1767 1872 boe
1782 1837 1859 1872 sine
1876 1846 1983 1870 causa
2001 1833 2093 1879 qno-tl
2107 1833 2195 1867 Ben-

1147 1900 1261 1946 jamin
1294 1901 1329 1935 in
1360 1906 1456 1935 sorte
1488 1910 1551 1935 sua
1584 1898 1722 1944 accepit
1754 1896 1951 1932 Jerusalem
1977 1901 2013 1930 ct
2038 1899 2194 1929 montem

1153 1961 1253 1996 Sion.
1272 1960 1362 2004 Quia
1389 1960 1545 1996 coelestis
1574 1959 1670 1994 illius
1698 1957 1896 1993 Jerusalem
1925 1956 2016 1992 ratio
2036 1955 2112 1991 sine
2132 1954 2195 1989 du-

1152 2023 1212 2058 bio
1244 2023 1311 2057 boe
1335 2022 1513 2068 exigebat,
1543 2026 1581 2055 ut
1596 2020 1673 2065 jam
1693 2019 1810 2064 aliqua
1833 2017 2015 2063 Beniamin
2039 2016 2117 2052 dari
2136 2015 2196 2050 de-

1153 2085 1253 2120 beret
1270 2083 1468 2119 Jerusalem
1496 2082 1692 2123 terrestriS‚
1717 2091 1795 2126 quac
1820 2080 1914 2114 illius
1936 2077 2091 2114 cut-lestis
2109 2076 2197 2122 ligu-

1155 2157 1232 2182 ram
1258 2151 1377 2182 servat
1410 2154 1453 2179 ac
1482 2144 1647 2178 sormam.
1671 2141 1843 2177 Similiter
1873 2145 1991 2175 autem
2012 2138 2055 2174 de
2073 2136 2199 2180 Benja-

1154 2208 1230 2243 min
1248 2205 1436 2242 dicendum
1452 2209 1508 2240 cst
1525 2203 1619 2249 quod
1638 2207 1738 2238 certa
1756 2202 1873 2246 aliqua
1892 2199 2029 2235 ratione
2047 2199 2082 2233 in
2101 2197 2198 2234 Judae

1155 2275 1288 2305 sortem
1307 2268 1526 2308 decernitur,
1551 2266 1604 2301 vel
1626 2263 1783 2306 Hebron,
1804 2263 1860 2298 vel
1886 2262 1964 2297 aliae
1981 2259 2127 2305 singulae
2150 2258 2200 2294 ci-

1155 2333 1284 2367 vitates
1318 2329 1465 2375 singulis
1492 2328 1691 2373 quibusque
1717 2325 1879 2361 tribubus
1908 2321 2196 2361 conscribuntur,

1154 2391 1223 2427 nisi
1243 2390 1324 2436 quia
1355 2389 1414 2424 illa
1435 2387 1595 2423 eoelestia
1623 2387 1701 2421 loca
1730 2385 1765 2419 iu
1786 2384 1914 2428 quibus
1939 2380 2135 2417 Jerusalem
2160 2383 2198 2414 et

1156 2451 1240 2486 Sion
1256 2453 1476 2484 memoratur
1500 2457 1593 2489 esse,
1616 2446 1692 2482 sine
1712 2444 1818 2481 dubio
1838 2448 1874 2479 et
1894 2448 2019 2478 caetera
2045 2450 2123 2486 quae
2140 2439 2197 2474 bis

1154 2510 1209 2547 vel
1227 2509 1346 2545 vicina
1366 2507 1421 2542 vel
1440 2506 1631 2551 conjuncta
1654 2510 1737 2541 Sunt
1763 2504 1856 2545 loca,
1877 2503 1943 2538 boe
1970 2502 2005 2536 in
2032 2510 2070 2535 se
2089 2509 2196 2535 causa

1154 2578 1192 2608 ct
1213 2570 1349 2605 ratione
1367 2568 1599 2604 continebant
1631 2566 1665 2601 in
1697 2564 1798 2601 coelis
1829 2563 1923 2609 qnod
1953 2566 2048 2597 sorte
2075 2559 2194 2595 distri·

1154 2634 1295 2670 buendo
1326 2632 1545 2678 figurabatur
1573 2630 1609 2664 in
1637 2627 1755 2663 terris.
1793 2626 1883 2661 lline
1907 2634 1992 2668 ergo
2025 2627 2079 2658 est
2103 2619 2198 2666 quod

1155 2693 1376 2741 dispensavit
1401 2692 1517 2727 ‹livina
1548 2690 1720 2735 sapientia
1748 2687 1891 2723 nomina
1913 2684 2074 2730 quaedam
2104 2682 2199 2717 loco-

1155 2766 1234 2791 rum
1255 2754 1363 2790 scribi
1390 2754 1423 2788 in
1448 2751 1657 2798 Scripturis,
1690 2760 1769 2795 qum
1797 2748 1983 2794 mysticam
2009 2744 2199 2791 trutanniam

1157 2815 1487 2862 interpretationem
1521 2814 1740 2852 contineant,
1759 2822 1823 2856 per
1848 2820 1925 2855 qua!
1947 2809 2121 2844 indicatur
2140 2816 2200 2841 vo-

1155 2878 1212 2914 bis
1232 2878 1293 2922 qui
1321 2877 1398 2912 lnce
1427 2875 1589 2917 cernitis,
1608 2874 1809 2919 quibusque
1834 2870 2042 2910 rationibus,
2069 2873 2104 2904 et
2129 2877 2199 2902 non

1159 2948 1245 2973 casu
1264 2936 1318 2972 vel
1339 2935 1487 2971 fortuitu
1515 2935 1591 2969 lieri
1613 2934 1876 2978 dispensentur.
1901 2930 1939 2965 Si
1963 2930 2057 2964 enim
2072 2933 2127 2964 est
2139 2938 2202 2972 pu-

1164 2999 1310 3035 tandum
1332 2996 1427 3042 quod
1448 2995 1596 3031 fortuitu
1617 2994 1801 3035 acciderit,
1820 2992 1919 3027 verbi
1939 2998 2060 3031 eausa,
2085 2994 2125 3023 ut
2147 2987 2203 3022 ille

1164 3058 1312 3105 angel-as
1343 3056 1494 3093 Micbael
1513 3059 1715 3097 vocaretur,
1747 3053 1839 3088 alius
1858 3061 1942 3087 vero
1963 3048 2135 3095 Repliaeh
2155 3052 2201 3087 et,

1166 3126 1205 3156 ut
1226 3119 1272 3155 ad
1290 3119 1445 3154 bumana
1463 3115 1692 3157 descendam,
1715 3114 1806 3149 sieut
1822 3122 1892 3148 non
1911 3108 2072 3148 soi-tuin»,
2090 3112 2128 3141 ut
2147 3105 2204 3140 ille

1167 3181 1372 3229 patriarcba
1386 3179 1570 3215 Abrabam
1581 3180 1787 3214 vocaretur,
1806 3177 1842 3207 et
1860 3170 1918 3205 ille
1935 3168 2044 3207 isaac,
2061 3170 2097 3200 et
2112 3164 2202 3198 alius

1170 3241 1298 3284 lsrae13
1321 3240 1382 3276 sed
1413 3247 1458 3275 ne
1480 3239 1515 3274 in
1540 3235 1679 3272 seminis
1701 3231 1843 3277 quidem
1867 3236 1953 3263 casu
1978 3224 2119 3265 accidit.
2140 3222 2202 3258 sed

1169 3306 1266 3338 certe
1286 3300 1404 3335 divina
1426 3298 1572 3335 ratione,
1595 3299 1631 3328 ut
1645 3291 1703 3327 illa
1722 3290 1809 3324 Sara
1822 3292 2064 3323 vocaretur-ex
2084 3282 2199 3322 Sar-ai,

1168 3367 1205 3398 et
1225 3362 1281 3398 illc
1299 3359 1406 3396 lsrael
1420 3369 1462 3393 ex
1478 3355 1588 3392 Jacob
1602 3353 1657 3388 vel
1671 3356 1770 3386 certe
1788 3348 1983 3384 Abrabam.
2003 3346 2047 3380 Et
2066 3350 2104 3380 ut
2125 3353 2202 3379 cer-

1168 3427 1243 3457 tum
1258 3416 1422 3463 estquod
1440 3412 1684 3457 unusquisque
1714 3407 1920 3454 angelorum
1944 3404 1997 3440 vel
2021 3402 2202 3439 bominum

1167 3484 1210 3515 ex
1228 3478 1285 3514 bis
1300 3486 1378 3521 quae
1394 3472 1463 3509 sibi
1490 3471 1722 3517 injunguntur
1739 3466 1867 3502 officii·
1882 3469 1918 3501 et
1942 3463 2082 3500 actibus
2096 3460 2204 3496 etiam

1166 3538 1309 3575 nomina
1340 3533 1551 3574 sortiuntur,
1582 3530 1631 3566 ita
1655 3535 1878 3573 eouseqnens
1902 3528 1959 3561 est
1989 3523 2098 3559 etiam
2126 3519 2201 3554 loc·

1166 3599 1328 3647 quaedam
1355 3605 1436 3633 esse
1457 3592 1615 3630 calestia
1644 3597 1683 3627 et
1709 3588 1894 3630 civitates„
1921 3585 2012 3622 snut
2045 3578 2203 3619 coeleons

1167 3662 1295 3699 dicitur
1310 3657 1508 3695 Jerusalem
1530 3660 1568 3692 et
1588 3653 1698 3695 Simu
1718 3660 1798 3687 ene
1814 3648 1925 3684 etiam
1941 3644 2030 3681 attae
2046 3646 2201 3688 quaru-

1168 3727 1290 3769 typum
1310 3723 1347 3755 et
1370 3715 1562 3762 inungimur
1585 3713 1665 3750 istae
1686 3720 1766 3757 qun
1782 3708 1822 3745 in
1845 3705 1951 3743 teri·
1972 3707 2059 3741 mat
2085 3698 2206 3739 0⁰05·
2247 3732 2253 3758 :-

1167 3771 1813 3832 mammutium-n
1836 3765 1990 3818 nuntie·
2012 3761 2207 3816 ubit).
2243 3764 2254 3780 *-
