2540 4016
139 226 205 266 tos
375 210 379 211 ⁷
749 233 984 274 counitur.
1011 239 1057 277 m
1079 241 1163 281 Lm.
1191 244 1391 284 iunicum
1420 246 1479 284 ET
1503 247 1644 288 nuru.

35 300 58 359 ξ
109 296 298 342 hembeus
310 304 374 342 Dei
387 304 515 350 Filius,
525 307 587 354 qui
602 308 778 347 bonorum
793 318 894 349 actor
912 320 968 351 est
983 318 1159 367 omnium,
1176 322 1207 365 Α
1229 326 1328 359 tuam
1340 323 1433 360 bene
1449 325 1582 372 valere,
1601 328 1716 366 duleis
1731 329 1859 375 amice,

44 362 74 407 '3-
109 368 279 414 perpetuo
297 371 486 403 conservet
505 366 736 405 incolumem.
763 370 948 419 Reliquias
962 401 972 418 ,
1005 375 1160 414 dilectis·
1227 389 1308 417 rem
1323 384 1436 419 nostri

34 418 53 448 ὲ
76 409 85 458 ‚⁹
109 422 210 466 sime,
229 433 320 470 quas
338 422 522 471 flagitasti,
540 435 606 472 per
630 428 844 474 portitorem
864 432 992 469 horum
1020 435 1160 481 apicum
1232 439 1353 485 Salve,
1366 449 1488 480 sancte
1506 445 1625 490 Pater,
1647 448 1847 498 meritoque
1862 450 1994 492 beatus
2009 455 2046 494 in
2062 458 2158 503 orbe,

42 507 47 514 .
109 483 311 527 transmisi;
329 481 375 521 de
389 483 530 532 reliquo
549 486 644 524 scias
666 498 725 526 me
742 499 786 525 ex
803 489 931 530 haimo
947 495 1085 533 neruis
1109 495 1163 532 af-
1281 499 1337 535 'ru
1359 501 1468 540 decus
1485 513 1525 542 es
1538 511 1724 552 nostrum,
1741 514 1865 548 sancte
1876 508 2000 557 Ῥω,
2017 517 2156 554 merito.

108 543 202 581 fectu
215 548 422 591 promptum
436 554 647 593 semperque
663 555 828 595 paratum
846 552 884 588 in
901 553 1067 592 omnibus
1083 566 1163 602 quae
1236 557 1292 595 Sit
1313 559 1375 595 tibi
1391 566 1490 597 certa
1507 562 1612 608 Deus,
1632 565 1698 601 tibi
1714 568 1855 604 cassida
1869 569 2032 609 Christus
2049 574 2157 619 lesus,

108 609 226 642 vestra
243 605 440 652 praecipere
462 607 661 646 decreverit
679 611 869 658 voluntas;
897 614 1163 654 fraternitatem
1283 620 1351 665 Qui
1368 628 1402 658 te
1419 630 1607 661 conservet
1630 636 1771 674 semper
1784 630 1927 677 ubique.
1951 634 2050 671 Vale.

109 696 2263 753 mim—W,—

1032 788 1384 842 PRAEFATIO

742 897 804 936 AD
828 897 1116 941 HUNBERTUM
1131 905 1400 971 ’EPISCOPUM
1426 912 1627 963 DlCTATa.

2179 270 2273 318 ¹¹¹⁰

1879 341 2018 381 semper
2040 347 2122 387 opto
2139 355 2274 385 memo-

150 1034 302 1072 Domino
327 1035 574 1082 dilectissimo,
585 1043 621 1074 et
641 1038 740 1074 cultu
769 1041 1023 1082 sincerissimae
1041 1050 1159 1086 chari-
1175 1063 1208 1103 Β
1225 1055 1348 1098 cessit,
1363 1055 1498 1092 editum
1515 1062 1657 1094 constat
1675 1068 1684 1094 ε
1705 1060 1755 1095 ita
1771 1067 1812 1098 ut
1824 1066 1952 1108 partim
1970 1065 2116 1107 patrum
2132 1079 2274 1111 senten„

103 1099 187 1136 tatis
206 1098 307 1135 valde
320 1099 566 1145 obsequendo,
584 1106 693 1147 atque
706 1106 909 1142 venerando
924 1107 1036 1153 Patri,
1059 1111 1157 1148 Hun-
1229 1113 1313 1157 tias,
1332 1115 1464 1160 partim
1485 1117 1592 1152 etiam
1610 1122 1646 1152 et
1663 1121 1777 1155 nostri
1809 1131 1934 1160 sensus
1953 1127 2195 1176 exiguitatem,
2216 1134 2274 1171 ubi

102 1159 205 1196 berto
223 1160 402 1206 episcopo,
425 1160 594 1198 Rabanus
615 1163 765 1209 exiguus
783 1174 970 1205 servorum
1001 1170 1064 1208 Dei
1083 1182 1160 1209 ser·
1226 1174 1468 1210 necessarium
1494 1175 1708 1221 existimavi,
1728 1180 1899 1224 proferat.
1922 1185 2044 1222 Vestra
2075 1198 2158 1236 crgo
2190 1202 2272 1237 pru-

102 1230 168 1256 vus
186 1220 224 1256 in
243 1220 389 1258 Christo
410 1222 576 1259 salutem·
1228 1234 1350 1270 dentia
1375 1239 1410 1270 et
1427 1245 1550 1271 eorum
1567 1238 1778 1283 sapientiam
1807 1247 1912 1288 atque
1930 1245 2165 1291 eloquentiam
2201 1252 2275 1288 lan-

147 1280 315 1328 Acceptis
335 1282 466 1320 litteris
487 1286 691 1323 sanctitatis
708 1293 792 1331 tuae,
814 1298 906 1335 quas
941 1291 986 1327 ad
1003 1299 1159 1338 parvita-
1227 1293 1328 1336 dare,
1347 1300 1382 1330 et
1407 1301 1566 1331 nostram
1597 1298 1761 1334 inertiam
1792 1311 1832 1337 ac
1860 1304 2093 1343 rusticitatem
2129 1310 2275 1347 sufferre

103 1345 173 1377 tem
190 1352 309 1378 meam
339 1343 494 1391 dirigere
514 1346 671 1390 voluisti,
693 1349 797 1384 valde
826 1351 971 1396 gavisus
999 1363 1095 1398 sum,
1114 1364 1158 1391 eo
1226 1356 1338 1399 novit,
1355 1356 1494 1402 scitque
1525 1358 1623 1394 illam
1652 1359 1811 1406 Apostoli
1835 1367 2046 1402 sententiam
2079 1371 2274 1417 adimplere

100 1403 195 1450 quod
215 1408 312 1441 tuam
332 1405 499 1442 solertem
520 1407 557 1443 in
587 1409 640 1444 eis
658 1411 897 1456 agnoscebam
925 1412 1154 1461 industriam,
1225 1425 1296 1462 qua
1314 1417 1412 1461 dicit,
1433 1418 1680 1465 Supportantes
1710 1422 1853 1460 invicem
1871 1426 1906 1460 in
1935 1428 2102 1465 charitate
2129 1432 2269 1478 (lsplaes.

100 1469 136 1499 et
156 1464 193 1500 in
214 1465 332 1501 studio
353 1465 555 1504 divinarum
575 1469 778 1507 litterarum
800 1472 932 1511 florens
949 1475 1153 1523 ingenium:
1225 1477 1296 1524 rv);
1325 1484 1363 1515 et
1381 1479 1481 1523 item,
1501 1480 1590 1516 alter
1606 1482 1760 1526 alterius,
1778 1484 1904 1531 inquit,
1925 1499 2028 1525 onera
2065 1499 2216 1537 portate,
2241 1503 2271 1530 et

100 1525 194 1560 unde
212 1535 279 1571 pro
297 1526 365 1562 hoc
396 1529 543 1575 supplex
569 1530 721 1569 Domino
738 1535 871 1579 gratias
889 1536 971 1582 egi,
1002 1538 1084 1583 quia
1120 1543 1156 1575 et
1224 1538 1273 1573 sic
1306 1539 1536 1585 adimplebitis
1569 1541 1675 1587 Ieyem
1699 1543 1829 1580 Christi
1859 1546 1954 1592 (Gal.
1972 1549 2036 1595 xi).
2071 1550 2107 1586 ln
2133 1553 2270 1589 dnobus

100 1584 165 1621 tibi
187 1585 284 1622 dedit
303 1586 342 1622 in
367 1587 455 1634 legis
474 1599 548 1625 suae
575 1592 810 1630 meditatione
832 1595 999 1632 devotum
1020 1597 1155 1634 habere
1225 1608 1311 1644 ergo
1334 1600 1514 1644 prioribus
1531 1605 1871 1642 commentariorum
1892 1607 2020 1646 libellis
2042 1611 2188 1649 historia
2208 1614 2267 1650 Ju-

99 1648 330 1693 exercitium,
349 1654 385 1686 ct
400 1651 530 1697 populo
552 1663 618 1689 suo
635 1654 716 1690 inde
733 1655 875 1692 salubre
895 1658 1079 1703 percipere
1092 1658 1156 1695 do-
1223 1660 1343 1697 dicum
1373 1671 1482 1698 sensu
1502 1663 1654 1709 mystico
1672 1667 1832 1711 exposita
1851 1669 2074 1714 continetur3
2094 1678 2129 1708 et
2148 1674 2184 1709 in
2203 1680 2270 1710 ter-

100 1713 321 1743 cumentum.
342 1709 453 1755 Igitur
473 1712 557 1757 quia
588 1715 785 1758 paternitas
807 1720 867 1752 tua
886 1727 907 1752 a
938 1724 1061 1754 nostra
1078 1719 1154 1754 esi-
1222 1722 1274 1759 tio
1289 1722 1400 1766 Ruth,
1420 1734 1525 1770 quam
1544 1724 1653 1772 aliqui
1676 1732 1861 1764 auctorum
1883 1730 1973 1766 libro
1989 1730 2151 1769 Judicum
2170 1745 2270 1772 asso-

97 1767 236 1814 guitate
262 1768 393 1806 adhoc
412 1770 669 1818 aliquantulum
689 1775 834 1822 dignata
850 1784 904 1815 est
920 1790 1081 1825 quaerere
1099 1791 1157 1817 so-
1223 1783 1333 1828 ciant,
1353 1784 1461 1830 aliqui
1482 1794 1567 1822 vero
1600 1796 1760 1824 seorsum
1791 1796 1947 1835 ponunt,
1982 1802 2051 1828 non
2083 1804 2192 1839 parva
2226 1806 2268 1832 cx

97 1826 241 1872 latium,
260 1836 406 1877 propter
424 1842 584 1870 amorem
601 1836 664 1873 Dei
686 1843 722 1874 et
738 1838 895 1876 vestram
916 1842 1025 1878 etiam
1049 1843 1085 1878 in
1112 1853 1155 1880 eo
1221 1850 1325 1891 parte
1343 1846 1533 1891 explanata
1570 1847 1760 1885 invenitur.
1803 1849 1885 1887 Haee
1907 1862 1991 1900 ergo
2023 1854 2204 1900 relegens,
2241 1857 2270 1892 si

98 1888 327 1927 dilectionem
342 1893 526 1939 humilem,
548 1896 583 1932 in
601 1898 670 1936 hoc
690 1910 799 1946 opere
813 1903 987 1948 profiteor
1005 1915 1065 1940 me
1094 1915 1155 1942 vo-
1225 1904 1312 1950 quid
1329 1905 1365 1941 in
1382 1906 1433 1942 eis
1450 1917 1604 1954 congrue
1624 1908 1802 1946 inveneris
1823 1913 2039 1958 expositum,
2057 1914 2104 1950 illi
2125 1916 2191 1952 hoc
2207 1918 2270 1952 tri-

96 1946 154 1984 bis
175 1960 254 1986 esse
281 1951 371 1989 velle
389 1956 603 1994 servitorem
619 1985 629 2002 ,
665 1965 701 1996 et
720 1962 805 1997 boni
836 1965 960 2007 studii,
981 1971 1152 2010 quantum
1173 1971 1203 2012 C
1224 1963 1316 2001 buas
1333 1976 1353 2000 a
1374 1976 1443 2012 quo
1460 1973 1514 2002 est
1547 1978 1651 2005 omne
1670 1970 1821 2014 bouum;
1849 1983 1927 2017 quae
1947 1979 2064 2009 autem
2083 1974 2191 2012 aliter
2218 1977 2271 2012 in-

99 2008 220 2045 divina
247 2013 362 2058 gratia
394 2017 573 2060 annuerit,
592 2019 804 2057 benevolum
833 2022 1055 2069 adJutorem3
1090 2025 1154 2061 Dei
1223 2026 1379 2068 veneris,
1406 2032 1537 2063 nostrae
1562 2027 1761 2065 infirmitati
1790 2036 1826 2066 et
1857 2031 2040 2077 imperitiae
2065 2035 2176 2080 magis
2207 2035 2269 2071 de-

101 2075 242 2108 tantum
256 2073 319 2110 fiat
335 2075 501 2114 voluntas
520 2078 557 2114 in
575 2082 780 2125 praestando
798 2083 978 2128 effectum,
1001 2087 1062 2131 qui
1091 2087 1154 2123 de-
1222 2090 1329 2130 putes
1347 2096 1454 2130 quam
1474 2086 1632 2130 malitiae,
1654 2094 1689 2124 et
1707 2099 1773 2134 pro
1803 2090 1870 2127 boc
1889 2093 1980 2137 apud
1995 2093 2272 2139 omnipotentem

98 2131 202 2169 ditet
219 2133 453 2172 voluntatem.
477 2138 528 2175 De
544 2144 689 2184 caetero,
705 2142 786 2187 quia
812 2143 980 2190 dignatus
1006 2155 1046 2180 es
1067 2145 1156 2182 mihi
1225 2144 1337 2180 Deum
1355 2145 1423 2190 piis
1442 2147 1662 2184 orationibus
1674 2147 1896 2185 intervenire
1925 2152 2070 2187 studeas
2086 2179 2095 2196 ‚
2131 2158 2170 2188 ut
2198 2154 2273 2200 ejus

99 2193 259 2229 scribere
275 2203 450 2239 quatenus
467 2203 629 2235 nostrum
647 2202 858 2246 opusculum
874 2213 982 2249 super
1014 2205 1154 2251 Eptati-
1226 2213 1294 2250 ope
1310 2204 1372 2240 fiat
1387 2206 1563 2242 indultum
1595 2212 1703 2254 atque
1727 2215 1925 2245 correctum
1943 2238 1953 2255 ,
1984 2222 2103 2248 coram
2118 2223 2188 2259 quo
2209 2224 2272 2249 no-

53 2288 56 2289 ⁷
97 2263 181 2289 cum
205 2254 268 2291 tibi
290 2255 497 2304 dirigerem,
518 2259 587 2296 feci
605 2269 777 2306 quantum
807 2265 927 2310 potui,
948 2271 983 2302 et
1003 2267 1155 2303 novissi·
1226 2270 1311 2301 strae
1330 2266 1549 2303 infirmitatis
1563 2268 1659 2305 nullo
1674 2269 1778 2306 modo
1793 2269 1878 2306 latet
1900 2271 2160 2316 imperfectum,
2181 2273 2271 2308 sicut

100 2324 196 2350 mam
216 2321 356 2362 partem
374 2317 482 2362 illius,
500 2319 569 2357 hoc
585 2327 652 2365 est,
668 2332 775 2368 super
792 2322 957 2360 «iudicum
987 2332 1023 2361 et
1042 2325 1152 2370 Ruth,
1222 2324 1413 2362 Psalmista
1443 2332 1594 2363 testatur
1611 2328 1733 2364 dicens
1750 2341 1759 2364 ε
1781 2328 2024 2375 Imperfectum
2041 2342 2153 2366 meum
2178 2331 2271 2368 victe-

99 2385 207 2421 quatn
227 2376 273 2411 ad
294 2382 424 2415 manu's
442 2379 476 2415 in
496 2382 665 2425 proesenti
683 2382 806 2426 habui,
828 2388 889 2420 tuo
918 2385 1054 2420 nomini
1071 2396 1155 2421 con·
1223 2392 1304 2421 runt
1327 2386 1419 2421 oculi
1437 2388 1488 2422 tui
1506 2386 1619 2434 (Psat.
1655 2388 1842 2435 cxxxviii).
1878 2389 1974 2426 Bene
1992 2400 2076 2436 ergo
2098 2390 2160 2426 tibi
2179 2401 2265 2428 con-

98 2440 279 2471 secratum
298 2438 406 2474 modo
425 2439 552 2476 direxi.
574 2439 739 2477 Priorum
764 2453 849 2480 vero
862 2443 1036 2481 librorum
1055 2456 1153 2482 com-
1221 2446 1333 2488 venit‚
1351 2447 1649 2484 reverendissime
1679 2447 1798 2492 Pater,
1818 2454 1857 2485 ut
1880 2450 1938 2495 qui
1960 2450 1995 2485 in
2015 2450 2171 2487 Ecclesia
2188 2452 2265 2494 Dci,

100 2497 298 2534 mentarios
316 2498 386 2535 hoc
408 2504 484 2543 est,
500 2499 732 2538 pentateuchi
755 2503 889 2548 Moysi,
907 2515 996 2549 quos
1010 2511 1153 2550 petente
1223 2505 1286 2541 Dei
1318 2505 1434 2543 officio
1457 2506 1640 2552 iudicandi
1671 2507 1815 2546 functus
1841 2519 1879 2545 es
1896 2536 1905 2553 ,
1936 2509 2098 2547 Judicum
2134 2511 2265 2548 librum

100 2561 226 2592 sancto
257 2557 335 2594 viro
361 2557 548 2602 Frecutfo,
573 2570 648 2595 non
673 2561 750 2597 sine
777 2561 898 2598 labore
917 2563 1038 2605 edidi,
1077 2565 1152 2610 jam
1222 2567 1399 2603 instanter
1418 2567 1527 2615 legas,
1549 2574 1723 2605 eteorum
1738 2570 1829 2606 bona
1848 2581 1956 2617 opera
1985 2578 2089 2617 atque
2104 2571 2198 2617 justa
2212 2572 2267 2620 ju-

99 2614 167 2651 sibi
188 2615 233 2651 ad
247 2617 518 2654 rescribendum
536 2620 733 2664 transmisi,
755 2631 845 2667 quos
867 2633 948 2659 eum
967 2634 1151 2670 recepero,
1221 2628 1315 2664 dicia
1334 2634 1478 2664 strenue
1509 2629 1672 2672 imiteris,
1690 2630 1927 2677 populumque
1945 2631 2007 2667 Dei
2029 2632 2072 2667 ab
2108 2632 2264 2668 bostium

99 2679 282 2726 exemplar
298 2690 423 2717 eorum
447 2681 510 2719 tibi
521 2683 702 2729 scriptum
722 2684 921 2721 destinabo.
946 2685 1029 2722 Jesu
1053 2686 1153 2722 Nave
1220 2689 1320 2726 clade
1338 2690 1447 2726 armis
1473 2690 1714 2736 spiritualibus
1735 2691 1919 2734 defendas,
1938 2699 1973 2728 ct
1987 2693 2089 2739 juxta
2109 2693 2267 2729 doctoris

98 2749 185 2777 vero
204 2741 463 2787 expositionem
493 2744 597 2780 honae
612 2746 795 2782 memoriae
814 2746 1041 2790 Friduricho,
1062 2747 1153 2783 Tra-
1216 2750 1379 2796 *gentium
1404 2751 1618 2786 sententiam
1646 2761 1716 2797 qua
1739 2751 1951 2798 discipulum
1972 2752 2153 2795 instruxit,
2171 2753 2265 2789 solli-

90 2797 268 2845 jectensis
282 2801 451 2839 Ecclesiae
474 2803 646 2850 episcopo
658 2832 669 2849 ,
704 2815 820 2852 nuper
856 2808 1038 2844 transmisi
1055 2818 1064 2850 ;
1086 2808 1154 2844 hoc
1223 2811 1294 2848 cite
1309 2811 1446 2858 vigiles,
1465 2813 1522 2858 pic
1539 2812 1693 2855 labores,
1710 2823 1799 2859 opus
1817 2812 1928 2850 facias
1940 2814 2179 2860 evangelistae,
2195 2815 2263 2850 mi-

99 2859 278 2904 similiter‚
295 2866 339 2898 ut
357 2862 445 2898 mihi
468 2863 646 2900 redditum
672 2864 782 2902 suerit
796 2892 806 2909 ,
841 2867 872 2903 si
891 2867 955 2903 Dei
984 2867 1150 2904 voluntas
1167 2866 1203 2906 D
1219 2871 1407 2908 nisterium
1423 2877 1521 2907 tuum
1542 2872 1689 2918 impleas
1709 2885 1716 2908 :
1737 2878 1776 2909 ut
1792 2884 1872 2909 cum
1896 2874 2061 2920 princeps
2083 2880 2266 2920 pastorum

99 2926 170 2966 est,
190 2922 253 2958 tibi
273 2923 501 2960 committere
529 2925 682 2969 curabo;
707 2931 744 2962 et
761 2937 834 2964 non
851 2928 968 2964 solum
999 2928 1072 2973 illa,
1090 2930 1153 2966 sed
1223 2937 1260 2968 et
1275 2932 1351 2968 Rex
1370 2941 1506 2978 regum,
1536 2931 1715 2979 judexque
1730 2934 1890 2970 vivorum
1913 2940 1948 2970 ct
1970 2939 2190 2970 mortuorum
2210 2942 2266 2978 ap-

99 2987 136 3019 ct
154 2984 275 3020 omnia
293 2995 373 3030 quae
400 2986 446 3023 ad
462 2991 620 3023 vestram
648 2988 842 3026 utilitatem
860 3000 880 3026 a
899 2991 1003 3027 nohis
1029 3001 1155 3037 perve-
1221 2991 1403 3039 paruerit,
1435 2991 1540 3027 simul
1566 3001 1649 3027 cum
1675 2992 1816 3029 caeteris
1840 2993 2009 3029 Ecclesiae
2035 2992 2095 3028 Dei
2133 2993 2264 3028 sanctis

99 3043 179 3080 nire
196 3051 348 3090 possunt
381 3046 618 3085 libentissime
637 3049 845 3096 irnpendere
861 3052 998 3099 cogito:
1020 3060 1059 3089 tu
1070 3059 1154 3090 tan·
1218 3051 1435 3100 praesulibus
1457 3052 1632 3098 percipias
1663 3052 1992 3089 immarcescibilem
2020 3053 2140 3100 gloria:
2171 3063 2265 3088 coro-

99 3108 176 3140 tum
195 3109 358 3141 nostram
376 3105 624 3145 infirmitatem
650 3111 764 3148 sacris
783 3113 1006 3149 orationihus
1024 3118 1060 3150 et
1082 3114 1154 3160 piis
1222 3122 1325 3155 nam,
1346 3112 1540 3158 audiasque
1565 3112 1610 3147 ab
1632 3112 1710 3158 ipsa
1728 3112 1886 3147 leritate
1911 3111 1995 3147 illud
2021 3110 2259 3155 evangelicum

98 3163 409 3202 exhortationibus
418 3167 571 3213 releves,
581 3170 666 3216 quia
678 3180 752 3208 non
764 3172 879 3209 solum
892 3174 1045 3220 propriae
1051 3175 1156 3221 aegri-
1218 3170 1470 3208 testimonium
1478 3197 1486 3213 ,
1496 3180 1567 3216 quo
1583 3180 1723 3207 servum
1732 3170 1822 3205 benc
1835 3169 2056 3234 laborantem
2065 3173 2101 3202 ct
2113 3166 2262 3235 fideliter

99 3220 234 3260 tudinis
270 3225 445 3271 molestia,
468 3238 595 3266 verum
616 3231 727 3268 etiam
750 3235 952 3271 communis
982 3235 1152 3282 periculi,
1222 3230 1413 3278 poembm
1432 3230 1564 3267 d⁰¹¹¹5¹²5
1585 3229 1638 3264 ⁸⁰⁵
1656 3232 1860 3273 emganoem
1878 3226 1998 3261 laudat
2023 3226 2169 3293 ‘heef'sf
2188 3224 2261 3259 Μ’

101 3283 198 3332 quod
226 3284 376 3324 instanti
408 3293 569 3337 tempore
607 3291 724 3329 valide
752 3293 941 3340 imminet,
974 3297 1156 3334 anxietate
1214 3303 1388 3340 gersen-ve
1405 3293 1489 3328 bone
1501 3296 1532 3325 et
1550 3288 1674 3334 fidelis,
1693 3289 1774 3332 quia
1801 3296 1902 3332 super
1918 3297 2030 3355 pauca
2061 3287 2158 3355 1¹⁴}ssst
2175 3285 2261 3330 tide-

100 3353 350 3394 Praesravatus
374 3359 475 3395 sum;
516 3363 560 3390 ac
591 3353 673 3391 ideo
704 3361 824 3392 vestra
857 3358 1023 3395 oratione
1048 3364 1156 3405 atque
1224 3354 1402 3401 “cauma
1419 3351 1527 3387 multa
1544 3355 1575 3384 te
1595 3348 1815 3415 constituam,
1829 3348 1922 3383 intra
1951 3346 2173 3415 ”⁸..⁹“¹⁴d⁸¹f'²⁸
2186 3345 2258 3382 Do-

101 3406 357 3454 omnipotentis
382 3411 447 3448 Dei
467 3412 715 3452 misericordia
740 3417 899 3454 maxime
934 3418 1089 3464 indigeo,
1109 3428 1155 3455 ne
1215 3415 1310 3451 »mini
1348 3412 1400 3447 tui
1434 3409 1575 3457 (Malui.
1606 3407 1704 3455 xxv).
1747 3406 1856 3453 Cujus
1897 3407 2014 3454 gaudii
2037 3411 2260 3474 omnipotens

104 3462 268 3504 deficiam
282 3467 319 3504 in
335 3469 638 3518 tribulationibus,
654 3474 690 3511 jn
704 3476 996 3519 necessitatibus,
1007 3477 1043 3512 j„
1053 3478 1153 3523 peri-
1218 3474 1330 3515 mens,
1350 3470 1490 3506 trinitas
1507 3474 1543 3505 et
1559 3467 1710 3505 indivisa
1735 3466 1867 3511 unitas,
1879 3475 1960 3503 cum
1974 3471 2106 3502 sanetis
2124 3464 2259 3529 angelis

53 3508 63 3519 ³
94 3521 196 3564 'milis
214 3531 251 3564 et
263 3527 301 3566 in
321 3530 577 3570 tentationibus
584 3533 754 3571 diversis.
771 3534 847 3572 Hoc
858 3544 943 3580 ergo
957 3535 1051 3572 scias
1067 3537 1152 3582 quia
1213 3537 1259 3569 «ct
1271 3530 1395 3567 electis
1411 3530 1596 3566 animabus
1612 3528 1649 3565 in
1668 3525 1805 3564 coelesti
1820 3536 1930 3574 regno
1956 3526 2064 3563 saciat
2084 3530 2118 3562 te
2134 3533 2259 3579 perpe-

102 3593 197 3632 opus
211 3589 307 3637 quod
337 3589 402 3627 tibi
418 3592 636 3638 transmitto,
649 3605 725 3635 non
747 3600 883 3632 tantum
898 3605 945 3631 ex
972 3594 1151 3640 majorum
1220 3590 1367 3627 tualisser
1398 3598 1478 3626 0⁸⁸8
1496 3587 1723 3635 participem.
1751 3585 2011 3624 Beafimdiuem
2041 3589 2138 3620 mam
2165 3581 2259 3619 bem

15 3635 18 3637 ’
36 3646 39 3652 “
104 3640 213 3682 dictis
231 3650 312 3692 quae
325 3649 365 3687 iu
381 3657 507 3687 eorttm
534 3650 637 3689 tibris
646 3653 858 3700 conscripta
874 3653 1006 3701 reperi,
1026 3654 1089 3690 sed
1106 3663 1152 3690 ex
1218 3651 1341 3688 valere
1357 3659 1498 3697 semper
1519 3649 1556 3686 in
1573 3648 1717 3690 Christo
1749 3653 1915 3697 optamus
1934 3674 1945 3694 ‚
1978 3652 2102 3687 sancte
2126 3643 2257 3688 Pater,

102 3705 379 3757 ”⁰⁸¹¹013b5110»
395 3715 568 3760 quantum
582 3711 704 3754 divina
715 3714 837 3763 grana
853 3724 919 3753 nos
945 3723 1052 3763 posse
1067 3723 1151 3752 con-
1182 3753 1190 3760 „
1219 3720 1416 3752 memorem
1436 3709 1562 3748 nostri.

1153 3763 1182 3772 ,4

1154 3865 1172 3880 θ

1160 3884 1178 3902 9
