2540 4016
288 195 370 254 883*

751 213 790 251 B.
816 201 988 250 ιιΑΒιΝι
1012 213 1158 251 usum
1184 208 1399 250 ARCBtEP.
1423 207 1633 253 uoeunr.
1659 215 1850 254 ωιιιιιιιι
1864 215 1984 254 raas
2006 216 2036 254 1.

2396 220 2464 261 88⁴

286 293 329 329 Hi
345 297 380 327 ct
394 289 564 345 ungulam
581 289 722 344 findunt
734 319 743 336 ,
761 292 847 339 quia
862 293 933 330 duo
951 292 1182 329 Testamenta
1198 291 1290 337 legis
1305 296 1343 328 et
1359 293 1395 333 A
1411 302 1475 330 sus
1491 293 1564 330 lota
1583 294 1622 330 in
1639 294 1830 334 volutabro
1841 296 1949 331 coeni.
1964 307 1978 328 ι
1998 293 2072 329 Sed
2088 293 2185 339 quod
2198 293 2260 333 hic
2275 295 2469 342 quum

284 352 559 406 Evangeliorum
574 353 780 397 credentes,
797 364 837 391 se
850 354 956 391 firmo
970 363 1096 400 gressu
1113 354 1340 399 innocentiae,

279 413 502 467 justitiaeque
535 418 711 450 statuunt.
739 413 830 450 Item
848 413 961 452 Judaei
991 415 1178 451 ruminant
1196 415 1342 462 quidem

281 475 390 526 verba
409 473 515 525 legis,
531 473 593 510 sed
614 474 785 521 ungulam
806 484 878 510 non
898 474 1055 519 findunt,
1073 476 1143 513 boc
1160 476 1229 520 est',
1244 476 1341 522 quod

282 546 348 572 nec
368 534 439 572 duo
463 535 697 571 Testamenta
717 535 807 582 legis
829 536 1021 582 recipiunt,
1045 548 1111 574 nee
1138 538 1174 573 in
1193 537 1340 574 Patrem

280 601 316 633 et
331 595 463 632 Filium
481 594 565 632 fidei
580 606 654 638 suae
675 605 837 640 gressum
859 601 1046 640 statuunt,
1065 602 1256 644 propterea
1272 598 1340 633 im-

279 657 402 693 mundi
438 655 631 691 habentur.
669 656 839 706 Haeretici
876 667 1019 703 quoque
1051 657 1136 694 licet
1166 659 1339 704 ungulam

278 707 417 762 findunt
435 718 471 753 in
495 717 641 753 Patrem
671 721 708 752 et
740 717 871 753 Filium
891 711 1104 762 credentes,
1128 725 1164 754 ct
1183 719 1252 754 duo
1273 718 1338 754 Te-

278 786 455 817 stamenta
482 781 712 827 recipientes,
733 781 795 816 sed
826 781 910 825 quia
945 780 1143 817 doctrinam
1172 781 1338 816 veritatis

279 842 397 878 inore
428 853 499 877 non
532 841 741 884 ruminant,
768 841 1001 876 nihilominus
1036 841 1211 876 immundi
1239 845 1334 876 sunt.

281 915 293 937 ι
318 902 370 938 De
395 903 452 938 his
473 907 592 938 autem
611 913 690 948 quae
708 902 892 937 ruminant
913 906 948 937 et
974 901 1145 948 ungulam
1174 912 1246 937 non
1272 901 1337 936 [in-

279 976 291 996 ‹
319 964 429 1007 dunt,
456 965 532 999 baec
557 963 746 1000 comedere
773 973 844 998 non
868 962 1007 998 debetis
1033 975 1041 997 :
1071 962 1264 1005 camelum,
1286 961 1336 997 le-

220 1042 223 1044 ·
279 1038 290 1059 ‹
314 1036 452 1072 porem,
471 1025 768 1071 choerogryllum.
792 1025 878 1068 Quae
906 1025 988 1069 quia
1010 1025 1193 1059 ruminant
1208 1029 1244 1059 et
1263 1034 1335 1059 non

277 1086 477 1130 «dividunt
511 1085 710 1131 ungulam,
750 1084 936 1119 immunda
979 1091 1085 1118 erunt
1119 1084 1234 1119 vobis.
1264 1083 1334 1119 Sus

276 1159 287 1180 ι
312 1157 468 1193 quoquc,
483 1146 653 1191 quoniam
674 1145 801 1180 dividit
820 1145 991 1191 ungulam
1011 1151 1046 1180 et
1067 1155 1137 1180 non
1158 1146 1331 1187 ruminat,

1413 360 1496 392 sunt
1516 356 1667 393 addidit.
1695 356 1834 393 Horum
1864 354 2034 390 carnibus
2058 365 2132 392 non
2150 356 2372 401 vescemini,
2398 367 2467 399 noc

1411 419 1588 455 cadavera
1605 418 1835 464 contingetis,
1855 416 1941 462 quia
1958 416 2144 453 immunda
2160 423 2246 455 suut
2263 418 2383 462 vobis,
2396 428 2467 460 mc
2516 446 2519 463 ,

1410 480 1609 522 camelum,
1650 487 1717 512 nec
1750 477 1925 523 leporem,
1962 486 2030 513 nee
2064 478 2366 526 choerogryllum‚
2396 492 2466 521 nen
2515 478 2523 527 ζ

1409 550 1510 576 suem
1530 541 1625 575 inter
1658 538 1791 574 munda
1807 537 1997 583 iudicavit.
2016 538 2108 575 Nam
2139 541 2298 578 camelus
2324 541 2466 582 Scriba·
2517 533 2526 546 ⁹

1407 612 1487 636 rum
1504 606 1540 636 et
1561 600 1841 643 Pharisaeorum,
1866 605 1906 636 ut
1926 601 2096 645 diximus,
2116 612 2308 648 personam
2329 611 2462 651 gestat,
2536 605 2540 614 “

1407 661 1467 706 qui
1484 670 1550 706 per
1564 660 1771 705 superbiam
1788 660 1949 696 stultitiae
1966 661 2055 697 vitio
2070 663 2247 700 notabiles
2273 670 2357 701 sunt
2383 675 2465 713 quae

1407 721 1590 758 contraria
1622 726 1678 758 est
1699 722 1897 768 sapientiae.
1921 723 2122 761 Stultorum
2151 727 2284 772 quippe
2299 733 2353 764 est
2379 739 2464 775 pro»-

1405 782 1523 829 prium
1544 781 1745 828 superbire.
1777 783 1897 830 Lepus
1915 789 1956 820 ut
1973 785 2132 828 timidus,
2154 785 2356 824 fortitudini
2378 799 2463 825 eon-

1406 843 1540 879 ·trarius
1566 848 1645 887 est;
1678 844 1940 891 choerogryllus
1965 850 2006 881 ut
2033 856 2146 891 rapax
2175 847 2346 893 justitiae3
2383 860 2460 893 sus,

1405 905 1478 942 vita
1500 907 1645 942 sordida
1668 908 1793 944 vivens
1812 914 1847 944 et
1870 908 2072 952 immunda,
2099 910 2259 946 castitati
2279 912 2461 948 contraria

1403 973 1471 1004 est.
1513 968 1651 1004 Horum
1685 980 1814 1005 carnes
1848 980 1915 1006 nec
1945 971 2199 1014 comedamus,
2230 972 2267 1007 id
2296 978 2364 1015 est,
2395 983 2462 1010 nec

1404 1039 1511 1074 quam
1538 1030 1707 1066 videntur
1733 1031 1867 1067 habere
1885 1032 2073 1074 virtutem,
2106 1043 2314 1078 sequamur.
2339 1035 2379 1070 ln
2397 1035 2462 1081 hy-

1403 1090 1536 1134 pocrisi
1570 1091 1665 1126 enim
1704 1091 1802 1126 illam
1834 1097 1868 1127 et
1898 1102 1969 1127 non
2002 1093 2038 1127 in
2070 1093 2223 1129 veritate
2256 1100 2457 1139 sectantur;

1404 1150 1516 1185 multo
1536 1153 1650 1197 magis
1680 1158 1800 1187 autem
1829 1153 2019 1189 morticina
2041 1164 2166 1189 eorum
2189 1156 2366 1201 tangenda
2388 1168 2459 1193 non

274 1221 289 1242 a
314 1209 498 1244 immunda
520 1208 603 1244 erit.
639 1208 820 1244 Carnibus
838 1218 962 1244 eorum
998 1219 1069 1244 non
1104 1209 1326 1253 vescemini,
1350 1194 1381 1232 Β
1402 1217 1497 1254 sunt,
1516 1222 1583 1247 nec
1604 1213 1708 1248 malis
1725 1223 1852 1248 eorum
1879 1214 2222 1250 communicandum
2254 1220 2310 1251 est
2344 1217 2459 1253 actio-

274 1280 286 1301 «
312 1275 348 1303 et
364 1270 539 1304 cadavera
551 1279 623 1304 nou
645 1269 813 1314 tangetis.
831 1281 842 1302 ι
860 1268 931 1315 (Ex
949 1268 1150 1315 llesycliio.)
1162 1269 1329 1305 Camelus

270 1333 324 1363 est
351 1327 494 1363 Judaeus
516 1333 658 1363 tuinens
689 1339 752 1373 per
783 1328 988 1372 superbiam
1013 1340 1019 1362 :
1042 1328 1166 1373 quales
1193 1328 1329 1364 Scribae

268 1393 396 1422 suntet
410 1387 598 1430 Pharisaei,
616 1387 657 1421 ad
675 1398 763 1433 quos
775 1389 917 1423 dicebat
933 1388 1107 1422 Dominus
1123 1400 1130 1422 :
1147 1401 1156 1420 ι
1172 1387 1327 1432 Liquau-

271 1460 282 1480 ι
310 1454 363 1483 tes
384 1447 553 1490 culicem,
576 1448 754 1482 camelum
776 1449 967 1492 glutientes
999 1446 1144 1494 (Manli.
1167 1450 1290 1495 xxiii).
1312 1462 1324 1482 ι

265 1509 359 1555 Ergo
387 1507 523 1544 Scriba}
556 1514 591 1543 et
625 1509 797 1544 Pliarisaei
834 1509 1078 1545 ruminantem
1113 1510 1324 1554 comedunt,

265 1570 350 1616 quia
372 1569 407 1604 in
441 1569 529 1615 legis
557 1569 687 1606 litterae
718 1570 920 1616 gloriantur
954 1570 1204 1614 meditatione,
1227 1576 1261 1606 et
1291 1572 1327 1607 in

265 1630 361 1665 cultu
396 1631 534 1666 sabbati
573 1631 936 1677 purificationisque,
965 1637 1001 1668 et
1034 1632 1324 1677 sacrificiorum,

264 1692 490 1739 aliorumque
510 1693 695 1729 similium.
717 1694 895 1740 Ungulam
915 1701 1036 1730 autem
1062 1705 1134 1729 non
1162 1695 1326 1732 dividunt

261 1764 304 1790 ea
325 1765 404 1800 quae
424 1755 468 1790 ab
488 1755 541 1791 eis
569 1757 823 1799 comeduntur,
844 1766 959 1803 neque
979 1757 1189 1792 discernunt
1211 1767 1231 1792 a
1253 1757 1325 1803 spi-

261 1815 332 1850 ritu
354 1816 511 1852 litteram
537 1829 544 1852 :
563 1821 599 1852 ct
618 1823 811 1863 propterca
827 1828 953 1853 eorum
969 1818 1119 1853 scientia
1139 1811 1323 1853 immunda

261 1882 328 1911 est.
365 1876 471 1912 Tales
493 1884 574 1913 sunt
611 1883 646 1917 et
677 1879 739 1924 qui
765 1878 926 1925 leporem
959 1879 1165 1920 comedunt,
1204 1878 1322 1924 etqui

260 1936 553 1984 choerogryllum.
575 1938 775 1974 Ruminant
793 1939 888 1975 enim
905 1943 940 1974 et
964 1939 1055 1984 ipsa,
1074 1937 1135 1974 sed
1152 1938 1323 1984 ungulam

258 2010 329 2035 uon
367 1999 543 2043 dividunt.
577 1999 615 2034 ln
643 2000 807 2045 populari
847 2005 966 2035 autem
997 1999 1230 2034 multitudine
1261 1998 1323 2035 Ju-

258 2060 430 2102 daeorum,
468 2064 662 2104 utrumque
693 2060 882 2104 accipitur.
908 2059 1046 2095 Debilia
1081 2060 1213 2105 quippe
1241 2070 1322 2095 esse

258 2119 430 2155 animalia
448 2120 526 2155 haec
546 2119 730 2161 dicuntur,
757 2124 911 2155 testante
935 2120 1047 2155 David
1068 2126 1104 2156 et
1126 2120 1318 2156 Salomone

257 2186 496 2228 utrorumque
508 2180 716 2215 animalium
733 2180 931 2216 debilitate.
951 2180 1021 2216 Sed
1044 2181 1216 2217 Salomon
1238 2182 1317 2227 qui-

259 2243 340 2278 dem
378 2228 460 2291 eunt
484 2242 534 2277 ait
555 2253 561 2275 :
587 2253 598 2274 ‹
626 2241 852 2286 Lepuseulus
887 2242 988 2287 plebs
1021 2242 1176 2278 invalida
1199 2244 1320 2289 posuit

255 2304 292 2340 in
313 2310 416 2356 petra
450 2303 568 2339 cubile
603 2303 670 2353 sibi
706 2303 834 2350 (Prov.
871 2303 979 2350 xxx).
1006 2317 1018 2338 ›
1058 2304 1171 2340 David
1205 2315 1315 2340 vero:

260 2378 271 2398 ι
298 2365 406 2400 Petra
424 2363 603 2412 retugium
624 2364 794 2400 erinaciis
811 2365 885 2400 sive
904 2365 1167 2411 choerogryllis.
1191 2379 1201 2399 ι
1222 2365 1317 2410 Quo-

254 2437 334 2462 rum
354 2436 465 2462 unum
486 2431 542 2462 est
558 2425 665 2473 veloxv
690 2432 725 2461 ct
746 2426 909 2461 timidum
929 2437 1011 2462 cum
1028 2417 1254 2470 infirmitate,
1282 2428 1316 2464 id

254 2494 309 2524 est
319 2487 440 2533 lepus;
455 2486 551 2522 aliud
564 2493 684 2525 autem
697 2487 813 2529 debile
832 2487 978 2539 quidem
990 2487 1051 2522 sed
1068 2499 1193 2534 rapax,
1208 2494 1316 2534 atque

253 2549 417 2590 bestiale,
434 2556 542 2597 atque
557 2548 787 2584 mortiferum
808 2549 944 2591 dicunt,
968 2549 1002 2584 id
1020 2555 1074 2585 est
1097 2550 1316 2597 choerogryl-

252 2608 320 2644 lus.
350 2610 452 2654 Quod
480 2610 577 2645 omni
614 2609 757 2654 quidem
797 2609 959 2655 plebem,
1000 2611 1154 2646 maxime
1194 2616 1314 2646 autem

252 2667 458 2704 Judaeorum
493 2675 548 2704 est
582 2670 618 2704 in
650 2669 792 2715 populo.
816 2670 866 2712 De
905 2670 1035 2715 quibus
1055 2670 1144 2706 dixit
1173 2671 1311 2708 David:

258 2741 271 2762 ‹
297 2728 446 2764 Veloces
462 2728 572 2774 pedes
591 2738 728 2770 eorum,
750 2729 794 2764 ad
825 2729 1078 2766 effundendum
1101 2733 1313 2778 sanguinem

256 2786 373 2835 (Psal.
395 2786 490 2834 xm).
518 2800 530 2821 ι
554 2786 684 2822 Timidi
702 2793 820 2822 autem
835 2794 1012 2833 quantum
1040 2795 1075 2824 et
1094 2790 1228 2826 infirmi
1249 2791 1312 2827 filii

255 2847 461 2885 ludaeorum
497 2849 592 2892 sint,
624 2858 693 2883 vox
724 2848 845 2884 divina
877 2850 1033 2885 ostendit
1073 2862 1153 2886 cum
1194 2852 1309 2888 dicit:

259 2921 272 2942 ι
297 2910 359 2945 Vae
383 2910 554 2956 cordibus
573 2909 735 2954 trepidis,
771 2914 806 2944 et
837 2910 1002 2945 manibus
1022 2911 1197 2946 remissis.
1219 2925 1230 2945 »
1254 2912 1310 2947 ln-

1397 1272 1514 1307 nibus.
1538 1271 1615 1317 lpsa
1650 1272 1748 1306 enim
1775 1271 1980 1317 hujusmodi
1997 1274 2248 1318 proculdubio
2268 1277 2459 1313 morticina

1397 1342 1482 1366 vera
1502 1336 1597 1366 sunt.
1623 1343 1634 1363 a
1657 1330 1740 1366 Haec
1758 1332 1959 1368 comedetis
1976 1343 2020 1369 ex
2036 1335 2205 1371 omnibus
2219 1345 2296 1381 quae
2315 1347 2460 1374 moran-

1401 1404 1413 1424 «
1440 1396 1496 1426 tur
1516 1391 1552 1426 in
1575 1390 1697 1435 aquis;
1714 1401 1793 1436 quae
1811 1392 1944 1427 habent
1964 1393 2140 1438 pennulas
2157 1400 2193 1430 et
2209 1405 2380 1441 squamas
2399 1408 2460 1433 co-

1401 1461 1412 1482 «
1439 1450 1591 1493 medite;
1627 1460 1706 1495 quae
1739 1451 1876 1496 absque
1903 1452 2069 1497 pennulis
2097 1459 2134 1489 et
2166 1456 2327 1500 squamis
2359 1462 2456 1499 sunt,

1401 1522 1413 1543 ‹
1437 1521 1483 1546 ne
1503 1511 1716 1554 comedatis,
1734 1512 1818 1558 quia
1840 1512 2023 1549 immunda
2043 1520 2140 1550 sunt.
2166 1527 2178 1549 ι
2203 1515 2459 1563 Intelliguntur

1395 1582 1460 1617 per
1475 1573 1550 1608 haec
1572 1573 1610 1608 hi
1624 1573 1686 1619 qui
1704 1573 1740 1608 in
1754 1574 1922 1620 gentibus
1942 1575 2068 1611 salvati
2089 1581 2237 1620 sunt,ut
2250 1583 2336 1624 pote
2351 1589 2457 1624 rege-

1394 1634 1620 1669 nerationem
1636 1634 1812 1671 habentes
1832 1635 1869 1670 in
1887 1645 1979 1681 aqua
1994 1636 2235 1683 baptismatis.
2253 1638 2306 1673 De
2324 1639 2455 1684 quibus

1394 1699 1430 1730 et
1452 1695 1563 1731 Isaiae
1589 1695 1677 1731 dicit
1706 1708 1714 1731 :
1751 1708 1763 1729 ι
1797 1697 1891 1732 Ecce
1925 1704 2050 1744 gentes
2084 1700 2189 1746 quasi
2218 1700 2311 1736 stilla
2340 1701 2456 1738 situlae

1395 1756 1484 1803 (Isa.
1503 1757 1563 1804 xe)
1579 1768 1587 1800 ;
1604 1770 1616 1791 ι
1637 1757 1726 1801 sive,
1745 1762 1784 1793 ut
1803 1757 2050 1806 Septuaginta,
2066 1773 2078 1794 ι
2093 1761 2185 1797 sicut
2203 1771 2305 1807 aquae
2317 1762 2452 1807 multae,

1393 1821 1517 1863 gentes
1533 1817 1666 1853 multae.
1688 1831 1700 1852 ›
1722 1817 1824 1854 Unde
1843 1823 1878 1854 et
1896 1819 1948 1855 eis
1962 1821 2182 1857 conveniunt
2197 1832 2277 1868 quae
2295 1833 2453 1869 sequun-

1392 1883 1451 1913 tur
1471 1890 1478 1913 :
1499 1879 1613 1916 Omne
1647 1881 1742 1926 quod
1763 1881 1872 1917 habet
1887 1882 2064 1927 pennulas
2091 1890 2153 1919 aut
2175 1894 2355 1930 squamas,
2379 1891 2453 1920 tam

1392 1939 1427 1974 in
1449 1941 1540 1975 mari
1562 1952 1668 1986 quam
1700 1942 1736 1977 in
1770 1942 1977 1980 fluminibus
2002 1950 2038 1980 et
2067 1946 2218 1992 stagnis,
2241 1946 2450 1983 comedetis.

1391 1998 1525 2033 Eadem
1546 2000 1654 2034 etiam
1684 2001 1740 2035 his
1761 2011 1840 2045 quae
1860 2012 1903 2036 ex
1925 2003 2092 2047 gentibus
2115 2010 2198 2040 sunt
2228 2007 2272 2040 de
2296 2006 2451 2041 medita-

1392 2059 1488 2095 tione
1507 2059 1595 2105 lcgis
1613 2060 1691 2095 aliis
1710 2062 1881 2106 praecepit
1901 2063 2090 2107 praedicari
2108 2065 2239 2100 verbis.
2259 2065 2344 2101 Vult
2356 2066 2454 2101 enim

1392 2130 1452 2156 eos
1476 2121 1610 2156 habere
1639 2122 1674 2156 in
1699 2122 1934 2158 meditatione
1957 2123 2046 2170 legis
2074 2125 2249 2170 pennulas
2269 2126 2454 2172 vitamque

1392 2182 1580 2217 sublimem
1605 2188 1711 2228 atque
1733 2183 1935 2228 coelestem,
1969 2186 2032 2220 sed
2065 2187 2327 2232 expositionem
2362 2187 2452 2234 legis

1391 2242 1475 2278 huic
1505 2243 1672 2278 similem.
1701 2244 1853 2290 Propter
1872 2246 1968 2290 quod
2005 2256 2077 2281 non
2109 2247 2301 2292 pennulam
2325 2248 2447 2292 hahet,

1391 2304 1454 2337 sed
1487 2304 1662 2348 pennulas
1688 2315 1750 2340 eos
1782 2306 1859 2340 vult
1890 2307 2037 2344 habere.
2072 2307 2163 2352 Quia
2194 2315 2314 2345 autem
2349 2310 2450 2357 igno-

1390 2367 1509 2401 rantia
1543 2367 1672 2403 divinae
1712 2367 1907 2414 Scripturae
1945 2375 2070 2415 gentes
2107 2371 2311 2408 obtinuerat
2352 2367 2449 2420 (non

1389 2427 1484 2462 enim
1508 2435 1742 2473 susceperant
1766 2429 1881 2474 legem
1910 2440 2028 2475 neque
2047 2432 2254 2476 prophetas,
2287 2443 2354 2469 nec
2377 2434 2447 2469 alia

1387 2488 1423 2523 in
1442 2488 1494 2524 cis
1515 2489 1666 2524 scientia
1683 2489 1804 2524 divina
1823 2490 2018 2538 subtilior),
2038 2503 2084 2527 ne
2101 2503 2186 2539 ergo
2220 2495 2288 2530 hoc
2319 2495 2446 2531 morbo

1386 2551 1613 2595 permanenti
1648 2556 1685 2586 et
1725 2557 1898 2598 perpetuo
1924 2552 2156 2597 laborarent,
2196 2565 2364 2600 squamas
2384 2566 2446 2593 eos

1386 2610 1521 2646 habere
1550 2610 1647 2654 vult,
1683 2622 1763 2657 quae
1796 2611 1900 2648 facile
1937 2612 2165 2649 auferuntur.
2195 2614 2284 2659 Quia
2323 2622 2445 2654 autem

1387 2683 1544 2717 squamae
1573 2673 1818 2718 temporalem,
1841 2679 1877 2709 et
1908 2674 1991 2719 quia
2009 2674 2113 2711 facile
2143 2682 2311 2713 careatur
2344 2679 2445 2724 igno-

1386 2735 1540 2769 rantiam
1561 2735 1779 2780 significant,
1804 2736 2056 2773 demonstrans
2083 2747 2123 2773 ea
2157 2748 2235 2783 quae
2254 2739 2299 2775 de
2330 2740 2444 2777 Paulo

1385 2794 1519 2839 scripta
1553 2800 1637 2830 sunt
1662 2795 1698 2830 in
1740 2796 1986 2842 apostolorum
2021 2797 2187 2835 Actibus.
2221 2799 2311 2836 Cum
2345 2802 2440 2838 enim

1385 2858 1461 2892 zelo
1477 2857 1623 2903 judaico
1653 2859 1850 2896 Ecclesiam
1871 2868 2163 2907 persequeretur,
2185 2862 2290 2899 facile
2325 2865 2440 2900 carnit

1384 2919 1461 2954 zelo
1486 2925 1634 2965 propter
1652 2921 1905 2966 ignorantiam,
1934 2912 2123 2969 postquam
2146 2925 2314 2971 coguovit
2331 2935 2439 2971 quem

249 2967 393 3014 iustitia
413 2973 532 3004 autem
550 2974 683 3014 quanta
708 2974 743 3003 et
771 2968 898 3004 sernas
925 2970 1017 3014 apud
1038 2980 1100 3005 008
1114 2976 1206 3013 erat,
1227 2972 1309 3006 audi
1332 2997 1364 3034 D
1381 2987 1660 3026 persequeretur
1691 2989 1840 3020 vocatus
1865 2995 1884 3019 a
1917 2984 2081 3029 Christo,
2110 2991 2147 3021 et
2178 2991 2370 3032 postquam
2404 2987 2438 3023 ei

251 3027 380 3064 lsaiam
404 3027 583 3063 dicentem
607 3039 615 3062 :
636 3027 821 3070 Quomodo
837 3027 932 3063 facta
954 3033 1010 3064 est
1036 3031 1206 3065 meretrix
1227 3031 1311 3066 civi-

251 3094 309 3124 tas
328 3087 444 3125 ssdelis
459 3087 564 3134 plena
589 3088 740 3135 judicii?
757 3086 901 3123 Justitia
923 3095 1042 3124 autem
1064 3091 1241 3127 habitavit
1272 3093 1308 3127 in

251 3159 294 3186 ea
316 3160 324 3183 :
348 3158 445 3185 nune
461 3153 581 3184 autem
600 3148 792 3194 homicidae
808 3148 897 3197 (Isa.
917 3149 958 3198 ¹.)·
981 3163 993 3184 ›
1011 3149 1097 3186 Post
1121 3152 1186 3188 hos
1208 3162 1307 3188 suem

251 3210 340 3247 dicit
356 3198 448 3246 >esse
477 3210 715 3260 immundam,
738 3211 821 3256 quia
843 3210 970 3261 dividit
986 3212 1157 3259 ungulam
1176 3219 1210 3248 et
1237 3225 1307 3250 nou

250 3272 422 3308 ruminat.
443 3270 511 3315 Qui
528 3280 615 3316 ergo
635 3271 707 3307 sint
724 3272 785 3317 qui
805 3271 1033 3316 aemulentur,
1053 3282 1095 3308 ac
1117 3283 1160 3318 pr
1162 3277 1307 3318 opterea

250 3334 350 3370 illum
382 3334 571 3370 comedere
601 3334 783 3370 dicuntur.
821 3334 969 3385 Petrum
1000 3337 1243 3388 expositorem
1272 3342 1308 3372 et

249 3396 462 3444 magistrum
479 3395 648 3440 suscipe.
668 3406 751 3431 eum
766 3396 897 3454 quippe
913 3397 975 3443 qui
990 3397 1099 3434 hahet
1118 3398 1307 3435 scientiam

250 3455 468 3498 divinorum,
492 3456 646 3492 sednon
675 3456 735 3492 illa
760 3450 853 3493 bene
882 3456 1012 3507 utitur,
1035 3458 1261 3495 actionibus
1252 3470 1307 3495 ln-

250 3516 419 3566 congruis
438 3525 519 3552 eam
536 3516 674 3563 polluit,
694 3518 847 3564 vitaeque
862 3519 1057 3568 immundae
1073 3518 1306 3572 semetipsum

250 3577 413 3620 tradidit,
434 3586 535 3615 suem
565 3577 673 3613 etiam
704 3577 781 3637 ipse
807 3579 1004 3628 appellavit
1025 3566 1175 3616 dicens·
1197 3591 1210 3614 ‹
1233 3579 1307 3616 Me-

196 3661 199 3666 .
250 3635 318 3671 lius
336 3636 464 3688 suisset
492 3637 545 3673 eis
562 3647 635 3673 non
655 3631 875 3684 cognoscere
892 3639 989 3676 viam
1013 3638 1163 3685 justitiae
1181 3650 1307 3695 quam,

204 3734 206 3736 ,
250 3697 391 3740 cognita
412 3707 470 3741 ea,
490 3702 590 3742 retro
612 3695 747 3735 reverti
776 3709 798 3747 a
818 3700 953 3736 tradito
971 3701 1038 3751 sibi
1059 3706 1186 3739 sancto
1203 3713 1307 3755 man-

194 3747 212 3809 ἧς
251 3754 335 3805 dato
366 3755 435 3803 (11
462 3754 562 3794 Petr.
601 3756 658 3824 ιι).
685 3771 699 3794 ι
721 3759 882 3809 Contigit
913 3761 1012 3798 enim
1048 3762 1120 3800 illis
1149 3773 1209 3800 res
1227 3765 1325 3802 vert·

250 3799 462 3852 proverbii:
485 3829 499 3851 ε
520 3808 642 3856 Canis
645 3828 814 3859 reversus
831 3813 888 3859 “ad
914 3822 1091 3862 vomitum
1118 3834 1247 3872 suum,
1265 3825 1315 3864 et

1383 3042 1428 3077 ab
1443 3041 1583 3077 Anania
1602 3045 1889 3089 evangelizatum
1904 3050 1958 3082 est
1978 3057 1986 3080 ε
2008 3057 2020 3079 ‹
2045 3045 2136 3081 Nam
2167 3056 2325 3097 squamae
2345 3047 2439 3083 ceci-

1381 3101 1513 3137 derunt
1537 3103 1582 3137 ab
1597 3103 1712 3139 oculis
1731 3102 1822 3148 ejus,
1841 3110 1877 3140 et
1904 3115 1989 3140 mox
2005 3105 2107 3141 vidit.
2135 3118 2147 3139 »
2169 3105 2264 3153 Ergo
2298 3106 2335 3142 in
2362 3117 2438 3143 mo-

1380 3163 1464 3197 dum
1499 3174 1564 3208 squ
1568 3175 1730 3216 amarum
1751 3165 2027 3212 superjacebant
2048 3155 2225 3204 instantes
2246 3167 2279 3204 ei
2300 3155 2437 3215 tempo-

1379 3222 1473 3257 rales
1498 3212 1722 3269 ignorantiae.
1747 3225 1849 3261 Unde
1869 3226 1980 3261 etiam
2006 3232 2273 3287 consequenter
2290 3227 2434 3275 legisla-

1379 3288 1436 3317 tor
1462 3283 1642 3318 subdidit:

1429 3353 1442 3374 ι
1465 3341 1644 3394 Quidquid
1667 3347 1788 3379 autem
1805 3344 1982 3394 pennulas
1998 3350 2062 3396 aut
2087 3356 2258 3393 squamas
2274 3358 2345 3384 non
2362 3349 2432 3386 ha-

1381 3414 1393 3436 «
1416 3403 1477 3439 bet
1496 3413 1620 3439 eorum
1640 3413 1719 3449 quae
1740 3404 1776 3439 in
1796 3405 1899 3450 aquis
1919 3404 2177 3445 moventur'et
2195 3410 2337 3455 vivunt,
2364 3413 2429 3448 ah-

1382 3473 1394 3494 «
1421 3461 1614 3498 ominabile
1632 3462 1736 3514 vobis
1754 3463 1825 3499 erit·
1844 3468 1880 3500 et
1897 3467 2204 3518 exsecrandum.»
2229 3469 2321 3506 Sunt
2334 3472 2430 3508 enim

1375 3524 1540 3569 quaedam
1557 3523 1710 3570 piscium
1735 3534 1883 3572 genera,
1907 3531 2036 3563 testam
2052 3539 2119 3574 pro
2135 3530 2228 3583 pelte
2247 3532 2431 3589 habentia.

1375 3596 1528 3638 qnorum
1546 3596 1695 3633 squama
1716 3580 1851 3640 auferri
1871 3597 1943 3624 non
1963 3595 2063 3635 potes
2049 3595 2094 3627 t.
2115 3579 2224 3628 *t‘ates
2255 3597 2339 3644 sunt
2365 3593 2430 3640 qut

1374 3654 1442 3680 nee
1461 3654 1630 3699 squamas
1650 3635 1860 3701 ignorantiae
1879 3647 1990 3684 verbo
2022 3649 2090 3686 Det
2123 3639 2329 3696 deponere,
2359 3651 2429 3690 nec

1374 3706 1515 3743 culmen
1539 3700 1701 3752 spiritus
1726 3707 1912 3754 suscipere
1944 3710 2144 3756 patiuntur.
2172 3708 2224 3748 m
2248 3717 2287 3750 et
2321 3714 2353 3751 si
2385 3713 2426 3752 ht

1373 3766 1486 3804 mari
1486 3765 1728 3806 inveniantur
1763 3768 2015 3816 baptismatis,
2041 3776 2083 3811 et
2093 3772 2140 3810 si
2156 3772 2199 3809 ἰιι
2217 3772 2426 3815 ueniamus

1371 3827 1595 3883 patrumm
1626 3828 1888 3870 namanes
1923 3837 2034 3881 suae,
2066 3830 2110 3871 ιιι
2141 3816 2331 3876 ommi
2328 3822 2443 3899 iia-⁴

2391 4000 2454 4016 *Aa
