<?xml version="1.0" encoding="UTF-8"?>
<!DOCTYPE html PUBLIC "-//W3C//DTD XHTML 1.0 Transitional//EN"
    "http://www.w3.org/TR/xhtml1/DTD/xhtml1-transitional.dtd">
<html xmlns="http://www.w3.org/1999/xhtml" xml:lang="en" lang="en">
 <head>
  <title>
</title>
<meta http-equiv="Content-Type" content="text/html;charset=utf-8" />
  <meta name='ocr-system' content='tesseract 3.04.00' />
  <meta name='ocr-capabilities' content='ocr_page ocr_carea ocr_par ocr_line ocrx_word'/>
</head>
<body>
  <div class='ocr_page' id='page_1' title='image "./patrologiae00unknuoft_0411.png"; bbox 0 0 2540 4016; ppageno 0'>
   <div class='ocr_carea' id='block_1_1' title="bbox 0 0 50 4016">
    <p class='ocr_par' dir='ltr' id='par_1_1' title="bbox 0 0 50 4016">
     <span class='ocr_line' id='line_1_1' title="bbox 0 0 50 4016; baseline 0 0"><span class='ocrx_word' id='word_1_1' title='bbox 0 0 50 4016; x_wconf 95' lang='lat' dir='ltr'> </span> 
     </span>
    </p>
   </div>
   <div class='ocr_carea' id='block_1_2' title="bbox 24 295 1116 1124">
    <p class='ocr_par' dir='ltr' id='par_1_2' title="bbox 24 295 1116 1124">
     <span class='ocr_line' id='line_1_2' title="bbox 24 295 1109 349; baseline -0.001 -15"><span class='ocrx_word' id='word_1_2' title='bbox 24 295 209 335; x_wconf 63' lang='lat' dir='ltr'>Jtriuntur</span> <span class='ocrx_word' id='word_1_3' title='bbox 242 295 415 340; x_wconf 72' lang='lat' dir='ltr'><strong>infantiae,</strong></span> <span class='ocrx_word' id='word_1_4' title='bbox 449 295 568 342; x_wconf 81' lang='lat' dir='ltr'>legant</span> <span class='ocrx_word' id='word_1_5' title='bbox 599 296 827 349; x_wconf 67' lang='lat' dir='ltr'>Pharaonem</span> <span class='ocrx_word' id='word_1_6' title='bbox 860 306 1032 332; x_wconf 86' lang='lat' dir='ltr'>carneum</span> <span class='ocrx_word' id='word_1_7' title='bbox 1066 308 1109 334; x_wconf 89' lang='lat' dir='ltr'>ac</span> 
     </span>
     <span class='ocr_line' id='line_1_3' title="bbox 49 354 1110 403; baseline -0.002 -10"><span class='ocrx_word' id='word_1_8' title='bbox 49 366 152 394; x_wconf 87' lang='lat' dir='ltr'>mare</span> <span class='ocrx_word' id='word_1_9' title='bbox 184 357 360 401; x_wconf 87' lang='lat' dir='ltr'>Rubrum,</span> <span class='ocrx_word' id='word_1_10' title='bbox 385 365 450 403; x_wconf 89' lang='lat' dir='ltr'>per</span> <span class='ocrx_word' id='word_1_11' title='bbox 479 357 575 402; x_wconf 89' lang='lat' dir='ltr'>quod</span> <span class='ocrx_word' id='word_1_12' title='bbox 601 356 649 392; x_wconf 94' lang='lat' dir='ltr'>ad</span> <span class='ocrx_word' id='word_1_13' title='bbox 671 354 810 392; x_wconf 79' lang='lat' dir='ltr'><strong>Indiam</strong></span> <span class='ocrx_word' id='word_1_14' title='bbox 842 356 1045 403; x_wconf 87' lang='lat' dir='ltr'>navigatur,</span> <span class='ocrx_word' id='word_1_15' title='bbox 1073 361 1110 392; x_wconf 90' lang='lat' dir='ltr'>et</span> 
     </span>
     <span class='ocr_line' id='line_1_4' title="bbox 47 417 1108 463; baseline 0.001 -10"><span class='ocrx_word' id='word_1_16' title='bbox 47 426 183 454; x_wconf 89' lang='lat' dir='ltr'>manna</span> <span class='ocrx_word' id='word_1_17' title='bbox 200 417 393 454; x_wconf 86' lang='lat' dir='ltr'>coriandro</span> <span class='ocrx_word' id='word_1_18' title='bbox 412 417 540 460; x_wconf 89' lang='lat' dir='ltr'>simile,</span> <span class='ocrx_word' id='word_1_19' title='bbox 561 422 600 454; x_wconf 87' lang='lat' dir='ltr'>et</span> <span class='ocrx_word' id='word_1_20' title='bbox 613 417 736 454; x_wconf 90' lang='lat' dir='ltr'>omnia</span> <span class='ocrx_word' id='word_1_21' title='bbox 753 427 834 463; x_wconf 82' lang='lat' dir='ltr'>quae</span> <span class='ocrx_word' id='word_1_22' title='bbox 849 418 984 463; x_wconf 89' lang='lat' dir='ltr'>scripta</span> <span class='ocrx_word' id='word_1_23' title='bbox 1009 424 1108 462; x_wconf 86' lang='lat' dir='ltr'>sunt,</span> 
     </span>
     <span class='ocr_line' id='line_1_5' title="bbox 49 476 1110 524; baseline 0.002 -12"><span class='ocrx_word' id='word_1_24' title='bbox 49 476 200 513; x_wconf 87' lang='lat' dir='ltr'>audiant</span> <span class='ocrx_word' id='word_1_25' title='bbox 224 477 462 523; x_wconf 81' lang='lat' dir='ltr'>corporaliter</span> <span class='ocrx_word' id='word_1_26' title='bbox 484 490 492 512; x_wconf 81' lang='lat' dir='ltr'><strong><em>z</em></strong></span> <span class='ocrx_word' id='word_1_27' title='bbox 519 477 658 524; x_wconf 89' lang='lat' dir='ltr'>lepram</span> <span class='ocrx_word' id='word_1_28' title='bbox 687 478 876 514; x_wconf 90' lang='lat' dir='ltr'>domorum</span> <span class='ocrx_word' id='word_1_29' title='bbox 907 483 943 514; x_wconf 90' lang='lat' dir='ltr'>et</span> <span class='ocrx_word' id='word_1_30' title='bbox 971 478 1110 524; x_wconf 89' lang='lat' dir='ltr'>lepram</span> 
     </span>
     <span class='ocr_line' id='line_1_6' title="bbox 47 536 1111 586; baseline 0.004 -15"><span class='ocrx_word' id='word_1_31' title='bbox 47 536 153 585; x_wconf 88' lang='lat' dir='ltr'>pellis</span> <span class='ocrx_word' id='word_1_32' title='bbox 184 541 222 572; x_wconf 89' lang='lat' dir='ltr'>et</span> <span class='ocrx_word' id='word_1_33' title='bbox 251 538 432 582; x_wconf 88' lang='lat' dir='ltr'>staminis,</span> <span class='ocrx_word' id='word_1_34' title='bbox 467 544 612 575; x_wconf 87' lang='lat' dir='ltr'>taurum</span> <span class='ocrx_word' id='word_1_35' title='bbox 642 540 872 582; x_wconf 84' lang='lat' dir='ltr'>homicidam,</span> <span class='ocrx_word' id='word_1_36' title='bbox 906 540 1111 586; x_wconf 84' lang='lat' dir='ltr'>jumentum</span> 
     </span>
     <span class='ocr_line' id='line_1_7' title="bbox 51 597 1111 648; baseline 0.002 -14"><span class='ocrx_word' id='word_1_37' title='bbox 51 597 219 634; x_wconf 89' lang='lat' dir='ltr'>adulterii</span> <span class='ocrx_word' id='word_1_38' title='bbox 242 609 359 642; x_wconf 90' lang='lat' dir='ltr'>reum,</span> <span class='ocrx_word' id='word_1_39' title='bbox 379 605 415 635; x_wconf 90' lang='lat' dir='ltr'>et</span> <span class='ocrx_word' id='word_1_40' title='bbox 431 599 572 636; x_wconf 82' lang='lat' dir='ltr'>Hebraei</span> <span class='ocrx_word' id='word_1_41' title='bbox 595 606 744 648; x_wconf 89' lang='lat' dir='ltr'>propter</span> <span class='ocrx_word' id='word_1_42' title='bbox 762 610 911 638; x_wconf 85' lang='lat' dir='ltr'>uxorem</span> <span class='ocrx_word' id='word_1_43' title='bbox 927 606 963 637; x_wconf 91' lang='lat' dir='ltr'>et</span> <span class='ocrx_word' id='word_1_44' title='bbox 978 601 1111 638; x_wconf 90' lang='lat' dir='ltr'>liberos</span> 
     </span>
     <span class='ocr_line' id='line_1_8' title="bbox 50 658 1113 708; baseline 0.001 -12"><span class='ocrx_word' id='word_1_45' title='bbox 50 658 189 696; x_wconf 86' lang='lat' dir='ltr'>servire</span> <span class='ocrx_word' id='word_1_46' title='bbox 224 659 423 704; x_wconf 91' lang='lat' dir='ltr'>cupientis,</span> <span class='ocrx_word' id='word_1_47' title='bbox 461 671 585 697; x_wconf 89' lang='lat' dir='ltr'>aurem</span> <span class='ocrx_word' id='word_1_48' title='bbox 622 661 748 697; x_wconf 86' lang='lat' dir='ltr'>subula</span> <span class='ocrx_word' id='word_1_49' title='bbox 777 661 1009 708; x_wconf 79' lang='lat' dir='ltr'>perforatam.</span> <span class='ocrx_word' id='word_1_50' title='bbox 1039 661 1113 697; x_wconf 83' lang='lat' dir='ltr'>Nos</span> 
     </span>
     <span class='ocr_line' id='line_1_9' title="bbox 51 718 1115 768; baseline 0.001 -13"><span class='ocrx_word' id='word_1_51' title='bbox 51 723 174 756; x_wconf 84' lang='lat' dir='ltr'>autem</span> <span class='ocrx_word' id='word_1_52' title='bbox 205 718 497 764; x_wconf 79' lang='lat' dir='ltr'>derelinquentes</span> <span class='ocrx_word' id='word_1_53' title='bbox 531 720 807 767; x_wconf 89' lang='lat' dir='ltr'>Capharnaum‚</span> <span class='ocrx_word' id='word_1_54' title='bbox 837 731 965 768; x_wconf 84' lang='lat' dir='ltr'>agrum</span> <span class='ocrx_word' id='word_1_55' title='bbox 1002 731 1115 766; x_wconf 87' lang='lat' dir='ltr'>quon-</span> 
     </span>
     <span class='ocr_line' id='line_1_10' title="bbox 52 771 1114 827; baseline -0.001 -12"><span class='ocrx_word' id='word_1_56' title='bbox 52 778 134 815; x_wconf 88' lang='lat' dir='ltr'>dam</span> <span class='ocrx_word' id='word_1_57' title='bbox 155 777 456 823; x_wconf 89' lang='lat' dir='ltr'>pulcherrimum,</span> <span class='ocrx_word' id='word_1_58' title='bbox 480 786 516 815; x_wconf 91' lang='lat' dir='ltr'>et</span> <span class='ocrx_word' id='word_1_59' title='bbox 543 790 625 815; x_wconf 87' lang='lat' dir='ltr'>cum</span> <span class='ocrx_word' id='word_1_60' title='bbox 643 779 728 817; x_wconf 86' lang='lat' dir='ltr'>Jesu</span> <span class='ocrx_word' id='word_1_61' title='bbox 751 771 976 827; x_wconf 78' lang='lat' dir='ltr'>egredientes</span> <span class='ocrx_word' id='word_1_62' title='bbox 997 780 1034 814; x_wconf 87' lang='lat' dir='ltr'>in</span> <span class='ocrx_word' id='word_1_63' title='bbox 1054 781 1114 815; x_wconf 90' lang='lat' dir='ltr'>de-</span> 
     </span>
     <span class='ocr_line' id='line_1_11' title="bbox 50 838 1115 885; baseline 0.001 -10"><span class='ocrx_word' id='word_1_64' title='bbox 50 842 200 879; x_wconf 85' lang='lat' dir='ltr'>sertum,</span> <span class='ocrx_word' id='word_1_65' title='bbox 218 838 403 884; x_wconf 91' lang='lat' dir='ltr'>pascimur</span> <span class='ocrx_word' id='word_1_66' title='bbox 417 839 569 884; x_wconf 90' lang='lat' dir='ltr'>panibus</span> <span class='ocrx_word' id='word_1_67' title='bbox 583 839 661 885; x_wconf 87' lang='lat' dir='ltr'>ejus</span> <span class='ocrx_word' id='word_1_68' title='bbox 678 852 686 874; x_wconf 91' lang='lat'><strong>:</strong></span> <span class='ocrx_word' id='word_1_69' title='bbox 709 840 740 875; x_wconf 92' lang='lat' dir='ltr'>si</span> <span class='ocrx_word' id='word_1_70' title='bbox 759 839 970 885; x_wconf 78' lang='lat' dir='ltr'>insipientes</span> <span class='ocrx_word' id='word_1_71' title='bbox 990 848 1115 876; x_wconf 89' lang='lat' dir='ltr'>sumus</span> 
     </span>
     <span class='ocr_line' id='line_1_12' title="bbox 51 898 1113 945; baseline 0 -10"><span class='ocrx_word' id='word_1_72' title='bbox 51 904 88 935; x_wconf 88' lang='lat' dir='ltr'>et</span> <span class='ocrx_word' id='word_1_73' title='bbox 101 898 349 945; x_wconf 84' lang='lat' dir='ltr'>jumentorum</span> <span class='ocrx_word' id='word_1_74' title='bbox 365 900 517 944; x_wconf 83' lang='lat' dir='ltr'>similes,</span> <span class='ocrx_word' id='word_1_75' title='bbox 538 902 770 943; x_wconf 81' lang='lat' dir='ltr'>hordeaceis3</span> <span class='ocrx_word' id='word_1_76' title='bbox 796 900 827 935; x_wconf 92' lang='lat' dir='ltr'>si</span> <span class='ocrx_word' id='word_1_77' title='bbox 844 898 1019 934; x_wconf 80' lang='lat' dir='ltr'>rationale</span> <span class='ocrx_word' id='word_1_78' title='bbox 1034 901 1113 935; x_wconf 90' lang='lat' dir='ltr'>ani-</span> 
     </span>
     <span class='ocr_line' id='line_1_13' title="bbox 48 952 1116 1007; baseline 0 -12"><span class='ocrx_word' id='word_1_79' title='bbox 48 952 136 1001; x_wconf 82' lang='lat' dir='ltr'>mal,</span> <span class='ocrx_word' id='word_1_80' title='bbox 160 959 312 995; x_wconf 82' lang='lat' dir='ltr'>triticeis</span> <span class='ocrx_word' id='word_1_81' title='bbox 327 965 364 995; x_wconf 91' lang='lat' dir='ltr'>et</span> <span class='ocrx_word' id='word_1_82' title='bbox 379 969 425 995; x_wconf 81' lang='lat' dir='ltr'>ex</span> <span class='ocrx_word' id='word_1_83' title='bbox 445 970 557 1007; x_wconf 86' lang='lat' dir='ltr'>grano</span> <span class='ocrx_word' id='word_1_84' title='bbox 575 959 747 995; x_wconf 85' lang='lat' dir='ltr'>frumenti</span> <span class='ocrx_word' id='word_1_85' title='bbox 766 958 997 1000; x_wconf 91' lang='lat' dir='ltr'>commolitis,</span> <span class='ocrx_word' id='word_1_86' title='bbox 1019 959 1116 1004; x_wconf 88' lang='lat' dir='ltr'>quod</span> 
     </span>
     <span class='ocr_line' id='line_1_14' title="bbox 50 1017 1115 1054; baseline 0.001 -1"><span class='ocrx_word' id='word_1_87' title='bbox 50 1017 89 1053; x_wconf 92' lang='lat' dir='ltr'>in</span> <span class='ocrx_word' id='word_1_88' title='bbox 111 1023 245 1054; x_wconf 90' lang='lat' dir='ltr'>terram</span> <span class='ocrx_word' id='word_1_89' title='bbox 265 1019 398 1054; x_wconf 91' lang='lat' dir='ltr'>cadens</span> <span class='ocrx_word' id='word_1_90' title='bbox 417 1024 455 1054; x_wconf 89' lang='lat' dir='ltr'>et</span> <span class='ocrx_word' id='word_1_91' title='bbox 470 1025 652 1054; x_wconf 91' lang='lat' dir='ltr'>mortuum</span> <span class='ocrx_word' id='word_1_92' title='bbox 669 1018 822 1053; x_wconf 91' lang='lat' dir='ltr'>multum</span> <span class='ocrx_word' id='word_1_93' title='bbox 840 1017 998 1053; x_wconf 83' lang='lat' dir='ltr'>fructum</span> <span class='ocrx_word' id='word_1_94' title='bbox 1021 1024 1115 1054; x_wconf 90' lang='lat' dir='ltr'>attu-</span> 
     </span>
     <span class='ocr_line' id='line_1_15' title="bbox 50 1077 1116 1124; baseline 0.002 -11"><span class='ocrx_word' id='word_1_95' title='bbox 50 1078 105 1113; x_wconf 91' lang='lat' dir='ltr'>lit.</span> <span class='ocrx_word' id='word_1_96' title='bbox 143 1078 278 1113; x_wconf 89' lang='lat' dir='ltr'>Novem</span> <span class='ocrx_word' id='word_1_97' title='bbox 308 1078 423 1123; x_wconf 86' lang='lat' dir='ltr'>plagis</span> <span class='ocrx_word' id='word_1_98' title='bbox 448 1088 619 1123; x_wconf 89' lang='lat' dir='ltr'>percussa</span> <span class='ocrx_word' id='word_1_99' title='bbox 645 1083 700 1113; x_wconf 90' lang='lat' dir='ltr'>est</span> <span class='ocrx_word' id='word_1_100' title='bbox 731 1077 910 1124; x_wconf 83' lang='lat' dir='ltr'>AEgyptus</span> <span class='ocrx_word' id='word_1_101' title='bbox 934 1091 942 1113; x_wconf 71' lang='grc' dir='ltr'>ε</span> <span class='ocrx_word' id='word_1_102' title='bbox 979 1078 1116 1115; x_wconf 86' lang='lat' dir='ltr'>fractus</span> 
     </span>
    </p>
   </div>
   <div class='ocr_carea' id='block_1_3' title="bbox 49 1200 1125 2035">
    <p class='ocr_par' dir='ltr' id='par_1_3' title="bbox 49 1200 1125 2035">
     <span class='ocr_line' id='line_1_16' title="bbox 49 1200 1119 1247; baseline 0.002 -12"><span class='ocrx_word' id='word_1_103' title='bbox 49 1201 290 1246; x_wconf 85' lang='lat' dir='ltr'>primogenita</span> <span class='ocrx_word' id='word_1_104' title='bbox 310 1200 482 1246; x_wconf 87' lang='lat' dir='ltr'>perdidit,</span> <span class='ocrx_word' id='word_1_105' title='bbox 500 1205 540 1235; x_wconf 92' lang='lat' dir='ltr'>ut</span> <span class='ocrx_word' id='word_1_106' title='bbox 555 1200 796 1247; x_wconf 89' lang='lat' dir='ltr'>primogenita</span> <span class='ocrx_word' id='word_1_107' title='bbox 810 1201 952 1237; x_wconf 83' lang='lat' dir='ltr'>Israelis</span> <span class='ocrx_word' id='word_1_108' title='bbox 966 1202 1119 1238; x_wconf 90' lang='lat' dir='ltr'>Domino</span> 
     </span>
     <span class='ocr_line' id='line_1_17' title="bbox 51 1261 1120 1308; baseline 0 -10"><span class='ocrx_word' id='word_1_109' title='bbox 51 1267 298 1299; x_wconf 86' lang='lat' dir='ltr'>sacrarentur.</span> <span class='ocrx_word' id='word_1_110' title='bbox 325 1261 391 1305; x_wconf 86' lang='lat' dir='ltr'>Qui</span> <span class='ocrx_word' id='word_1_111' title='bbox 419 1262 518 1307; x_wconf 90' lang='lat' dir='ltr'>prius</span> <span class='ocrx_word' id='word_1_112' title='bbox 546 1267 669 1298; x_wconf 87' lang='lat' dir='ltr'>tenere</span> <span class='ocrx_word' id='word_1_113' title='bbox 698 1263 905 1308; x_wconf 87' lang='lat' dir='ltr'>cupiebant,</span> <span class='ocrx_word' id='word_1_114' title='bbox 942 1263 1120 1299; x_wconf 82' lang='lat' dir='ltr'>instanter</span> 
     </span>
     <span class='ocr_line' id='line_1_18' title="bbox 50 1320 1118 1366; baseline 0.001 -9"><span class='ocrx_word' id='word_1_115' title='bbox 50 1320 248 1366; x_wconf 79' lang='lat' dir='ltr'>expellunt.</span> <span class='ocrx_word' id='word_1_116' title='bbox 270 1320 539 1356; x_wconf 88' lang='lat' dir='ltr'>Exterminator</span> <span class='ocrx_word' id='word_1_117' title='bbox 563 1322 721 1364; x_wconf 89' lang='lat' dir='ltr'>transiit,</span> <span class='ocrx_word' id='word_1_118' title='bbox 751 1328 786 1357; x_wconf 92' lang='lat' dir='ltr'>et</span> <span class='ocrx_word' id='word_1_119' title='bbox 813 1327 949 1358; x_wconf 87' lang='lat' dir='ltr'>terram</span> <span class='ocrx_word' id='word_1_120' title='bbox 982 1321 1118 1358; x_wconf 88' lang='lat' dir='ltr'>Gessen</span> 
     </span>
     <span class='ocr_line' id='line_1_19' title="bbox 50 1381 1118 1429; baseline 0.001 -13"><span class='ocrx_word' id='word_1_121' title='bbox 50 1381 272 1428; x_wconf 86' lang='lat' dir='ltr'>pastoralem</span> <span class='ocrx_word' id='word_1_122' title='bbox 292 1386 328 1416; x_wconf 87' lang='lat' dir='ltr'>et</span> <span class='ocrx_word' id='word_1_123' title='bbox 348 1381 478 1426; x_wconf 89' lang='lat' dir='ltr'>pluviis</span> <span class='ocrx_word' id='word_1_124' title='bbox 500 1381 688 1428; x_wconf 83' lang='lat' dir='ltr'>irrigatam</span> <span class='ocrx_word' id='word_1_125' title='bbox 708 1392 779 1417; x_wconf 92' lang='lat' dir='ltr'>non</span> <span class='ocrx_word' id='word_1_126' title='bbox 802 1382 909 1418; x_wconf 88' lang='lat' dir='ltr'>audet</span> <span class='ocrx_word' id='word_1_127' title='bbox 929 1382 1118 1429; x_wconf 86' lang='lat' dir='ltr'>attingere.</span> 
     </span>
     <span class='ocr_line' id='line_1_20' title="bbox 52 1439 1122 1488; baseline 0.001 -12"><span class='ocrx_word' id='word_1_128' title='bbox 52 1439 166 1476; x_wconf 86' lang='lat' dir='ltr'>Erant</span> <span class='ocrx_word' id='word_1_129' title='bbox 197 1441 291 1476; x_wconf 91' lang='lat' dir='ltr'>enim</span> <span class='ocrx_word' id='word_1_130' title='bbox 320 1446 441 1486; x_wconf 85' lang='lat' dir='ltr'>postes</span> <span class='ocrx_word' id='word_1_131' title='bbox 471 1451 596 1476; x_wconf 89' lang='lat' dir='ltr'>eorum</span> <span class='ocrx_word' id='word_1_132' title='bbox 629 1441 711 1487; x_wconf 83' lang='lat' dir='ltr'>agni</span> <span class='ocrx_word' id='word_1_133' title='bbox 747 1452 877 1477; x_wconf 90' lang='lat' dir='ltr'>cruore</span> <span class='ocrx_word' id='word_1_134' title='bbox 911 1442 1056 1488; x_wconf 87' lang='lat' dir='ltr'>signati,</span> <span class='ocrx_word' id='word_1_135' title='bbox 1085 1447 1122 1477; x_wconf 90' lang='lat' dir='ltr'>et</span> 
     </span>
     <span class='ocr_line' id='line_1_21' title="bbox 52 1501 1120 1549; baseline 0.001 -12"><span class='ocrx_word' id='word_1_136' title='bbox 52 1512 163 1547; x_wconf 85' lang='lat' dir='ltr'>opere</span> <span class='ocrx_word' id='word_1_137' title='bbox 182 1502 450 1547; x_wconf 84' lang='lat' dir='ltr'>loquebantur:</span> <span class='ocrx_word' id='word_1_138' title='bbox 478 1501 666 1547; x_wconf 76' lang='lat' dir='ltr'>Siqnatum</span> <span class='ocrx_word' id='word_1_139' title='bbox 692 1509 742 1537; x_wconf 85' lang='lat' dir='ltr'>est</span> <span class='ocrx_word' id='word_1_140' title='bbox 769 1513 874 1549; x_wconf 81' lang='lat' dir='ltr'>super</span> <span class='ocrx_word' id='word_1_141' title='bbox 907 1514 970 1537; x_wconf 82' lang='lat' dir='ltr'>uos</span> <span class='ocrx_word' id='word_1_142' title='bbox 1005 1502 1120 1538; x_wconf 82' lang='lat' dir='ltr'>lumen</span> 
     </span>
     <span class='ocr_line' id='line_1_22' title="bbox 53 1561 1121 1609; baseline 0.003 -13"><span class='ocrx_word' id='word_1_143' title='bbox 53 1562 169 1597; x_wconf 82' lang='lat' dir='ltr'>vultus</span> <span class='ocrx_word' id='word_1_144' title='bbox 184 1563 249 1605; x_wconf 83' lang='lat' dir='ltr'>tui,</span> <span class='ocrx_word' id='word_1_145' title='bbox 265 1562 413 1597; x_wconf 82' lang='lat' dir='ltr'>Domine</span> <span class='ocrx_word' id='word_1_146' title='bbox 428 1561 542 1608; x_wconf 84' lang='lat' dir='ltr'>(Psal.</span> <span class='ocrx_word' id='word_1_147' title='bbox 563 1562 626 1608; x_wconf 83' lang='grc' dir='ltr'><strong>ιν).</strong></span> <span class='ocrx_word' id='word_1_148' title='bbox 650 1562 753 1599; x_wconf 88' lang='lat' dir='ltr'>Unde</span> <span class='ocrx_word' id='word_1_149' title='bbox 771 1568 806 1597; x_wconf 86' lang='lat' dir='ltr'>et</span> <span class='ocrx_word' id='word_1_150' title='bbox 825 1562 1026 1609; x_wconf 87' lang='lat' dir='ltr'>appellatur</span> <span class='ocrx_word' id='word_1_151' title='bbox 1044 1563 1121 1608; x_wconf 83' lang='lat' dir='ltr'>ipsa</span> 
     </span>
     <span class='ocr_line' id='line_1_23' title="bbox 54 1621 1121 1669; baseline 0.001 -11"><span class='ocrx_word' id='word_1_152' title='bbox 54 1621 267 1658; x_wconf 70' lang='lat' dir='ltr'>solemnitas</span> <span class='ocrx_word' id='word_1_153' title='bbox 299 1621 430 1665; x_wconf 76' lang='lat' dir='ltr'>phase,</span> <span class='ocrx_word' id='word_1_154' title='bbox 470 1632 578 1667; x_wconf 88' lang='lat' dir='ltr'>quam</span> <span class='ocrx_word' id='word_1_155' title='bbox 611 1634 675 1658; x_wconf 89' lang='lat' dir='ltr'>nos</span> <span class='ocrx_word' id='word_1_156' title='bbox 712 1624 902 1659; x_wconf 83' lang='lat' dir='ltr'>transitum</span> <span class='ocrx_word' id='word_1_157' title='bbox 930 1633 1121 1669; x_wconf 90' lang='lat' dir='ltr'>possumus</span> 
     </span>
     <span class='ocr_line' id='line_1_24' title="bbox 53 1683 1122 1733; baseline 0.004 -15"><span class='ocrx_word' id='word_1_158' title='bbox 53 1683 250 1729; x_wconf 79' lang='lat' dir='ltr'>appellare,</span> <span class='ocrx_word' id='word_1_159' title='bbox 268 1693 311 1719; x_wconf 91' lang='lat' dir='ltr'>eo</span> <span class='ocrx_word' id='word_1_160' title='bbox 332 1684 426 1728; x_wconf 87' lang='lat' dir='ltr'>quod</span> <span class='ocrx_word' id='word_1_161' title='bbox 449 1685 492 1719; x_wconf 89' lang='lat' dir='ltr'>de</span> <span class='ocrx_word' id='word_1_162' title='bbox 513 1685 706 1730; x_wconf 85' lang='lat' dir='ltr'>pecoribus</span> <span class='ocrx_word' id='word_1_163' title='bbox 731 1686 775 1721; x_wconf 88' lang='lat' dir='ltr'>ad</span> <span class='ocrx_word' id='word_1_164' title='bbox 794 1686 943 1722; x_wconf 87' lang='lat' dir='ltr'>meliora</span> <span class='ocrx_word' id='word_1_165' title='bbox 969 1697 1122 1733; x_wconf 86' lang='lat' dir='ltr'>pergen-</span> 
     </span>
     <span class='ocr_line' id='line_1_25' title="bbox 53 1744 1119 1793; baseline 0.003 -13"><span class='ocrx_word' id='word_1_166' title='bbox 53 1748 122 1786; x_wconf 69' lang='lat' dir='ltr'>tes,</span> <span class='ocrx_word' id='word_1_167' title='bbox 145 1745 372 1781; x_wconf 82' lang='lat' dir='ltr'>tenebrosam</span> <span class='ocrx_word' id='word_1_168' title='bbox 402 1744 598 1791; x_wconf 83' lang='lat' dir='ltr'>AEgyptum</span> <span class='ocrx_word' id='word_1_169' title='bbox 626 1747 883 1793; x_wconf 86' lang='lat' dir='ltr'>relinquamus.</span> <span class='ocrx_word' id='word_1_170' title='bbox 907 1748 995 1783; x_wconf 79' lang='lat' dir='ltr'>Hoec</span> <span class='ocrx_word' id='word_1_171' title='bbox 1024 1755 1119 1792; x_wconf 81' lang='lat' dir='ltr'>sant,</span> 
     </span>
     <span class='ocr_line' id='line_1_26' title="bbox 54 1803 1123 1854; baseline 0.004 -14"><span class='ocrx_word' id='word_1_172' title='bbox 54 1803 187 1850; x_wconf 88' lang='lat' dir='ltr'>inquit,</span> <span class='ocrx_word' id='word_1_173' title='bbox 225 1812 342 1840; x_wconf 81' lang='lat' dir='ltr'>castra</span> <span class='ocrx_word' id='word_1_174' title='bbox 374 1805 529 1851; x_wconf 81' lang='lat' dir='ltr'>filiorum</span> <span class='ocrx_word' id='word_1_175' title='bbox 568 1807 695 1850; x_wconf 81' lang='lat' dir='ltr'>Israel,</span> <span class='ocrx_word' id='word_1_176' title='bbox 722 1809 782 1854; x_wconf 84' lang='lat' dir='ltr'>qui</span> <span class='ocrx_word' id='word_1_177' title='bbox 816 1810 943 1854; x_wconf 58' lang='lat' dir='ltr'>egressi</span> <span class='ocrx_word' id='word_1_178' title='bbox 976 1816 1057 1844; x_wconf 85' lang='lat' dir='ltr'>sunt</span> <span class='ocrx_word' id='word_1_179' title='bbox 1080 1810 1123 1844; x_wconf 84' lang='lat' dir='ltr'>de</span> 
     </span>
     <span class='ocr_line' id='line_1_27' title="bbox 53 1865 1120 1914; baseline 0.005 -15"><span class='ocrx_word' id='word_1_180' title='bbox 53 1870 149 1900; x_wconf 79' lang='lat' dir='ltr'>terra</span> <span class='ocrx_word' id='word_1_181' title='bbox 168 1865 315 1912; x_wconf 75' lang='lat' dir='ltr'>AEqypli</span> <span class='ocrx_word' id='word_1_182' title='bbox 335 1877 395 1912; x_wconf 84' lang='lat' dir='ltr'>per</span> <span class='ocrx_word' id='word_1_183' title='bbox 410 1873 543 1902; x_wconf 81' lang='lat' dir='ltr'>turmas</span> <span class='ocrx_word' id='word_1_184' title='bbox 564 1879 662 1911; x_wconf 82' lang='lat' dir='ltr'>suas,</span> <span class='ocrx_word' id='word_1_185' title='bbox 685 1869 721 1903; x_wconf 82' lang='lat' dir='ltr'>in</span> <span class='ocrx_word' id='word_1_186' title='bbox 740 1879 847 1903; x_wconf 81' lang='lat' dir='ltr'>nzanu</span> <span class='ocrx_word' id='word_1_187' title='bbox 867 1868 983 1914; x_wconf 78' lang='lat' dir='ltr'>Moysi</span> <span class='ocrx_word' id='word_1_188' title='bbox 996 1875 1027 1905; x_wconf 86' lang='lat' dir='ltr'>et</span> <span class='ocrx_word' id='word_1_189' title='bbox 1047 1869 1120 1904; x_wconf 79' lang='lat' dir='ltr'>Aa·</span> 
     </span>
     <span class='ocr_line' id='line_1_28' title="bbox 55 1927 1125 1976; baseline 0.005 -15"><span class='ocrx_word' id='word_1_190' title='bbox 55 1937 134 1962; x_wconf 88' lang='lat' dir='ltr'>ron.</span> <span class='ocrx_word' id='word_1_191' title='bbox 165 1927 262 1970; x_wconf 85' lang='lat' dir='ltr'>Quas</span> <span class='ocrx_word' id='word_1_192' title='bbox 297 1927 412 1963; x_wconf 82' lang='lat' dir='ltr'>Graeci</span> <span class='ocrx_word' id='word_1_193' title='bbox 440 1928 598 1975; x_wconf 76' lang='grc' dir='ltr'><em>διαμονὰς</em></span> <span class='ocrx_word' id='word_1_194' title='bbox 627 1935 771 1971; x_wconf 86' lang='lat' dir='ltr'>vocant,</span> <span class='ocrx_word' id='word_1_195' title='bbox 789 1940 856 1965; x_wconf 93' lang='lat' dir='ltr'>nos</span> <span class='ocrx_word' id='word_1_196' title='bbox 883 1937 1031 1976; x_wconf 82' lang='lat' dir='ltr'>propter</span> <span class='ocrx_word' id='word_1_197' title='bbox 1055 1931 1125 1966; x_wconf 90' lang='lat' dir='ltr'>lin-</span> 
     </span>
     <span class='ocr_line' id='line_1_29' title="bbox 55 1989 1124 2035; baseline 0.005 -13"><span class='ocrx_word' id='word_1_198' title='bbox 55 1998 135 2034; x_wconf 80' lang='lat' dir='ltr'>guae</span> <span class='ocrx_word' id='word_1_199' title='bbox 161 1989 444 2034; x_wconf 87' lang='lat' dir='ltr'>proprietatem,</span> <span class='ocrx_word' id='word_1_200' title='bbox 476 1989 756 2035; x_wconf 84' lang='lat' dir='ltr'>significantius,</span> <span class='ocrx_word' id='word_1_201' title='bbox 790 1992 1010 2034; x_wconf 86' lang='lat' dir='ltr'>mansiones,</span> <span class='ocrx_word' id='word_1_202' title='bbox 1046 1992 1124 2027; x_wconf 79' lang='lat' dir='ltr'>sive</span> 
     </span>
    </p>
   </div>
   <div class='ocr_carea' id='block_1_4' title="bbox 55 2109 1131 3790">
    <p class='ocr_par' dir='ltr' id='par_1_4' title="bbox 55 2109 1131 3790">
     <span class='ocr_line' id='line_1_30' title="bbox 57 2109 1125 2158; baseline 0.006 -15"><span class='ocrx_word' id='word_1_203' title='bbox 57 2113 177 2144; x_wconf 89' lang='lat' dir='ltr'>autem</span> <span class='ocrx_word' id='word_1_204' title='bbox 197 2109 381 2156; x_wconf 89' lang='lat' dir='ltr'>catalogus</span> <span class='ocrx_word' id='word_1_205' title='bbox 404 2111 635 2146; x_wconf 89' lang='lat' dir='ltr'>mansionum</span> <span class='ocrx_word' id='word_1_206' title='bbox 658 2122 678 2147; x_wconf 91' lang='lat' dir='ltr'>a</span> <span class='ocrx_word' id='word_1_207' title='bbox 709 2112 825 2158; x_wconf 87' lang='lat' dir='ltr'>prima</span> <span class='ocrx_word' id='word_1_208' title='bbox 844 2123 957 2158; x_wconf 88' lang='lat' dir='ltr'>usque</span> <span class='ocrx_word' id='word_1_209' title='bbox 975 2113 1020 2149; x_wconf 92' lang='lat' dir='ltr'>ad</span> <span class='ocrx_word' id='word_1_210' title='bbox 1041 2114 1125 2149; x_wconf 90' lang='lat' dir='ltr'>ulti-</span> 
     </span>
     <span class='ocr_line' id='line_1_31' title="bbox 55 2173 1126 2221; baseline 0.005 -15"><span class='ocrx_word' id='word_1_211' title='bbox 55 2180 168 2214; x_wconf 90' lang='lat' dir='ltr'>mam,</span> <span class='ocrx_word' id='word_1_212' title='bbox 199 2177 236 2207; x_wconf 88' lang='lat' dir='ltr'>et</span> <span class='ocrx_word' id='word_1_213' title='bbox 270 2177 507 2207; x_wconf 88' lang='lat' dir='ltr'>numerantur</span> <span class='ocrx_word' id='word_1_214' title='bbox 539 2173 645 2209; x_wconf 91' lang='lat' dir='ltr'>simul</span> <span class='ocrx_word' id='word_1_215' title='bbox 677 2174 917 2221; x_wconf 87' lang='lat' dir='ltr'>quadraginta</span> <span class='ocrx_word' id='word_1_216' title='bbox 948 2175 1038 2211; x_wconf 86' lang='lat' dir='ltr'>duae.</span> <span class='ocrx_word' id='word_1_217' title='bbox 1074 2175 1126 2211; x_wconf 87' lang='lat' dir='ltr'>De</span> 
     </span>
     <span class='ocr_line' id='line_1_32' title="bbox 56 2232 1126 2283; baseline 0.005 -16"><span class='ocrx_word' id='word_1_218' title='bbox 56 2232 189 2278; x_wconf 89' lang='lat' dir='ltr'>quibus</span> <span class='ocrx_word' id='word_1_219' title='bbox 217 2232 407 2269; x_wconf 80' lang='lat' dir='ltr'>Matthaeus</span> <span class='ocrx_word' id='word_1_220' title='bbox 434 2233 595 2279; x_wconf 88' lang='lat' dir='ltr'>loquitur</span> <span class='ocrx_word' id='word_1_221' title='bbox 618 2247 625 2269; x_wconf 90' lang='lat'>:</span> <span class='ocrx_word' id='word_1_222' title='bbox 654 2235 704 2269; x_wconf 86' lang='lat' dir='ltr'>Ab</span> <span class='ocrx_word' id='word_1_223' title='bbox 734 2236 913 2271; x_wconf 77' lang='lat' dir='ltr'>Abraham</span> <span class='ocrx_word' id='word_1_224' title='bbox 946 2248 1052 2283; x_wconf 82' lang='lat' dir='ltr'>usque</span> <span class='ocrx_word' id='word_1_225' title='bbox 1079 2236 1126 2272; x_wconf 86' lang='lat' dir='ltr'>ad</span> 
     </span>
     <span class='ocr_line' id='line_1_33' title="bbox 56 2292 1123 2344; baseline 0.005 -15"><span class='ocrx_word' id='word_1_226' title='bbox 56 2292 173 2329; x_wconf 84' lang='lat' dir='ltr'>David</span> <span class='ocrx_word' id='word_1_227' title='bbox 202 2295 441 2339; x_wconf 65' lang='lat' dir='ltr'>generationes</span> <span class='ocrx_word' id='word_1_228' title='bbox 473 2295 736 2341; x_wconf 85' lang='lat' dir='ltr'>quatuordecim</span> <span class='ocrx_word' id='word_1_229' title='bbox 758 2296 900 2343; x_wconf 72' lang='lat' dir='ltr'>(Manli.</span> <span class='ocrx_word' id='word_1_230' title='bbox 931 2297 971 2344; x_wconf 94' lang='grc'>1),</span> <span class='ocrx_word' id='word_1_231' title='bbox 1000 2298 1035 2332; x_wconf 83' lang='grc'>111</span> <span class='ocrx_word' id='word_1_232' title='bbox 1055 2304 1123 2342; x_wconf 88' lang='lat' dir='ltr'>est,</span> 
     </span>
     <span class='ocr_line' id='line_1_34' title="bbox 57 2352 1127 2402; baseline 0.003 -12"><span class='ocrx_word' id='word_1_233' title='bbox 57 2352 166 2390; x_wconf 87' lang='lat' dir='ltr'>simul</span> <span class='ocrx_word' id='word_1_234' title='bbox 186 2354 438 2399; x_wconf 84' lang='lat' dir='ltr'>generationes</span> <span class='ocrx_word' id='word_1_235' title='bbox 459 2356 696 2402; x_wconf 83' lang='lat' dir='ltr'>quadraginta</span> <span class='ocrx_word' id='word_1_236' title='bbox 720 2357 811 2392; x_wconf 79' lang='lat' dir='ltr'>duae.</span> <span class='ocrx_word' id='word_1_237' title='bbox 835 2357 905 2392; x_wconf 89' lang='lat' dir='ltr'>Per</span> <span class='ocrx_word' id='word_1_238' title='bbox 920 2358 987 2393; x_wconf 88' lang='lat' dir='ltr'>has</span> <span class='ocrx_word' id='word_1_239' title='bbox 1013 2358 1127 2393; x_wconf 88' lang='lat' dir='ltr'>currit</span> 
     </span>
     <span class='ocr_line' id='line_1_35' title="bbox 57 2413 1127 2460; baseline 0.004 -12"><span class='ocrx_word' id='word_1_240' title='bbox 57 2422 167 2449; x_wconf 88' lang='lat' dir='ltr'>verus</span> <span class='ocrx_word' id='word_1_241' title='bbox 182 2413 369 2457; x_wconf 81' lang='lat' dir='ltr'>Hebraeus,</span> <span class='ocrx_word' id='word_1_242' title='bbox 392 2414 454 2460; x_wconf 87' lang='lat' dir='ltr'>qui</span> <span class='ocrx_word' id='word_1_243' title='bbox 474 2415 518 2450; x_wconf 92' lang='lat' dir='ltr'>de</span> <span class='ocrx_word' id='word_1_244' title='bbox 535 2420 630 2450; x_wconf 89' lang='lat' dir='ltr'>terra</span> <span class='ocrx_word' id='word_1_245' title='bbox 650 2416 805 2451; x_wconf 87' lang='lat' dir='ltr'>transire</span> <span class='ocrx_word' id='word_1_246' title='bbox 825 2415 971 2452; x_wconf 77' lang='lat' dir='ltr'>festinat</span> <span class='ocrx_word' id='word_1_247' title='bbox 990 2416 1035 2452; x_wconf 89' lang='lat' dir='ltr'>ad</span> <span class='ocrx_word' id='word_1_248' title='bbox 1054 2426 1127 2452; x_wconf 88' lang='lat' dir='ltr'>coe-</span> 
     </span>
     <span class='ocr_line' id='line_1_36' title="bbox 58 2472 1128 2522; baseline 0.004 -14"><span class='ocrx_word' id='word_1_249' title='bbox 58 2472 146 2516; x_wconf 92' lang='lat' dir='ltr'>lum,</span> <span class='ocrx_word' id='word_1_250' title='bbox 167 2478 203 2508; x_wconf 90' lang='lat' dir='ltr'>et</span> <span class='ocrx_word' id='word_1_251' title='bbox 218 2473 376 2520; x_wconf 89' lang='lat' dir='ltr'>AEgypto</span> <span class='ocrx_word' id='word_1_252' title='bbox 397 2475 519 2510; x_wconf 85' lang='lat' dir='ltr'>saeculi</span> <span class='ocrx_word' id='word_1_253' title='bbox 545 2475 727 2518; x_wconf 88' lang='lat' dir='ltr'>derelicta,</span> <span class='ocrx_word' id='word_1_254' title='bbox 760 2481 894 2511; x_wconf 86' lang='lat' dir='ltr'>terram</span> <span class='ocrx_word' id='word_1_255' title='bbox 931 2477 1128 2522; x_wconf 86' lang='lat' dir='ltr'>repromis-</span> 
     </span>
     <span class='ocr_line' id='line_1_37' title="bbox 59 2534 1128 2580; baseline 0.001 -10"><span class='ocrx_word' id='word_1_256' title='bbox 59 2534 173 2570; x_wconf 84' lang='lat' dir='ltr'>sionis</span> <span class='ocrx_word' id='word_1_257' title='bbox 188 2534 400 2580; x_wconf 85' lang='lat' dir='ltr'>ingreditur.</span> <span class='ocrx_word' id='word_1_258' title='bbox 421 2535 494 2571; x_wconf 89' lang='lat' dir='ltr'>Nec</span> <span class='ocrx_word' id='word_1_259' title='bbox 510 2536 643 2570; x_wconf 91' lang='lat' dir='ltr'>mirum</span> <span class='ocrx_word' id='word_1_260' title='bbox 663 2536 693 2571; x_wconf 94' lang='lat' dir='ltr'>si</span> <span class='ocrx_word' id='word_1_261' title='bbox 714 2537 749 2571; x_wconf 92' lang='lat' dir='ltr'>in</span> <span class='ocrx_word' id='word_1_262' title='bbox 770 2536 831 2571; x_wconf 89' lang='lat' dir='ltr'>illo</span> <span class='ocrx_word' id='word_1_263' title='bbox 849 2537 991 2571; x_wconf 86' lang='lat' dir='ltr'>numeri</span> <span class='ocrx_word' id='word_1_264' title='bbox 1010 2547 1128 2571; x_wconf 88' lang='lat' dir='ltr'>sacra-</span> 
     </span>
     <span class='ocr_line' id='line_1_38' title="bbox 59 2594 1126 2640; baseline 0.003 -12"><span class='ocrx_word' id='word_1_265' title='bbox 59 2599 183 2629; x_wconf 89' lang='lat' dir='ltr'>mento</span> <span class='ocrx_word' id='word_1_266' title='bbox 213 2595 468 2638; x_wconf 91' lang='lat' dir='ltr'>perveniamus</span> <span class='ocrx_word' id='word_1_267' title='bbox 504 2595 548 2629; x_wconf 89' lang='lat' dir='ltr'>ad</span> <span class='ocrx_word' id='word_1_268' title='bbox 590 2604 700 2640; x_wconf 85' lang='lat' dir='ltr'>regna</span> <span class='ocrx_word' id='word_1_269' title='bbox 736 2594 922 2637; x_wconf 87' lang='lat' dir='ltr'>coelorum,</span> <span class='ocrx_word' id='word_1_270' title='bbox 960 2596 1027 2630; x_wconf 91' lang='lat' dir='ltr'>sub</span> <span class='ocrx_word' id='word_1_271' title='bbox 1055 2605 1126 2640; x_wconf 91' lang='lat' dir='ltr'>quo</span> 
     </span>
     <span class='ocr_line' id='line_1_39' title="bbox 61 2652 1127 2701; baseline 0.004 -14"><span class='ocrx_word' id='word_1_272' title='bbox 61 2653 235 2688; x_wconf 92' lang='lat' dir='ltr'>Dominus</span> <span class='ocrx_word' id='word_1_273' title='bbox 255 2657 363 2697; x_wconf 89' lang='lat' dir='ltr'>atque</span> <span class='ocrx_word' id='word_1_274' title='bbox 387 2652 554 2688; x_wconf 83' lang='lat' dir='ltr'>Salvator</span> <span class='ocrx_word' id='word_1_275' title='bbox 583 2664 603 2687; x_wconf 86' lang='lat' dir='ltr'>a</span> <span class='ocrx_word' id='word_1_276' title='bbox 633 2654 751 2698; x_wconf 90' lang='lat' dir='ltr'>primo</span> <span class='ocrx_word' id='word_1_277' title='bbox 769 2654 975 2699; x_wconf 88' lang='lat' dir='ltr'>patriarcha</span> <span class='ocrx_word' id='word_1_278' title='bbox 999 2665 1127 2701; x_wconf 87' lang='lat' dir='ltr'>perve-</span> 
     </span>
     <span class='ocr_line' id='line_1_40' title="bbox 61 2711 1127 2762; baseline 0.005 -15"><span class='ocrx_word' id='word_1_279' title='bbox 61 2712 117 2748; x_wconf 87' lang='lat' dir='ltr'>nit</span> <span class='ocrx_word' id='word_1_280' title='bbox 137 2712 181 2747; x_wconf 92' lang='lat' dir='ltr'>ad</span> <span class='ocrx_word' id='word_1_281' title='bbox 202 2712 399 2758; x_wconf 86' lang='lat' dir='ltr'>Virginem,</span> <span class='ocrx_word' id='word_1_282' title='bbox 417 2712 519 2757; x_wconf 89' lang='lat' dir='ltr'>quasi</span> <span class='ocrx_word' id='word_1_283' title='bbox 544 2712 587 2748; x_wconf 88' lang='lat' dir='ltr'>ad</span> <span class='ocrx_word' id='word_1_284' title='bbox 608 2711 815 2757; x_wconf 84' lang='lat' dir='ltr'>Jordanem,</span> <span class='ocrx_word' id='word_1_285' title='bbox 834 2715 893 2760; x_wconf 90' lang='lat' dir='ltr'>qui</span> <span class='ocrx_word' id='word_1_286' title='bbox 919 2715 1026 2760; x_wconf 91' lang='lat' dir='ltr'>pleno</span> <span class='ocrx_word' id='word_1_287' title='bbox 1043 2727 1127 2762; x_wconf 90' lang='lat' dir='ltr'>gur-</span> 
     </span>
     <span class='ocr_line' id='line_1_41' title="bbox 62 2775 1128 2822; baseline 0.004 -12"><span class='ocrx_word' id='word_1_288' title='bbox 62 2776 137 2822; x_wconf 85' lang='lat' dir='ltr'>gite</span> <span class='ocrx_word' id='word_1_289' title='bbox 153 2775 280 2818; x_wconf 86' lang='lat' dir='ltr'>ssuens,</span> <span class='ocrx_word' id='word_1_290' title='bbox 307 2775 462 2821; x_wconf 85' lang='lat' dir='ltr'>Spiritus</span> <span class='ocrx_word' id='word_1_291' title='bbox 485 2775 602 2811; x_wconf 88' lang='lat' dir='ltr'>sancti</span> <span class='ocrx_word' id='word_1_292' title='bbox 619 2776 743 2821; x_wconf 86' lang='lat' dir='ltr'>gratiis</span> <span class='ocrx_word' id='word_1_293' title='bbox 768 2777 1002 2813; x_wconf 88' lang='lat' dir='ltr'>redundabat.</span> <span class='ocrx_word' id='word_1_294' title='bbox 1024 2778 1128 2822; x_wconf 85' lang='lat' dir='ltr'>Quod</span> 
     </span>
     <span class='ocr_line' id='line_1_42' title="bbox 65 2834 1128 2881; baseline 0.003 -11"><span class='ocrx_word' id='word_1_295' title='bbox 65 2839 184 2870; x_wconf 91' lang='lat' dir='ltr'>autem</span> <span class='ocrx_word' id='word_1_296' title='bbox 202 2835 238 2870; x_wconf 93' lang='lat' dir='ltr'>in</span> <span class='ocrx_word' id='word_1_297' title='bbox 260 2845 370 2870; x_wconf 90' lang='lat' dir='ltr'>manu</span> <span class='ocrx_word' id='word_1_298' title='bbox 390 2834 503 2881; x_wconf 88' lang='lat' dir='ltr'>Moysi</span> <span class='ocrx_word' id='word_1_299' title='bbox 523 2840 558 2870; x_wconf 89' lang='lat' dir='ltr'>et</span> <span class='ocrx_word' id='word_1_300' title='bbox 577 2836 696 2871; x_wconf 87' lang='lat' dir='ltr'>Aaron</span> <span class='ocrx_word' id='word_1_301' title='bbox 716 2846 882 2881; x_wconf 88' lang='lat' dir='ltr'>egressos</span> <span class='ocrx_word' id='word_1_302' title='bbox 909 2838 1049 2881; x_wconf 79' lang='lat' dir='ltr'>scribit,</span> <span class='ocrx_word' id='word_1_303' title='bbox 1073 2838 1128 2873; x_wconf 92' lang='lat' dir='ltr'>in-</span> 
     </span>
     <span class='ocr_line' id='line_1_43' title="bbox 65 2896 1125 2942; baseline 0.002 -10"><span class='ocrx_word' id='word_1_304' title='bbox 65 2896 185 2942; x_wconf 86' lang='lat' dir='ltr'>tellige</span> <span class='ocrx_word' id='word_1_305' title='bbox 209 2896 324 2942; x_wconf 81' lang='lat' dir='ltr'>legem</span> <span class='ocrx_word' id='word_1_306' title='bbox 347 2901 384 2932; x_wconf 92' lang='lat' dir='ltr'>et</span> <span class='ocrx_word' id='word_1_307' title='bbox 406 2897 647 2932; x_wconf 88' lang='lat' dir='ltr'>sacerdotium</span> <span class='ocrx_word' id='word_1_308' title='bbox 669 2909 676 2931; x_wconf 91' lang='lat'><strong>:</strong></span> <span class='ocrx_word' id='word_1_309' title='bbox 701 2907 812 2942; x_wconf 89' lang='lat' dir='ltr'>opera</span> <span class='ocrx_word' id='word_1_310' title='bbox 830 2902 867 2933; x_wconf 88' lang='lat' dir='ltr'>et</span> <span class='ocrx_word' id='word_1_311' title='bbox 885 2898 1019 2933; x_wconf 89' lang='lat' dir='ltr'>cultum</span> <span class='ocrx_word' id='word_1_312' title='bbox 1046 2898 1125 2942; x_wconf 90' lang='lat' dir='ltr'>Dei,</span> 
     </span>
     <span class='ocr_line' id='line_1_44' title="bbox 66 2956 1128 3004; baseline 0.005 -14"><span class='ocrx_word' id='word_1_313' title='bbox 66 2966 220 3002; x_wconf 89' lang='lat' dir='ltr'>quorum</span> <span class='ocrx_word' id='word_1_314' title='bbox 241 2956 395 2992; x_wconf 89' lang='lat' dir='ltr'>alterum</span> <span class='ocrx_word' id='word_1_315' title='bbox 423 2957 537 2991; x_wconf 89' lang='lat' dir='ltr'>altero</span> <span class='ocrx_word' id='word_1_316' title='bbox 568 2957 715 3003; x_wconf 87' lang='lat' dir='ltr'>indiget.</span> <span class='ocrx_word' id='word_1_317' title='bbox 750 2957 845 2993; x_wconf 86' lang='lat' dir='ltr'>Nihil</span> <span class='ocrx_word' id='word_1_318' title='bbox 866 2958 962 2994; x_wconf 89' lang='lat' dir='ltr'>enim</span> <span class='ocrx_word' id='word_1_319' title='bbox 982 2958 1128 3004; x_wconf 87' lang='lat' dir='ltr'>prodest</span> 
     </span>
     <span class='ocr_line' id='line_1_45' title="bbox 66 3018 1127 3062; baseline 0.003 -10"><span class='ocrx_word' id='word_1_320' title='bbox 66 3026 237 3053; x_wconf 84' lang='lat' dir='ltr'>exercere</span> <span class='ocrx_word' id='word_1_321' title='bbox 256 3018 420 3061; x_wconf 90' lang='lat' dir='ltr'>virtutes,</span> <span class='ocrx_word' id='word_1_322' title='bbox 441 3018 510 3053; x_wconf 91' lang='lat' dir='ltr'>nisi</span> <span class='ocrx_word' id='word_1_323' title='bbox 534 3018 677 3054; x_wconf 84' lang='lat' dir='ltr'>noveris</span> <span class='ocrx_word' id='word_1_324' title='bbox 708 3018 937 3062; x_wconf 87' lang='lat' dir='ltr'>Creatorem;</span> <span class='ocrx_word' id='word_1_325' title='bbox 970 3030 1037 3055; x_wconf 87' lang='lat' dir='ltr'>nee</span> <span class='ocrx_word' id='word_1_326' title='bbox 1064 3020 1127 3056; x_wconf 89' lang='lat' dir='ltr'>Dei</span> 
     </span>
     <span class='ocr_line' id='line_1_46' title="bbox 64 3078 1129 3126; baseline 0.003 -12"><span class='ocrx_word' id='word_1_327' title='bbox 64 3078 251 3114; x_wconf 85' lang='lat' dir='ltr'>veneratio</span> <span class='ocrx_word' id='word_1_328' title='bbox 264 3078 406 3123; x_wconf 79' lang='lat' dir='ltr'>proiicit</span> <span class='ocrx_word' id='word_1_329' title='bbox 426 3078 471 3113; x_wconf 87' lang='lat' dir='ltr'>ad</span> <span class='ocrx_word' id='word_1_330' title='bbox 490 3078 659 3121; x_wconf 86' lang='lat' dir='ltr'>salutem,</span> <span class='ocrx_word' id='word_1_331' title='bbox 678 3079 748 3115; x_wconf 88' lang='lat' dir='ltr'>uisi</span> <span class='ocrx_word' id='word_1_332' title='bbox 766 3086 945 3126; x_wconf 81' lang='lat' dir='ltr'>praeccpta</span> <span class='ocrx_word' id='word_1_333' title='bbox 964 3081 1129 3117; x_wconf 92' lang='lat' dir='ltr'>condito-</span> 
     </span>
     <span class='ocr_line' id='line_1_47' title="bbox 65 3139 1129 3188; baseline 0.002 -12"><span class='ocrx_word' id='word_1_334' title='bbox 65 3139 117 3176; x_wconf 87' lang='lat' dir='ltr'>ris</span> <span class='ocrx_word' id='word_1_335' title='bbox 137 3139 355 3184; x_wconf 86' lang='lat' dir='ltr'>impleveris.</span> <span class='ocrx_word' id='word_1_336' title='bbox 383 3139 448 3175; x_wconf 87' lang='lat' dir='ltr'>His</span> <span class='ocrx_word' id='word_1_337' title='bbox 466 3139 605 3176; x_wconf 87' lang='lat' dir='ltr'>duabus</span> <span class='ocrx_word' id='word_1_338' title='bbox 630 3142 889 3185; x_wconf 87' lang='lat' dir='ltr'>mansionibus,</span> <span class='ocrx_word' id='word_1_339' title='bbox 912 3142 1016 3188; x_wconf 89' lang='lat' dir='ltr'>quasi</span> <span class='ocrx_word' id='word_1_340' title='bbox 1042 3142 1129 3178; x_wconf 90' lang='lat' dir='ltr'>duo-</span> 
     </span>
     <span class='ocr_line' id='line_1_48' title="bbox 65 3200 1128 3246; baseline 0.001 -8"><span class='ocrx_word' id='word_1_341' title='bbox 65 3200 134 3238; x_wconf 87' lang='lat' dir='ltr'>bus</span> <span class='ocrx_word' id='word_1_342' title='bbox 168 3201 363 3246; x_wconf 85' lang='lat' dir='ltr'>seraphim,</span> <span class='ocrx_word' id='word_1_343' title='bbox 400 3201 436 3236; x_wconf 93' lang='lat' dir='ltr'>in</span> <span class='ocrx_word' id='word_1_344' title='bbox 471 3202 734 3238; x_wconf 82' lang='lat' dir='ltr'>consessionem</span> <span class='ocrx_word' id='word_1_345' title='bbox 770 3209 904 3239; x_wconf 82' lang='lat' dir='ltr'>sanctae</span> <span class='ocrx_word' id='word_1_346' title='bbox 938 3204 1128 3240; x_wconf 85' lang='lat' dir='ltr'>Trinitatis</span> 
     </span>
     <span class='ocr_line' id='line_1_49' title="bbox 65 3258 1131 3306; baseline 0.002 -9"><span class='ocrx_word' id='word_1_347' title='bbox 65 3258 290 3306; x_wconf 69' lang='lat' dir='ltr'>erumpimus</span> <span class='ocrx_word' id='word_1_348' title='bbox 308 3259 467 3296; x_wconf 84' lang='lat' dir='ltr'>dicentes</span> <span class='ocrx_word' id='word_1_349' title='bbox 486 3272 494 3295; x_wconf 73' lang='grc' dir='ltr'>ε</span> <span class='ocrx_word' id='word_1_350' title='bbox 515 3259 680 3304; x_wconf 76' lang='lat' dir='ltr'>Sanctus,</span> <span class='ocrx_word' id='word_1_351' title='bbox 700 3269 856 3305; x_wconf 81' lang='lat' dir='ltr'>sanctus,</span> <span class='ocrx_word' id='word_1_352' title='bbox 879 3269 1035 3306; x_wconf 77' lang='lat' dir='ltr'>sanctus,</span> <span class='ocrx_word' id='word_1_353' title='bbox 1058 3264 1131 3299; x_wconf 90' lang='lat' dir='ltr'>Do—</span> 
     </span>
     <span class='ocr_line' id='line_1_50' title="bbox 66 3319 1130 3370; baseline 0.004 -13"><span class='ocrx_word' id='word_1_354' title='bbox 66 3320 183 3357; x_wconf 79' lang='lat' dir='ltr'>minus</span> <span class='ocrx_word' id='word_1_355' title='bbox 196 3319 290 3356; x_wconf 80' lang='lat' dir='ltr'>Deus</span> <span class='ocrx_word' id='word_1_356' title='bbox 303 3319 463 3356; x_wconf 71' lang='lat' dir='ltr'>sabaoth.</span> <span class='ocrx_word' id='word_1_357' title='bbox 481 3320 554 3358; x_wconf 89' lang='lat' dir='ltr'>Has</span> <span class='ocrx_word' id='word_1_358' title='bbox 568 3322 776 3359; x_wconf 87' lang='lat' dir='ltr'>mansiones</span> <span class='ocrx_word' id='word_1_359' title='bbox 789 3322 929 3370; x_wconf 87' lang='lat' dir='ltr'>Moyses</span> <span class='ocrx_word' id='word_1_360' title='bbox 941 3325 1130 3370; x_wconf 87' lang='lat' dir='ltr'>scripsisse</span> 
     </span>
     <span class='ocr_line' id='line_1_51' title="bbox 70 3378 1130 3432; baseline 0.005 -17"><span class='ocrx_word' id='word_1_361' title='bbox 70 3378 200 3416; x_wconf 86' lang='lat' dir='ltr'>dicitur</span> <span class='ocrx_word' id='word_1_362' title='bbox 210 3380 312 3427; x_wconf 77' lang='lat' dir='ltr'>iuxta</span> <span class='ocrx_word' id='word_1_363' title='bbox 330 3386 532 3418; x_wconf 89' lang='lat' dir='ltr'>castrorum</span> <span class='ocrx_word' id='word_1_364' title='bbox 542 3382 635 3426; x_wconf 91' lang='lat' dir='ltr'>loca,</span> <span class='ocrx_word' id='word_1_365' title='bbox 655 3393 735 3429; x_wconf 80' lang='lat' dir='ltr'>quae</span> <span class='ocrx_word' id='word_1_366' title='bbox 750 3383 889 3419; x_wconf 91' lang='lat' dir='ltr'>Domini</span> <span class='ocrx_word' id='word_1_367' title='bbox 907 3383 1036 3432; x_wconf 88' lang='lat' dir='ltr'>[jussu]</span> <span class='ocrx_word' id='word_1_368' title='bbox 1056 3396 1130 3420; x_wconf 91' lang='lat' dir='ltr'>mu-</span> 
     </span>
     <span class='ocr_line' id='line_1_52' title="bbox 69 3437 1131 3490; baseline 0.004 -15"><span class='ocrx_word' id='word_1_369' title='bbox 69 3437 208 3476; x_wconf 79' lang='lat' dir='ltr'>tabant.</span> <span class='ocrx_word' id='word_1_370' title='bbox 227 3440 371 3478; x_wconf 83' lang='lat' dir='ltr'>Audisti</span> <span class='ocrx_word' id='word_1_371' title='bbox 386 3441 473 3488; x_wconf 87' lang='lat' dir='ltr'>quid</span> <span class='ocrx_word' id='word_1_372' title='bbox 494 3442 640 3489; x_wconf 87' lang='lat' dir='ltr'>scripsit</span> <span class='ocrx_word' id='word_1_373' title='bbox 652 3443 795 3490; x_wconf 86' lang='lat' dir='ltr'>Moyses</span> <span class='ocrx_word' id='word_1_374' title='bbox 811 3453 878 3489; x_wconf 91' lang='lat' dir='ltr'>per</span> <span class='ocrx_word' id='word_1_375' title='bbox 901 3445 1049 3479; x_wconf 89' lang='lat' dir='ltr'>verbum</span> <span class='ocrx_word' id='word_1_376' title='bbox 1063 3444 1131 3480; x_wconf 90' lang='lat' dir='ltr'>Do-</span> 
     </span>
     <span class='ocr_line' id='line_1_53' title="bbox 70 3499 1129 3549; baseline 0.002 -13"><span class='ocrx_word' id='word_1_377' title='bbox 70 3499 174 3536; x_wconf 88' lang='lat' dir='ltr'>mini.</span> <span class='ocrx_word' id='word_1_378' title='bbox 182 3499 229 3537; x_wconf 85' lang='lat' dir='ltr'>Et</span> <span class='ocrx_word' id='word_1_379' title='bbox 241 3501 328 3549; x_wconf 90' lang='lat' dir='ltr'>quid</span> <span class='ocrx_word' id='word_1_380' title='bbox 337 3501 453 3539; x_wconf 91' lang='lat' dir='ltr'>voluit</span> <span class='ocrx_word' id='word_1_381' title='bbox 463 3502 638 3539; x_wconf 90' lang='lat' dir='ltr'>Dominus</span> <span class='ocrx_word' id='word_1_382' title='bbox 651 3504 730 3540; x_wconf 85' lang='lat' dir='ltr'>haec</span> <span class='ocrx_word' id='word_1_383' title='bbox 745 3502 871 3539; x_wconf 85' lang='lat' dir='ltr'>scribi?</span> <span class='ocrx_word' id='word_1_384' title='bbox 883 3502 930 3538; x_wconf 86' lang='lat' dir='ltr'>Ut</span> <span class='ocrx_word' id='word_1_385' title='bbox 941 3502 1129 3548; x_wconf 86' lang='lat' dir='ltr'>prodesset</span> 
     </span>
     <span class='ocr_line' id='line_1_54' title="bbox 71 3559 1127 3608; baseline 0.001 -12"><span class='ocrx_word' id='word_1_386' title='bbox 71 3559 199 3606; x_wconf 79' lang='lat' dir='ltr'>utique</span> <span class='ocrx_word' id='word_1_387' title='bbox 214 3561 320 3598; x_wconf 89' lang='lat' dir='ltr'>nobis</span> <span class='ocrx_word' id='word_1_388' title='bbox 338 3561 475 3608; x_wconf 87' lang='lat' dir='ltr'>aliquid</span> <span class='ocrx_word' id='word_1_389' title='bbox 491 3563 673 3608; x_wconf 88' lang='lat' dir='ltr'>scriptura</span> <span class='ocrx_word' id='word_1_390' title='bbox 693 3563 770 3600; x_wconf 86' lang='lat' dir='ltr'>haec</span> <span class='ocrx_word' id='word_1_391' title='bbox 791 3563 1020 3599; x_wconf 90' lang='lat' dir='ltr'>mansionum</span> <span class='ocrx_word' id='word_1_392' title='bbox 1038 3571 1127 3608; x_wconf 89' lang='lat' dir='ltr'>quas</span> 
     </span>
     <span class='ocr_line' id='line_1_55' title="bbox 74 3615 1129 3670; baseline 0.004 -17"><span class='ocrx_word' id='word_1_393' title='bbox 74 3615 239 3657; x_wconf 71' lang='lat' dir='ltr'>recerunt</span> <span class='ocrx_word' id='word_1_394' title='bbox 268 3620 334 3658; x_wconf 84' lang='lat' dir='ltr'>mii</span> <span class='ocrx_word' id='word_1_395' title='bbox 374 3620 497 3658; x_wconf 86' lang='lat' dir='ltr'>lsrael.</span> <span class='ocrx_word' id='word_1_396' title='bbox 537 3621 698 3669; x_wconf 88' lang='lat' dir='ltr'>Denique</span> <span class='ocrx_word' id='word_1_397' title='bbox 732 3622 923 3670; x_wconf 86' lang='lat' dir='ltr'>dupliciter</span> <span class='ocrx_word' id='word_1_398' title='bbox 959 3621 1129 3669; x_wconf 85' lang='lat' dir='ltr'>jubemur</span> 
     </span>
     <span class='ocr_line' id='line_1_56' title="bbox 76 3677 1130 3730; baseline 0.005 -16"><span class='ocrx_word' id='word_1_399' title='bbox 76 3677 176 3715; x_wconf 85' lang='lat' dir='ltr'>exire</span> <span class='ocrx_word' id='word_1_400' title='bbox 199 3681 397 3718; x_wconf 84' lang='lat' dir='ltr'>secundum</span> <span class='ocrx_word' id='word_1_401' title='bbox 415 3681 616 3728; x_wconf 85' lang='lat' dir='ltr'>spiritalem</span> <span class='ocrx_word' id='word_1_402' title='bbox 644 3682 916 3730; x_wconf 81' lang='lat' dir='ltr'>intelligentiam</span> <span class='ocrx_word' id='word_1_403' title='bbox 946 3682 991 3719; x_wconf 85' lang='lat' dir='ltr'>dc</span> <span class='ocrx_word' id='word_1_404' title='bbox 1019 3681 1130 3728; x_wconf 81' lang='lat' dir='ltr'>AEgy-</span> 
     </span>
     <span class='ocr_line' id='line_1_57' title="bbox 76 3739 1129 3790; baseline 0.002 -14"><span class='ocrx_word' id='word_1_405' title='bbox 76 3743 151 3787; x_wconf 92' lang='lat' dir='ltr'>pto.</span> <span class='ocrx_word' id='word_1_406' title='bbox 170 3739 237 3775; x_wconf 79' lang='lat' dir='ltr'>Vel</span> <span class='ocrx_word' id='word_1_407' title='bbox 258 3749 340 3777; x_wconf 83' lang='lat' dir='ltr'>cum</span> <span class='ocrx_word' id='word_1_408' title='bbox 355 3741 600 3788; x_wconf 82' lang='lat' dir='ltr'>relinquentes</span> <span class='ocrx_word' id='word_1_409' title='bbox 617 3744 788 3789; x_wconf 78' lang='lat' dir='ltr'>gentilem</span> <span class='ocrx_word' id='word_1_410' title='bbox 806 3744 931 3788; x_wconf 84' lang='lat' dir='ltr'>vitam,</span> <span class='ocrx_word' id='word_1_411' title='bbox 957 3744 1003 3781; x_wconf 84' lang='lat' dir='ltr'>ad</span> <span class='ocrx_word' id='word_1_412' title='bbox 1029 3742 1129 3790; x_wconf 84' lang='lat' dir='ltr'>agni-</span> 
     </span>
    </p>
   </div>
   <div class='ocr_carea' id='block_1_5' title="bbox 341 3800 697 3848">
    <p class='ocr_par' dir='ltr' id='par_1_5' title="bbox 341 3800 697 3848">
     <span class='ocr_line' id='line_1_58' title="bbox 341 3800 697 3848; baseline 0.014 -5"><span class='ocrx_word' id='word_1_413' title='bbox 341 3800 526 3845; x_wconf 62' lang='lat' dir='ltr'>Pmrnor..</span> <span class='ocrx_word' id='word_1_414' title='bbox 549 3805 697 3848; x_wconf 82' lang='lat' dir='ltr'>cvm.</span> 
     </span>
    </p>
   </div>
   <div class='ocr_carea' id='block_1_6' title="bbox 45 131 2230 285">
    <p class='ocr_par' dir='ltr' id='par_1_6' title="bbox 45 131 2230 285">
     <span class='ocr_line' id='line_1_59' title="bbox 61 131 1922 213; baseline 0.002 -17"><span class='ocrx_word' id='word_1_415' title='bbox 61 207 68 210; x_wconf 37' lang='lat'><em>‚</em></span> <span class='ocrx_word' id='word_1_416' title='bbox 506 131 882 213; x_wconf 41' lang='lat' dir='ltr'>,nasammonas</span> <span class='ocrx_word' id='word_1_417' title='bbox 905 159 1153 201; x_wconf 66' lang='lat' dir='ltr'>munaum</span> <span class='ocrx_word' id='word_1_418' title='bbox 1175 149 1486 199; x_wconf 65' lang='lat' dir='ltr'>Rumonem.</span> <span class='ocrx_word' id='word_1_419' title='bbox 1509 179 1559 189; x_wconf 91' lang='lat'><em>-</em></span> <span class='ocrx_word' id='word_1_420' title='bbox 1581 163 1668 201; x_wconf 72' lang='lat' dir='ltr'>Lm.</span> <span class='ocrx_word' id='word_1_421' title='bbox 1692 163 1755 200; x_wconf 82' lang='lat' dir='ltr'>iv.</span> <span class='ocrx_word' id='word_1_422' title='bbox 1815 146 1823 152; x_wconf 85' lang='lat'>&#39;</span> <span class='ocrx_word' id='word_1_423' title='bbox 1919 202 1922 205; x_wconf 17' lang='grc' dir='ltr'><strong>Α</strong></span> 
     </span>
     <span class='ocr_line' id='line_1_60' title="bbox 45 232 2230 285; baseline 0 -13"><span class='ocrx_word' id='word_1_424' title='bbox 45 244 50 280; x_wconf 76' lang='lat' dir='ltr'><strong>j</strong></span> <span class='ocrx_word' id='word_1_425' title='bbox 98 245 136 272; x_wconf 91' lang='lat' dir='ltr'>m</span> <span class='ocrx_word' id='word_1_426' title='bbox 157 234 281 272; x_wconf 88' lang='lat' dir='ltr'>cibum</span> <span class='ocrx_word' id='word_1_427' title='bbox 306 233 437 281; x_wconf 81' lang='lat' dir='ltr'>glutire</span> <span class='ocrx_word' id='word_1_428' title='bbox 465 237 662 280; x_wconf 88' lang='lat' dir='ltr'>nequeunt,</span> <span class='ocrx_word' id='word_1_429' title='bbox 684 232 748 270; x_wconf 85' lang='lat' dir='ltr'>sed</span> <span class='ocrx_word' id='word_1_430' title='bbox 772 234 890 270; x_wconf 92' lang='lat' dir='ltr'>adhuc</span> <span class='ocrx_word' id='word_1_431' title='bbox 917 234 1010 270; x_wconf 89' lang='lat' dir='ltr'>lacte</span> <span class='ocrx_word' id='word_1_432' title='bbox 1039 245 1108 270; x_wconf 87' lang='lat' dir='ltr'>nu·</span> <span class='ocrx_word' id='word_1_433' title='bbox 1125 238 1163 279; x_wconf 76' lang='lat' dir='ltr'><strong>A</strong></span> <span class='ocrx_word' id='word_1_434' title='bbox 1179 234 1316 271; x_wconf 90' lang='lat' dir='ltr'>tionem</span> <span class='ocrx_word' id='word_1_435' title='bbox 1337 232 1468 270; x_wconf 86' lang='lat' dir='ltr'>divinae</span> <span class='ocrx_word' id='word_1_436' title='bbox 1489 232 1580 279; x_wconf 81' lang='lat' dir='ltr'>legis</span> <span class='ocrx_word' id='word_1_437' title='bbox 1610 234 1832 278; x_wconf 84' lang='lat' dir='ltr'>accedimus,</span> <span class='ocrx_word' id='word_1_438' title='bbox 1851 237 1909 272; x_wconf 82' lang='lat' dir='ltr'>vel</span> <span class='ocrx_word' id='word_1_439' title='bbox 1925 249 2006 278; x_wconf 73' lang='lat' dir='ltr'>enm</span> <span class='ocrx_word' id='word_1_440' title='bbox 2029 244 2153 282; x_wconf 28' lang='lat' dir='ltr'>,anima</span> <span class='ocrx_word' id='word_1_441' title='bbox 2182 233 2230 285; x_wconf 57' lang='lat' dir='ltr'>&#39;de</span> 
     </span>
    </p>
   </div>
   <div class='ocr_carea' id='block_1_7' title="bbox 2153 173 2225 211">
    <p class='ocr_par' dir='ltr' id='par_1_7' title="bbox 2153 173 2225 211">
     <span class='ocr_line' id='line_1_61' title="bbox 2153 173 2225 211; baseline 0 0"><span class='ocrx_word' id='word_1_442' title='bbox 2153 173 2225 211; x_wconf 71' lang='lat'>81⁰</span> 
     </span>
    </p>
   </div>
   <div class='ocr_carea' id='block_1_8' title="bbox 1176 292 2253 1125">
    <p class='ocr_par' dir='ltr' id='par_1_8' title="bbox 1176 292 2253 1125">
     <span class='ocr_line' id='line_1_62' title="bbox 1176 292 2232 357; baseline 0.012 -26"><span class='ocrx_word' id='word_1_443' title='bbox 1176 294 1339 341; x_wconf 90' lang='lat' dir='ltr'>corporis</span> <span class='ocrx_word' id='word_1_444' title='bbox 1371 292 1478 339; x_wconf 84' lang='lat' dir='ltr'>hujus</span> <span class='ocrx_word' id='word_1_445' title='bbox 1499 292 1722 328; x_wconf 85' lang='lat' dir='ltr'>habitatione</span> <span class='ocrx_word' id='word_1_446' title='bbox 1751 293 1915 330; x_wconf 85' lang='lat' dir='ltr'>discedit.</span> <span class='ocrx_word' id='word_1_447' title='bbox 1948 298 2004 334; x_wconf 86' lang='lat' dir='ltr'>Ad</span> <span class='ocrx_word' id='word_1_448' title='bbox 2037 309 2232 357; x_wconf 66' lang='lat' dir='ltr'>utrumque</span> 
     </span>
     <span class='ocr_line' id='line_1_63' title="bbox 1176 342 2231 404; baseline 0.007 -14"><span class='ocrx_word' id='word_1_449' title='bbox 1176 365 1263 401; x_wconf 83' lang='lat' dir='ltr'>ergo</span> <span class='ocrx_word' id='word_1_450' title='bbox 1285 355 1366 391; x_wconf 86' lang='lat' dir='ltr'>istae</span> <span class='ocrx_word' id='word_1_451' title='bbox 1384 353 1593 390; x_wconf 88' lang='lat' dir='ltr'>mansiones</span> <span class='ocrx_word' id='word_1_452' title='bbox 1607 362 1700 399; x_wconf 89' lang='lat' dir='ltr'>quas</span> <span class='ocrx_word' id='word_1_453' title='bbox 1721 363 1818 389; x_wconf 88' lang='lat' dir='ltr'>nunc</span> <span class='ocrx_word' id='word_1_454' title='bbox 1834 364 1902 399; x_wconf 89' lang='lat' dir='ltr'>per</span> <span class='ocrx_word' id='word_1_455' title='bbox 1919 342 2071 396; x_wconf 58' lang='lat' dir='ltr'>verb⁸um</span> <span class='ocrx_word' id='word_1_456' title='bbox 2085 364 2231 404; x_wconf 76' lang='lat' dir='ltr'>Domini</span> 
     </span>
     <span class='ocr_line' id='line_1_64' title="bbox 1177 413 2235 465; baseline 0.003 -15"><span class='ocrx_word' id='word_1_457' title='bbox 1177 415 1318 461; x_wconf 87' lang='lat' dir='ltr'>Moyses</span> <span class='ocrx_word' id='word_1_458' title='bbox 1348 414 1520 450; x_wconf 87' lang='lat' dir='ltr'>describit</span> <span class='ocrx_word' id='word_1_459' title='bbox 1565 413 1756 459; x_wconf 83' lang='lat' dir='ltr'>aspiciunt.</span> <span class='ocrx_word' id='word_1_460' title='bbox 1795 413 1888 450; x_wconf 89' lang='lat' dir='ltr'>Nam</span> <span class='ocrx_word' id='word_1_461' title='bbox 1913 415 1957 451; x_wconf 91' lang='lat' dir='ltr'>de</span> <span class='ocrx_word' id='word_1_462' title='bbox 1993 416 2063 453; x_wconf 90' lang='lat' dir='ltr'>illis</span> <span class='ocrx_word' id='word_1_463' title='bbox 2091 423 2235 465; x_wconf 67' lang='lat' dir='ltr'>quidem</span> 
     </span>
     <span class='ocr_line' id='line_1_65' title="bbox 1176 473 2238 519; baseline -0.001 -9"><span class='ocrx_word' id='word_1_464' title='bbox 1176 474 1427 510; x_wconf 87' lang='lat' dir='ltr'>mansionibus</span> <span class='ocrx_word' id='word_1_465' title='bbox 1445 473 1542 519; x_wconf 89' lang='lat' dir='ltr'>quod</span> <span class='ocrx_word' id='word_1_466' title='bbox 1577 473 1699 508; x_wconf 89' lang='lat' dir='ltr'>anima</span> <span class='ocrx_word' id='word_1_467' title='bbox 1730 483 1883 519; x_wconf 87' lang='lat' dir='ltr'>corpore</span> <span class='ocrx_word' id='word_1_468' title='bbox 1910 481 2034 519; x_wconf 85' lang='lat' dir='ltr'>exuta,</span> <span class='ocrx_word' id='word_1_469' title='bbox 2065 477 2139 514; x_wconf 88' lang='lat' dir='ltr'>imo</span> <span class='ocrx_word' id='word_1_470' title='bbox 2158 489 2238 516; x_wconf 70' lang='lat' dir='ltr'>cor.</span> 
     </span>
     <span class='ocr_line' id='line_1_66' title="bbox 1176 532 2242 583; baseline 0.004 -15"><span class='ocrx_word' id='word_1_471' title='bbox 1176 543 1266 580; x_wconf 91' lang='lat' dir='ltr'>pore</span> <span class='ocrx_word' id='word_1_472' title='bbox 1286 542 1352 569; x_wconf 93' lang='lat' dir='ltr'>suo</span> <span class='ocrx_word' id='word_1_473' title='bbox 1370 543 1499 568; x_wconf 88' lang='lat' dir='ltr'>rursus</span> <span class='ocrx_word' id='word_1_474' title='bbox 1518 533 1660 577; x_wconf 89' lang='lat' dir='ltr'>induta,</span> <span class='ocrx_word' id='word_1_475' title='bbox 1678 532 1840 569; x_wconf 89' lang='lat' dir='ltr'>bibitura</span> <span class='ocrx_word' id='word_1_476' title='bbox 1865 539 1935 574; x_wconf 77' lang='lat' dir='ltr'>est,</span> <span class='ocrx_word' id='word_1_477' title='bbox 1968 535 2141 572; x_wconf 84' lang='lat' dir='ltr'>Dominus</span> <span class='ocrx_word' id='word_1_478' title='bbox 2157 548 2242 583; x_wconf 85' lang='lat' dir='ltr'>pro-</span> 
     </span>
     <span class='ocr_line' id='line_1_67' title="bbox 1178 593 2242 640; baseline 0.005 -11"><span class='ocrx_word' id='word_1_479' title='bbox 1178 593 1360 630; x_wconf 88' lang='lat' dir='ltr'>nuntiavit</span> <span class='ocrx_word' id='word_1_480' title='bbox 1373 593 1412 628; x_wconf 92' lang='lat' dir='ltr'>in</span> <span class='ocrx_word' id='word_1_481' title='bbox 1426 593 1624 640; x_wconf 84' lang='lat' dir='ltr'>Evangelio</span> <span class='ocrx_word' id='word_1_482' title='bbox 1642 593 1766 629; x_wconf 92' lang='lat' dir='ltr'>dicens</span> <span class='ocrx_word' id='word_1_483' title='bbox 1782 605 1790 628; x_wconf 91' lang='lat'>:</span> <span class='ocrx_word' id='word_1_484' title='bbox 1814 593 1854 628; x_wconf 84' lang='lat' dir='ltr'>M</span> <span class='ocrx_word' id='word_1_485' title='bbox 1855 593 1939 630; x_wconf 84' lang='lat' dir='ltr'>uttoe</span> <span class='ocrx_word' id='word_1_486' title='bbox 1955 596 2150 631; x_wconf 74' lang='lat' dir='ltr'>mansiones</span> <span class='ocrx_word' id='word_1_487' title='bbox 2163 605 2242 634; x_wconf 79' lang='lat' dir='ltr'>sunt</span> 
     </span>
     <span class='ocr_line' id='line_1_68' title="bbox 1180 654 2246 705; baseline 0.004 -14"><span class='ocrx_word' id='word_1_488' title='bbox 1180 655 1273 702; x_wconf 81' lang='lat' dir='ltr'>apud</span> <span class='ocrx_word' id='word_1_489' title='bbox 1297 654 1443 690; x_wconf 85' lang='lat' dir='ltr'>Patrem</span> <span class='ocrx_word' id='word_1_490' title='bbox 1456 664 1468 688; x_wconf 91' lang='grc'>.·</span> <span class='ocrx_word' id='word_1_491' title='bbox 1488 654 1644 701; x_wconf 82' lang='lat' dir='ltr'>alioquin</span> <span class='ocrx_word' id='word_1_492' title='bbox 1666 655 1815 690; x_wconf 82' lang='lat' dir='ltr'>dicerem</span> <span class='ocrx_word' id='word_1_493' title='bbox 1833 656 1956 691; x_wconf 80' lang='lat' dir='ltr'>vobis:</span> <span class='ocrx_word' id='word_1_494' title='bbox 1981 656 2080 693; x_wconf 82' lang='lat' dir='ltr'>Vado</span> <span class='ocrx_word' id='word_1_495' title='bbox 2097 664 2130 693; x_wconf 86' lang='lat' dir='ltr'>et</span> <span class='ocrx_word' id='word_1_496' title='bbox 2155 671 2246 705; x_wconf 87' lang='lat' dir='ltr'>proe-</span> 
     </span>
     <span class='ocr_line' id='line_1_69' title="bbox 1180 714 2247 765; baseline 0.006 -15"><span class='ocrx_word' id='word_1_497' title='bbox 1180 715 1312 762; x_wconf 84' lang='lat' dir='ltr'>parabo</span> <span class='ocrx_word' id='word_1_498' title='bbox 1329 715 1425 750; x_wconf 83' lang='lat' dir='ltr'>vobis</span> <span class='ocrx_word' id='word_1_499' title='bbox 1439 716 1656 751; x_wconf 84' lang='lat' dir='ltr'>mansionem</span> <span class='ocrx_word' id='word_1_500' title='bbox 1673 714 1795 758; x_wconf 69' lang='lat' dir='ltr'>(loun.</span> <span class='ocrx_word' id='word_1_501' title='bbox 1810 716 1900 763; x_wconf 81' lang='lat' dir='ltr'>xiv).</span> <span class='ocrx_word' id='word_1_502' title='bbox 1918 717 2010 752; x_wconf 87' lang='lat' dir='ltr'>Sunt</span> <span class='ocrx_word' id='word_1_503' title='bbox 2024 728 2110 765; x_wconf 85' lang='lat' dir='ltr'>ergo</span> <span class='ocrx_word' id='word_1_504' title='bbox 2125 719 2247 756; x_wconf 86' lang='lat' dir='ltr'>multae</span> 
     </span>
     <span class='ocr_line' id='line_1_70' title="bbox 1182 775 2248 824; baseline 0.003 -13"><span class='ocrx_word' id='word_1_505' title='bbox 1182 775 1252 811; x_wconf 85' lang='lat' dir='ltr'>illae</span> <span class='ocrx_word' id='word_1_506' title='bbox 1278 775 1487 811; x_wconf 87' lang='lat' dir='ltr'>mansiones</span> <span class='ocrx_word' id='word_1_507' title='bbox 1521 786 1600 821; x_wconf 83' lang='lat' dir='ltr'>quae</span> <span class='ocrx_word' id='word_1_508' title='bbox 1632 776 1677 811; x_wconf 90' lang='lat' dir='ltr'>ad</span> <span class='ocrx_word' id='word_1_509' title='bbox 1710 776 1854 812; x_wconf 88' lang='lat' dir='ltr'>Patrem</span> <span class='ocrx_word' id='word_1_510' title='bbox 1881 777 2040 813; x_wconf 89' lang='lat' dir='ltr'>ducunt:</span> <span class='ocrx_word' id='word_1_511' title='bbox 2059 778 2097 813; x_wconf 95' lang='lat' dir='ltr'>in</span> <span class='ocrx_word' id='word_1_512' title='bbox 2119 779 2248 824; x_wconf 90' lang='lat' dir='ltr'>quibus</span> 
     </span>
     <span class='ocr_line' id='line_1_71' title="bbox 1183 836 2250 883; baseline 0.005 -13"><span class='ocrx_word' id='word_1_513' title='bbox 1183 836 1333 882; x_wconf 88' lang='lat' dir='ltr'>singulis</span> <span class='ocrx_word' id='word_1_514' title='bbox 1366 837 1453 883; x_wconf 87' lang='lat' dir='ltr'>quid</span> <span class='ocrx_word' id='word_1_515' title='bbox 1477 846 1610 879; x_wconf 70' lang='lat' dir='ltr'>causae,</span> <span class='ocrx_word' id='word_1_516' title='bbox 1631 837 1718 882; x_wconf 90' lang='lat' dir='ltr'>quid</span> <span class='ocrx_word' id='word_1_517' title='bbox 1746 837 1915 873; x_wconf 88' lang='lat' dir='ltr'>utilitatis</span> <span class='ocrx_word' id='word_1_518' title='bbox 1936 839 2066 874; x_wconf 84' lang='lat' dir='ltr'>animae</span> <span class='ocrx_word' id='word_1_519' title='bbox 2091 849 2250 876; x_wconf 89' lang='lat' dir='ltr'>commo-</span> 
     </span>
     <span class='ocr_line' id='line_1_72' title="bbox 1183 897 2249 946; baseline 0.004 -14"><span class='ocrx_word' id='word_1_520' title='bbox 1183 897 1291 941; x_wconf 89' lang='lat' dir='ltr'>ratio,</span> <span class='ocrx_word' id='word_1_521' title='bbox 1320 898 1451 943; x_wconf 81' lang='lat' dir='ltr'>quidve</span> <span class='ocrx_word' id='word_1_522' title='bbox 1470 898 1685 933; x_wconf 90' lang='lat' dir='ltr'>eruditionis</span> <span class='ocrx_word' id='word_1_523' title='bbox 1701 903 1764 933; x_wconf 90' lang='lat' dir='ltr'>aut</span> <span class='ocrx_word' id='word_1_524' title='bbox 1789 897 2061 936; x_wconf 86' lang='lat' dir='ltr'>illuminationis</span> <span class='ocrx_word' id='word_1_525' title='bbox 2080 900 2249 946; x_wconf 88' lang='lat' dir='ltr'>accipiat,</span> 
     </span>
     <span class='ocr_line' id='line_1_73' title="bbox 1184 957 2252 1005; baseline 0.006 -13"><span class='ocrx_word' id='word_1_526' title='bbox 1184 958 1252 992; x_wconf 91' lang='lat' dir='ltr'>scit</span> <span class='ocrx_word' id='word_1_527' title='bbox 1279 957 1339 993; x_wconf 88' lang='lat' dir='ltr'>ille</span> <span class='ocrx_word' id='word_1_528' title='bbox 1358 957 1456 993; x_wconf 88' lang='lat' dir='ltr'>solus</span> <span class='ocrx_word' id='word_1_529' title='bbox 1474 957 1585 994; x_wconf 81' lang='lat' dir='ltr'>futuri</span> <span class='ocrx_word' id='word_1_530' title='bbox 1607 958 1728 994; x_wconf 82' lang='lat' dir='ltr'>saeculi</span> <span class='ocrx_word' id='word_1_531' title='bbox 1764 958 1884 1002; x_wconf 91' lang='lat' dir='ltr'>Pater,</span> <span class='ocrx_word' id='word_1_532' title='bbox 1910 960 1971 1005; x_wconf 93' lang='lat' dir='ltr'>qui</span> <span class='ocrx_word' id='word_1_533' title='bbox 1992 960 2041 996; x_wconf 89' lang='lat' dir='ltr'>ait</span> <span class='ocrx_word' id='word_1_534' title='bbox 2059 961 2103 997; x_wconf 93' lang='lat' dir='ltr'>de</span> <span class='ocrx_word' id='word_1_535' title='bbox 2120 966 2252 998; x_wconf 87' lang='lat' dir='ltr'>semet-</span> 
     </span>
     <span class='ocr_line' id='line_1_74' title="bbox 1186 1019 2251 1065; baseline 0.005 -12"><span class='ocrx_word' id='word_1_536' title='bbox 1186 1019 1275 1064; x_wconf 90' lang='lat' dir='ltr'>ipso,</span> <span class='ocrx_word' id='word_1_537' title='bbox 1297 1020 1382 1064; x_wconf 90' lang='lat' dir='ltr'>quia</span> <span class='ocrx_word' id='word_1_538' title='bbox 1398 1030 1459 1065; x_wconf 72' lang='lat' dir='ltr'>eqo</span> <span class='ocrx_word' id='word_1_539' title='bbox 1478 1031 1555 1054; x_wconf 82' lang='lat' dir='ltr'>sum</span> <span class='ocrx_word' id='word_1_540' title='bbox 1571 1021 1697 1054; x_wconf 85' lang='lat' dir='ltr'>ostium</span> <span class='ocrx_word' id='word_1_541' title='bbox 1728 1019 1850 1065; x_wconf 88' lang='lat' dir='ltr'>(Joan.</span> <span class='ocrx_word' id='word_1_542' title='bbox 1869 1020 1922 1065; x_wconf 79' lang='lat' dir='ltr'>x).</span> <span class='ocrx_word' id='word_1_543' title='bbox 1954 1021 2068 1056; x_wconf 90' lang='lat' dir='ltr'>Nemo</span> <span class='ocrx_word' id='word_1_544' title='bbox 2089 1023 2182 1058; x_wconf 84' lang='lat' dir='ltr'>venit</span> <span class='ocrx_word' id='word_1_545' title='bbox 2204 1022 2251 1058; x_wconf 81' lang='lat' dir='ltr'>ad</span> 
     </span>
     <span class='ocr_line' id='line_1_75' title="bbox 1186 1074 2253 1125; baseline 0.007 -15"><span class='ocrx_word' id='word_1_546' title='bbox 1186 1074 1331 1111; x_wconf 83' lang='lat' dir='ltr'>Patrem</span> <span class='ocrx_word' id='word_1_547' title='bbox 1355 1078 1423 1112; x_wconf 84' lang='lat' dir='ltr'>nisi</span> <span class='ocrx_word' id='word_1_548' title='bbox 1438 1089 1500 1124; x_wconf 87' lang='lat' dir='ltr'>per</span> <span class='ocrx_word' id='word_1_549' title='bbox 1520 1089 1572 1112; x_wconf 89' lang='lat' dir='ltr'>me</span> <span class='ocrx_word' id='word_1_550' title='bbox 1589 1077 1710 1124; x_wconf 88' lang='lat' dir='ltr'>(Joan.</span> <span class='ocrx_word' id='word_1_551' title='bbox 1743 1078 1833 1125; x_wconf 80' lang='lat' dir='ltr'>xiv).</span> <span class='ocrx_word' id='word_1_552' title='bbox 1857 1079 1926 1122; x_wconf 86' lang='lat' dir='ltr'>Qui</span> <span class='ocrx_word' id='word_1_553' title='bbox 1952 1079 2118 1117; x_wconf 82' lang='lat' dir='ltr'>fortassis</span> <span class='ocrx_word' id='word_1_554' title='bbox 2137 1083 2175 1117; x_wconf 90' lang='lat' dir='ltr'>iu</span> <span class='ocrx_word' id='word_1_555' title='bbox 2194 1083 2253 1119; x_wconf 88' lang='lat' dir='ltr'>his</span> 
     </span>
    </p>
   </div>
   <div class='ocr_carea' id='block_1_9' title="bbox 50 1137 2253 1186">
    <p class='ocr_par' dir='ltr' id='par_1_9' title="bbox 50 1137 2253 1186">
     <span class='ocr_line' id='line_1_76' title="bbox 50 1137 2253 1186; baseline 0.001 -11"><span class='ocrx_word' id='word_1_556' title='bbox 50 1138 193 1176; x_wconf 89' lang='lat' dir='ltr'>Pharao</span> <span class='ocrx_word' id='word_1_557' title='bbox 222 1146 262 1175; x_wconf 88' lang='lat' dir='ltr'>ut</span> <span class='ocrx_word' id='word_1_558' title='bbox 293 1139 490 1175; x_wconf 89' lang='lat' dir='ltr'>dimitteret</span> <span class='ocrx_word' id='word_1_559' title='bbox 522 1139 690 1186; x_wconf 90' lang='lat' dir='ltr'>populum</span> <span class='ocrx_word' id='word_1_560' title='bbox 722 1139 811 1183; x_wconf 91' lang='lat' dir='ltr'>Dei,</span> <span class='ocrx_word' id='word_1_561' title='bbox 842 1141 888 1175; x_wconf 90' lang='lat' dir='ltr'>ad</span> <span class='ocrx_word' id='word_1_562' title='bbox 916 1146 1119 1177; x_wconf 82' lang='lat' dir='ltr'>extremum</span> <span class='ocrx_word' id='word_1_563' title='bbox 1139 1139 1171 1177; x_wconf 90' lang='lat' dir='ltr'>B</span> <span class='ocrx_word' id='word_1_564' title='bbox 1190 1137 1342 1183; x_wconf 76' lang='lat' dir='ltr'>singulis</span> <span class='ocrx_word' id='word_1_565' title='bbox 1369 1138 1618 1174; x_wconf 85' lang='lat' dir='ltr'>mansionibus</span> <span class='ocrx_word' id='word_1_566' title='bbox 1636 1139 1834 1184; x_wconf 86' lang='lat' dir='ltr'>unicuique</span> <span class='ocrx_word' id='word_1_567' title='bbox 1864 1139 1994 1175; x_wconf 85' lang='lat' dir='ltr'>animae</span> <span class='ocrx_word' id='word_1_568' title='bbox 2024 1140 2156 1176; x_wconf 90' lang='lat' dir='ltr'>ostium</span> <span class='ocrx_word' id='word_1_569' title='bbox 2176 1140 2253 1185; x_wconf 86' lang='lat' dir='ltr'>fiet,</span> 
     </span>
    </p>
   </div>
   <div class='ocr_carea' id='block_1_10' title="bbox 1187 1198 2261 2036">
    <p class='ocr_par' dir='ltr' id='par_1_10' title="bbox 1187 1198 2261 2036">
     <span class='ocr_line' id='line_1_77' title="bbox 1187 1198 2255 1245; baseline 0.004 -12"><span class='ocrx_word' id='word_1_570' title='bbox 1187 1204 1228 1233; x_wconf 91' lang='lat' dir='ltr'>ut</span> <span class='ocrx_word' id='word_1_571' title='bbox 1248 1209 1312 1244; x_wconf 86' lang='lat' dir='ltr'>per</span> <span class='ocrx_word' id='word_1_572' title='bbox 1332 1198 1450 1244; x_wconf 87' lang='lat' dir='ltr'>ipsum</span> <span class='ocrx_word' id='word_1_573' title='bbox 1475 1198 1601 1243; x_wconf 88' lang='lat' dir='ltr'>intret,</span> <span class='ocrx_word' id='word_1_574' title='bbox 1636 1205 1672 1235; x_wconf 92' lang='lat' dir='ltr'>et</span> <span class='ocrx_word' id='word_1_575' title='bbox 1707 1210 1773 1245; x_wconf 90' lang='lat' dir='ltr'>per</span> <span class='ocrx_word' id='word_1_576' title='bbox 1795 1200 1914 1245; x_wconf 87' lang='lat' dir='ltr'>ipsum</span> <span class='ocrx_word' id='word_1_577' title='bbox 1949 1205 2067 1244; x_wconf 88' lang='lat' dir='ltr'>exeat,</span> <span class='ocrx_word' id='word_1_578' title='bbox 2089 1206 2125 1237; x_wconf 88' lang='lat' dir='ltr'>et</span> <span class='ocrx_word' id='word_1_579' title='bbox 2155 1202 2255 1238; x_wconf 78' lang='lat' dir='ltr'>inve-</span> 
     </span>
     <span class='ocr_line' id='line_1_78' title="bbox 1188 1261 2255 1307; baseline 0.003 -11"><span class='ocrx_word' id='word_1_580' title='bbox 1188 1261 1264 1297; x_wconf 90' lang='lat' dir='ltr'>niet</span> <span class='ocrx_word' id='word_1_581' title='bbox 1284 1271 1433 1307; x_wconf 87' lang='lat' dir='ltr'>pascua.</span> <span class='ocrx_word' id='word_1_582' title='bbox 1466 1261 1510 1296; x_wconf 88' lang='lat' dir='ltr'>Et</span> <span class='ocrx_word' id='word_1_583' title='bbox 1531 1261 1664 1297; x_wconf 89' lang='lat' dir='ltr'>iterum</span> <span class='ocrx_word' id='word_1_584' title='bbox 1696 1262 1810 1297; x_wconf 90' lang='lat' dir='ltr'>intret</span> <span class='ocrx_word' id='word_1_585' title='bbox 1828 1262 1873 1298; x_wconf 90' lang='lat' dir='ltr'>ad</span> <span class='ocrx_word' id='word_1_586' title='bbox 1892 1261 2011 1305; x_wconf 91' lang='lat' dir='ltr'>aliam,</span> <span class='ocrx_word' id='word_1_587' title='bbox 2037 1268 2074 1298; x_wconf 89' lang='lat' dir='ltr'>et</span> <span class='ocrx_word' id='word_1_588' title='bbox 2094 1262 2177 1299; x_wconf 89' lang='lat' dir='ltr'>inde</span> <span class='ocrx_word' id='word_1_589' title='bbox 2210 1265 2255 1300; x_wconf 88' lang='lat' dir='ltr'>ad</span> 
     </span>
     <span class='ocr_line' id='line_1_79' title="bbox 1189 1321 2256 1369; baseline 0.004 -13"><span class='ocrx_word' id='word_1_590' title='bbox 1189 1321 1296 1356; x_wconf 89' lang='lat' dir='ltr'>aliam</span> <span class='ocrx_word' id='word_1_591' title='bbox 1330 1322 1569 1364; x_wconf 85' lang='lat' dir='ltr'>mansionem,</span> <span class='ocrx_word' id='word_1_592' title='bbox 1607 1333 1795 1368; x_wconf 89' lang='lat' dir='ltr'>usquequo</span> <span class='ocrx_word' id='word_1_593' title='bbox 1828 1323 1871 1358; x_wconf 91' lang='lat' dir='ltr'>ad</span> <span class='ocrx_word' id='word_1_594' title='bbox 1914 1324 2031 1369; x_wconf 90' lang='lat' dir='ltr'>ipsum</span> <span class='ocrx_word' id='word_1_595' title='bbox 2068 1325 2256 1369; x_wconf 88' lang='lat' dir='ltr'>perveniat</span> 
     </span>
     <span class='ocr_line' id='line_1_80' title="bbox 1188 1381 2255 1431; baseline 0.007 -16"><span class='ocrx_word' id='word_1_596' title='bbox 1188 1381 1348 1416; x_wconf 84' lang='lat' dir='ltr'>Patrem.</span> <span class='ocrx_word' id='word_1_597' title='bbox 1382 1382 1420 1418; x_wconf 89' lang='lat' dir='ltr'>Si</span> <span class='ocrx_word' id='word_1_598' title='bbox 1439 1393 1526 1419; x_wconf 87' lang='lat' dir='ltr'>vero</span> <span class='ocrx_word' id='word_1_599' title='bbox 1541 1385 1585 1419; x_wconf 90' lang='lat' dir='ltr'>ad</span> <span class='ocrx_word' id='word_1_600' title='bbox 1606 1385 1819 1428; x_wconf 90' lang='lat' dir='ltr'>secundam,</span> <span class='ocrx_word' id='word_1_601' title='bbox 1836 1385 1880 1420; x_wconf 92' lang='lat' dir='ltr'>de</span> <span class='ocrx_word' id='word_1_602' title='bbox 1895 1396 1966 1431; x_wconf 89' lang='lat' dir='ltr'>qua</span> <span class='ocrx_word' id='word_1_603' title='bbox 1994 1387 2160 1431; x_wconf 91' lang='lat' dir='ltr'>superius</span> <span class='ocrx_word' id='word_1_604' title='bbox 2179 1397 2255 1422; x_wconf 91' lang='lat' dir='ltr'>me-</span> 
     </span>
     <span class='ocr_line' id='line_1_81' title="bbox 1189 1442 2253 1490; baseline 0.007 -14"><span class='ocrx_word' id='word_1_605' title='bbox 1189 1442 1425 1486; x_wconf 82' lang='lat' dir='ltr'>moravimus,</span> <span class='ocrx_word' id='word_1_606' title='bbox 1452 1445 1716 1490; x_wconf 85' lang='lat' dir='ltr'>expositionem</span> <span class='ocrx_word' id='word_1_607' title='bbox 1754 1444 1958 1489; x_wconf 88' lang='lat' dir='ltr'>redeamus,</span> <span class='ocrx_word' id='word_1_608' title='bbox 1994 1451 2030 1481; x_wconf 89' lang='lat' dir='ltr'>ct</span> <span class='ocrx_word' id='word_1_609' title='bbox 2066 1447 2195 1483; x_wconf 87' lang='lat' dir='ltr'>animae</span> <span class='ocrx_word' id='word_1_610' title='bbox 2216 1448 2253 1483; x_wconf 90' lang='lat' dir='ltr'>in</span> 
     </span>
     <span class='ocr_line' id='line_1_82' title="bbox 1189 1503 2255 1555; baseline 0.008 -17"><span class='ocrx_word' id='word_1_611' title='bbox 1189 1504 1259 1539; x_wconf 92' lang='grc'><strong>1130</strong></span> <span class='ocrx_word' id='word_1_612' title='bbox 1275 1504 1348 1539; x_wconf 81' lang='lat' dir='ltr'>vita</span> <span class='ocrx_word' id='word_1_613' title='bbox 1366 1506 1492 1550; x_wconf 88' lang='lat' dir='ltr'>positae</span> <span class='ocrx_word' id='word_1_614' title='bbox 1513 1517 1579 1551; x_wconf 88' lang='lat' dir='ltr'>per</span> <span class='ocrx_word' id='word_1_615' title='bbox 1596 1507 1672 1542; x_wconf 75' lang='lat' dir='ltr'>haec</span> <span class='ocrx_word' id='word_1_616' title='bbox 1692 1503 1937 1553; x_wconf 83' lang='lat' dir='ltr'>intel-ligamus</span> <span class='ocrx_word' id='word_1_617' title='bbox 1954 1507 2153 1553; x_wconf 85' lang='lat' dir='ltr'>profectus,</span> <span class='ocrx_word' id='word_1_618' title='bbox 2175 1519 2255 1555; x_wconf 67' lang='lat' dir='ltr'>quac</span> 
     </span>
     <span class='ocr_line' id='line_1_83' title="bbox 1191 1566 2255 1615; baseline 0.006 -16"><span class='ocrx_word' id='word_1_619' title='bbox 1191 1574 1366 1600; x_wconf 88' lang='lat' dir='ltr'>conversa</span> <span class='ocrx_word' id='word_1_620' title='bbox 1387 1566 1431 1601; x_wconf 89' lang='lat' dir='ltr'>de</span> <span class='ocrx_word' id='word_1_621' title='bbox 1450 1566 1576 1612; x_wconf 86' lang='lat' dir='ltr'>gentili</span> <span class='ocrx_word' id='word_1_622' title='bbox 1594 1567 1682 1609; x_wconf 82' lang='lat' dir='ltr'>vita,</span> <span class='ocrx_word' id='word_1_623' title='bbox 1702 1577 1774 1603; x_wconf 93' lang='lat' dir='ltr'>non</span> <span class='ocrx_word' id='word_1_624' title='bbox 1802 1574 1875 1603; x_wconf 89' lang='lat' dir='ltr'>tam</span> <span class='ocrx_word' id='word_1_625' title='bbox 1905 1568 2051 1614; x_wconf 79' lang='lat' dir='ltr'>Moysen</span> <span class='ocrx_word' id='word_1_626' title='bbox 2073 1579 2180 1615; x_wconf 91' lang='lat' dir='ltr'>quam</span> <span class='ocrx_word' id='word_1_627' title='bbox 2203 1569 2255 1605; x_wconf 91' lang='lat' dir='ltr'>le-</span> 
     </span>
     <span class='ocr_line' id='line_1_84' title="bbox 1190 1625 2255 1673; baseline 0.005 -14"><span class='ocrx_word' id='word_1_628' title='bbox 1190 1635 1270 1671; x_wconf 86' lang='lat' dir='ltr'>gem</span> <span class='ocrx_word' id='word_1_629' title='bbox 1293 1626 1372 1668; x_wconf 92' lang='lat' dir='ltr'>Dei,</span> <span class='ocrx_word' id='word_1_630' title='bbox 1390 1636 1457 1662; x_wconf 92' lang='lat' dir='ltr'>nec</span> <span class='ocrx_word' id='word_1_631' title='bbox 1475 1625 1597 1663; x_wconf 88' lang='lat' dir='ltr'>Aaron</span> <span class='ocrx_word' id='word_1_632' title='bbox 1615 1637 1723 1672; x_wconf 91' lang='lat' dir='ltr'>quam</span> <span class='ocrx_word' id='word_1_633' title='bbox 1740 1628 1967 1663; x_wconf 87' lang='lat' dir='ltr'>sacerdotem</span> <span class='ocrx_word' id='word_1_634' title='bbox 1986 1629 2046 1673; x_wconf 90' lang='lat' dir='ltr'>qui</span> <span class='ocrx_word' id='word_1_635' title='bbox 2066 1634 2255 1673; x_wconf 88' lang='lat' dir='ltr'>permanet</span> 
     </span>
     <span class='ocr_line' id='line_1_85' title="bbox 1191 1689 2257 1736; baseline 0.001 -12"><span class='ocrx_word' id='word_1_636' title='bbox 1191 1689 1228 1723; x_wconf 93' lang='lat' dir='ltr'>in</span> <span class='ocrx_word' id='word_1_637' title='bbox 1260 1695 1436 1725; x_wconf 79' lang='lat' dir='ltr'>aeternum</span> <span class='ocrx_word' id='word_1_638' title='bbox 1470 1691 1646 1735; x_wconf 89' lang='lat' dir='ltr'>sequitur,</span> <span class='ocrx_word' id='word_1_639' title='bbox 1682 1695 1876 1735; x_wconf 89' lang='lat' dir='ltr'>antequam</span> <span class='ocrx_word' id='word_1_640' title='bbox 1900 1690 1945 1725; x_wconf 86' lang='lat' dir='ltr'>ad</span> <span class='ocrx_word' id='word_1_641' title='bbox 1975 1690 2174 1736; x_wconf 81' lang='lat' dir='ltr'>perfectum</span> <span class='ocrx_word' id='word_1_642' title='bbox 2197 1701 2257 1727; x_wconf 82' lang='lat' dir='ltr'>ve-</span> 
     </span>
     <span class='ocr_line' id='line_1_86' title="bbox 1192 1751 2258 1794; baseline 0.002 -9"><span class='ocrx_word' id='word_1_643' title='bbox 1192 1751 1280 1793; x_wconf 84' lang='lat' dir='ltr'>niat,</span> <span class='ocrx_word' id='word_1_644' title='bbox 1309 1751 1345 1786; x_wconf 89' lang='lat' dir='ltr'>in</span> <span class='ocrx_word' id='word_1_645' title='bbox 1367 1761 1489 1787; x_wconf 87' lang='lat' dir='ltr'>eremo</span> <span class='ocrx_word' id='word_1_646' title='bbox 1515 1752 1668 1794; x_wconf 89' lang='lat' dir='ltr'>habitat,</span> <span class='ocrx_word' id='word_1_647' title='bbox 1688 1752 1749 1787; x_wconf 91' lang='lat' dir='ltr'>ubi</span> <span class='ocrx_word' id='word_1_648' title='bbox 1777 1751 1916 1787; x_wconf 89' lang='lat' dir='ltr'>scilicet</span> <span class='ocrx_word' id='word_1_649' title='bbox 1935 1757 1971 1787; x_wconf 90' lang='lat' dir='ltr'>et</span> <span class='ocrx_word' id='word_1_650' title='bbox 1989 1757 2202 1787; x_wconf 88' lang='lat' dir='ltr'>exerceatur</span> <span class='ocrx_word' id='word_1_651' title='bbox 2221 1752 2258 1787; x_wconf 91' lang='lat' dir='ltr'>in</span> 
     </span>
     <span class='ocr_line' id='line_1_87' title="bbox 1190 1810 2257 1856; baseline 0.002 -11"><span class='ocrx_word' id='word_1_652' title='bbox 1190 1811 1381 1855; x_wconf 69' lang='lat' dir='ltr'>praeceptis</span> <span class='ocrx_word' id='word_1_653' title='bbox 1412 1811 1568 1853; x_wconf 90' lang='lat' dir='ltr'>Domini,</span> <span class='ocrx_word' id='word_1_654' title='bbox 1592 1816 1627 1846; x_wconf 91' lang='lat' dir='ltr'>et</span> <span class='ocrx_word' id='word_1_655' title='bbox 1646 1811 1707 1847; x_wconf 91' lang='lat' dir='ltr'>ubi</span> <span class='ocrx_word' id='word_1_656' title='bbox 1738 1810 1827 1846; x_wconf 85' lang='lat' dir='ltr'>fides</span> <span class='ocrx_word' id='word_1_657' title='bbox 1857 1811 1934 1856; x_wconf 90' lang='lat' dir='ltr'>ejus</span> <span class='ocrx_word' id='word_1_658' title='bbox 1953 1821 2018 1856; x_wconf 89' lang='lat' dir='ltr'>per</span> <span class='ocrx_word' id='word_1_659' title='bbox 2037 1812 2257 1847; x_wconf 88' lang='lat' dir='ltr'>tentationes</span> 
     </span>
     <span class='ocr_line' id='line_1_88' title="bbox 1191 1871 2259 1916; baseline 0.002 -10"><span class='ocrx_word' id='word_1_660' title='bbox 1191 1872 1379 1916; x_wconf 86' lang='lat' dir='ltr'>probetur.</span> <span class='ocrx_word' id='word_1_661' title='bbox 1402 1871 1468 1908; x_wconf 90' lang='lat' dir='ltr'>Ubi</span> <span class='ocrx_word' id='word_1_662' title='bbox 1502 1882 1583 1908; x_wconf 91' lang='lat' dir='ltr'>cum</span> <span class='ocrx_word' id='word_1_663' title='bbox 1603 1872 1733 1908; x_wconf 87' lang='lat' dir='ltr'>vicerit</span> <span class='ocrx_word' id='word_1_664' title='bbox 1751 1882 1859 1907; x_wconf 90' lang='lat' dir='ltr'>unam</span> <span class='ocrx_word' id='word_1_665' title='bbox 1891 1873 2139 1916; x_wconf 90' lang='lat' dir='ltr'>tentationem,</span> <span class='ocrx_word' id='word_1_666' title='bbox 2159 1879 2196 1909; x_wconf 92' lang='lat' dir='ltr'>et</span> <span class='ocrx_word' id='word_1_667' title='bbox 2214 1872 2259 1908; x_wconf 85' lang='lat' dir='ltr'>ss-</span> 
     </span>
     <span class='ocr_line' id='line_1_89' title="bbox 1194 1931 2260 1979; baseline 0.003 -13"><span class='ocrx_word' id='word_1_668' title='bbox 1194 1931 1257 1967; x_wconf 92' lang='lat' dir='ltr'>des</span> <span class='ocrx_word' id='word_1_669' title='bbox 1276 1932 1353 1978; x_wconf 88' lang='lat' dir='ltr'>ejus</span> <span class='ocrx_word' id='word_1_670' title='bbox 1373 1933 1410 1967; x_wconf 92' lang='lat' dir='ltr'>in</span> <span class='ocrx_word' id='word_1_671' title='bbox 1428 1943 1468 1968; x_wconf 91' lang='lat' dir='ltr'>ea</span> <span class='ocrx_word' id='word_1_672' title='bbox 1487 1932 1598 1967; x_wconf 83' lang='lat' dir='ltr'>suerit</span> <span class='ocrx_word' id='word_1_673' title='bbox 1616 1934 1782 1979; x_wconf 89' lang='lat' dir='ltr'>probata,</span> <span class='ocrx_word' id='word_1_674' title='bbox 1803 1934 1887 1970; x_wconf 91' lang='lat' dir='ltr'>inde</span> <span class='ocrx_word' id='word_1_675' title='bbox 1906 1934 2003 1969; x_wconf 84' lang='lat' dir='ltr'>venit</span> <span class='ocrx_word' id='word_1_676' title='bbox 2021 1934 2065 1969; x_wconf 91' lang='lat' dir='ltr'>ad</span> <span class='ocrx_word' id='word_1_677' title='bbox 2082 1934 2203 1977; x_wconf 88' lang='lat' dir='ltr'>aliam,</span> <span class='ocrx_word' id='word_1_678' title='bbox 2223 1939 2260 1969; x_wconf 89' lang='lat' dir='ltr'>et</span> 
     </span>
     <span class='ocr_line' id='line_1_90' title="bbox 1196 1991 2261 2036; baseline 0.003 -11"><span class='ocrx_word' id='word_1_679' title='bbox 1196 1991 1301 2036; x_wconf 81' lang='lat' dir='ltr'>quasi</span> <span class='ocrx_word' id='word_1_680' title='bbox 1323 1992 1366 2026; x_wconf 90' lang='lat' dir='ltr'>de</span> <span class='ocrx_word' id='word_1_681' title='bbox 1391 2001 1462 2026; x_wconf 90' lang='lat' dir='ltr'>una</span> <span class='ocrx_word' id='word_1_682' title='bbox 1499 1991 1688 2027; x_wconf 86' lang='lat' dir='ltr'>mansione</span> <span class='ocrx_word' id='word_1_683' title='bbox 1712 1992 1757 2028; x_wconf 89' lang='lat' dir='ltr'>ad</span> <span class='ocrx_word' id='word_1_684' title='bbox 1781 1992 1931 2028; x_wconf 88' lang='lat' dir='ltr'>alteram</span> <span class='ocrx_word' id='word_1_685' title='bbox 1971 1993 2113 2028; x_wconf 90' lang='lat' dir='ltr'>transit.</span> <span class='ocrx_word' id='word_1_686' title='bbox 2137 1994 2181 2029; x_wconf 90' lang='lat' dir='ltr'>Et</span> <span class='ocrx_word' id='word_1_687' title='bbox 2210 1992 2261 2028; x_wconf 92' lang='lat' dir='ltr'>ibi</span> 
     </span>
    </p>
   </div>
   <div class='ocr_carea' id='block_1_11' title="bbox 55 2042 2259 2098">
    <p class='ocr_par' dir='ltr' id='par_1_11' title="bbox 55 2042 2259 2098">
     <span class='ocr_line' id='line_1_91' title="bbox 55 2042 2259 2098; baseline 0.003 -16"><span class='ocrx_word' id='word_1_688' title='bbox 55 2047 200 2093; x_wconf 87' lang='lat' dir='ltr'>quando</span> <span class='ocrx_word' id='word_1_689' title='bbox 215 2048 258 2083; x_wconf 88' lang='lat' dir='ltr'>de</span> <span class='ocrx_word' id='word_1_690' title='bbox 282 2048 446 2083; x_wconf 80' lang='lat' dir='ltr'>exercitu</span> <span class='ocrx_word' id='word_1_691' title='bbox 462 2048 607 2092; x_wconf 90' lang='lat' dir='ltr'>dicitur,</span> <span class='ocrx_word' id='word_1_692' title='bbox 633 2055 754 2086; x_wconf 88' lang='lat' dir='ltr'>castra</span> <span class='ocrx_word' id='word_1_693' title='bbox 781 2051 1045 2088; x_wconf 89' lang='lat' dir='ltr'>transtulimus.</span> <span class='ocrx_word' id='word_1_694' title='bbox 1065 2052 1124 2088; x_wconf 91' lang='lat' dir='ltr'>Fit</span> <span class='ocrx_word' id='word_1_695' title='bbox 1144 2042 1173 2083; x_wconf 92' lang='lat' dir='ltr'>C</span> <span class='ocrx_word' id='word_1_696' title='bbox 1195 2061 1277 2086; x_wconf 89' lang='lat' dir='ltr'>cum</span> <span class='ocrx_word' id='word_1_697' title='bbox 1309 2051 1508 2087; x_wconf 89' lang='lat' dir='ltr'>obtinuerit</span> <span class='ocrx_word' id='word_1_698' title='bbox 1541 2062 1620 2098; x_wconf 84' lang='lat' dir='ltr'>quae</span> <span class='ocrx_word' id='word_1_699' title='bbox 1651 2052 1850 2088; x_wconf 87' lang='lat' dir='ltr'>acciderint</span> <span class='ocrx_word' id='word_1_700' title='bbox 1879 2058 1916 2088; x_wconf 91' lang='lat' dir='ltr'>et</span> <span class='ocrx_word' id='word_1_701' title='bbox 1934 2052 2088 2088; x_wconf 88' lang='lat' dir='ltr'>fideliter</span> <span class='ocrx_word' id='word_1_702' title='bbox 2122 2053 2259 2096; x_wconf 89' lang='lat' dir='ltr'>tulerit,</span> 
     </span>
    </p>
   </div>
   <div class='ocr_carea' id='block_1_12' title="bbox 1194 2110 2263 3783">
    <p class='ocr_par' dir='ltr' id='par_1_12' title="bbox 1194 2110 2263 3424">
     <span class='ocr_line' id='line_1_92' title="bbox 1194 2110 2263 2157; baseline 0.003 -12"><span class='ocrx_word' id='word_1_703' title='bbox 1194 2115 1321 2156; x_wconf 86' lang='lat' dir='ltr'>pergat</span> <span class='ocrx_word' id='word_1_704' title='bbox 1334 2111 1378 2146; x_wconf 92' lang='lat' dir='ltr'>ad</span> <span class='ocrx_word' id='word_1_705' title='bbox 1400 2110 1522 2146; x_wconf 90' lang='lat' dir='ltr'>aliam.</span> <span class='ocrx_word' id='word_1_706' title='bbox 1544 2111 1588 2146; x_wconf 86' lang='lat' dir='ltr'>Et</span> <span class='ocrx_word' id='word_1_707' title='bbox 1617 2112 1666 2146; x_wconf 90' lang='lat' dir='ltr'>ita</span> <span class='ocrx_word' id='word_1_708' title='bbox 1689 2122 1754 2156; x_wconf 90' lang='lat' dir='ltr'>per</span> <span class='ocrx_word' id='word_1_709' title='bbox 1777 2111 1916 2157; x_wconf 83' lang='lat' dir='ltr'>singula</span> <span class='ocrx_word' id='word_1_710' title='bbox 1938 2116 2161 2148; x_wconf 86' lang='lat' dir='ltr'>tentamenta</span> <span class='ocrx_word' id='word_1_711' title='bbox 2178 2113 2263 2148; x_wconf 85' lang='lat' dir='ltr'>vitae</span> 
     </span>
     <span class='ocr_line' id='line_1_93' title="bbox 1195 2170 2263 2219; baseline 0.003 -14"><span class='ocrx_word' id='word_1_712' title='bbox 1195 2180 1237 2206; x_wconf 88' lang='lat' dir='ltr'>ac</span> <span class='ocrx_word' id='word_1_713' title='bbox 1258 2170 1341 2206; x_wconf 85' lang='lat' dir='ltr'>fidei</span> <span class='ocrx_word' id='word_1_714' title='bbox 1362 2170 1547 2216; x_wconf 85' lang='lat' dir='ltr'>profectus</span> <span class='ocrx_word' id='word_1_715' title='bbox 1567 2172 1776 2207; x_wconf 88' lang='lat' dir='ltr'>mansiones</span> <span class='ocrx_word' id='word_1_716' title='bbox 1795 2172 1928 2208; x_wconf 86' lang='lat' dir='ltr'>habere</span> <span class='ocrx_word' id='word_1_717' title='bbox 1957 2172 2101 2215; x_wconf 90' lang='lat' dir='ltr'>dicitur,</span> <span class='ocrx_word' id='word_1_718' title='bbox 2123 2172 2160 2208; x_wconf 90' lang='lat' dir='ltr'>in</span> <span class='ocrx_word' id='word_1_719' title='bbox 2182 2173 2263 2219; x_wconf 91' lang='lat' dir='ltr'>qui-</span> 
     </span>
     <span class='ocr_line' id='line_1_94' title="bbox 1195 2231 2263 2279; baseline 0.002 -12"><span class='ocrx_word' id='word_1_720' title='bbox 1195 2232 1263 2267; x_wconf 89' lang='lat' dir='ltr'>bus</span> <span class='ocrx_word' id='word_1_721' title='bbox 1291 2242 1357 2278; x_wconf 89' lang='lat' dir='ltr'>per</span> <span class='ocrx_word' id='word_1_722' title='bbox 1386 2231 1526 2279; x_wconf 90' lang='lat' dir='ltr'>singula</span> <span class='ocrx_word' id='word_1_723' title='bbox 1551 2232 1726 2267; x_wconf 88' lang='lat' dir='ltr'>virtutum</span> <span class='ocrx_word' id='word_1_724' title='bbox 1761 2239 1972 2278; x_wconf 64' lang='lat' dir='ltr'>quaeruntur</span> <span class='ocrx_word' id='word_1_725' title='bbox 1993 2239 2200 2278; x_wconf 89' lang='lat' dir='ltr'>augmenta,</span> <span class='ocrx_word' id='word_1_726' title='bbox 2226 2238 2263 2269; x_wconf 87' lang='lat' dir='ltr'>et</span> 
     </span>
     <span class='ocr_line' id='line_1_95' title="bbox 1196 2292 2262 2338; baseline 0 -11"><span class='ocrx_word' id='word_1_727' title='bbox 1196 2292 1367 2337; x_wconf 87' lang='lat' dir='ltr'>impletur</span> <span class='ocrx_word' id='word_1_728' title='bbox 1389 2292 1427 2327; x_wconf 90' lang='lat' dir='ltr'>in</span> <span class='ocrx_word' id='word_1_729' title='bbox 1448 2292 1519 2327; x_wconf 91' lang='lat' dir='ltr'>illis</span> <span class='ocrx_word' id='word_1_730' title='bbox 1546 2292 1632 2327; x_wconf 90' lang='lat' dir='ltr'>illud</span> <span class='ocrx_word' id='word_1_731' title='bbox 1653 2293 1747 2337; x_wconf 88' lang='lat' dir='ltr'>quod</span> <span class='ocrx_word' id='word_1_732' title='bbox 1778 2293 1952 2338; x_wconf 89' lang='lat' dir='ltr'>scriptum</span> <span class='ocrx_word' id='word_1_733' title='bbox 1982 2298 2062 2328; x_wconf 88' lang='lat' dir='ltr'>est:</span> <span class='ocrx_word' id='word_1_734' title='bbox 2093 2293 2199 2327; x_wconf 82' lang='lat' dir='ltr'>Ibant</span> <span class='ocrx_word' id='word_1_735' title='bbox 2219 2293 2262 2327; x_wconf 85' lang='lat' dir='ltr'>de</span> 
     </span>
     <span class='ocr_line' id='line_1_96' title="bbox 1195 2350 2262 2398; baseline 0.001 -12"><span class='ocrx_word' id='word_1_736' title='bbox 1195 2353 1318 2387; x_wconf 82' lang='lat' dir='ltr'>virtute</span> <span class='ocrx_word' id='word_1_737' title='bbox 1339 2352 1376 2386; x_wconf 82' lang='lat' dir='ltr'>in</span> <span class='ocrx_word' id='word_1_738' title='bbox 1394 2352 1555 2386; x_wconf 84' lang='lat' dir='ltr'>virtutem</span> <span class='ocrx_word' id='word_1_739' title='bbox 1577 2350 1691 2397; x_wconf 85' lang='lat' dir='ltr'>(Psat.</span> <span class='ocrx_word' id='word_1_740' title='bbox 1713 2352 1866 2398; x_wconf 79' lang='lat' dir='ltr'>Lxxxiu)</span> <span class='ocrx_word' id='word_1_741' title='bbox 1884 2363 1893 2394; x_wconf 93' lang='grc'><strong>;</strong></span> <span class='ocrx_word' id='word_1_742' title='bbox 1928 2362 2114 2397; x_wconf 87' lang='lat' dir='ltr'>usquequo</span> <span class='ocrx_word' id='word_1_743' title='bbox 2134 2362 2262 2396; x_wconf 84' lang='lat' dir='ltr'>perve-·</span> 
     </span>
     <span class='ocr_line' id='line_1_97' title="bbox 1195 2411 2262 2457; baseline 0 -10"><span class='ocrx_word' id='word_1_744' title='bbox 1195 2413 1318 2447; x_wconf 89' lang='lat' dir='ltr'>niatur</span> <span class='ocrx_word' id='word_1_745' title='bbox 1335 2412 1380 2447; x_wconf 90' lang='lat' dir='ltr'>ad</span> <span class='ocrx_word' id='word_1_746' title='bbox 1413 2411 1593 2454; x_wconf 89' lang='lat' dir='ltr'>ultimum,</span> <span class='ocrx_word' id='word_1_747' title='bbox 1629 2412 1702 2446; x_wconf 90' lang='lat' dir='ltr'>imo</span> <span class='ocrx_word' id='word_1_748' title='bbox 1734 2412 1779 2446; x_wconf 90' lang='lat' dir='ltr'>ad</span> <span class='ocrx_word' id='word_1_749' title='bbox 1811 2422 1991 2447; x_wconf 90' lang='lat' dir='ltr'>summum</span> <span class='ocrx_word' id='word_1_750' title='bbox 2021 2412 2169 2457; x_wconf 82' lang='lat' dir='ltr'>gradum</span> <span class='ocrx_word' id='word_1_751' title='bbox 2187 2413 2262 2447; x_wconf 89' lang='lat' dir='ltr'>vir-</span> 
     </span>
     <span class='ocr_line' id='line_1_98' title="bbox 1198 2471 2258 2517; baseline -0.001 -8"><span class='ocrx_word' id='word_1_752' title='bbox 1198 2480 1328 2516; x_wconf 87' lang='lat' dir='ltr'>tutum,</span> <span class='ocrx_word' id='word_1_753' title='bbox 1351 2478 1385 2508; x_wconf 89' lang='lat' dir='ltr'>et</span> <span class='ocrx_word' id='word_1_754' title='bbox 1400 2477 1608 2508; x_wconf 89' lang='lat' dir='ltr'>transeatur</span> <span class='ocrx_word' id='word_1_755' title='bbox 1624 2471 1755 2507; x_wconf 87' lang='lat' dir='ltr'>ssumcn</span> <span class='ocrx_word' id='word_1_756' title='bbox 1786 2473 1849 2507; x_wconf 86' lang='lat' dir='ltr'>Dei</span> <span class='ocrx_word' id='word_1_757' title='bbox 1876 2483 1918 2507; x_wconf 90' lang='grc'><strong>30</strong></span> <span class='ocrx_word' id='word_1_758' title='bbox 1934 2473 2113 2517; x_wconf 88' lang='lat' dir='ltr'>promissa</span> <span class='ocrx_word' id='word_1_759' title='bbox 2141 2474 2258 2508; x_wconf 88' lang='lat' dir='ltr'>susci-</span> 
     </span>
     <span class='ocr_line' id='line_1_99' title="bbox 1195 2533 2259 2580; baseline -0.001 -10"><span class='ocrx_word' id='word_1_760' title='bbox 1195 2535 1318 2580; x_wconf 88' lang='lat' dir='ltr'>piatur</span> <span class='ocrx_word' id='word_1_761' title='bbox 1339 2535 1546 2570; x_wconf 81' lang='lat' dir='ltr'>haereditas.</span> <span class='ocrx_word' id='word_1_762' title='bbox 1580 2533 1734 2577; x_wconf 73' lang='lat' dir='ltr'>Profecti</span> <span class='ocrx_word' id='word_1_763' title='bbox 1756 2534 1863 2579; x_wconf 75' lang='lat' dir='ltr'>iyitur</span> <span class='ocrx_word' id='word_1_764' title='bbox 1893 2534 1934 2568; x_wconf 83' lang='lat' dir='ltr'>de</span> <span class='ocrx_word' id='word_1_765' title='bbox 1953 2534 2116 2569; x_wconf 68' lang='lat' dir='ltr'>Ram-esse</span> <span class='ocrx_word' id='word_1_766' title='bbox 2142 2545 2259 2570; x_wconf 81' lang='lat' dir='ltr'>mense</span> 
     </span>
     <span class='ocr_line' id='line_1_100' title="bbox 1195 2593 2259 2641; baseline 0.001 -12"><span class='ocrx_word' id='word_1_767' title='bbox 1195 2596 1324 2641; x_wconf 83' lang='lat' dir='ltr'>primo,</span> <span class='ocrx_word' id='word_1_768' title='bbox 1345 2595 1466 2640; x_wconf 83' lang='lat' dir='ltr'>quinta</span> <span class='ocrx_word' id='word_1_769' title='bbox 1484 2595 1618 2629; x_wconf 81' lang='lat' dir='ltr'>decima</span> <span class='ocrx_word' id='word_1_770' title='bbox 1633 2594 1688 2628; x_wconf 82' lang='lat' dir='ltr'>die</span> <span class='ocrx_word' id='word_1_771' title='bbox 1707 2594 1832 2628; x_wconf 74' lang='lat' dir='ltr'>niensis</span> <span class='ocrx_word' id='word_1_772' title='bbox 1852 2594 1968 2639; x_wconf 82' lang='lat' dir='ltr'>primi,</span> <span class='ocrx_word' id='word_1_773' title='bbox 1989 2593 2099 2629; x_wconf 83' lang='lat' dir='ltr'>altera</span> <span class='ocrx_word' id='word_1_774' title='bbox 2115 2595 2169 2629; x_wconf 81' lang='lat' dir='ltr'>die</span> <span class='ocrx_word' id='word_1_775' title='bbox 2182 2602 2259 2641; x_wconf 75' lang='lat' dir='ltr'>post</span> 
     </span>
     <span class='ocr_line' id='line_1_101' title="bbox 1196 2653 2259 2699; baseline 0.002 -10"><span class='ocrx_word' id='word_1_776' title='bbox 1196 2653 1327 2698; x_wconf 74' lang='lat' dir='ltr'>Ptnzse,</span> <span class='ocrx_word' id='word_1_777' title='bbox 1348 2654 1414 2699; x_wconf 82' lang='lat' dir='ltr'>filii</span> <span class='ocrx_word' id='word_1_778' title='bbox 1447 2654 1560 2690; x_wconf 85' lang='lat' dir='ltr'>Israel</span> <span class='ocrx_word' id='word_1_779' title='bbox 1587 2655 1624 2690; x_wconf 83' lang='lat' dir='ltr'>in</span> <span class='ocrx_word' id='word_1_780' title='bbox 1655 2666 1762 2690; x_wconf 80' lang='lat' dir='ltr'>mamt</span> <span class='ocrx_word' id='word_1_781' title='bbox 1782 2654 1933 2698; x_wconf 73' lang='lat' dir='ltr'>excelsa,</span> <span class='ocrx_word' id='word_1_782' title='bbox 1955 2655 2150 2691; x_wconf 80' lang='lat' dir='ltr'>videntibus</span> <span class='ocrx_word' id='word_1_783' title='bbox 2174 2667 2259 2692; x_wconf 59' lang='lat' dir='ltr'>cun&gt;-</span> 
     </span>
     <span class='ocr_line' id='line_1_102' title="bbox 1196 2715 2259 2763; baseline 0.001 -13"><span class='ocrx_word' id='word_1_784' title='bbox 1196 2716 1258 2750; x_wconf 85' lang='lat' dir='ltr'>ctis</span> <span class='ocrx_word' id='word_1_785' title='bbox 1285 2715 1475 2762; x_wconf 74' lang='lat' dir='ltr'>AEqyptiis,</span> <span class='ocrx_word' id='word_1_786' title='bbox 1496 2721 1526 2750; x_wconf 86' lang='lat' dir='ltr'>et</span> <span class='ocrx_word' id='word_1_787' title='bbox 1541 2715 1783 2761; x_wconf 81' lang='lat' dir='ltr'>sepelientibus</span> <span class='ocrx_word' id='word_1_788' title='bbox 1812 2716 2056 2761; x_wconf 74' lang='lat' dir='ltr'>primoqem&#39;tos</span> <span class='ocrx_word' id='word_1_789' title='bbox 2082 2728 2167 2762; x_wconf 79' lang='lat' dir='ltr'>quos</span> <span class='ocrx_word' id='word_1_790' title='bbox 2182 2728 2259 2763; x_wconf 80' lang='lat' dir='ltr'>per-</span> 
     </span>
     <span class='ocr_line' id='line_1_103' title="bbox 1195 2776 2257 2824; baseline 0.002 -12"><span class='ocrx_word' id='word_1_791' title='bbox 1195 2783 1353 2812; x_wconf 82' lang='lat' dir='ltr'>cusserat</span> <span class='ocrx_word' id='word_1_792' title='bbox 1389 2777 1559 2812; x_wconf 81' lang='lat' dir='ltr'>Dominus</span> <span class='ocrx_word' id='word_1_793' title='bbox 1587 2776 1684 2824; x_wconf 83' lang='lat' dir='ltr'>(nam</span> <span class='ocrx_word' id='word_1_794' title='bbox 1703 2783 1735 2812; x_wconf 88' lang='lat' dir='ltr'>et</span> <span class='ocrx_word' id='word_1_795' title='bbox 1767 2778 1803 2812; x_wconf 77' lang='lat' dir='ltr'>in</span> <span class='ocrx_word' id='word_1_796' title='bbox 1825 2777 1892 2812; x_wconf 81' lang='lat' dir='ltr'>diis</span> <span class='ocrx_word' id='word_1_797' title='bbox 1919 2788 2037 2813; x_wconf 86' lang='lat' dir='ltr'>eorum</span> <span class='ocrx_word' id='word_1_798' title='bbox 2058 2787 2257 2814; x_wconf 76' lang='lat' dir='ltr'>exercuerat</span> 
     </span>
     <span class='ocr_line' id='line_1_104' title="bbox 1196 2836 2257 2884; baseline 0.003 -12"><span class='ocrx_word' id='word_1_799' title='bbox 1196 2837 1392 2884; x_wconf 84' lang='lat' dir='ltr'>ultionem),</span> <span class='ocrx_word' id='word_1_800' title='bbox 1426 2837 1663 2872; x_wconf 85' lang='lat' dir='ltr'>castrametati</span> <span class='ocrx_word' id='word_1_801' title='bbox 1694 2843 1774 2871; x_wconf 79' lang='lat' dir='ltr'>sunt</span> <span class='ocrx_word' id='word_1_802' title='bbox 1803 2837 1837 2871; x_wconf 83' lang='lat' dir='ltr'>in</span> <span class='ocrx_word' id='word_1_803' title='bbox 1859 2836 2020 2872; x_wconf 82' lang='lat' dir='ltr'>Soccotlz.</span> <span class='ocrx_word' id='word_1_804' title='bbox 2043 2837 2216 2875; x_wconf 83' lang='lat' dir='ltr'>Ramessc</span> <span class='ocrx_word' id='word_1_805' title='bbox 2237 2851 2257 2874; x_wconf 87' lang='lat' dir='ltr'>a</span> 
     </span>
     <span class='ocr_line' id='line_1_105' title="bbox 1197 2898 2261 2943; baseline 0.003 -11"><span class='ocrx_word' id='word_1_806' title='bbox 1197 2898 1412 2943; x_wconf 89' lang='lat' dir='ltr'>quibusdam</span> <span class='ocrx_word' id='word_1_807' title='bbox 1444 2898 1703 2943; x_wconf 85' lang='lat' dir='ltr'>interpretatur</span> <span class='ocrx_word' id='word_1_808' title='bbox 1737 2898 1920 2932; x_wconf 78' lang='lat' dir='ltr'>commotio</span> <span class='ocrx_word' id='word_1_809' title='bbox 1955 2898 2166 2942; x_wconf 79' lang='lat' dir='ltr'>turbulenta,</span> <span class='ocrx_word' id='word_1_810' title='bbox 2198 2905 2261 2935; x_wconf 90' lang='lat' dir='ltr'>aut</span> 
     </span>
     <span class='ocr_line' id='line_1_106' title="bbox 1198 2956 2258 3002; baseline 0.003 -10"><span class='ocrx_word' id='word_1_811' title='bbox 1198 2956 1398 2992; x_wconf 82' lang='lat' dir='ltr'>amaritudo</span> <span class='ocrx_word' id='word_1_812' title='bbox 1436 2957 1686 3002; x_wconf 83' lang='lat' dir='ltr'>commotioque</span> <span class='ocrx_word' id='word_1_813' title='bbox 1722 2957 1837 2992; x_wconf 64' lang='lat' dir='ltr'>tinere.</span> <span class='ocrx_word' id='word_1_814' title='bbox 1873 2957 1945 2993; x_wconf 88' lang='lat' dir='ltr'>Nos</span> <span class='ocrx_word' id='word_1_815' title='bbox 1978 2963 2096 2994; x_wconf 89' lang='lat' dir='ltr'>autem</span> <span class='ocrx_word' id='word_1_816' title='bbox 2139 2960 2258 2995; x_wconf 75' lang='lat' dir='ltr'>verius</span> 
     </span>
     <span class='ocr_line' id='line_1_107' title="bbox 1199 3017 2258 3063; baseline 0.001 -10"><span class='ocrx_word' id='word_1_817' title='bbox 1199 3018 1452 3053; x_wconf 85' lang='lat' dir='ltr'>existimamus</span> <span class='ocrx_word' id='word_1_818' title='bbox 1484 3017 1638 3063; x_wconf 81' lang='lat' dir='ltr'>exprimi</span> <span class='ocrx_word' id='word_1_819' title='bbox 1674 3017 1867 3051; x_wconf 80' lang='lat' dir='ltr'>tonitruum</span> <span class='ocrx_word' id='word_1_820' title='bbox 1901 3018 2035 3063; x_wconf 76' lang='lat' dir='ltr'>qaudii.</span> <span class='ocrx_word' id='word_1_821' title='bbox 2071 3018 2125 3053; x_wconf 84' lang='lat' dir='ltr'>Ad</span> <span class='ocrx_word' id='word_1_822' title='bbox 2164 3019 2258 3054; x_wconf 85' lang='grc'><strong>113110</strong></span> 
     </span>
     <span class='ocr_line' id='line_1_108' title="bbox 1197 3077 2259 3124; baseline 0.001 -10"><span class='ocrx_word' id='word_1_823' title='bbox 1197 3079 1338 3121; x_wconf 87' lang='lat' dir='ltr'>urbem,</span> <span class='ocrx_word' id='word_1_824' title='bbox 1374 3089 1453 3124; x_wconf 84' lang='lat' dir='ltr'>quae</span> <span class='ocrx_word' id='word_1_825' title='bbox 1486 3078 1523 3113; x_wconf 92' lang='lat' dir='ltr'>in</span> <span class='ocrx_word' id='word_1_826' title='bbox 1561 3078 1733 3114; x_wconf 82' lang='lat' dir='ltr'>extremis</span> <span class='ocrx_word' id='word_1_827' title='bbox 1756 3077 1900 3124; x_wconf 83' lang='lat' dir='ltr'>AEgypti</span> <span class='ocrx_word' id='word_1_828' title='bbox 1935 3078 2066 3115; x_wconf 80' lang='lat' dir='ltr'>linibus</span> <span class='ocrx_word' id='word_1_829' title='bbox 2085 3085 2175 3120; x_wconf 86' lang='lat' dir='ltr'>erat,</span> <span class='ocrx_word' id='word_1_830' title='bbox 2195 3090 2259 3123; x_wconf 91' lang='lat' dir='ltr'>po-</span> 
     </span>
     <span class='ocr_line' id='line_1_109' title="bbox 1197 3139 2254 3186; baseline 0 -12"><span class='ocrx_word' id='word_1_831' title='bbox 1197 3139 1303 3185; x_wconf 89' lang='lat' dir='ltr'>pulus</span> <span class='ocrx_word' id='word_1_832' title='bbox 1323 3145 1563 3186; x_wconf 84' lang='lat' dir='ltr'>congregatus</span> <span class='ocrx_word' id='word_1_833' title='bbox 1582 3145 1648 3181; x_wconf 91' lang='lat' dir='ltr'>est,</span> <span class='ocrx_word' id='word_1_834' title='bbox 1669 3139 1730 3184; x_wconf 87' lang='lat' dir='ltr'>qui</span> <span class='ocrx_word' id='word_1_835' title='bbox 1748 3139 1783 3173; x_wconf 94' lang='lat' dir='ltr'>in</span> <span class='ocrx_word' id='word_1_836' title='bbox 1804 3139 1983 3173; x_wconf 88' lang='lat' dir='ltr'>desertum</span> <span class='ocrx_word' id='word_1_837' title='bbox 2004 3139 2056 3174; x_wconf 88' lang='lat' dir='ltr'>ire</span> <span class='ocrx_word' id='word_1_838' title='bbox 2074 3139 2254 3183; x_wconf 90' lang='lat' dir='ltr'>cupiebat,</span> 
     </span>
     <span class='ocr_line' id='line_1_110' title="bbox 1198 3198 2255 3248; baseline -0.004 -10"><span class='ocrx_word' id='word_1_839' title='bbox 1198 3212 1241 3238; x_wconf 88' lang='lat' dir='ltr'>eo</span> <span class='ocrx_word' id='word_1_840' title='bbox 1258 3202 1353 3248; x_wconf 92' lang='lat' dir='ltr'>quod</span> <span class='ocrx_word' id='word_1_841' title='bbox 1371 3201 1565 3237; x_wconf 89' lang='lat' dir='ltr'>tumultum</span> <span class='ocrx_word' id='word_1_842' title='bbox 1598 3200 1718 3236; x_wconf 81' lang='lat' dir='ltr'>saeculi</span> <span class='ocrx_word' id='word_1_843' title='bbox 1745 3199 2009 3243; x_wconf 88' lang='lat' dir='ltr'>derelinquens,</span> <span class='ocrx_word' id='word_1_844' title='bbox 2044 3198 2255 3234; x_wconf 82' lang='lat' dir='ltr'>movebatur</span> 
     </span>
     <span class='ocr_line' id='line_1_111' title="bbox 1199 3257 2254 3308; baseline -0.003 -11"><span class='ocrx_word' id='word_1_845' title='bbox 1199 3271 1220 3296; x_wconf 90' lang='lat' dir='ltr'>a</span> <span class='ocrx_word' id='word_1_846' title='bbox 1238 3261 1335 3297; x_wconf 87' lang='lat' dir='ltr'>vitiis</span> <span class='ocrx_word' id='word_1_847' title='bbox 1354 3261 1530 3308; x_wconf 85' lang='lat' dir='ltr'>pristinis,</span> <span class='ocrx_word' id='word_1_848' title='bbox 1549 3266 1584 3295; x_wconf 89' lang='lat' dir='ltr'>et</span> <span class='ocrx_word' id='word_1_849' title='bbox 1603 3260 1645 3294; x_wconf 91' lang='lat' dir='ltr'>ab</span> <span class='ocrx_word' id='word_1_850' title='bbox 1664 3258 1838 3293; x_wconf 89' lang='lat' dir='ltr'>exedente</span> <span class='ocrx_word' id='word_1_851' title='bbox 1859 3266 1897 3291; x_wconf 90' lang='lat' dir='ltr'>se</span> <span class='ocrx_word' id='word_1_852' title='bbox 1915 3257 2015 3301; x_wconf 85' lang='lat' dir='ltr'>prius</span> <span class='ocrx_word' id='word_1_853' title='bbox 2053 3257 2147 3292; x_wconf 89' lang='lat' dir='ltr'>tinea</span> <span class='ocrx_word' id='word_1_854' title='bbox 2166 3268 2254 3303; x_wconf 91' lang='lat' dir='ltr'>pec-</span> 
     </span>
     <span class='ocr_line' id='line_1_112' title="bbox 1200 3318 2253 3365; baseline -0.003 -7"><span class='ocrx_word' id='word_1_855' title='bbox 1200 3329 1378 3365; x_wconf 89' lang='lat' dir='ltr'>catorum,</span> <span class='ocrx_word' id='word_1_856' title='bbox 1400 3328 1440 3358; x_wconf 93' lang='lat' dir='ltr'>ut</span> <span class='ocrx_word' id='word_1_857' title='bbox 1458 3331 1601 3357; x_wconf 92' lang='lat' dir='ltr'>omnem</span> <span class='ocrx_word' id='word_1_858' title='bbox 1621 3318 1897 3354; x_wconf 85' lang='lat' dir='ltr'>amaritudinem</span> <span class='ocrx_word' id='word_1_859' title='bbox 1917 3323 2061 3353; x_wconf 85' lang='lat' dir='ltr'>vertens</span> <span class='ocrx_word' id='word_1_860' title='bbox 2080 3318 2115 3353; x_wconf 89' lang='lat' dir='ltr'>in</span> <span class='ocrx_word' id='word_1_861' title='bbox 2137 3318 2253 3355; x_wconf 88' lang='lat' dir='ltr'>dulce-</span> 
     </span>
     <span class='ocr_line' id='line_1_113' title="bbox 1198 3377 2251 3424; baseline -0.002 -8"><span class='ocrx_word' id='word_1_862' title='bbox 1198 3381 1332 3424; x_wconf 88' lang='lat' dir='ltr'>dinem,</span> <span class='ocrx_word' id='word_1_863' title='bbox 1353 3381 1415 3416; x_wconf 89' lang='lat' dir='ltr'>Dei</span> <span class='ocrx_word' id='word_1_864' title='bbox 1448 3389 1572 3415; x_wconf 85' lang='lat' dir='ltr'>vocem</span> <span class='ocrx_word' id='word_1_865' title='bbox 1598 3379 1634 3413; x_wconf 90' lang='lat' dir='ltr'>in</span> <span class='ocrx_word' id='word_1_866' title='bbox 1659 3377 1744 3412; x_wconf 87' lang='lat' dir='ltr'>Sina</span> <span class='ocrx_word' id='word_1_867' title='bbox 1766 3381 1887 3411; x_wconf 88' lang='lat' dir='ltr'>monte</span> <span class='ocrx_word' id='word_1_868' title='bbox 1920 3377 2074 3422; x_wconf 90' lang='lat' dir='ltr'>desuper</span> <span class='ocrx_word' id='word_1_869' title='bbox 2095 3379 2251 3415; x_wconf 88' lang='lat' dir='ltr'>tonantis</span> 
     </span>
    </p>

    <p class='ocr_par' dir='ltr' id='par_1_13' title="bbox 1198 3435 2251 3484">
     <span class='ocr_line' id='line_1_114' title="bbox 1198 3435 2251 3484; baseline -0.002 -8"><span class='ocrx_word' id='word_1_870' title='bbox 1198 3441 1354 3478; x_wconf 83' lang='lat' dir='ltr'>audiret.</span> <span class='ocrx_word' id='word_1_871' title='bbox 1378 3439 1479 3484; x_wconf 88' lang='lat' dir='ltr'>Quod</span> <span class='ocrx_word' id='word_1_872' title='bbox 1510 3443 1630 3473; x_wconf 87' lang='lat' dir='ltr'>autem</span> <span class='ocrx_word' id='word_1_873' title='bbox 1658 3436 1767 3470; x_wconf 86' lang='lat' dir='ltr'>verba</span> <span class='ocrx_word' id='word_1_874' title='bbox 1798 3435 1916 3470; x_wconf 88' lang='lat' dir='ltr'>divina</span> <span class='ocrx_word' id='word_1_875' title='bbox 1935 3441 1972 3471; x_wconf 88' lang='lat' dir='ltr'>et</span> <span class='ocrx_word' id='word_1_876' title='bbox 1990 3436 2128 3482; x_wconf 89' lang='lat' dir='ltr'>eloquia</span> <span class='ocrx_word' id='word_1_877' title='bbox 2150 3437 2251 3474; x_wconf 90' lang='lat' dir='ltr'>Scri-</span> 
     </span>
    </p>

    <p class='ocr_par' dir='ltr' id='par_1_14' title="bbox 1195 3495 2252 3546">
     <span class='ocr_line' id='line_1_115' title="bbox 1195 3495 2252 3546; baseline -0.001 -11"><span class='ocrx_word' id='word_1_878' title='bbox 1195 3506 1382 3546; x_wconf 88' lang='lat' dir='ltr'>pturarum</span> <span class='ocrx_word' id='word_1_879' title='bbox 1418 3498 1454 3533; x_wconf 93' lang='lat' dir='ltr'>in</span> <span class='ocrx_word' id='word_1_880' title='bbox 1489 3497 1592 3532; x_wconf 83' lang='lat' dir='ltr'>istius</span> <span class='ocrx_word' id='word_1_881' title='bbox 1622 3495 1741 3531; x_wconf 90' lang='lat' dir='ltr'>saeculi</span> <span class='ocrx_word' id='word_1_882' title='bbox 1762 3500 1798 3531; x_wconf 90' lang='lat' dir='ltr'>ct</span> <span class='ocrx_word' id='word_1_883' title='bbox 1818 3495 1941 3532; x_wconf 89' lang='lat' dir='ltr'>mundi</span> <span class='ocrx_word' id='word_1_884' title='bbox 1972 3502 2050 3534; x_wconf 85' lang='lat' dir='ltr'>rota</span> <span class='ocrx_word' id='word_1_885' title='bbox 2085 3499 2252 3534; x_wconf 87' lang='lat' dir='ltr'>tonitruis</span> 
     </span>
    </p>

    <p class='ocr_par' dir='ltr' id='par_1_15' title="bbox 1197 3555 2250 3605">
     <span class='ocr_line' id='line_1_116' title="bbox 1197 3555 2250 3605; baseline -0.001 -11"><span class='ocrx_word' id='word_1_886' title='bbox 1197 3558 1434 3605; x_wconf 87' lang='lat' dir='ltr'>appellantur,</span> <span class='ocrx_word' id='word_1_887' title='bbox 1455 3555 1644 3592; x_wconf 86' lang='lat' dir='ltr'>Psalmista</span> <span class='ocrx_word' id='word_1_888' title='bbox 1677 3555 1836 3591; x_wconf 87' lang='lat' dir='ltr'>declarat</span> <span class='ocrx_word' id='word_1_889' title='bbox 1872 3555 2021 3593; x_wconf 88' lang='lat' dir='ltr'>dicens:</span> <span class='ocrx_word' id='word_1_890' title='bbox 2058 3555 2132 3592; x_wconf 78' lang='lat' dir='ltr'>Vox</span> <span class='ocrx_word' id='word_1_891' title='bbox 2156 3557 2250 3593; x_wconf 78' lang='lat' dir='ltr'>toni-</span> 
     </span>
    </p>

    <p class='ocr_par' dir='ltr' id='par_1_16' title="bbox 1197 3615 2249 3663">
     <span class='ocr_line' id='line_1_117' title="bbox 1197 3615 2249 3663; baseline -0.001 -9"><span class='ocrx_word' id='word_1_892' title='bbox 1197 3618 1267 3654; x_wconf 83' lang='lat' dir='ltr'>trui</span> <span class='ocrx_word' id='word_1_893' title='bbox 1286 3617 1323 3651; x_wconf 82' lang='lat' dir='ltr'>in</span> <span class='ocrx_word' id='word_1_894' title='bbox 1344 3622 1420 3651; x_wconf 86' lang='lat' dir='ltr'>rota</span> <span class='ocrx_word' id='word_1_895' title='bbox 1452 3615 1567 3663; x_wconf 77' lang='lat' dir='ltr'>(Psal.</span> <span class='ocrx_word' id='word_1_896' title='bbox 1591 3615 1727 3662; x_wconf 78' lang='lat' dir='ltr'>Lxxvt).</span> <span class='ocrx_word' id='word_1_897' title='bbox 1761 3615 1806 3650; x_wconf 90' lang='lat' dir='ltr'>Et</span> <span class='ocrx_word' id='word_1_898' title='bbox 1829 3615 1892 3651; x_wconf 90' lang='lat' dir='ltr'>Dei</span> <span class='ocrx_word' id='word_1_899' title='bbox 1919 3615 2039 3652; x_wconf 88' lang='lat' dir='ltr'>Patris</span> <span class='ocrx_word' id='word_1_900' title='bbox 2067 3626 2191 3653; x_wconf 88' lang='lat' dir='ltr'>vocem</span> <span class='ocrx_word' id='word_1_901' title='bbox 2211 3617 2249 3654; x_wconf 91' lang='lat' dir='ltr'>in</span> 
     </span>
    </p>

    <p class='ocr_par' dir='ltr' id='par_1_17' title="bbox 1195 3675 2250 3724">
     <span class='ocr_line' id='line_1_118' title="bbox 1195 3675 2250 3724; baseline -0.001 -10"><span class='ocrx_word' id='word_1_902' title='bbox 1195 3677 1375 3723; x_wconf 86' lang='lat' dir='ltr'>baptismo</span> <span class='ocrx_word' id='word_1_903' title='bbox 1391 3675 1592 3718; x_wconf 89' lang='lat' dir='ltr'>audientes,</span> <span class='ocrx_word' id='word_1_904' title='bbox 1616 3675 1811 3711; x_wconf 89' lang='lat' dir='ltr'>tonitruum</span> <span class='ocrx_word' id='word_1_905' title='bbox 1835 3679 2067 3721; x_wconf 89' lang='lat' dir='ltr'>putaverunt.</span> <span class='ocrx_word' id='word_1_906' title='bbox 2087 3675 2250 3724; x_wconf 84' lang='lat' dir='ltr'>Cumque</span> 
     </span>
    </p>

    <p class='ocr_par' dir='ltr' id='par_1_18' title="bbox 1197 3736 2248 3783">
     <span class='ocr_line' id='line_1_119' title="bbox 1197 3736 2248 3783; baseline -0.004 -5"><span class='ocrx_word' id='word_1_907' title='bbox 1197 3738 1367 3778; x_wconf 89' lang='lat' dir='ltr'>commoti</span> <span class='ocrx_word' id='word_1_908' title='bbox 1383 3736 1558 3776; x_wconf 78' lang='lat' dir='ltr'>fuerimus</span> <span class='ocrx_word' id='word_1_909' title='bbox 1576 3737 1622 3775; x_wconf 83' lang='lat' dir='ltr'>ad</span> <span class='ocrx_word' id='word_1_910' title='bbox 1639 3736 1883 3783; x_wconf 80' lang='lat' dir='ltr'>evangelicam</span> <span class='ocrx_word' id='word_1_911' title='bbox 1897 3737 2035 3782; x_wconf 87' lang='lat' dir='ltr'>tubam,</span> <span class='ocrx_word' id='word_1_912' title='bbox 2051 3741 2089 3775; x_wconf 83' lang='lat' dir='ltr'>et</span> <span class='ocrx_word' id='word_1_913' title='bbox 2101 3737 2248 3776; x_wconf 83' lang='lat' dir='ltr'>excitati</span> 
     </span>
    </p>
   </div>
   <div class='ocr_carea' id='block_1_13' title="bbox 1888 3799 1941 3841">
    <p class='ocr_par' dir='ltr' id='par_1_19' title="bbox 1888 3799 1941 3841">
     <span class='ocr_line' id='line_1_120' title="bbox 1888 3799 1941 3841; baseline 0 -2"><span class='ocrx_word' id='word_1_914' title='bbox 1888 3799 1941 3841; x_wconf 74' lang='lat'>26</span> 
     </span>
    </p>
   </div>
  </div>
 </body>
</html>
