2540 4016
271 199 317 237 25
694 191 737 229 B.
764 188 940 228 RABANl
963 185 1112 226 mmm
1133 184 1351 224 metunt».
1378 184 1590 226 uocum,
1615 185 1810 226 omnum
1831 185 1954 225 PARS
1978 186 2006 224 l.
2391 190 2446 233 οι

271 272 461 313 nuntiavit.
486 270 597 319 Virga
608 278 696 307 vero
714 269 752 306 in
770 268 957 306 colubrum
969 265 1136 307 vertitur,
1150 261 1237 310 quia
1252 261 1323 299 Re-
1339 262 1379 304 A
1391 261 1512 300 omnis
1526 261 1638 299 lsrael
1654 261 1778 299 salvus
1794 261 1870 300 liet.
1897 260 2034 298 Deinde
2051 270 2154 308 aquae
2174 261 2296 300 missae
2313 261 2354 300 in
2374 267 2449 301 ter-

270 337 436 382 demptor
447 338 572 371 noster
584 332 680 369 Deus
694 330 733 367 in
747 340 786 366 se
802 337 1032 376 permanens,
1053 323 1217 361 mortalis
1231 323 1327 360 inter

269 395 437 433 homines
466 392 584 430 faetus
605 397 672 430 est.
713 389 786 427 Sed
812 389 954 436 Moyses
972 386 1160 424 colubrum
1183 385 1327 432 conspi-

269 458 383 499 ciens,
399 454 586 504 pertimuit
599 459 636 491 et
650 451 752 499 sugit,
771 450 854 497 quia
871 448 1041 486 Judaicus
1054 447 1224 494 populus,
1239 447 1326 484 dum

271 516 548 563 Redemptorem
566 512 712 551 humani
728 510 872 558 generis
886 508 1075 546 mortalem
1089 508 1195 552 vidit,
1211 508 1326 545 Deum

269 575 418 612 credere
435 574 590 622 expavit.
625 571 690 608 Cui
708 570 856 616 iubetur
875 574 917 606 ut
932 569 1122 606 colubrum
1139 568 1255 605 cauda
1273 573 1328 605 te-

269 643 367 681 neat,
400 637 481 683 quia
504 634 662 682 perfidus
687 632 746 669 ille
763 631 935 679 populus,
963 632 1025 678 qui
1049 630 1156 667 modo
1178 629 1327 667 credere

271 703 428 740 recusat,
457 697 492 732 in
535 699 696 731 extrema
726 698 830 740 parte
862 692 1041 728 Dominici
1076 691 1267 738 corporis,
1289 691 1327 728 id

270 763 339 801 est,
360 757 558 803 posteriore
589 761 751 802 tempore
784 758 918 790 sanctae
946 753 1134 795 Ecclesiae,
1156 752 1326 789 videlieet

270 819 306 854 in
326 819 396 854 line
416 817 553 859 muudi,
569 827 648 853 sese
667 817 712 852 ad
733 815 840 851 iidem
859 813 1060 860 recolliget,
1083 819 1123 850 ut
1135 813 1326 850 colubrum

270 881 383 917 cauda
405 885 544 922 teneat,
579 879 663 925 quia
681 888 783 921 eum,
812 887 920 924 quem
943 876 1135 912 mortalem
1160 879 1245 911 ante
1260 875 1325 911 de-

270 947 447 988 spexerat,
476 940 751 985 Redemptorem
780 948 884 974 suum
907 938 943 974 in
965 937 1091 973 ultima
1115 935 1191 981 ,iam
1223 941 1326 982 parte

270 1002 439 1038 Ecclesiae
456 1000 661 1036 confitetur.
690 998 761 1035 Sed
781 1009 865 1034 mox
885 1007 1035 1044 serpens
1056 997 1091 1032 in
1113 997 1252 1043 virgam
1270 1006 1327 1031 re-

270 1063 337 1105 dit,
364 1063 446 1108 quia
468 1062 591 1098 statim
614 1066 654 1096 ut
675 1059 847 1096 Judaicus
865 1059 1067 1106 populusin
1084 1058 1327 1104 Redemptore

270 1131 397 1162 nostro
413 1124 608 1161 crediderit
625 1151 636 1166 ,
669 1123 764 1159 idem
798 1123 1003 1167 redemptor
1022 1127 1147 1157 noster
1173 1121 1218 1156 ad
1231 1120 1328 1166 judi-

271 1187 365 1223 cium
385 1188 419 1222 in
434 1191 613 1232 potestate
630 1195 703 1221 suae
722 1184 921 1220 divinitatis
940 1182 1140 1228 apparebit,
1161 1188 1200 1217 ut
1217 1182 1326 1218 etiam
1347 1171 1379 1210 Β

271 1257 420 1293 serpens
439 1246 542 1293 virga
562 1246 610 1281 sit
632 1258 640 1280 :
666 1245 750 1290 quia
772 1245 803 1280 is
822 1244 882 1291 qui
904 1245 938 1279 in
960 1250 1057 1279 terra
1074 1244 1183 1279 homo
1203 1243 1330 1288 despe-

271 1313 350 1344 ctus
368 1313 446 1350 est,
481 1307 524 1342 de
551 1306 643 1342 coelo
662 1305 832 1346 veniens,
855 1315 964 1350 super
980 1303 1126 1350 angelos
1149 1302 1330 1339 videbitur

272 1369 379 1406 Deus.
397 1367 471 1416 (Ex
486 1366 658 1414 Isidoro.)
682 1366 820 1401 Aliter:
839 1365 946 1411 Virga
967 1364 1003 1400 in
1024 1370 1204 1410 serpente,
1226 1363 1330 1399 Chri-

271 1436 349 1467 stus
376 1431 412 1466 in
441 1435 582 1471 morte,
618 1433 654 1465 et
681 1435 800 1464 tamen
821 1427 966 1472 expavit
995 1431 1032 1462 et
1063 1425 1154 1472 sugit
1174 1424 1326 1472 Moyses,

271 1491 364 1535 Quid
385 1496 441 1527 est
461 1491 506 1526 ab
523 1490 584 1526 illo
609 1494 776 1535 serpente
797 1488 930 1534 fugisse
950 1487 1113 1533 Moysen,
1141 1486 1212 1522 nisi
1233 1486 1329 1531 quod

272 1551 401 1598 legitur
432 1551 467 1586 in
501 1550 696 1597 Evangelio
715 1548 865 1591 sactum,
887 1554 1051 1584 mortuus
1070 1552 1126 1583 est
1146 1546 1327 1588 Christus,

273 1618 308 1647 ct
325 1612 476 1658 apostoli
497 1617 742 1658 expaverunt,
761 1616 797 1646 et
812 1611 856 1646 ab
875 1610 935 1645 illa
956 1620 1020 1656 spe
1041 1610 1075 1645 in
1097 1619 1169 1655 qua
1186 1608 1331 1644 fuerant

272 1675 524 1712 recesserunt?
557 1674 627 1711 Sed
655 1675 750 1721 quod
772 1675 993 1717 dictumest,
1018 1674 1235 1721 apprehende
1250 1685 1331 1709 cau-

273 1737 355 1772 dam
377 1737 465 1782 ejus,
484 1735 570 1782 quid
586 1742 642 1772 est
659 1736 726 1771 nisi
745 1736 969 1782 posteriora?
998 1734 1073 1771 Hoc
1095 1734 1327 1782 significavit,

272 1797 475 1843 posteriora
497 1807 576 1832 mea
597 1795 754 1832 videbis.
783 1795 904 1831 Primo
922 1795 1020 1831 enim
1041 1795 1157 1831 sactus
1179 1800 1236 1831 est
1251 1805 1331 1830 ser-

273 1868 382 1904 pens,
406 1858 467 1894 sed
494 1858 606 1894 cauda
632 1859 856 1904 apprehensa
874 1885 882 1900 ,
915 1857 1011 1894 sacta
1033 1863 1090 1893 est
1109 1857 1224 1902 virga,
1244 1857 1329 1902 quia

275 1919 429 1963 primum
445 1919 587 1954 occisus
603 1923 671 1960 est,
693 1924 817 1963 postea
838 1917 996 1963 peractis
1017 1916 1197 1957 omnibus,
1228 1916 1272 1951 ad
1294 1915 1331 1950 id

273 1981 369 2026 quod
387 1980 506 2016 suerat
524 1979 744 2024 resurgendo
776 1987 943 2014 reversus
972 1982 1042 2020 est,
1075 1977 1136 2012 ubi
1161 1986 1226 2022 per
1245 1976 1329 2012 vitae

275 2042 539 2088 reparationem
556 2045 672 2076 morte
689 2046 915 2085 consumpta,
929 2039 1019 2074 nihil
1037 2039 1072 2074 in
1088 2048 1131 2074 eo
1150 2039 1328 2085 serpentis

276 2102 456 2148 apparuit.
484 2102 548 2137 Est
563 2102 672 2138 etiam
692 2102 728 2137 in
751 2102 863 2139 cauda
885 2102 1065 2148 serpentis
1089 2102 1210 2138 saeculi
1232 2102 1327 2146 finis,

275 2163 360 2209 quia
392 2162 445 2198 sic
470 2162 674 2199 mortalitas
691 2162 876 2206 Ecclesiae,
904 2173 983 2208 quae
1010 2172 1141 2208 corpus
1159 2162 1236 2209 ejus
1260 2167 1328 2206 est,

276 2233 342 2270 per
358 2221 495 2258 lubrica
515 2229 677 2269 tempora
699 2224 856 2260 volvitur
873 2233 882 2259 :
904 2223 964 2259 alii
980 2229 1081 2266 eunt,
1101 2223 1161 2259 alii
1181 2223 1331 2260 veniunt

274 2293 342 2330 per
359 2290 525 2320 mortem.
553 2284 738 2330 Tanquam
770 2295 834 2331 per
863 2291 1068 2331 serpentem
1099 2295 1198 2321 mors
1222 2285 1331 2322 semi-

277 2348 363 2379 nata
381 2349 451 2387 est,
470 2345 532 2380 sed
553 2344 624 2380 line
642 2345 851 2388 novissimo,
871 2345 970 2381 velut
984 2346 1098 2382 cauda
1117 2345 1253 2389 saeculi,
1274 2355 1332 2382 re-

277 2404 395 2440 dimus
409 2405 453 2441 ad
470 2415 614 2442 manum
624 2406 702 2450 Dei,
715 2412 822 2453 atque
831 2406 1047 2453 apprehensi
1061 2407 1308 2453 separabimur
1319 2435 1328 2450 ,

277 2468 313 2499 et
329 2464 524 2501 novissima
554 2466 699 2503 inimica
724 2473 841 2504 morte
859 2468 1044 2504 destructa
1056 2495 1066 2511 ,
1084 2474 1328 2515 resurgentes,

275 2523 314 2559 in
331 2523 478 2560 dextera
498 2524 576 2567 Dei,
597 2526 701 2572 virga
721 2527 822 2573 regni
837 2527 988 2563 erimus.
1033 2527 1199 2574 Dixitque
1213 2528 1333 2564 Domi-

275 2595 342 2620 nus
372 2594 542 2620 rursum:
563 2585 665 2622 Mitte
703 2598 847 2623 manum
873 2594 971 2623 tuam
1001 2589 1040 2624 in
1070 2589 1187 2624 sinum
1216 2595 1326 2625 tuum.

277 2641 392 2686 Quom
413 2654 494 2679 cum
514 2645 663 2680 misisset
683 2647 720 2681 in
740 2647 855 2683 sinam
870 2675 879 2690 ‚
914 2647 1059 2694 protulit
1080 2648 1253 2696 leprosam
1276 2650 1332 2686 in-

276 2710 353 2740 star
365 2705 467 2741 nivis.
495 2703 661 2750 Retrahe,
691 2707 756 2751 ait,
773 2718 917 2743 manum
934 2709 972 2744 in
995 2710 1110 2745 sinum
1129 2717 1242 2748 tunm.
1264 2711 1331 2748 Re-

276 2765 386 2800 traaeit
400 2770 433 2800 et
446 2764 590 2811 protulit
613 2766 753 2808 iterum,
771 2772 803 2802 et
818 2774 894 2803 erat
911 2767 1036 2803 similis
1053 2766 1152 2805 carni
1173 2771 1328 2817 reliqua».

209 2809 320 2862 *Si
334 2836 404 2861 non
418 2825 650 2869 crediderint,
682 2827 817 2873 inquit,
837 2827 921 2871 tibi,
950 2838 1059 2875 neque
1072 2829 1332 2866 audierintser-

276 2895 414 2921 monem
441 2886 531 2932 siqui
560 2887 702 2933 priario,
732 2887 871 2924 credent
903 2888 1006 2924 verbo
1025 2888 1116 2935 signi
1141 2892 1327 2937 sequentis.

279 2945 382 2990 Quod
397 2947 429 2982 si
449 2957 510 2983 nec
523 2947 659 2984 duobus
674 2949 815 2996 quidem
831 2949 886 2985 liis
904 2949 1015 2997 signis
1034 2950 1258 2996 crediderint,
1275 2964 1333 2989 ne-

275 3016 343 3053 que
361 3006 536 3044 audierint
564 3019 679 3045 vocem
711 3015 823 3054 tuam,
842 3020 940 3046 sume
961 3021 1088 3058 aquam
1107 3012 1279 3058 fluminis,
1298 3019 1331 3049 et

277 3066 419 3113 effunde
430 3077 536 3114 super
549 3067 688 3104 aridam
703 3077 717 3103 .·
741 3075 774 3105 et
803 3069 974 3117 quidquid
993 3070 1152 3107 hauseris
1167 3070 1210 3107 de
1225 3072 1332 3119 fluvio

277 3130 434 3162 vertetur
449 3126 490 3163 in
507 3127 727 3174 sanquinem.
753 3128 865 3166 Albor
876 3130 1026 3166 enimin
1044 3135 1128 3168 cute
1147 3130 1246 3179 lepra
1260 3137 1330 3177 est,

277 3195 351 3223 non
367 3186 518 3225 candor.
541 3187 623 3236 Ipsa
640 3189 739 3226 enim
769 3190 962 3229 haereditas
980 3191 1065 3237 Dei,
1094 3191 1135 3229 id
1150 3197 1207 3230 est
1218 3202 1333 3240 popu-

277 3247 336 3286 lus
353 3248 446 3298 ejus,
465 3246 566 3287 (oras
586 3249 634 3288 ab
649 3260 695 3288 eo
719 3251 875 3297 missus,
905 3253 1114 3292 immundus
1130 3253 1330 3300 saetusest,

279 3307 376 3346 sicut
407 3308 1332 3362 scriptumestdoeazmquuavmissaeim

280 3374 392 3414 man,
424 3375 459 3408 et
482 3370 664 3410 dentem
684 3373 842 3411 tuende
867 3373 1083 3412 medioeimt
1106 3374 1331 3424 muhat-

281 3427 629 3480 annosaeque!
661 3432 759 3473 aliud
785 3427 861 3476 nit!
888 3434 1191 3486 meantia
1217 3436 1334 3480 titum

280 3494 399 3529 tum.
424 3485 624 3536 Mutii,
652 3499 688 3532 α
717 3504 857 3534 rerem
881 3500 936 3536 eet
962 3494 1013 3535 d
1036 3495 1257 3595 moretum
1212 3503 1332 3544 m-

284 3546 415 3594 8180*
436 3542 1101 3611 ffl'fflmefflmmt

282 3599 895 3701 ww·

581 3863 599 3892 ’κ
630 3873 635 3893 ;

1393 333 1472 361 ram
1487 334 1509 360 a
1527 323 1650 371 Moyse
1665 328 1858 360 vertuntur
1875 323 1915 360 in
1937 323 2170 369 sanguinem,
2193 323 2228 360 id
2253 328 2310 360 est
2327 323 2451 373 popuu

1394 386 1432 422 in
1446 386 1621 432 sanguine
1641 385 1779 423 Christi
1805 389 1844 422 et
1866 383 1952 422 fide.
1983 385 2094 432 Aquoe
2109 384 2222 428 enim,
2241 385 2293 421 ait
2307 384 2449 432 Apoca-

1394 447 1519 496 lypsis,
1532 459 1620 495 quas
1635 447 1768 492 vidisti,
1786 446 1908 495 populi
1923 453 2006 484 sunt
2021 453 2055 484 et
2069 453 2187 495 gentes
2201 445 2324 496 (Apoe.
2343 447 2450 497 xm).

1795 521 1950 559 CAPUT
1976 520 2053 559 Vll.

1394 583 1447 620 De
1464 584 1660 621 reversione
1678 582 1795 630 Moysi
1817 582 1853 619 in
1869 582 2090 638 ‘Egyptum
2119 589 2153 620 et
2168 583 2283 632 angeli
2302 595 2452 622 occursu

1865 641 1902 666 m
1918 641 1988 666 ma.

1442 693 1501 728 Ait
1516 691 1677 739 Moyses:
1693 691 1859 736 Obsecro,
1875 691 2039 735 Domine,
2054 703 2125 729 non
2133 703 2211 730 sum
2226 692 2390 742 eloquens
2409 695 2452 730 ab

1395 753 1470 789 heri
1485 759 1517 789 et
1534 752 1662 788 nudius
1684 750 1807 787 tertius
1824 761 1835 786 .·
1851 756 1884 786 et
1901 761 1945 786 ex
1958 761 2027 798 quo
2043 750 2181 788 locutus
2197 763 2234 788 es
2250 752 2296 789 ad
2315 764 2452 790 servum

1395 822 1509 858 tuum,
1523 814 1755 861 impeditioris
1773 819 1804 848 et
1823 811 1990 848 tardioris
2004 811 2134 858 linquite
2143 824 2221 849 sum
2236 813 2368 860 (Exod.
2385 814 2450 862 tv).

1397 875 1469 924 [Ex
1480 873 1706 922 Aumatium]
1717 873 1818 918 Quod
1829 873 1879 908 ait
1889 873 2029 920 Moyses
2046 873 2091 910 ad
2106 873 2312 919 Dominum,
2322 886 2452 923 precor

1396 937 1559 979 Domine,
1583 946 1654 971 non
1671 945 1750 971 sum
1770 935 1943 980 eloquens
1971 940 2055 970 ante
2081 935 2314 979 hesternum,
2338 934 2455 982 neque

1396 1004 1480 1035 ante
1510 998 1839 1034 nudiustertianum
1871 996 1985 1038 diem,
2009 1006 2127 1042 neque
2150 1006 2192 1032 ex
2216 1007 2287 1043 quo
2306 997 2453 1044 eoepisti

1397 1058 1495 1105 loqui
1513 1057 1646 1094 famulo
1667 1063 1741 1100 tuo,
1769 1056 1982 1103 intelligitur
1999 1056 2150 1092 credere
2167 1066 2274 1102 posse
2293 1055 2372 1092 lieri
2388 1057 2452 1092 Dci

1396 1120 1580 1155 voluntate
1599 1119 1719 1155 subito
1733 1118 1963 1165 eloquentem
1980 1144 1990 1159 ,
2007 1127 2090 1153 cum
2117 1117 2205 1153 dicit
2232 1129 2240 1152 :
2269 1127 2385 1164 neque
2411 1127 2456 1153 cx

1398 1191 1470 1227 quo
1512 1180 1654 1226 coepisti
1683 1180 1781 1226 loqui
1806 1178 1941 1214 famulo
1959 1183 2040 1222 tuo;
2062 1183 2233 1224 tanquam
2256 1177 2452 1215 ostendens

1398 1240 1477 1276 fieri
1494 1241 1719 1287 potuisse,ut
1736 1245 1821 1275 ante
1841 1239 2052 1275 hesternum
2076 1244 2112 1274 ct
2128 1239 2457 1275 nudiustertianum

1397 1302 1519 1345 diem',
1555 1302 1616 1347 qni
1635 1301 1808 1347 eloquens
1822 1311 1894 1337 non
1913 1300 2041 1337 suisset
2057 1327 2066 1343 ,
2094 1307 2244 1347 repente
2268 1300 2394 1344 lieret,
2413 1309 2458 1336 ex

1397 1373 1468 1409 quo
1488 1372 1568 1398 cum
1601 1363 1660 1399 illo
1684 1363 1859 1400 Dominus
1880 1363 1977 1408 loqui
2003 1362 2127 1409 coepit.
2162 1362 2259 1399 Dixit
2287 1363 2458 1399 Dominus

1397 1423 1443 1458 ad
1457 1434 1559 1458 eum.-
1577 1422 1663 1466 Quis
1681 1423 1762 1469 [ecit
1780 1434 1818 1459 os
1836 1423 2002 1467 hominis,
2017 1430 2078 1459 aut
2097 1423 2175 1470 quis
2194 1423 2390 1470 fabricatus
2408 1430 2457 1460 eat

1396 1489 1569 1518 mammet
1579 1483 1741 1526 surdum,
1753 1483 1921 1519 videntem
1932 1490 1962 1519 et
1975 1494 2122 1526 caecum,
2137 1494 2252 1519 nonne
2261 1484 2351 1530 eqo?
2367 1482 2460 1520 Sunt

1397 1542 1458 1587 qui
1479 1542 1553 1576 Deo
1573 1542 1855 1586 calumnientur,
1874 1543 1930 1578 vel
1950 1542 2149 1588 Sonpturae
2173 1543 2294 1588 potius
2318 1543 2460 1579 Veteris

1398 1602 1633 1645 Testamenti,
1651 1603 1735 1648 quia
1755 1603 1888 1639 dixerit
1907 1605 2001 1640 neus
2019 1604 2116 1650 quod
2137 1604 2214 1649 ipse
2233 1603 2361 1639 iecerit
2390 1613 2460 1640 cte-

1397 1674 1479 1700 cum
1501 1670 1537 1700 et
1552 1670 1705 1700 mutum.
1734 1663 1827 1708 Quid
1846 1674 1932 1710 ergo
1947 1665 2074 1701 dieunt
2087 1664 2132 1700 de
2142 1663 2296 1700 Domino
2313 1663 2460 1702 Christo

1398 1732 1522 1772 aperte
1555 1726 1590 1761 in
1622 1725 1817 1771 Evangelio
1845 1725 2015 1761 dicente:
2038 1724 2115 1771 qu
2145 1725 2223 1760 veni
2236 1752 2246 1768 ‚
2265 1731 2303 1760 ut
2315 1725 2376 1773 qui
2390 1736 2459 1762 non

1397 1786 1510 1821 vident
1529 1785 1683 1828 videant,
1697 1790 1728 1820 et
1743 1785 1926 1831 quivident
1943 1785 2025 1820 coeci
2035 1784 2274 1832 fiant?(loan.
2292 1785 2359 1833 tx.)
2371 1786 2462 1831 Quis

1398 1854 1518 1883 autem
1535 1848 1605 1883 nisi
1626 1847 1852 1893 insipientes,
1874 1846 2071 1883 crediderit
2086 1846 2220 1894 aliquid
2239 1848 2376 1884 homini
2399 1858 2458 1885 se-

1398 1909 1554 1944 cundum
1574 1908 1661 1943 vitia
1693 1907 1895 1954 corporalia
1919 1917 2027 1954 posse
2054 1909 2220 1945 accidere
2241 1909 2336 1955 quod
2361 1909 2457 1948 Deus

1398 1969 1510 2005 nolit?
1540 1970 1602 2005 sed
1634 1978 1717 2005 eum
1741 1968 1839 2014 juste
1873 1974 1989 2006 totum
2023 1970 2115 2007 velle
2155 1980 2261 2007 nemo
2291 1971 2454 2020 ambigit.

1399 2031 1512 2078 Perqe
1528 2033 1651 2078 iqitur,
1673 2038 1704 2067 et
1721 2043 1783 2078 eqo
1798 2042 1856 2067 ero
1876 2032 1913 2067 in
1933 2043 1993 2067 ore
2007 2038 2083 2075 tuo,
2111 2032 2307 2080 doceboque
2318 2040 2351 2069 te
2368 2034 2452 2081 quid

1401 2092 1570 2138 loquaris.
1590 2091 1692 2136 Quod
1712 2091 1887 2127 Dominus
1902 2091 1989 2128 dicit
2005 2093 2050 2128 ad
2069 2091 2215 2139 Moysen
2233 2105 2242 2128 :
2267 2092 2338 2130 Sed
2358 2104 2455 2131 nunc

1399 2154 1491 2190 vade
1516 2160 1554 2190 tu
1570 2180 1579 2197 ‚
1606 2158 1643 2189 et
1661 2162 1728 2200 ego
1757 2153 1916 2200 aperiam
1949 2163 1990 2189 os
2018 2158 2142 2197 tuum,
2164 2159 2201 2190 et
2226 2154 2404 2192 instruam
2423 2161 2459 2193 te

1401 2228 1481 2264 quae
1514 2218 1701 2254 locuturus
1731 2227 1789 2260 es;
1828 2216 1918 2253 satis
1947 2216 2007 2253 hic
2035 2221 2209 2263 apparet,
2228 2227 2299 2254 non
2317 2222 2458 2254 tantum

1402 2278 1641 2314 instructione
1667 2277 1757 2320 oris,
1793 2276 1855 2312 sed
1881 2276 1998 2322 ipsam
2023 2276 2134 2312 etiam
2159 2277 2396 2323 apertionem,
2412 2277 2459 2314 ad

1402 2340 1466 2376 Dei
1481 2339 1704 2376 voluntatem
1718 2344 1756 2375 et
1773 2339 1926 2386 gratiam
1945 2339 2140 2386 pertinere.
2169 2338 2247 2375 Non
2266 2339 2363 2376 euim
2380 2339 2430 2375 ait
2446 2351 2455 2376 :

1402 2403 1455 2440 Tu
1475 2403 1574 2450 aperi
1588 2413 1628 2439 os
1648 2393 1766 2446 tuur'n,
1777 2407 1814 2438 et
1829 2412 1896 2449 ego
1914 2402 2091 2438 instruam
2107 2406 2142 2437 te
2159 2413 2168 2437 z
2186 2401 2249 2437 sed
2262 2406 2458 2448 utrumque

1402 2465 1479 2511 ipse
1492 2463 1675 2510 permisit,
1703 2462 1876 2509 Aperiam
1918 2467 1955 2498 et
1985 2460 2176 2498 instruam.
2219 2460 2315 2498 Alibi
2337 2466 2459 2498 autem

1401 2524 1489 2560 dicit
1507 2524 1543 2559 in
1561 2523 1714 2571 psalmo.
1739 2522 1862 2559 Dilata
1882 2533 1921 2559 os
1954 2529 2052 2558 tuum
2081 2528 2113 2558 et
2142 2520 2336 2568 adimplebo
2365 2520 2458 2558 illud

1402 2582 1555 2633 (Psalm.
1571 2584 1682 2633 Lxxx)
1694 2596 1703 2622 ι
1713 2584 1775 2620 ubi
1786 2582 1967 2630 significat
1981 2582 2017 2619 in
2026 2582 2171 2619 homine
2182 2581 2380 2619 voluntatis
2393 2593 2456 2620 ac·

1401 2647 1557 2694 cipiendi
1578 2646 1675 2694 quod
1699 2647 1794 2683 Deus
1811 2646 1921 2682 donat
1939 2645 2097 2688 volenti;
2114 2650 2155 2681 ut
2171 2645 2215 2682 ad
2236 2644 2457 2683 voluntatem

1401 2708 1592 2744 exordium
1610 2707 1804 2754 pertineat,
1821 2706 1935 2743 dilata
1951 2717 1990 2742 οε
2010 2711 2126 2749 tuum,
2143 2705 2190 2742 ad
2209 2697 2274 2742 Dei
2286 2706 2454 2753 gratiam,

1401 2774 1434 2803 et
1454 2766 1650 2813 adimplebo
1683 2765 1801 2802 illud:
1820 2765 1881 2802 hic
1906 2775 2009 2808 vero,
2035 2769 2072 2800 et
2095 2764 2254 2811 aperiam
2285 2774 2328 2802 os
2354 2773 2456 2803 tuum

1401 2834 1438 2865 et
1470 2829 1648 2864 instruam
1676 2832 1724 2863 te.
1762 2827 1807 2862 At
1827 2825 1916 2862 ille:
1939 2824 2103 2868 Obsecro,
2122 2825 2262 2872 inquit,
2290 2824 2453 2872 Domine,

1401 2890 1497 2926 mitte
1513 2899 1617 2936 quem
1645 2889 1818 2924 missuras
1838 2898 1888 2923 es.
1916 2885 2038 2923 Iratus
2058 2885 2231 2922 Dominus
2247 2887 2286 2923 in
2310 2886 2456 2934 Moysen

1401 2950 1451 2986 ait
1471 2960 1484 2985 .·
1509 2948 1631 2985 Aaron
1657 2948 1769 2995 [mter
1796 2953 1878 2984 tuuc
1905 2945 2062 2990 [avitu.
2078 2946 2151 2982 ecio
2173 2946 2268 2993 qnod
2293 2947 2455 2995 eloquens

1401 3010 1460 3046 sit.
1480 3009 1569 3046 Eece
1581 3009 1655 3057 ipse
1667 3009 1864 3056 egredietur
1878 3008 1917 3045 in
1930 3017 2115 3044 occursum
2132 3012 2232 3044 titum
2241 3008 2455 3058 μήκωνι

1399 3075 1446 3113 te,
1460 3068 1638 3106 toetabae'tar
1652 3068 1770 3106 eorde.
1785 3067 1942 3115 Loquere
1953 3067 2000 3103 ad
2015 3073 2136 3103 enimet
2147 3077 2237 3114 pone
2255 3067 2359 3105 verba
2377 3081 2455 3107 mea

1398 3130 1437 3166 in
1476 3139 1536 3166 ore
1563 3129 1656 3177 ejice.
1682 3128 1760 3176 Euo
1789 3138 1849 3165 ero
1878 3127 1919 3164 in
1935 3132 2070 3165 orento
2096 3133 2130 3164 et
2155 3128 2194 3165 in
2209 3138 2271 3166 ore
2291 3128 2403 3176 illius,
2420 3139 2454 3169 et

1400 3190 1583 3227 ostendant
1596 3189 1694 3227 nobis
1705 3189 1790 3238 quid
1809 3198 1912 3236 nuere
1929 3187 2095 3227 debeatis.
2115 3187 2197 3237 lpse
2210 3188 2374 3239 loquetur
2389 3204 2453 3241 pro

1400 3249 2452 3300 teadpopntm,erieoomm:tumemerisetinm,

1399 3320 1480 3360 «ru
1504 3309 1552 3347 «a
1577 3308 1694 3349 neu·-
1716 3309 1904 3359 mm
1934 3306 2456 3358 ''trama-omma..
2508 3326 2519 3364 ,-

1399 3372 1671 3410 iun-amm.-
1687 3368 2185 3418 taqueum-uiduae.

1417 3390 2455 3499 (εειιουκ-ωαιωι-ιι-ωιιο-αιιωὶιι,

1402 3491 1650 3584 noemin}
1658 3489 2073 3544 m
2088 3501 2202 3541 Μ

1426 3588 1429 3591 ⁴
1500 3589 1683 3640 ἰς-ψει)
1703 3579 1748 3613 ῑ-“
1771 3588 1944 3637 ,μὴν
1968 3581 2001 3609 2-
2112 3607 2118 3610 .
2156 3594 2162 3596 -

1845 3659 1897 3680 ἓῖ’Ν’
1899 3667 1923 3682 -ι
1927 3659 1976 3695 25¹¹·
1980 3653 2175 3719 *fifssw
2213 3680 2224 3686 ,,
2280 3653 2315 3685 ’,
2443 3650 2462 3670 “”

2215 3721 2298 3755 ᾗῇ
2302 3687 2402 3750 ’13ιᾶ

2142 3777 2271 3813 ζᾶῆ

1959 3728 1967 3740 x
1999 3688 2142 3743 {stri
2135 3722 2198 3745 ’μ’

1972 3748 1976 3759 1
