2540 4016
1303 48 1332 78 Ο

266 295 269 312 ³
288 247 359 290 ω

729 240 771 276 Β.
795 220 966 275 RABA'NI
990 222 1138 275 mutu
1161 225 1374 276 Assume.
1402 220 1608 278 iioduiv‘r.
1637 214 1830 280 densim
1853 228 1974 279 PARS
1997 239 2026 277 1.

2389 231 2461 282 m

253 313 270 369 ἶ
286 328 342 366 est
358 319 521 359 materiae
548 326 628 369 quae
654 313 727 362 igni
753 312 998 356 consumitur,
1022 322 1133 359 quam
1160 311 1337 349 aedificari
1352 307 1389 357 Α
1403 324 1487 360 pum
1500 303 1621 351 s'oecult
1636 315 1743 363 'injus
1755 308 1816 364 qui
1839 317 2069 353 destruentur
2089 306 2126 363 (Ῐ
2149 306 2234 352 Cor.
2253 303 2320 363 ὥς
2337 310 2460 359 rixen-

232 375 258 442 ξ
285 383 416 424 Paulus
434 379 615 430 apostolus
630 387 651 413 a
666 373 918 423 peccatoribus
932 372 1034 415 dicit,
1052 373 1114 420 qui
1129 374 1237 420 suipra
1251 373 1332 421 sun·-

249 445 255 476 ῗ
284 448 487 486 «lamentum
523 438 651 479 Christi
683 435 860 482 oedificam
888 434 998 482 liqna,
1014 434 1150 480 fenum,
1167 434 1334 483 stipatam

285 507 322 556 (Ι
336 507 416 544 Gor.
433 503 502 550 ιιι).
522 500 562 538 In
587 508 659 547 quo
684 495 876 534 manifeste
892 496 1053 533 ostendit
1070 504 1151 534 esse
1167 496 1333 544 quaedam

283 570 446 616 peccata,
468 563 518 599 ita
533 560 639 603 levia,
659 563 699 595 ut
721 558 862 606 stipulae
881 563 1152 605 comparentur,
1170 559 1231 596 cui
1261 558 1332 596 uti-

282 637 352 676 que
368 625 460 674 ignis
482 623 602 660 illatus
621 621 681 659 diu
701 631 774 657 non
791 625 912 667 potest
925 620 1136 665 immorari3
1156 620 1226 658 alia
1243 630 1331 658 vero

279 689 364 727 feno
383 697 463 725 esse
490 684 636 729 similia,
655 693 734 730 quae
756 686 793 719 et
818 682 896 728 ipsa
924 692 998 719 non
1015 681 1210 720 difficulter
1235 682 1332 729 ignis

281 754 452 792 assumat,
471 757 598 784 verum
620 745 804 791 aliquanta
828 744 970 781 tardius
999 750 1173 792 tanquam
1196 745 1234 782 in
1266 744 1333 781 sti-

281 811 376 860 pulis
394 811 625 851 immoretur-3
647 805 717 841 alia
744 814 831 841 vero
858 814 940 841 esse
966 815 1047 851 quae
1078 805 1186 852 lignis
1210 804 1334 842 couse-

280 878 419 917 rantur,
443 873 479 908 in
498 869 625 917 quibus
655 877 722 914 pro
750 866 927 914 qualitate
941 867 1137 904 criminum
1152 867 1333 903 diutinum

279 940 317 972 et
347 932 480 981 grande
501 929 671 977 pabulum
701 929 797 976 ignis
830 928 1078 965 inveniat.1ta
1098 937 1185 975 ergo
1201 938 1333 965 unum·-

278 993 441 1040 quodque
459 994 646 1037 peccatum
671 999 738 1036 pro
767 988 940 1035 qualitate
968 989 1027 1025 vel
1043 991 1246 1035 quantitate
1274 987 1332 1023 sui

277 1061 461 1099 poenarum
484 1050 582 1095 justa
603 1049 792 1097 persolvit.
818 1048 1099 1092 Verumtamen,
1126 1049 1213 1095 quid
1241 1058 1332 1093 opus

277 1117 331 1149 est
354 1110 516 1148 fidelihus
542 1115 579 1146 et
599 1109 656 1147 his
681 1110 744 1156 qui
768 1114 1015 1156 cognoverunt
1033 1109 1147 1145 Deum
1179 1109 1223 1145 de
1252 1116 1331 1154 poe-

276 1185 403 1212 narum
429 1172 664 1219 qualitatibus
686 1172 873 1219 cogitare?
899 1171 995 1216 Quid
1020 1181 1110 1217 opus
1129 1175 1187 1207 est
1202 1170 1299 1217 ligna
1318 1196 1326 1214 ‚

1403 378 1462 412 tur
1479 380 1600 433 autem
1615 371 1660 414 de
1681 372 1801 415 verbis
1819 371 2115 425 autdogmatihus
2128 371 2400 425 contendentes,
2421 388 2460 421 et

1400 430 1706 496 blasphemaverit
1727 432 1823 476 filius
1836 434 1999 476 mulieris
2012 434 2224 477 Israelitidis
2241 435 2373 479 nomen
2403 429 2460 491 (nt

1400 497 1497 535 enim
1517 499 1587 535 hoc
1617 493 1760 556 quando
1787 495 1819 536 is
1839 498 1903 557 qui
1939 489 2119 547 sapientia
2149 496 2324 539 exteriori
2351 498 2461 543 laesus

1399 563 1471 603 est,
1488 559 1715 616 *mentionem
1735 558 1823 596 facit
1841 553 1976 617 Christi
1993 572 2004 604 ;
2023 561 2106 617 vide
2131 556 2229 599 enim
2247 564 2331 610 quia
2350 565 2460 604 nimis

1399 619 1638 657 subtilitatem
1664 628 1820 665 sequens
1853 615 2037 666 legislator
2063 620 2116 656 ait
2137 632 2147 655 ι
2176 615 2332 671 Cumque
2366 624 2465 662 blas-.

1398 679 1590 725 phemasset
1607 690 1754 722 nomem
1793 679 1889 725 quod
1912 684 2034 716 autem
2058 685 2168 726 tacet,
2191 682 2344 720 necdum
2362 684 2462 723 enim

1399 745 1542 787 quando
1568 740 1638 776 hoc
1661 736 1892 777 sanciebatur
1911 746 1989 781 erat
2015 747 2155 787 notum,
2188 745 2271 790 quia
2306 746 2461 784 necduni

1399 809 1506 840 natus
1534 808 1613 839 erat
1628 803 1660 840 is
1683 803 1745 850 qui
1764 813 1809 840 ex
1826 795 1975 850 Virgine
1995 809 2031 840 et
2046 797 2183 852 Spiritu
2199 812 2323 844 sancto
2338 808 2462 845 incar-

1398 871 1504 903 natus
1521 871 1591 909 est,
1618 866 1662 903 de
1689 876 1760 912 quo
1781 866 1871 902 dixit
1896 860 2069 903 Gabriel:
2091 858 2140 903 Et
2169 869 2304 905 vocabis
2332 881 2463 907 nomen.

1402 929 1478 975 ejus
1495 927 1519 963 J
1522 940 1631 971 esum,
1645 929 1717 975 ipse
1742 929 1833 964 enim
1855 928 1991 964 salvum
2007 928 2112 974 saciet
2135 929 2301 976 populum
2317 941 2421 967 suum
2436 942 2462 968 a

1397 996 1547 1040 peccatis
1570 1006 1687 1030 eorum
1709 994 1809 1042 [Luc.
1833 993 1860 1042 1]
1880 1006 1889 1039 ;
1921 994 2053 1032 Paulus
2078 1000 2199 1031 autem
2220 999 2392 1041 quantum
2413 994 2460 1031 sit

1398 1055 1468 1091 hoc
1487 1065 1620 1091 nomen
1634 1055 1828 1091 ostendens
1848 1055 1923 1091 ait:
1962 1054 2009 1091 Et
2038 1055 2131 1091 dedit
2154 1057 2185 1090 ei
2213 1055 2304 1091 Deus
2333 1066 2459 1091 nomen

1398 1127 1501 1163 super
1521 1127 1621 1152 omne
1643 1127 1782 1160 nomen,
1807 1122 1845 1151 ut
1866 1117 1903 1152 in
1929 1116 2067 1152 nomine
2098 1116 2186 1151 Iesu
2202 1115 2332 1151 Christi
2358 1126 2461 1152 omno

1398 1186 1487 1221 qemi
1514 1176 1676 1221 flectatur
1706 1175 1908 1219 coelestium,
1942 1176 2168 1219 terrestrium,
2188 1181 2220 1211 et
2237 1175 2459 1221 infernorum

275 1237 360 1285 quid
375 1235 495 1273 fenum
511 1261 521 1278 ,
555 1234 643 1281 quid
672 1234 730 1271 vel
759 1234 876 1280 ipsam
903 1234 1074 1279 stipulam
1095 1233 1330 1269 fundamento
1347 1231 1380 1271 B
1399 1236 1548 1284 [Philip.
1571 1237 1650 1286 n]);
1675 1239 1817 1284 quando
1838 1249 1924 1285 ergo
1946 1239 1977 1275 is
1996 1239 2058 1284 qui
2083 1238 2121 1274 in
2143 1237 2317 1284 sapientia
2347 1237 2459 1273 confi.

276 1300 409 1338 Christi
430 1298 705 1345 supraponere?
722 1297 794 1334 Cur
814 1307 887 1334 non
913 1307 1042 1333 aurum
1059 1296 1177 1343 magis
1192 1296 1249 1332 vel
1267 1306 1328 1332 ar-

276 1367 434 1410 gentum,
455 1360 512 1396 vel
529 1359 707 1406 pretiosos
737 1358 895 1405 lapides,
926 1358 1087 1404 pretioso
1117 1357 1332 1403 supraponi-

277 1432 357 1458 mus
375 1421 617 1463 fundamento,
638 1420 699 1456 ubi
723 1430 805 1456 cum
829 1419 923 1464 ignis
941 1418 1147 1460 accesserit,
1168 1417 1257 1453 nihil
1277 1417 1333 1452 in-

276 1484 396 1520 veniat
419 1483 512 1529 quod
539 1481 733 1518 absumat?
765 1479 856 1516 Nam
876 1480 906 1515 si
926 1478 1120 1515 accesserit
1137 1478 1182 1514 ad
1212 1477 1332 1523 stipu—

277 1546 348 1582 lam
367 1573 375 1589 ,
394 1556 437 1582 ex
455 1545 586 1592 stipula
617 1543 759 1581 favillas
790 1542 916 1578 reddet
944 1548 981 1577 et
1012 1542 1174 1584 cineres;
1197 1541 1334 1577 sivero

280 1609 470 1645 accesserit
502 1609 547 1643 ad
580 1617 706 1643 aurum
727 1632 739 1650 ‚
774 1615 902 1640 aurum
922 1604 1049 1650 purius
1079 1604 1219 1639 reddet.
1248 1602 1333 1638 Haec

280 1670 385 1707 nohis
407 1670 503 1705 dicta
531 1669 602 1704 sint
628 1679 694 1714 pro
716 1667 772 1703 his
790 1667 850 1712 qui
871 1667 1055 1712 negligunt
1073 1666 1147 1701 oris
1167 1663 1332 1700 maledici

282 1729 577 1767 consuetudinem
602 1738 766 1764 resecare
782 1755 791 1771 ,
822 1728 883 1773 qui
911 1726 1053 1763 etiamsi
1070 1736 1142 1762 non
1161 1736 1206 1761 ex
1225 1724 1334 1761 corde

281 1791 517 1834 maledicant,
545 1790 685 1825 etiamsi
712 1800 783 1825 non
806 1794 889 1825 voto
912 1795 949 1825 et
968 1788 1088 1824 animo
1106 1787 1230 1832 iniquo
1248 1794 1335 1831 pro-

281 1852 400 1887 ferant
427 1851 637 1895 maledicta,
659 1857 780 1886 tamen
800 1850 1067 1886 immunditiam
1084 1849 1261 1884 labiorum
1281 1856 1334 1883 se-

281 1913 435 1948 cundum
452 1913 552 1949 lsaiae
571 1912 671 1960 (lsai.
689 1912 741 1960 vi)
758 1912 905 1949 verbum
919 1918 956 1948 ct
970 1911 1241 1956 inquinamenta
1260 1908 1335 1944 oris

280 1974 481 2010 incurrunt.
503 1973 574 2009 lste
597 1978 716 2008 tamen
735 1999 745 2015 ‚
778 1971 839 2017 qui
861 1971 946 2006 licet
966 1974 1081 2005 matre
1116 1967 1330 2010 Israelitide,

282 2034 450 2080 AEgyptio
468 2039 587 2070 tamen
601 2032 813 2078 progenitus
827 2035 882 2066 est
895 2035 1018 2076 patre,
1041 2029 1141 2071 exiit,
1162 2034 1196 2064 ct
1222 2027 1335 2063 nomi-

283 2103 374 2129 nans
404 2102 535 2129 nomen
564 2092 771 2134 maledixit,
794 2091 837 2126 de
853 2100 924 2136 quo
943 2100 1009 2136 ego
1030 2094 1117 2135 puto
1140 2088 1235 2134 quod
1263 2087 1333 2123 nisi

1398 1298 1452 1335 dit
1463 1303 1499 1334 et
1513 1298 1666 1335 intendit
1683 1299 1868 1342 exteriori,
1889 1310 1968 1345 quae
1989 1298 2075 1336 dicit
2107 1308 2260 1345 parvum
2281 1307 2456 1344 magnum

1399 1365 1436 1396 et
1450 1360 1647 1396 maximum
1667 1365 1704 1396 et
1719 1361 1864 1407 gradus,
1887 1360 1981 1406 quod
1999 1359 2220 1406 impossibile
2238 1366 2309 1403 est,
2328 1357 2455 1405 exqui-

1399 1423 1449 1459 rit
1467 1423 1504 1458 in
1521 1422 1735 1465 Divinitate,
1746 1422 2189 1468 blasphemaveritnomen
2197 1421 2332 1458 Christi
2347 1419 2458 1467 (hlas-

1398 1484 1547 1530 phemat
1562 1488 1682 1519 autem
1700 1483 1833 1519 Filium
1848 1483 1910 1528 qui
1927 1493 2008 1518 eum
2027 1482 2124 1528 patri
2145 1482 2232 1518 dicit
2248 1479 2458 1527 minorem),

1400 1550 1504 1581 extra
1537 1550 1658 1581 castra
1695 1543 1900 1579 necessario
1927 1542 2134 1589 expellitur,
2159 1547 2196 1578 et
2215 1542 2260 1577 ab
2295 1541 2460 1578 Ecclesia

1401 1607 1577 1643 educitur.
1620 1606 1689 1649 Qut
1709 1611 1825 1642 autem
1861 1605 2049 1640 audierunt
2080 1610 2206 1651 ponent
2227 1614 2352 1639 manus
2376 1614 2460 1641 suas

1401 1680 1506 1715 snper
1524 1674 1628 1714 caput
1648 1668 1740 1713 ejus,
1778 1666 2010 1704 ostendentes
2026 1676 2092 1712 per
2118 1671 2225 1711 caput
2244 1665 2328 1711 quia
2355 1668 2475 1711 caput.

1404 1733 1470 1767 riri
1489 1731 1661 1772 Christus,
1681 1735 1784 1775 caput
1804 1728 1933 1764 Christi
1954 1728 2045 1763 Deus
2065 1733 2129 1771 est,
2148 1727 2231 1772 quia
2253 1726 2316 1772 qui
2328 1725 2355 1761 F
2359 1725 2462 1762 ilium

1405 1792 1684 1839 blasphemavit,
1699 1798 1737 1827 et
1754 1791 1900 1827 Patrem
1918 1790 1954 1825 in
1973 1789 2035 1824 illo
2048 1787 2323 1834 blasphemavit.
2343 1786 2391 1821 Et
2408 1785 2464 1821 la-

1404 1855 1538 1902 pidabit
1558 1865 1636 1890 enm
1653 1851 1800 1899 populus
1831 1851 2024 1892 universus,
2045 1849 2106 1895 qui
2126 1847 2310 1890 occidunt,
2332 1850 2369 1881 et
2385 1845 2458 1882 dis-

1402 1920 1562 1965 perdunt
1600 1928 1683 1953 eum
1703 1917 1765 1961 qni
1785 1914 2048 1960 blasphemavit
2068 1925 2077 1949 :
2111 1913 2173 1949 sed
2193 1917 2228 1948 et
2245 1913 2322 1948 haec
2349 1910 2462 1948 verba

1402 1982 1510 2027 hujus
1534 1979 1730 2016 sanctionis
1749 1983 1948 2024 opportune
1973 1981 2074 2019 nota,
2099 1975 2281 2022 quomodo
2298 1974 2462 2011 adduxe-

1403 2047 1488 2078 runt
1516 2052 1598 2078 eum
1614 2032 1658 2078 ad
1693 2040 1852 2087 Moysen.
1889 2039 1969 2085 lpse
1999 2045 2119 2074 autem
2155 2046 2227 2072 non
2257 2045 2302 2072 ex
2331 2040 2460 2072 aucto-1

1403 2103 1512 2139 ritate
1540 2104 1627 2150 agit,
1653 2113 1720 2139 nec
1738 2101 1877 2148 profert
1898 2106 2023 2137 contra
2042 2110 2128 2136 eum
2144 2098 2376 2141 sententiam,
2398 2097 2467 2136 sed.
2536 2116 2540 2118 ·

283 2155 449 2198 exiisset,
467 2164 540 2190 non
577 2153 753 2199 litigasset
769 2153 961 2188 adversum
979 2161 1104 2187 verum
1119 2150 1330 2191 israelitam,
1352 2141 1381 2184 C
1404 2164 1504 2200 misit
1523 2174 1604 2198 eum
1618 2164 1654 2198 jn
1670 2173 1856 2199 carcerem
1876 2160 2138 2207 utdjjudicare‘
2155 2170 2220 2206 per
2237 2163 2458 2205 praeceptum

283 2228 350 2255 nec
370 2218 562 2254 nominans
591 2215 851 2252 maledixisset.
883 2215 981 2250 Exiit
999 2215 1095 2250 enim
1114 2225 1135 2249 a
1153 2215 1306 2249 veritate
1320 2240 1332 2257 ‚

281 2280 370 2317 exiit
390 2290 411 2315 a
434 2280 563 2315 timore
584 2278 668 2322 Dei,
689 2288 710 2313 a
730 2277 812 2321 fide,
840 2286 861 2312 a
890 2276 1081 2319 charitate,
1113 2275 1206 2311 sicut
1232 2284 1336 2320 supe-

282 2341 356 2377 rius
388 2340 556 2376 diximus.
591 2338 776 2383 Quomodo
810 2338 841 2374 si
867 2347 934 2383 per
958 2338 1035 2372 haec
1058 2336 1139 2381 quis
1157 2340 1262 2371 exeat
1292 2335 1337 2372 de

281 2402 408 2438 castris
427 2399 610 2443 Ecclesiae,
626 2398 766 2434 etiamsi
786 2408 853 2443 per
867 2397 1027 2443 episcopi
1043 2406 1169 2432 vocem
1187 2394 1336 2431 minime

280 2460 491 2507 abjiciatur,
513 2460 605 2495 sicut
621 2469 642 2495 e
662 2458 844 2495 contrario
874 2457 1055 2494 interdum
1074 2456 1114 2492 fit
1142 2461 1180 2491 ut
1204 2455 1335 2501 aliquis

280 2531 350 2571 non
375 2527 477 2557 recto
498 2519 634 2566 judicio
652 2530 776 2556 eorum
805 2519 867 2565 qui
893 2523 1055 2565 praesunt
1083 2516 1253 2553 Ecclesiae
1272 2517 1336 2552 de-

278 2583 432 2631 pellatur
447 2587 483 2618 et
501 2581 600 2618 foras
616 2581 795 2624 mittatur,
817 2579 880 2617 sed
898 2581 927 2616 si
946 2581 1024 2626 ipse
1041 2589 1113 2616 non
1132 2585 1215 2614 ante
1229 2578 1331 2622 exiit,

278 2644 347 2680 hoc
366 2647 423 2679 est
438 2670 448 2687 ,
482 2643 512 2678 si
538 2653 610 2678 non
640 2642 691 2678 ita
721 2641 795 2688 egit
821 2646 858 2676 ut
876 2646 1076 2677 mereretur
1096 2641 1197 2676 exire
1212 2667 1221 2684 ‚
1241 2640 1333 2676 nihil

278 2704 420 2740 laeditur
451 2703 490 2738 in
517 2712 586 2746 eo,
616 2701 712 2746 quod
745 2711 819 2737 non
848 2706 946 2737 recto
969 2701 1106 2747 judicio
1133 2700 1178 2735 ab
1215 2699 1335 2735 homi-

280 2764 386 2800 nihus
413 2763 555 2799 videtur
579 2762 748 2807 expulsus
763 2789 773 2804 ‚
805 2767 841 2797 et
866 2763 918 2797 ita
946 2762 986 2797 fit
1011 2767 1051 2796 ut
1075 2761 1255 2797 interdum
1273 2760 1334 2796 ille

280 2825 342 2873 qui
363 2824 461 2862 foras
477 2825 649 2868 mittitur,
666 2823 763 2860 intus
780 2823 839 2868 sit,
861 2828 897 2860 et
910 2823 970 2860 ille
986 2823 1074 2860 foris
1089 2823 1136 2860 sit
1154 2824 1215 2869 qui
1234 2824 1332 2859 intus

278 2885 428 2922 retineri
450 2885 606 2920 videtur.

329 2946 401 2993 (Ex
416 2943 620 2990 Hesychia.)
642 2943 721 2979 Non
739 2948 881 2989 oportet
895 2952 980 2990 ergo
1011 2943 1180 2979 Israelitae
1205 2942 1333 2979 mulie-

280 3018 374 3051 rem,
412 3011 450 3043 et
471 3005 685 3052 sapientiam
718 2998 894 3050 spiritalis
923 3005 1131 3050 scriptume,
1159 3005 1332 3040 exteriori

282 3069 467 3117 sapientiae
490 3068 601 3111 coire,
623 3069 673 3102 ita
695 3070 736 3102 ut
757 3071 793 3102 et
818 3066 1041 3111 subjiciatur,
1063 3071 1195 3102 etcum
1211 3067 1334 3112 quiex

279 3130 333 3166 eis
355 3129 529 3172 nascitur,
550 3127 718 3164 videlicet
737 3137 818 3163 eum
836 3127 898 3173 qui
915 3136 960 3162 ex
994 3131 1145 3173 utraque
1170 3128 1332 3172 docetur,

280 3201 351 3227 non
379 3189 494 3226 solum
523 3188 637 3224 filium
655 3187 877 3231 Israelitidis‚
901 3187 964 3223 sed
991 3192 1027 3222 et
1059 3187 1170 3223 filium
1187 3187 1336 3235 AEgypti

280 3260 374 3294 esse,
393 3260 476 3286 cum
500 3249 616 3295 sapiat
634 3247 802 3284 videlicet
819 3257 899 3293 quac
915 3246 1077 3294 AEgyptii
1100 3253 1197 3291 sunt,
1214 3253 1251 3283 et
1271 3257 1336 3283 cx-

281 3312 405 3348 teriori
426 3309 611 3357 sapientiai
632 3319 671 3346 sc
694 3307 903 3355 conjungat,
919 3313 956 3344 et
975 3318 1018 3344 ea
1039 3318 1118 3354 quae
1140 3307 1238 3344 illinc
1252 3311 1340 3343 sunt

282 3374 450 3420 dogmata
458 3372 624 3409 obtinere
641 3370 742 3407 velit.
765 3369 805 3407 Si
823 3375 944 3407 autem
961 3369 1156 3416 aliquando
1170 3369 1241 3405 hoc
1258 3368 1335 3413 fiet,

283 3438 319 3470 et
333 3435 510 3482 quispiam
524 3434 607 3471 talis
629 3433 739 3470 fuerit
763 3433 861 3470 inter
879 3432 972 3469 filios
994 3429 1230 3479 intelligibilis
1247 3430 1340 3467 iide-

283 3496 330 3534 lis
350 3492 461 3533 Israel
476 3501 513 3534 et
528 3497 566 3534 in
589 3497 735 3542 castris,
758 3495 856 3544 quod
872 3499 930 3532 est
946 3493 1112 3532 Ecclesia
1135 3491 1257 3542 (quam
1271 3493 1335 3529 Ja-

283 3555 354 3594 cob
376 3555 415 3594 lu
436 3556 551 3603 figura
566 3565 631 3605 per
649 3558 830 3595 somnium
848 3555 976 3594 videns
1003 3555 1172 3592 dicebat:
1210 3552 1338 3590 Castra

282 3619 444 3657 Deisum
463 3618 538 3657 noer
567 3619 670 3670 [Gen.
691 3619 855 3670 xxxn]);
881 3609 921 3656 eit
951 3618 1099 3665 qui-est
1126 3624 1176 3654 ex
1194 3612 1342 3654 israeli-

282 3683 358 3720 tide
376 3688 413 3721 et
442 3677 606 3722 Israelita
640 3683 818 3728 rixentur,
841 3682 903 3730 qui
921 3684 1077 3730 magnus
1093 3685 1154 3735 est
1170 3685 1211 3718 ct
1227 3679 1338 3718 muira

285 3742 350 3780 dus
363 3770 376 3788 ‚
398 3748 437 3782 et
461 3745 522 3792 qui
547 3750 587 3784 sc
615 3744 803 3793 sapientiae
819 3744 886 3781 nei
922 3748 1039 3782 totum
1071 3740 1173 3781 dedit
1205 3747 1243 3781 et
1273 3740 1339 3791 qni

286 3800 374 3838 dicit
391 3802 485 3840 sicut
496 3802 631 3842 Paulus
646 3811 656 3841 τ’
683 3799 902 3852 satietatem
917 3803 1094 3852 loquimur
1110 3806 1204 3842 inter
1215 3797 1351 3852 μονῇ-ἶ

287 3871 374 3912 σιω,
395 3865 607 3921 sapientium
618 3871 741 3923 autem*
752 3877 823 3906 mm
837 3866 943 3915 liuius
957 3866 1098 3914 mundi,
1113 3866 1184 3917 'pec
1199 3844 1358 3918 prinei-⁵,
1372 3912 1383 3921 ⁵
1397 3862 1526 3920 *modo*
1539 3870 1637 3920 9¹3⁰.
1646 3858 1711 3918 ‘lui
1728 3856 1875 3916 ‘luid-u
1887 3855 2089 3914 w
2106 3855 2184 3913 Μ
2201 3854 2403 3902 ww-

1281 3972 1283 3974 .
1341 3965 1412 3987 “a
1457 3967 1493 3977 ,-.
1513 3962 1542 3976 -‘²·.

1405 2224 1572 2266 Domini;
1593 2235 1677 2259 nam
1695 2224 1853 2260 Mosaica
1872 2223 1930 2259 lex
1947 2222 2030 2259 odio
2055 2221 2200 2268 quidem
2221 2219 2330 2256 habet
2346 2219 2460 2256 etiam

1405 2284 1483 2330 ipsa
1502 2283 1615 2319 lilium
1646 2285 1944 2330 blasphemantis,
1967 2283 2061 2328 quod
2084 2281 2314 2325 manifestum
2342 2284 2462 2315 estex

1404 2355 1448 2381 eo
1467 2346 1563 2391 quod
1598 2344 1806 2390 frequenter
1835 2345 2025 2380 Trinitatis
2052 2343 2211 2379 insinuat
2232 2339 2460 2388 mysterium,

1404 2416 1475 2442 non
1490 2405 1634 2452 quidem
1669 2411 1808 2452 aperte,
1835 2416 1902 2441 nec
1916 2406 1970 2441 sic
1986 2404 2092 2449 plane
2111 2404 2155 2439 de
2172 2413 2215 2438 ea
2238 2400 2398 2446 loquitur
2413 2399 2465 2435 si-

1405 2473 1466 2504 cut
1479 2467 1733 2513 Evangelium;
1751 2471 1786 2500 et
1795 2471 1986 2511 propterea
2004 2463 2142 2499 eumad
2159 2461 2335 2507 judicium
2353 2469 2457 2495 man-

1405 2529 1570 2564 datorum
1587 2527 1730 2563 Domini
1749 2526 1961 2562 reservavit.
2010 2523 2171 2567 Quorum
2196 2520 2338 2556 autem?
2376 2518 2463 2555 llio-

1404 2597 1485 2623 rum
1499 2586 1664 2623 videlicet
1687 2586 1748 2632 qui
1776 2586 1899 2622 dicunt
1919 2597 1927 2619 :
1951 2583 2020 2627 Qui
2049 2593 2117 2617 non
2131 2580 2240 2615 credit
2260 2581 2296 2615 in
2311 2578 2463 2623 Filium,

1405 2647 1482 2694 jam
1492 2647 1678 2693 judicatus
1695 2652 1745 2682 est
1761 2646 1882 2692 (Joun.
1902 2643 1970 2691 ιιι).
2008 2643 2053 2678 Et
2074 2651 2226 2677 rursus:
2245 2638 2285 2676 Si
2307 2650 2375 2675 non
2390 2649 2467 2677 crc-
2535 2661 2540 2669 ε

1407 2709 1567 2745 dideritis
1593 2708 1676 2755 quia
1697 2718 1758 2753 eqo
1776 2716 1866 2749 sum,
1898 2703 2094 2740 moriemini
2120 2702 2157 2738 in
2181 2701 2330 2748 peccatis
2344 2700 2466 2736 vestris
2531 2735 2540 2740 ,

1412 2771 1533 2820 (Joan.
1553 2769 1634 2817 vm)
1652 2780 1660 2813 ;
1678 2769 1862 2814 multaque
1881 2767 1950 2803 alia
1971 2765 2110 2802 talia'in
2136 2763 2352 2810 evangelicis
2371 2771 2464 2807 prae-

1405 2833 1519 2879 ceptis
1535 2831 1643 2868 dicta.
1669 2829 1840 2874 Sequitur
1856 2837 1966 2874 porro
1984 2839 1992 2862 :

1452 2894 1498 2929 Ει
1524 2891 1569 2928 ad
1584 2891 1677 2937 filios
1699 2889 1812 2925 Israel
1833 2889 1985 2936 loqueris
2000 2897 2014 2922 .·
2029 2884 2146 2922 Homo
2164 2884 2224 2931 qm·
2242 2879 2464 2918 mateatoeen‘c
2523 2894 2540 2916 ε

1404 2954 1478 2990 Deo
1502 2964 1580 2996 suo,
1603 2951 1755 2998 portabit
1775 2956 1956 2996 peccatum
1974 2958 2098 2991 suum‚·
2115 2951 2148 2983 et
2163 2945 2223 2992 qui
2247 2942 2464 2989 blasphema·
2519 2943 2540 2992 ’ᾗ

1405 3015 1491 3051 verit
1517 3024 1642 3048 nomen
1663 3011 1819 3055 Domini,
1834 3017 1945 3046 morte
1965 3010 2150 3046 moriatur.
2188 3004 2379 3052 Lapiditns
2399 3013 2465 3049 op-
2524 2994 2540 3014 “’

1405 3077 1532 3123 primet
1547 3085 1626 3110 eum
1647 3074 1757 3110 omnis
1776 3072 1979 3115 multitudo,-
2000 3072 2069 3108 sive
2082 3070 2141 3106 itte
2162 3069 2259 3116 civis,
2274 3068 2347 3103 sive
2363 3075 2464 3112 pere-

1406 3139 1528 3185 grinus
1543 3137 1662 3183 suerit.
1687 3135 1754 3179 Qui
1771 3134 2057 3181 blasphemaverit
2069 3129 2465 3169 nomenDominimorte
2495 3160 2501 3178 ,Ι

1407 3199 1592 3235 moriatur.
1627 3197 1767 3234 Novum
1784 3197 1844 3232 hic
1866 3201 1902 3232 et
1935 3196 2030 3241 quod
2049 3193 2239 3231 contai-het
2252 3199 2358 3228 aures
2374 3188 2466 3225 mul-
2490 3204 2497 3211 ·

1410 3264 1545 3300 torum,
1560 3256 1759 3292 secundum
1777 3255 1972 3290 editionem
1990 3262 2078 3290 vero
2096 3253 2192 3289 Lxx
2206 3252 2258 3288 sic
2271 3249 2464 3297 praecepit:

1410 3316 1527 3352 Homo
1544 3316 1646 3350 homo
1665 3315 1860 3360 quicunque
1874 3313 2095 3348 maledixerit
2111 3313 2199 3354 Deo,
2213 3317 2395 3357 peceatum
2406 3319 2468 3344 ac-

1409 3377 1534 3424 cipiet:
1554 3375 1614 3422 qui
1628 3379 1745 3409 autem
1769 3372 1924 3408 nominat
1939 3380 2064 3407 nomen
2081 3370 2237 3412 Domini,
2265 3374 2376 3404 mone
2387 3378 2466 3403 moae

1409 3437 1537 3474 riatur.
1568 3434 1614 3471 Et
1632 3432 1916 3480 blasphemando
1925 3431 2038 3467 Deum
2051 3429 2240 3466 nominare
2256 3436 2388 3464 nomen
2395 3426 2468 3464 Do·-

1408 3494 1500 3534 mini
1517 3494 1662 3543 gravius
1692 3496 1760 3537 cat,
1797 3498 1883 3527 nam
1902 3490 1965 3526 ille
1987 3488 2134 3536 quidem
2155 3494 2344 3535 peceatum
2370 3485 2472 3524 aed--

1407 3558 1463 3605 pit
1478 3553 1719 3598 solatiandum
1752 3551 1813 3589 me
1837 3555 1959 3587 autem
1978 3554 2015 3586 et
2038 3555 2183 3596 poenam
2213 3547 2341 3586 mortis
2466 3579 2470 3581 .

1409 3622 1487 3656 net.
1538 3616 1625 3662 Quae
1643 3613 1750 3652 emm>
1765 3610 1980 3648 umentia
1994 3614 2051 3647 est
2081 3610 2177 3646 inter
2209 3608 2424 3646 Both-nr

1408 3678 1646 3718 Detiflss'm
1660 3675 1722 3714 ΜΒ
1740 3675 1811 3712 i'soe
1824 3673 1902 3720 ipse
1918 3677 1983 3711 est
1997 3671 2060 3720 qui
2071 3671 2193 3709 ΜΗ
2209 3666 2321 3714 NJ
2450 3660 2459 3674 ⁶

1409 3739 1520 3785 m
1538 3737 1748 3780 Minu,
1765 3733 1939 3771 nomm
1955 3740 2047 3769 unus
2072 3738 2152 3776 ese,-
2177 3734 2392 3768 evnmm
2434 3765 2439 3770 ,

1402 3797 1706 3848 mtmmm
1723 3795 1963 3834 mtto-m
1981 3799 2028 3831 a
2048 3798 2121 3830 toto
2139 3789 2363 3831 munuc·
2416 3827 2439 3834 ,,
