2540 4016
69 170 139 210 nt

709 163 1047 207 mumma
1073 163 1118 201 m
1145 161 1358 203 exomni.
1385 179 1432 189 ·-
1457 162 1542 204 UB-
1570 162 1629 205 1114

69 243 136 287 dit,
157 242 220 280 sed
238 241 397 286 induitur
414 240 494 280 aliis
507 238 733 280 vestimentis
750 251 760 275 ι
783 238 854 277 illis
869 237 1052 281 videlieet,
1073 239 1116 274 de
1133 236 1171 279 A
1185 249 1266 285 quie
1289 239 1414 277 Graece
1426 242 1607 277 vocantur
1625 246 1786 284 creagrae
1804 241 1851 276 ad
1882 242 1953 279 hoe
1971 244 2008 280 in
2042 244 2249 286 ministerio

69 303 200 351 quihus
215 303 253 345 in
267 301 458 352 Evangdio
470 300 559 342 dicit
573 299 672 346 ipse:
689 298 801 340 Autan
817 298 896 335 dico
908 298 1018 341 vobis,
1028 298 1121 345 quod

69 366 258 413 praecinget
284 375 342 406 se,
374 368 407 404 at
434 362 539 408 faciet
567 360 646 398 utos
671 361 890 400 discumbere
909 359 1011 409 (Luc.
1030 359 1121 407 ιιι),

70 425 107 462 id
126 430 200 472 est,
224 424 270 466 ad
286 427 459 472 §ternam
477 431 516 460 se
533 422 864 465 remunerationem
881 420 1120 467 praeparabit,

69 491 106 523 et
125 486 205 524 illos
222 486 259 526 iu
275 492 410 526 aeterna
422 483 532 523 faciet
549 484 670 529 quiete
688 483 856 523 refoveri.
877 482 1026 520 Indutus
1043 482 1123 519 aliis

68 546 306 589 vestimentis,
318 545 442 585 efferet
459 546 602 584 cineres
613 551 716 581 extra
730 552 865 587 eastra,
878 555 958 582 cum
973 551 1124 591 paratus

68 608 114 644 ad
140 607 443 646 remunerandum
470 605 631 643 laborem
657 605 854 642 electorum
881 615 1028 643 suorum
1054 605 1125 643 Do-

69 668 202 711 minus,
221 667 393 713 quidquid
410 666 492 703 boni
514 671 713 712 gesserant,
724 664 801 710 jam
819 666 854 701 iu
873 664 933 700 illa
948 664 1035 701 facit
1050 664 1123 701 vita

67 731 184 769 videri
202 731 286 767 hinc
303 729 474 772 ablatum.
499 727 574 765 Nec
592 728 637 764 ab
655 738 694 764 re
711 733 767 763 est
785 728 866 764 loco
883 732 986 763 extra
1006 731 1124 763 castra

66 789 200 836 posito,
221 789 304 827 vit-,e
322 788 481 834 perpetis
501 788 702 834 ingressum
723 786 869 831 figurari
881 811 891 828 ,
907 794 988 823 cum
1004 791 1041 822 et
1055 785 1125 823 Do-

67 851 189 888 minus
212 851 334 891 dicat:
358 849 427 894 Per
451 861 504 886 me
528 850 558 887 st‘
583 849 662 895 quis
685 847 877 889 introierit,
904 845 1123 883 salvabitur:

67 918 99 947 et
118 911 334 957 ingredietur
349 916 381 949 et
408 908 617 955 egredietur,
649 912 680 941 et
715 916 845 951 pascua
881 905 1042 941 inveniet.
1079 905 1125 941 Et

67 971 260 1007 Psalmista
288 970 491 1007 :Dominus
526 966 701 1002 custodiat
733 965 913 1001 introitum
946 972 1058 1008 tuum,
1093 972 1123 1001 et

67 1034 199 1069 exitum
236 1038 334 1067 tuum
354 1029 506 1077 (Psalm.
533 1028 630 1075 cxx).
668 1028 857 1064 introitum
884 1027 1048 1064 videlicet
1088 1030 1123 1064 in

67 1095 159 1131 hanc
179 1092 348 1128 Ecclesiae
366 1091 499 1132 vitam;
521 1090 660 1125 exitum
679 1099 764 1125 vero
785 1089 818 1125 in
849 1089 946 1125 illam
969 1090 1028 1124 ubi
1059 1099 1123 1134 pa-

69 1163 158 1191 scua
178 1152 412 1191 inveniuntur
427 1156 571 1187 aeternae
591 1150 784 1186 satietatis.
803 1149 882 1185 Non
903 1160 988 1195 ergo
1006 1150 1126 1196 inepte

67 1215 186 1251 locum
220 1219 321 1249 extra
355 1218 474 1249 castra
510 1212 667 1258 positum
685 1239 694 1254 ,
726 1212 762 1247 in
798 1211 858 1246 illa
894 1211 1127 1257 intelligimus

67 1277 141 1312 vita
159 1287 167 1310 :
185 1275 387 1320 praesertim
403 1284 486 1309 cum
506 1273 555 1308 ibi
576 1273 675 1308 locus
697 1272 958 1308 mundissimus
972 1283 1052 1308 esse
1070 1273 1126 1309 di-

67 1341 186 1379 catur,
208 1336 303 1382 quod
323 1336 358 1372 iu
378 1335 445 1371 hac
468 1336 542 1371 vita
564 1335 640 1370 lieri
666 1334 870 1371 nullatenus
894 1345 1013 1381 posse,
1047 1346 1128 1381 per-

69 1398 234 1443 spicuum
253 1402 322 1433 esi.
340 1395 455 1431 Locus
476 1406 560 1441 ergo
579 1395 837 1431 mundissimus
860 1402 963 1431 extra
991 1402 1125 1439 eastra,

68 1458 146 1504 ipse
166 1463 220 1494 est
236 1458 379 1494 animus
402 1456 585 1501 iustorum
606 1468 650 1492 ex
676 1458 743 1493 hac
777 1458 851 1494 vita
887 1458 1126 1500 sublatorum,

70 1526 106 1557 et
126 1522 160 1556 in
195 1520 263 1561 alia
284 1520 357 1555 vita
378 1519 610 1565 gaudentium
633 1531 640 1553 :
672 1519 707 1554 in
730 1530 801 1564 quo
827 1519 995 1554 videlicet
1025 1519 1126 1561 loco,

70 1581 163 1617 ciuis
187 1580 386 1616 holocausti
406 1589 519 1624 usque
539 1579 582 1614 ad
604 1579 762 1614 favillam
787 1580 1026 1621 consumitur,
1046 1589 1128 1614 cum

71 1640 122 1675 ita
143 1640 189 1675 ibi
208 1649 356 1684 operum
380 1638 557 1674 bonorum
591 1649 731 1674 merces
759 1640 934 1682 redditur,
968 1645 1007 1675 ut
1028 1639 1129 1675 labor

72 1700 240 1737 omnibus
266 1701 311 1736 ad
333 1700 515 1746 integrum
551 1706 833 1736 consummetur.
867 1701 912 1736 Et
933 1702 1017 1747 quia
1051 1712 1129 1737 ces-

73 1768 174 1798 sante
194 1772 343 1807 operum
377 1762 499 1796 labore
536 1761 734 1804 bonorum,
763 1763 840 1807 ipsa
874 1763 1034 1798 charitas
1065 1773 1129 1808 per

73 1833 181 1869 quam
204 1823 447 1868 operabantur
474 1832 657 1868 nunquam
675 1823 848 1865 cessabit,
875 1824 947 1859 imo
977 1823 1129 1870 flagran—

71 1885 144 1920 tior
159 1883 385 1926 exardescet,
409 1884 585 1929 cumipse
604 1893 711 1928 quem
739 1884 922 1929 diligimus
955 1885 991 1919 in
1023 1891 1129 1920 teter-

71 1957 156 1983 num
174 1946 366 1988 videbitur,
391 1951 488 1981 recte
509 1945 675 1980 subditur
691 1958 699 1979 ε
717 1944 815 1991 tynis
834 1951 950 1980 autem
966 1946 1002 1981 in
1020 1946 1128 1981 altari

71 2018 204 2054 semper
235 2006 384 2042 ardebit.
406 2006 450 2042 Et
469 2006 576 2052 paulo
592 2011 674 2051 post
695 2018 704 2041 :
728 2005 826 2052 Iynis
861 2007 924 2041 iste
942 2012 1126 2053 perpetuus

71 2081 248 2117 nunquam
265 2069 400 2115 deficiet
424 2068 466 2104 de
481 2068 599 2104 attari.
625 2068 884 2104 Consummato
900 2078 986 2115 ergo
1010 2079 1126 2114 usque

73 2131 119 2167 ad
151 2131 307 2166 lavillam
338 2130 574 2172 holocausto,
612 2130 703 2174 ignis
727 2140 912 2175 nunquam
947 2131 990 2165 de
1021 2130 1126 2165 altari

74 2191 229 2233 deficiet,
252 2191 337 2236 quia
358 2191 550 2236 absumpto
570 2190 729 2236 perfecte
759 2191 857 2226 omni
879 2200 1010 2237 genere
1029 2191 1127 2226 labo-

74 2252 193 2294 randi,
209 2252 283 2287 sola
297 2252 456 2288 charitas
475 2257 647 2297 perpetuo
663 2262 847 2297 nunquam
866 2252 1127 2297 exstinguenda

77 2311 254 2356 flagrabit.
277 2311 362 2348 Haec
395 2311 438 2347 de
463 2311 541 2358 lege
570 2312 770 2348 holocausti
802 2313 909 2348 latius
940 2313 1095 2349 diximus
1114 2340 1125 2356 ‚

75 2379 224 2418 propter
242 2372 378 2408 lebetas
394 2373 530 2415 altaris,
552 2373 613 2418 qui
646 2374 690 2409 ad
709 2373 957 2419 suscipiendos
985 2374 1126 2409 cineres

74 2434 273 2469 hostiarum
308 2435 385 2470 fieri
416 2435 648 2481 jubebantur.
682 2435 835 2471 Lebetes
871 2446 957 2482 ergo
986 2436 1127 2475 cineres

75 2500 218 2530 sanctos
232 2495 445 2541 suscipiunt,
463 2506 542 2531 cum
565 2495 689 2531 fideles
706 2495 853 2541 quique,
874 2496 931 2532 vel
965 2496 1126 2541 exempla

75 2565 118 2590 ae
132 2561 358 2591 sacramenta
382 2555 570 2591 dominicae
589 2557 766 2602 passionis
786 2558 830 2592 ad
848 2558 1127 2592 custodiam‘sui

75 2615 135 2661 pia
164 2622 284 2650 mente
313 2622 519 2657 retractant,
548 2617 603 2651 vel
635 2622 732 2652 certe
767 2618 904 2652 exitum
924 2618 1128 2662 praeceden-

78 2675 165 2709 tium
177 2673 355 2718 justorum
375 2675 566 2721 diligenter
584 2676 784 2721 aspiciunt;
804 2677 864 2722 qui
892 2677 1032 2723 maguis
1062 2688 1127 2723 pro

76 2733 226 2769 Domino
257 2734 483 2770 elaborantes
500 2735 686 2781 agonibus,
707 2747 803 2772 nunc
834 2747 941 2773 cursu
961 2748 1129 2774 consum-

76 2800 188 2838 mato,
219 2795 262 2830 de
276 2801 450 2840 >percepto
473 2794 547 2840 jam
568 2796 693 2832 bravio
725 2797 803 2833 sine
838 2797 910 2833 fine
943 2798 1125 2835 laetantur.

75 2854 162 2891 Post
179 2855 315 2891 lebetes
344 2861 478 2899 autem,
516 2855 672 2902 forcipes
694 2862 805 2903 atque
843 2857 1055 2903 fuscinulae,
1091 2866 1128 2896 et

77 2914 211 2961 ignium
245 2915 470 2960 receptacula
495 2915 573 2951 {ieri
610 2921 694 2952 sunt
724 2916 838 2961 jussa.
878 2917 1049 2964 Forcipes
1082 2920 1126 2955 ad

73 2976 338 3012 emendandum
363 2976 488 3013 altaris
508 2977 627 3023 ignem
646 2977 723 3013 fieri
738 2979 883 3022 debere,
905 2981 1126 3018 eredendum

75 3041 144 3072 est.
167 3035 268 3072 Unde
299 3043 398 3072 recte
416 3047 482 3082 per
516 3047 578 3073 eos
598 3039 714 3073 sancti
745 3040 1001 3084 praedicatores
1022 3043 1124 3078 desi*

74 3100 246 3143 guantur,
263 3096 326 3142 qui
342 3097 462 3143 ignem
478 3097 516 3132 in
537 3098 640 3133 nobis
659 3098 863 3142 charitatis,
885 3101 988 3145 quasi
1008 3101 1043 3136 in
1075 3103 1125 3138 al·

75 3154 147 3191 tari
178 3155 241 3192 Dei
282 3157 504 3199 accendere,
538 3157 613 3194 suis
644 3159 957 3196 exhortationibus
994 3162 1123 3198 solent.

71 3214 240 3262 ,Namque
270 3218 308 3254 bi
339 3217 436 3254 velut
463 3218 605 3264 gemino
636 3219 742 3255 dente
772 3219 938 3265 forcipis,
958 3221 1003 3256 ad
1029 3222 1125 3258 bunc

71 3274 198 3323 ignem
215 3277 483 3317 accendendum
500 3278 648 3314 titiones
667 3279 704 3314 in
741 3279 848 3316 attari
879 3287 1125 3327 componunt,

178 3335 225 3375 dn
240 3335 408 3374 consonis
440 3336 626 3382 utriusque
661 3338 868 3375 testamenti
889 3349 956 3377 nos
986 3341 1128 3387 paginis

154 3394 285 3438 'niuno
301 3400 338 3432 et
350 3395 492 3443 eloquia
510 3396 688 3440 veritatis,
709 3396 747 3435 in
766 3403 892 3435 nostro
907 3399 1030 3443 corde,
1054 3399 1129 3444 qui-

82 3451 111 3503 ¹⁰.
165 3457 316 3507 amplius
334 3457 380 3503 ad
404 3462 623 3495 aeternorum
639 3458 821 3496 desideria
835 3460 1102 3498 inflammemur
1115 3487 1126 3506 ‚

109 3552 141 3574 Ι,
165 3553 168 3555 ,
260 3542 272 3554 .
301 3517 363 3562 ἵει
381 3523 480 3555 mrte
494 3517 645 3564 forcipe,
663 3519 799 3565 duplici
815 3520 983 3557 videlicet
1009 3519 1127 3558 ferra-

99 3572 103 3583 ²
224 3578 440 3628 pectantes
453 3579 574 3627 mem
589 3580 713 3621 altaris
736 3581 944 3624 menidam,
977 3591 1060 3618 eum
1090 3582 1127 3626 ip

139 3686 142 3689 ¹
271 3637 510 3685 *adonem
522 3639 782 3686 prodientem
807 3641 938 3685 sancti,
958 3641 1127 3677 virtutem

130 3698 132 3700 ’
366 3697 846 3747 drfflissndemm
873 3700 982 3748 huius
1011 3700 1128 3748 gratia

460 3800 511 3815 Μ
642 3760 892 3827 'rw
922 3759 1128 3800 fuscinulae

24 3951 90 4016 {a

1191 299 1420 338 habebantur
1439 297 1579 341 altaris,
1599 302 1639 336 ut
1655 307 1787 336 carnes
1799 298 2031 340 victimarum
2044 313 2112 349 per
2127 305 2250 344 eon-de

1189 361 1360 400 caldariis
1379 367 1493 399 coctae
1517 360 1783 408 proferrentur,
1806 365 1916 409 atque
1939 362 1984 398 ad
2005 372 2108 400 esum
2122 376 2249 409 eorum

1189 422 1252 469 qui
1280 423 1338 462 his
1364 427 1469 460 erant
1491 422 1681 459 reficiendi
1702 422 1934 459 afferrentur.
1970 422 2131 468 Quorum
2162 438 2251 466 usus

1189 494 1293 531 mque
1323 490 1533 520 sanctorum
1576 484 1856 530 praedicatorum
1889 483 2014 532 figurae
2053 489 2220 534 congruit
2238 499 2250 525 t

1189 556 1344 591 quorum
1366 546 1559 582 ministerii
1574 552 1631 582 est
1660 547 1804 583 animas
1830 546 1991 583 fidelium
2025 549 2137 584 verbo
2168 548 2252 586 fidei

1190 607 1342 659 reticere
1363 619 1371 642 ε
1392 611 1428 643 et
1455 606 1560 652 juxta
1585 607 1746 654 regulam
1766 607 1974 653 apostolica}
2006 607 2250 650 discretionis.

1191 669 1340 705 rudibus
1373 669 1490 705 adhuc
1515 669 1729 715 disciplinis,
1752 670 1968 706 rationabile
1995 675 2031 709 et
2055 670 2133 708 sine
2170 668 2253 717 dolo

1192 730 1248 766 lac
1268 731 1442 766 doctrinae
1466 730 1640 776 simplicis
1662 731 1851 774 adhibere;
1879 730 2160 777 perfectioribus
2190 742 2254 768 au-

1191 796 1278 835 tem,
1298 792 1449 827 solidum
1467 792 1585 828 cibum
1602 792 1775 829 doctrinae
1793 792 2014 829 sublimioris
2028 793 2250 831 ministrare.

1191 850 1303 887 Recte
1323 851 1519 888 fuscinulas
1539 852 1660 888 facere
1675 851 1778 897 jubet
1808 853 2060 889 sacerdotibus
2086 853 2226 900 Moyses
2241 881 2251 898 ‚

1193 912 1323 956 quibus
1340 923 1467 948 earnes
1502 913 1702 948 hostiarum
1743 919 1848 959 prout
1866 914 2069 960 oportuerit
2104 925 2252 961 compo-

1193 975 1281 1005 nant
1299 982 1307 1013 ;
1331 977 1365 1006 et
1383 973 1451 1007 alia
1472 973 1616 1017 quidem
1631 973 1851 1016 hominibus,
1870 975 1932 1010 sed
1952 975 2097 1012 mundis
2113 976 2253 1012 edenda

1192 1030 1372 1074 offerant;
1395 1032 1466 1066 alia
1493 1043 1580 1067 vero
1602 1033 1726 1068 altaris
1747 1033 1891 1078 ignibus
1914 1037 2160 1072 consumenda
2192 1043 2252 1073 re-

1194 1091 1358 1136 linquant
1382 1103 1388 1125 :
1413 1092 1496 1137 qnia
1521 1097 1604 1127 suut
1619 1092 1654 1126 iu
1669 1092 1790 1128 verbis
1808 1093 1871 1128 Dei
1890 1094 2074 1137 nonnulla,
2096 1106 2176 1141 quae
2193 1105 2256 1133 no-

1194 1157 1278 1186 strae
1294 1150 1488 1186 humilitati
1518 1151 1693 1193 revelare,
1726 1152 1771 1187 ad
1791 1159 1924 1188 nostra}
1946 1153 2071 1199 epulas
2089 1154 2256 1192 resectio-

1195 1212 1252 1249 nis
1269 1213 1466 1248 concedere
1491 1213 1657 1258 dignatus
1694 1219 1761 1249 est.
1798 1212 1890 1250 Sunt
1920 1214 2008 1249 item
2042 1214 2112 1250 alia
2145 1220 2255 1252 tantae

1193 1272 1464 1319 profunditatis,
1481 1283 1560 1319 quae
1577 1274 1694 1309 sancti
1711 1274 1869 1320 Spiritus
1888 1275 2115 1312 solummodo
2137 1277 2256 1313 scien-

1195 1334 1254 1369 tiae
1291 1340 1440 1379 pateant
1466 1346 1474 1369 ι
1497 1340 1630 1370 nostrae
1664 1346 1752 1371 vero
1783 1335 1996 1382 capacitatis
2031 1346 2099 1382 per
2132 1338 2255 1373 omnia

1195 1405 1403 1430 mensuram
1426 1398 1700 1431 transcendant.
1729 1396 1843 1432 Porro
1864 1397 2002 1443 ignium
2026 1398 2254 1445 receptacula

1196 1456 1241 1491 ad
1262 1456 1330 1491 hoc
1346 1457 1515 1502 deputata
1538 1464 1633 1500 sunt,
1655 1463 1692 1493 ut
1713 1468 1778 1503 per
1798 1459 1874 1494 haee
1902 1458 1995 1505 ignis
2024 1465 2173 1495 sanetus
2209 1460 2256 1496 ab

1197 1516 1302 1551 altari
1322 1517 1538 1560 holocausti,
1560 1519 1603 1554 ad
1629 1519 1741 1557 altare
1774 1520 2024 1567 thymiamatis
2048 1530 2200 1566 vespere
2219 1525 2256 1557 et

1195 1586 1302 1612 mane
1324 1577 1368 1611 ad
1394 1578 1581 1613 incensum
1615 1580 1820 1623 ponendum
1856 1580 2057 1616 deferretur
2078 1592 2088 1615 ε
2110 1590 2192 1626 quae
2218 1584 2257 1617 et

1196 1637 1273 1682 ipsa
1289 1644 1454 1683 patenter
1470 1638 1622 1684 figuram
1642 1645 1766 1674 tenent
1782 1640 1983 1682 doctorum,
2003 1641 2062 1685 qui
2083 1646 2257 1687 tanquam

1196 1698 1316 1744 ignem
1350 1700 1392 1734 de
1412 1700 1520 1735 altari
1547 1700 1840 1736 holocaustorum
1861 1700 1907 1736 ad
1944 1700 2060 1736 altare
2089 1700 2257 1737 deserunt

1197 1757 1348 1800 incensi,
1370 1769 1452 1794 cum
1476 1769 1560 1795 suos
1582 1760 1713 1795 docent
1732 1760 1916 1796 auditores
1936 1761 1980 1798 de
1996 1761 2131 1797 virtute
2162 1771 2258 1798 sem-

1195 1827 1261 1864 per
1290 1819 1324 1853 in
1354 1819 1527 1854 virtutem
1555 1819 1732 1865 proficere
1753 1821 1964 1866 meritisque
1993 1823 2254 1865 crescentibus,

1194 1878 1369 1922 paulatim
1390 1879 1435 1914 ad
1455 1879 1582 1915 altiora
1600 1885 1637 1915 et
1662 1880 1835 1916 interiora
1867 1880 1996 1916 divinae
2016 1881 2167 1918 visionis
2198 1892 2256 1918 ar-

1197 1948 1300 1981 cana,
1319 1945 1523 1984 penetrare..
1546 1939 1615 1976 Sed
1632 1946 1668 1975 et
1686 1950 1812 1976 omnes
1841 1941 1903 1986 qui
1921 1940 2098 1979 ferventia
2119 1942 2255 1988 pietate

1196 1999 1306 2034 corda
1319 1999 1568 2044 proximorum
1589 2000 1752 2036 videntes
1773 2001 1909 2037 imitari
1928 2000 2122 2044 festinant,
2152 2005 2255 2049 quasi

1196 2061 1424 2106 receptacula
1455 2061 1589 2107 ignium
1620 2062 1739 2098 liunt:
1771 2062 1856 2107 quia
1883 2061 2065 2098 flammam
2098 2064 2256 2103 coelestis

1195 2122 1366 2159 sacrificii
1386 2133 1494 2168 quam
1516 2124 1553 2159 in
1569 2123 1740 2160 fraternis
1770 2125 2000 2171 conspiciunt
2020 2126 2055 2161 in
2074 2127 2148 2162 suis
2169 2137 2257 2173 quo-

1195 2194 1265 2230 que
1297 2186 1494 2221 accendere
1531 2186 1713 2222 mentibus
1744 2192 1926 2231 satagunt.
1964 2187 2050 2231 Quae
2084 2188 2256 2224 nimirum

1195 2253 1325 2282 cuncta
1347 2258 1391 2282 ex
1407 2257 1478 2283 aere
1497 2257 1583 2282 vasa
1603 2247 1708 2290 fiunt,
1729 2258 1810 2283 cum
1831 2248 1973 2284 devotio
1992 2248 2150 2284 fidelium
2174 2260 2257 2295 per-

1195 2314 1406 2344 severanter
1422 2308 1552 2343 divinis
1579 2314 1682 2344 curat
1704 2309 1952 2345 obsecundare
1969 2310 2172 2355 praeceptis,
2201 2310 2257 2346 vel

1195 2373 1296 2404 certe
1314 2378 1396 2404 cum
1412 2369 1480 2404 hoc
1495 2368 1592 2414 quod
1608 2368 1684 2414 ipsa
1703 2374 1801 2404 recte
1816 2369 1903 2414 agit,
1919 2369 2096 2413 proximis
2110 2378 2257 2414 quoque

1196 2429 1390 2473 agendum,
1409 2428 1507 2464 clara
1526 2438 1615 2464 voce
1646 2429 1780 2464 sedulae
1797 2429 2062 2464 exhortationis
2093 2429 2253 2465 insonat.

1197 2487 1413 2523 Craticulam
1426 2499 1561 2534 quoque
1582 2489 1617 2522 in
1640 2489 1780 2523 modum
1798 2490 1878 2523 retis
1895 2499 2027 2524 aeneam
2039 2498 2059 2522 :-
2070 2500 2133 2534 per
2153 2489 2254 2535 cnjus

1195 2546 1522 2594 quatuor'anqulos‚
1543 2554 1643 2582 erunt
1659 2554 1810 2592 fluctuor
1827 2547 1951 2584 anrmli
1965 2549 2066 2592 oenei,
2087 2559 2173 2596 quos
2194 2561 2256 2596 ρο-

1197 2619 1255 2644 nes
1275 2607 1393 2642 subter
1413 2606 1551 2642 arulam
1582 2606 1705 2643 attaris
1726 2616 1736 2640 :
1756 2607 1819 2642 erit
1843 2619 1991 2654 namque
2007 2609 2178 2646 craticula
2197 2621 2257 2648 us-

1196 2679 1261 2715 que
1275 2668 1320 2703 ad
1335 2667 1458 2703 altaris
1477 2667 1642 2702 medium.
1667 2667 1792 2704 Altare
1822 2669 1967 2713 quidem
1989 2674 2103 2705 totum
2126 2681 2255 2707 cavum

1197 2730 1277 2766 fieri
1295 2734 1515 2776 praeceptum
1536 2734 1603 2772 est,
1625 2734 1663 2764 ut
1693 2730 1728 2764 in
1758 2731 1992 2775 sequentibus
2028 2732 2256 2769 manifestius

1196 2793 1382 2828 edocetur.
1404 2791 1475 2828 Sed
1500 2792 1537 2826 in
1562 2791 1682 2827 medio
1701 2792 1757 2827 sui
1775 2791 1912 2829 habens
1933 2793 2158 2837 craticulam,
2189 2803 2255 2839 per

1196 2860 1312 2890 totum
1334 2854 1370 2890 in
1390 2854 1538 2890 modum
1554 2855 1644 2890 retis
1669 2854 1893 2898 distinctam,
1909 2855 1947 2891 in
1962 2865 2068 2902 quam
2092 2856 2255 2895 victima-

1198 2926 1278 2951 rum
1297 2925 1426 2951 carnes
1458 2916 1712 2952 comburendae
1742 2916 2028 2962 imponerentur,
2061 2923 2098 2954 et
2131 2919 2254 2955 subter

1198 2987 1279 3014 eam
1296 2977 1451 3020 arulam,
1468 2976 1504 3012 in
1524 2987 1595 3022 qua
1611 2976 1823 3022 compositis
1851 2976 1973 3023 lignis,
1995 2977 2140 3014 arderet
2162 2978 2254 3024 ignis

1199 3048 1342 3084 semper
1356 3038 1400 3073 ad
1424 3037 1629 3073 devoranda
1657 3038 1880 3083 superposita
1905 3038 2114 3078 holocausta
2143 3048 2252 3084 para-

1201 3103 1270 3133 tus.
1293 3098 1381 3132 Erat
1394 3097 1492 3133 enim
1511 3101 1638 3132 contra
1654 3097 1794 3133 arulam
1814 3098 1947 3133 ostium
1976 3098 2014 3133 in
2036 3098 2175 3144 pariete
2202 3097 2254 3132 at-

1200 3160 1289 3194 taris
1317 3159 1499 3202 orientali,
1531 3159 1626 3194 unde
1645 3158 1699 3194 vel
1719 3158 1814 3205 ligna
1831 3159 1876 3194 ad
1909 3159 2099 3195 delendum
2132 3159 2251 3203 ignem

1200 3219 1360 3261 immitti,
1380 3218 1436 3254 vel
1457 3219 1634 3254 carbones
1646 3223 1682 3254 et
1699 3218 1840 3254 cineres
1853 3223 1999 3264 possent
2017 3217 2134 3262 egeri:
2155 3217 2252 3262 qued

1197 3280 1235 3316 in
1255 3279 1396 3325 pictura
1416 3278 1622 3314 Cassiodori
1647 3279 1840 3320 senatoris,
1872 3278 1973 3321 quus
1993 3276 2124 3321 ipsein
2143 3285 2253 3322 expo-

1198 3331 1330 3378 sitione
1350 3339 1576 3375 Psalmorum
1598 3338 1778 3381 meminit,
1795 3346 2006 3383 expressum
2022 3335 2191 3373 vidimus.
2211 3336 2251 3377 tn

1197 3412 1268 3449 qua
1300 3402 1411 3437 etiam
1431 3401 1576 3446 utrique
1592 3399 1712 3441 altari,
1735 3406 1772 3434 et
1796 3396 1995 3435 holocausti
2021 3396 2189 3435 videlicet
2215 3404 2252 3435 et

1196 3461 1351 3504 incensi,
1379 3463 1491 3506 pedes
1509 3465 1664 3506 quatuor
1679 3458 1766 3493 fecit
1784 3468 1794 3491 :
1812 3456 1908 3502 quod
1926 3461 2119 3504 utrumque
2150 3467 2248 3502 eum,

1199 3522 1293 3558 sieut
1309 3525 1347 3556 et
1372 3518 1596 3556 tabernaculi
1615 3522 1653 3554 et
1670 3515 1792 3563 templi
1808 3516 2038 3562 positionem,
2048 3528 2075 3555 a
2094 3519 2250 3557 doctori—

1197 3579 1267 3616 bus
1279 3579 1483 3616 Judaeorum
1502 3576 1672 3612 didicisse
1685 3580 1871 3622 putantum
1886 3574 2003 3617 Habet
2017 3588 2106 3626 ergo
2134 3578 2250 3617 altare

1199 3638 1270 3675 Dei
1283 3638 1320 3673 in
1345 3637 1464 3673 medio
1498 3636 1555 3672 sui
1585 3635 1796 3672 craticulam
1821 3636 1870 3673 ad
1905 3638 2134 3686 suscipienda
2145 3637 2247 3682 boh,—

1198 3703 1323 3735 causta
1354 3701 1516 3744 paratam
1535 3707 1545 3732 z
1562 3695 1646 3743 quia
1676 3703 1883 3743 preparant
1900 3698 2009 3735 electi
2026 3699 2148 3742 locutu
2176 3699 2248 3740 Πι-

1199 3758 1310 3803 mino,
1338 3757 1377 3794 in
1407 3755 1534 3794 inum
1549 3755 1606 3795 sui
1629 3754 1751 3794 cordi!
1771 3755 1917 3801 astech.
1937 3757 2000 3797 ubi
2029 3757 2184 3803 m
2211 3759 2246 3801 tii
