2540 4016
316 176 406 212 1¹5¹

772 175 812 211 B.
841 175 1011 212 RABANI
1033 176 1182 215 MAtJm
1205 177 1864 219 ARCHIEP.MOG1JNT.0PERUM
1889 180 2007 218 PARS
2031 181 2060 218 1.

2386 180 2507 235 (3152ss

313 251 550 291 humilitatem
567 251 746 296 passionis
766 250 900 287 Christi
927 252 964 288 in
995 255 1164 291 cordibus
1197 256 1366 291 humanis
1383 259 1422 299 A
1433 257 1559 293 versis.
1581 257 1666 294 Haec
1689 267 1775 294 vero
1794 259 2014 305 temporibus
2031 259 2106 295 suis
2137 258 2312 307 impietati
2331 251 2488 312 favebat,
2522 267 2523 270 ’

313 311 507 349 interemit.
527 310 626 347 Inter
653 312 755 357 pedes
770 312 848 356 ejus
868 313 951 355 ruit,
987 313 1112 359 defecit
1145 322 1178 350 et
1207 320 1366 352 mortuus

311 379 382 415 est‚·
400 378 480 408 ante
497 372 599 419 pedes
619 372 715 408 illius
730 373 930 409 volvebatur
943 380 975 410 et
984 375 1127 420 ,iacebat
1146 378 1317 413 exanimis
1337 383 1368 413 et

311 431 531 468 miserabilis.
563 432 690 468 Praedo
730 432 907 470 nefandus
937 434 1034 471 inter
1051 436 1160 481 pedes
1206 437 1368 474 mulieris

311 502 415 529 ruere
447 501 488 528 ac
512 491 645 537 jacere,
665 496 700 528 et
720 498 884 530 mortuus
922 504 1003 531 esse
1031 496 1259 541 describitur,
1285 498 1368 544 quia

310 553 425 590 hostis
459 553 628 599 antiquus
659 553 725 589 sub
761 554 914 599 pedibus
945 555 1118 593 Ecclesiae
1162 564 1366 604 superatus,

309 618 510 661 prostratus
526 618 634 659 atque
649 614 826 650 contritus
849 625 928 651 esse
945 616 1179 663 dignoscitur,
1203 629 1284 654 cum
1304 630 1370 665 per

309 678 531 721 potestatem·
553 674 621 709 sibi
641 684 662 709 a
684 673 831 710 Christo
858 676 1038 721 collatam,
1075 688 1218 714 omnem
1243 680 1369 715 mortis

311 736 591 772 dominationem
627 736 804 772 vincendo
841 738 987 773 damnat
1024 745 1132 784 atque
1168 740 1367 776 conculcat.

310 796 411 833 Unde
429 797 465 831 in
483 796 616 832 Genesi
632 797 810 833 Dominus
842 798 886 834 de
914 799 1064 835 muliere
1097 800 1139 835 ad
1166 806 1370 845 serpentem

308 858 358 892 ait
375 870 382 891 :
401 857 483 903 Ipsa
501 863 652 893 conteret
669 864 773 905 caput
786 864 898 903 tuum,
914 865 945 894 et
967 865 1003 894 tu
1019 860 1240 895 insidiaberis
1259 859 1373 895 calca-

309 930 370 954 neo
386 919 460 964 ejus
488 917 594 966 (Gen.
616 919 693 966 ιιι).
727 920 818 956 Hinc
844 926 880 956 et
910 920 1076 957 Salvator
1111 922 1146 957 in
1178 921 1371 968 Evangelio

307 980 490 1025 discipulis
508 980 557 1015 ait
580 992 588 1015 ε
606 980 696 1015 Ecce
721 981 765 1016 do
781 981 874 1016 vobis
894 987 1098 1028 potestatem
1122 982 1281 1017 calcandi
1313 993 1373 1018 su-

306 1050 366 1085 per
383 1045 554 1085 serpentes
574 1046 605 1074 et
629 1041 840 1086 scorpiones,
867 1048 897 1077 et
923 1053 1026 1088 super
1042 1054 1177 1078 omnem
1211 1043 1372 1078 virtutem

306 1099 437 1134 inimici
455 1099 560 1142 (Luc.
581 1100 638 1146 x).
655 1100 756 1136 Jacet
774 1111 859 1146 ergo
885 1102 1063 1137 exanimis
1090 1112 1132 1137 ac
1154 1102 1372 1139 miserabilis

1434 328 1515 354 cum
1548 319 1685 355 cultum
1718 321 1976 357 daemoniorum
2007 321 2189 366 laudabat,
2225 334 2268 361 ac
2305 325 2386 362 ideo
2405 315 2509 365 huic&

1433 378 1541 414 matri
1565 379 1797 426 nequissimae
1812 381 1914 427 quasi
1933 381 2148 417 blandiendo
2165 381 2391 429 loquebatur,
2407 396 2451 422 cu

1433 439 1632 483 potentiam
1664 438 1838 475 salsorum
1867 441 2016 476 deorum
2049 451 2112 477 ore
2146 441 2301 480 nefando
2319 443 2513 489 mundum*-

1435 508 1561 543 regere
1597 499 1851 542 attestabatur,
1877 500 2038 535 omnium
2071 510 2196 548 regum
2229 503 2352 548 praelia
2387 507 2509 551 atque!

1434 563 1604 598 victorias
1625 571 1750 597 eorum
1782 562 1910 597 virtuti
1945 563 2161 608 ascribebat,
2191 567 2508 612 praesentiumque!

1435 633 1558 659 rerum
1588 621 1865 667 jucunditatem,
1900 623 2003 668 quasi
2035 623 2326 669 pulcherrimam,
2351 626 2494 663 illorum
2523 626 2540 671 *Ξ

1436 683 1565 718 honori
1587 682 1780 718 convenire
1794 682 1948 718 dicebat.
1970 683 2071 719 Unde
2099 684 2326 729 subsequitur
2344 685 2466 721 dicens
2484 697 2494 721 :
2526 680 2536 712 ἕ

1442 743 1560 778 Vestes
1575 744 1788 779 diversorum
1810 743 1964 779 colorum
1984 743 2114 780 Sisaroe
2134 747 2322 782 traduntur
2343 747 2388 782 ad
2407 759 2496 793 prce·
2527 747 2540 783 .”

1437 803 1532 845 dam,
1564 809 1595 837 et
1625 802 1779 849 supellea:
1813 804 1911 839 varia
1935 804 1981 839 ad
2014 806 2172 841 ornanda
2205 805 2296 841 cotta
2329 809 2495 853 conqertt.
2527 815 2540 842 ⁴.

1437 863 1565 899 Vestes
1584 863 1808 899 diversorum
1826 864 1985 900 colorum
2001 875 2192 910 possumus
2211 871 2422 902 ornamenta
2445 868 2500 903 in-
2530 874 2540 911 ²,

1440 922 1602 968 telligere
1622 923 1815 968 idolorum,
1848 924 1904 959 vel
1934 925 2096 960 carmina
2126 931 2326 972 poetarum,
2358 937 2437 971 quae
2455 926 2500 963 ad
2531 939 2533 942 ⁴

1439 984 1612 1019 honorem
1637 984 1787 1020 deorum
1821 996 1969 1021 suorum
2001 987 2153 1023 diversis
2191 988 2317 1024 metris
2351 989 2501 1034 gentiles

1440 1046 1701 1089 condiderunt;
1723 1051 1757 1081 et
1778 1047 2035 1092 supellectilem
2053 1049 2204 1091 variam,
2228 1050 2369 1085 diversa
2384 1049 2500 1086 officia

1440 1105 1612 1142 salsorum
1633 1107 1874 1150 sacerdotum,
1901 1117 1979 1152 quae
2008 1107 2112 1143 idolis
2132 1109 2206 1144 suis
2238 1109 2500 1145 studiosissime

308 1160 382 1205 ipse
419 1165 580 1195 vastator
616 1161 905 1197 nelandissimus
935 1167 1018 1198 ante
1055 1163 1164 1208 pedes
1192 1163 1367 1206 mulieris,
1389 1162 1420 1200 B
1439 1166 1704 1211 impendebant.
1728 1165 1798 1202 Sed
1831 1167 1908 1202 haec
1930 1167 2050 1202 omnia
2081 1167 2175 1203 sicut
2199 1167 2327 1203 frivola
2354 1169 2499 1204 suerunt

306 1231 389 1256 cum
406 1221 567 1266 quotidie
583 1231 649 1265 per
667 1221 789 1264 tidem,
807 1231 907 1266 spem
930 1233 971 1258 ae
985 1223 1196 1268 patientiam
1212 1224 1370 1260 fidelium

306 1282 556 1323 mortificatur,
585 1286 621 1317 et
639 1281 684 1315 ad
699 1287 902 1316 extremum
923 1282 1136 1318 absorbetur
1151 1284 1188 1318 in
1203 1285 1368 1320 victoria.

307 1341 466 1386 Neejam
483 1340 573 1375 ultra
592 1341 658 1375 erit
676 1352 783 1383 mors,
800 1353 907 1387 neque
925 1342 1053 1386 luctus,
1082 1354 1191 1389 neque
1225 1344 1370 1388 clamor,

305 1401 470 1447 quoniam
491 1401 609 1447 priora
630 1402 844 1436 transierunt
866 1401 997 1448 (Apoc.
1015 1402 1107 1449 xxl).

357 1461 427 1496 Per
447 1462 634 1506 fenestram
672 1462 884 1508 prospiciens
916 1461 1073 1497 ululabat
1097 1468 1207 1498 mater
1224 1463 1314 1509 ejus,
1341 1471 1372 1499 et

305 1523 347 1557 de
368 1521 543 1557 caenaculo
574 1522 790 1568 loquebatur.
828 1522 913 1566 Qucc
943 1528 997 1558 est
1017 1523 1113 1558 enim
1132 1529 1247 1558 mater
1265 1523 1372 1569 hujus

305 1582 478 1628 spiritalis
498 1582 652 1626 Sisarae,
684 1583 753 1619 hoc
779 1588 848 1625 est,
874 1584 1035 1619 omnium
1061 1584 1281 1629 iniquorum,
1302 1584 1372 1619 nisi

305 1645 472 1690 impietas
490 1655 569 1690 quae
584 1650 701 1681 mater
720 1650 828 1691 atque
845 1645 1027 1681 inventrix
1046 1651 1100 1682 est
1116 1646 1291 1682 univcrsae
1304 1646 1373 1682 ini-

306 1705 466 1752 quitatis.
491 1705 592 1741 Unde
610 1706 647 1741 in
663 1705 754 1741 libro
775 1705 857 1741 lesu
875 1705 937 1740 tilii
954 1705 1081 1742 Sirach
1100 1706 1274 1751 seriptum
1287 1711 1343 1742 est
1361 1719 1368 1742 ε

306 1765 452 1800 Initium
470 1766 641 1811 sapei-hice
661 1766 810 1801 hominis
837 1773 1035 1812 apostatare
1050 1778 1071 1802 a
1100 1767 1187 1809 Deo,
1206 1767 1371 1813 qnoniam

306 1826 347 1861 ab
383 1837 422 1860 eo
452 1827 510 1872 qui
546 1826 628 1872 fecit
663 1826 776 1870 illum,
814 1828 951 1863 recessit
977 1839 1036 1863 cor
1056 1828 1132 1874 ejus
1165 1827 1297 1875 (Eccle.
1316 1827 1368 1875 x).

307 1886 408 1922 Dolet
426 1887 523 1922 enim
540 1897 583 1923 ae
601 1888 868 1933 quodammodo
886 1889 1000 1925 ululat
1016 1889 1094 1925 haec
1114 1895 1230 1925 mater
1245 1890 1279 1924 in
1293 1900 1373 1925 cor-

306 1947 409 1982 dibus
428 1947 634 1993 impiorum,
655 1959 735 1984 cum
758 1948 912 1985 deficere
938 1949 1178 1985 idololatriam
1198 1960 1261 1995 per
1278 1960 1372 1995 prae-

304 2008 522 2043 dicationem
542 2009 725 2056 Evangelii
744 2010 779 2044 in
804 2014 878 2046 toto
899 2010 985 2045 orbe
1012 2010 1229 2053 considerat,
1248 2020 1290 2044 ac
1305 2020 1372 2055 per

1439 1225 1475 1260 in
1496 1226 1746 1269 aestimatione,
1778 1226 1829 1261 sic
1850 1227 1958 1260 etiam
1980 1227 2098 1271 turpia
2122 1228 2343 1272 apparebant
2370 1231 2408 1263 in
2437 1240 2500 1265 ac-

1441 1287 1548 1322 tione.
1583 1287 1686 1322 Unde
1716 1286 1879 1321 Debbora
1914 1287 2085 1332 spiritalis
2122 1289 2300 1324 canticum
2337 1301 2440 1326 suum
2460 1291 2503 1326 fi-

1440 1347 1584 1388 niendo,
1607 1346 1656 1380 ita
1677 1346 1866 1389 conclusit,
1890 1346 2013 1383 dicens
2032 1360 2039 1381 t
2063 1346 2120 1383 Sic
2136 1355 2277 1394 pereant
2298 1361 2415 1386 omnes
2433 1352 2502 1387 ini-

1439 1404 1520 1438 mici
1540 1405 1603 1447 tui,
1620 1404 1793 1447 Domine;
1821 1405 1881 1451 qui
1914 1412 2029 1440 autent
2047 1406 2197 1453 diliqunt
2226 1414 2272 1451 te,
2293 1410 2381 1444 sicut
2396 1409 2449 1445 sol
2464 1411 2502 1446 in

1441 1471 1517 1500 ortu
1536 1477 1599 1500 suo
1625 1466 1791 1512 splendet,
1821 1468 1871 1502 ita
1902 1466 2055 1502 rutilent.
2093 1467 2235 1504 Perient
2261 1476 2457 1515 peccatores
2477 1482 2500 1507 a

1442 1526 1531 1572 facie
1550 1526 1614 1561 Dei
1639 1533 1671 1562 et
1688 1528 1777 1573 justi
1804 1528 2024 1564 exsultabunt
2042 1530 2079 1564 in
2110 1537 2291 1576 conspectu
2311 1531 2389 1575 Dei,
2406 1533 2503 1569 dele·
2535 1570 2537 1572 ,

1441 1593 1570 1622 clantes
1596 1589 1632 1623 in
1651 1588 1786 1623 lanitia.
1818 1589 1919 1632 Quod
1949 1595 2067 1625 autem
2100 1591 2174 1625 ait:
2209 1590 2277 1634 Qui
2305 1591 2454 1638 diligunt
2471 1598 2504 1630 te

1441 1649 1529 1683 sieut
1545 1648 1596 1683 sol
1619 1649 1655 1683 in
1670 1654 1748 1683 ortu
1762 1660 1824 1685 suo
1841 1649 2008 1696 splendet,
2028 1651 2077 1685 ita
2097 1650 2252 1695 rutilent,
2280 1653 2337 1687 vel
2367 1654 2504 1698 tropice

1441 1721 1484 1746 ex
1510 1711 1797 1756 splendidissimo
1828 1711 2003 1747 elemento
2018 1712 2169 1758 gloriam
2197 1713 2390 1748 maximam
2421 1724 2504 1750 san-

1441 1777 1579 1809 ctorum
1614 1773 1649 1807 in
1685 1772 1786 1807 coelis
1817 1782 1882 1818 per
1912 1772 2218 1818 comparationem
2250 1773 2501 1819 demonstrat;

1440 1834 1496 1869 vel
1534 1834 1729 1869 seeundum
1766 1834 1978 1880 mysterium
2023 1833 2292 1870 similitudinem
2331 1835 2498 1870 incorru-

1441 1896 1573 1941 ptionis
1591 1895 1827 1931 humanitatis
1846 1895 1992 1938 Christi,
2014 1895 2075 1941 qui
2101 1894 2154 1930 sol
2179 1895 2329 1941 justitiet
2347 1896 2504 1942 appella-

1440 1963 1499 1992 tur
1525 1956 1668 2003 (Mattlz.
1688 1955 1752 2003 iv),
1793 1956 1928 1992 sanctis
1965 1956 2002 1991 in
2037 1955 2156 1991 sutura
2189 1956 2264 1991 vita
2293 1956 2502 2002 promittit;

1440 2017 1533 2051 unde
1551 2015 1707 2052 Joannes
1727 2016 1909 2061 apostolus
1930 2016 1965 2050 in
1988 2015 2145 2060 Epistola
2165 2026 2228 2051 sua
2257 2015 2301 2051 ad
2317 2015 2503 2051 credentes

304 2070 500 2105 fenestram
529 2076 637 2116 atque
654 2072 882 2108 coenaeulum
902 2072 1017 2108 fastus
1037 2072 1208 2108 mundani
1229 2073 1368 2117 prospi-
1390 2072 1418 2112 C
1441 2075 1601 2111 scribens
1617 2076 1684 2110 ait:
1707 2073 1926 2117 Clzarissimi,
1949 2085 2039 2109 nunc
2057 2074 2123 2118 filii
2139 2075 2204 2109 Dei
2220 2085 2352 2117 sumus,
2370 2080 2401 2109 et
2417 2085 2504 2110 non-

305 2131 419 2174 ciens,
441 2132 559 2168 taliter
590 2133 771 2178 loquitur:
805 2133 877 2168 Cur
903 2140 1062 2168 moratur
1087 2133 1222 2179 remedi
1248 2144 1372 2167 currus

305 2191 408 2237 ejus?
434 2202 542 2237 quare
570 2192 795 2227 tardaverunt
826 2193 928 2239 pedes
957 2194 1209 2239 quadrigarum
1243 2192 1373 2227 illius?

305 2251 399 2295 Quid
416 2258 499 2287 sunt
530 2253 713 2299 quadrigae
731 2259 767 2289 et
796 2264 922 2289 currus
941 2253 1088 2296 diaboli,
1109 2253 1177 2288 nisi
1207 2253 1372 2288 homines

306 2312 457 2347 diversis
477 2312 662 2347 erroribus
684 2317 791 2358 atque
810 2312 907 2348 vitiis
929 2313 1068 2347 dediti?
1085 2312 1256 2357 Princeps
1277 2314 1372 2349 enim

304 2373 441 2416 mundi,
463 2373 523 2418 qui
553 2378 680 2419 regnat
714 2383 822 2419 super
851 2373 1039 2409 universos
1069 2373 1161 2409 filios
1182 2374 1368 2419 superbiae,

304 2435 401 2471 velut
429 2435 672 2480 potentiorum
710 2436 747 2471 in
780 2436 918 2471 malitia
955 2441 990 2470 et
1021 2445 1171 2482 regnum
1203 2435 1372 2481 nequiticc

306 2503 430 2533 tenens
453 2496 646 2543 quadrigas
680 2497 768 2543 agit.
798 2496 878 2532 Nou
897 2496 947 2532 illi
986 2497 1075 2532 satis
1108 2502 1162 2532 est
1191 2497 1254 2532 uni
1279 2506 1372 2542 equo

306 2558 514 2601 ascendere,
545 2557 720 2603 plurimos
751 2558 858 2594 simul
892 2558 1016 2603 agitat,
1056 2557 1232 2603 plurimos
1265 2556 1372 2593 simul

305 2618 419 2665 plagis
439 2618 542 2654 tortis
560 2618 721 2655 verberis
755 2619 864 2665 cogit.
903 2618 1143 2664 Quoscunque
1173 2618 1306 2654 videris
1336 2618 1371 2653 in

308 2680 450 2715 luxu-ria
472 2681 667 2726 turpiores,
689 2681 723 2715 in
746 2680 997 2716 incredulitate
1028 2679 1208 2721 saeviores,
1230 2679 1268 2714 iu
1289 2689 1372 2715 ava-

307 2739 391 2775 ritia
424 2739 605 2781 tetriores,
629 2740 664 2774 in
685 2741 870 2786 impietate
899 2740 1164 2786 flagitiosiores,
1193 2740 1283 2776 scito
1303 2740 1371 2775 hoc

307 2801 351 2836 de
369 2799 552 2845 quadrigis
572 2808 650 2834 esse
665 2799 877 2843 Pharaonis,
899 2800 986 2846 ipsis
1005 2801 1117 2843 sedet,
1140 2800 1235 2846 ipsos
1251 2800 1371 2835 currui

307 2871 371 2897 suo
386 2860 580 2906 subjungit,
601 2861 636 2896 in
653 2860 740 2906 ipsis
754 2860 868 2895 fertur
881 2865 917 2895 et
931 2860 1069 2903 volitat,
1086 2865 1123 2896 et
1135 2869 1200 2905 per
1228 2863 1371 2905 apertos

308 2924 487 2959 scelerum
509 2932 657 2968 campos
678 2921 800 2958 effusis
818 2931 880 2958 eos
902 2922 975 2968 agit
992 2922 1156 2957 habenis.

360 2981 439 3016 [lna
471 2982 662 3027 sapientior
682 2983 816 3016 coeteris
850 2981 1017 3016 umoribus
1050 2981 1126 3026 ejus
1156 2982 1229 3016 ltoec
1257 2981 1372 3016 socrui

307 3040 411 3075 rerba
428 3039 601 3085 respondit
617 3049 628 3073 :
645 3038 814 3074 Forsitan
843 3051 934 3073 nunc
959 3039 1080 3074 dividit
1096 3039 1222 3085 spolia,
1239 3046 1271 3075 et
1295 3040 1373 3086 pul-

309 3101 480 3136 cherrima
501 3099 712 3145 seminarum
741 3099 881 3145 eliqitur
908 3100 951 3134 ei.
977 3099 1141 3135 Diximus
1169 3110 1276 3146 supra
1301 3101 1370 3135 im-

309 3162 493 3206 pietatem,
513 3170 593 3206 quae
615 3160 857 3196 idololatriam
877 3160 1033 3205 primum
1047 3160 1198 3203 invenit,
1219 3166 1370 3196 matrem

309 3231 389 3257 esse
419 3220 549 3256 Sisarae
569 3218 674 3265 hujus
691 3219 876 3266 spiritalis,
903 3220 988 3266 quia
1008 3220 1169 3255 membra
1194 3220 1285 3265 ejus,
1305 3222 1372 3257 hoc

309 3286 379 3324 est,
400 3281 528 3326 impios
551 3285 588 3316 et
607 3284 819 3327 peccatores
839 3280 876 3315 in
896 3279 1006 3315 variis
1035 3279 1231 3315 sceleribus
1257 3281 1372 3315 nutrit

312 3352 353 3377 ac
372 3341 480 3378 fovet.
506 3341 609 3378 Nunc
636 3352 722 3377 vero
751 3341 834 3387 quia
863 3351 954 3377 uxor
974 3340 1050 3386 ejus
1067 3340 1125 3376 hic
1154 3350 1372 3376 commemo-

312 3404 412 3435 ratur
441 3399 638 3444 sapientior
672 3398 824 3442 eaeteris‚
857 3398 950 3433 hanc
984 3406 1056 3433 non
1075 3397 1373 3433 inconvenienter

313 3461 531 3496 mundanam
547 3459 759 3505 sapientiam
776 3459 938 3505 accipere
950 3467 1155 3505 possumus.
1176 3456 1265 3493 Nam
1280 3458 1371 3494 sicut

314 3520 358 3555 de
374 3519 550 3564 sapientia
568 3519 687 3554 divina
705 3530 725 3554 a
741 3518 934 3555 Salomone
953 3518 1094 3554 dicente
1108 3517 1280 3563 scriptum
1295 3523 1369 3554 est:

315 3579 350 3615 H
353 3591 419 3615 anc
429 3581 543 3615 amavi
549 3607 558 3623 ,
570 3585 602 3615 et
611 3580 780 3628 exquisivi
790 3591 866 3616 eam
876 3579 1078 3626 ajuventute
1090 3589 1180 3623 mea,
1190 3583 1222 3614 et
1231 3578 1373 3625 quoestvi

315 3650 477 3686 sponsam
495 3650 684 3685 assumere,
699 3644 732 3676 et
751 3645 888 3675 amator
911 3638 1027 3686 sactus
1043 3649 1122 3674 sum
1135 3638 1260 3685 sormae
1273 3637 1371 3673 illius

317 3699 416 3748 (Sap.
434 3700 512 3749 vm)
530 3714 538 3737 :
574 3702 624 3738 ita
646 3705 684 3738 et
713 3700 900 3748 gentilium
929 3699 1076 3736 solertia
1108 3698 1372 3745 philosophiam

319 3762 536 3799 mundanam
553 3763 748 3811 praeposuit
771 3762 899 3811 opibus
915 3761 1070 3799 terrenis
1095 3770 1139 3798 ac
1158 3760 1267 3798 rebus
1291 3758 1372 3798 uni-

1389 2969 1424 3008 D
1441 2977 1514 3009 tem
1538 2973 1670 3008 dicitur
1691 2978 1802 3016 terra,
1826 2973 1895 3008 hoc
1915 2977 1984 3014 est,
2004 2970 2041 3006 hi
2072 2970 2134 3016 qui
2155 2969 2319 3005 habitant
2347 2974 2497 3012 terram,

1441 2137 1523 2171 dum
1541 2137 1700 2182 apparuit
1720 2135 1802 2182 quid
1826 2136 1967 2170 erimus.
1991 2134 2129 2170 Scimus
2157 2135 2322 2180 quonium
2347 2146 2424 2169 cum
2441 2146 2504 2180 ap-

1439 2199 1609 2244 paruerit,
1628 2198 1756 2233 similes
1788 2198 1819 2232 ei
1835 2199 1976 2240 erimus,
1996 2198 2163 2243 quoniam
2197 2196 2388 2232 videbimus
2406 2207 2502 2241 eum,

1440 2257 1542 2292 sicuti
1561 2263 1611 2292 est
1633 2256 1667 2303 (Ι
1685 2256 1793 2292 Joan.
1813 2255 1883 2303 111).

1842 2317 1994 2354 CAPUT
2013 2317 2106 2354 XIV.

1442 2378 1542 2422 Quod
1560 2378 1625 2424 filu
1641 2378 1754 2414 Israel
1786 2379 1907 2414 traditi
1935 2384 2015 2413 sunt
2034 2383 2174 2425 propter
2201 2382 2343 2431 peccata
2370 2389 2435 2413 sua
2464 2377 2502 2413 in

1461 2437 1584 2461 ntanus
1602 2426 1748 2461 Madian
1771 2432 1897 2471 septem
1917 2426 2038 2468 (trinis,
2057 2431 2088 2460 et
2103 2425 2255 2472 oppressi
2271 2430 2351 2459 sunt
2365 2424 2476 2459 valde.

1488 2485 1528 2532 (C
1532 2498 1586 2521 tr.
1612 2497 1661 2521 v.1
1667 2484 1678 2532 )
1698 2485 1891 2531 Postquam
1923 2485 2103 2520 canticum
2136 2484 2222 2520 illud
2250 2484 2501 2530 propheticum
2539 2498 2540 2502 ¹

1440 2547 1614 2582 Debborae
1630 2550 1666 2581 et
1686 2545 1825 2581 Barach
1858 2545 2040 2590 expletum
2071 2549 2139 2588 est,
2163 2544 2317 2590 scriptor
2340 2544 2501 2580 historiae
2539 2553 2540 2591 ᾗ

1442 2607 1485 2642 ad
1503 2607 1665 2643 ordinem
1696 2606 1912 2642 narrationis
1945 2616 2018 2642 suae
2056 2606 2162 2648 redit,
2196 2610 2302 2650 atque
2319 2605 2371 2641 rei
2391 2610 2500 2653 gestae
2539 2613 2540 2635 1

1441 2669 1540 2714 cupit
1555 2668 1744 2703 ostendere
1758 2667 2025 2710 veritatem‚ita
2043 2667 2166 2702 dicens
2184 2676 2192 2700 :
2211 2665 2413 2712 Quievitque
2433 2672 2501 2701 ter-

1441 2740 1480 2764 ra
1501 2740 1561 2775 per
1577 2728 1811 2775 quadraqinta
1830 2739 1953 2763 annos.
1981 2726 2013 2761 F
2016 2732 2154 2762 ecerunt
2170 2732 2286 2762 autem
2303 2726 2368 2771 filii
2387 2725 2500 2762 Israel

1440 2790 1572 2825 malum
1585 2791 1621 2825 in
1645 2796 1827 2836 conspectu
1852 2789 2009 2832 Domini,
2029 2789 2088 2835 qui
2103 2788 2247 2823 tradidit
2264 2798 2320 2822 eos
2341 2788 2376 2822 in
2393 2798 2499 2822 manu

1441 2849 1588 2885 Madian
1607 2856 1733 2896 septem
1759 2851 1874 2893 annis,
1904 2855 1936 2885 et
1962 2850 2114 2896 oppressi
2132 2854 2212 2884 sunt
2239 2847 2336 2882 valde
2365 2847 2407 2882 ab
2435 2849 2498 2883 eis.

1441 2913 1601 2957 Quiescit
1620 2919 1730 2956 terra,
1751 2913 1864 2949 donec
1884 2912 2038 2958 quiescit
2058 2915 2260 2957 peccatum.
2283 2908 2419 2944 Moveri
2437 2919 2500 2944 au-

1440 3046 1522 3072 cum
1555 3035 1694 3071 animas
1725 3035 1911 3071 hominum
1937 3042 2080 3069 movere
2098 3031 2274 3077 coeperint
2292 3035 2327 3066 ct
2359 3036 2500 3076 pertur—

1439 3097 1526 3132 hare
1541 3101 1701 3142 peccata.
1731 3096 1777 3130 Et
1796 3095 1875 3131 ideo
1894 3095 2067 3139 scriptum
2093 3097 2148 3128 est
2174 3092 2256 3134 hoc,
2284 3093 2378 3136 quod
2404 3099 2500 3126 nunc

1440 3167 1600 3203 praesens
1620 3157 1726 3193 lectio
1751 3157 1922 3199 continet,
1941 3161 1974 3190 et
1991 3155 2131 3201 quievit,
2157 3153 2287 3198 inquit,
2307 3159 2398 3187 terra
2413 3164 2499 3198 qua-

1441 3218 1603 3263 draqinta
1630 3218 1744 3252 annis.
1775 3217 1821 3251 Et
1851 3216 2004 3261 fecerunt
2031 3214 2097 3255 filii
2119 3213 2232 3248 Israel
2249 3211 2440 3257 maliqnum
2462 3213 2499 3247 in
2532 3216 2534 3218 ’

1441 3282 1622 3321 conspectu
1645 3276 1801 3317 Domini,
1834 3281 1865 3309 et
1899 3274 2044 3309 tradidit
2062 3283 2118 3307 eos
2146 3272 2316 3306 Dominus
2335 3272 2373 3306 in
2390 3282 2498 3307 'nanu

1442 3335 1589 3370 Madian
1607 3336 1707 3370 annis
1725 3340 1866 3379 septem.
1889 3333 1936 3367 Et
1952 3331 2097 3367 invaluit
2123 3342 2247 3366 manus
2267 3330 2415 3367 Madian
2437 3343 2498 3367 su-

1441 3406 1501 3442 per
1520 3394 1645 3430 Israel.
1677 3394 1768 3430 Dum
1785 3399 1881 3429 esset
1910 3402 1996 3439 ergo
2019 3391 2161 3439 justitia
2181 3391 2218 3427 in
2240 3397 2352 3435 terra,
2370 3392 2408 3428 id
2426 3396 2494 3437 est,
2517 3417 2531 3444 ἄ

1442 3455 1479 3490 in
1497 3455 1554 3491 his
1571 3455 1631 3500 qui
1660 3454 1824 3489 habitant
1846 3458 1994 3495 terram,
2023 3452 2201 3498 quievisse
2223 3451 2355 3487 dicitur
2382 3457 2493 3490 terra.
2520 3464 2522 3467 ’

1441 3513 1529 3550 Cum
1548 3525 1634 3551 vero
1664 3514 1816 3550 increvit.
1845 3513 2029 3559 iniquitas,
2055 3518 2087 3548 et
2121 3513 2274 3557 fecerunt
2303 3510 2498 3558 malignum

1439 3579 1476 3615 in
1489 3584 1670 3626 conspectu
1685 3577 1840 3621 Domini,
1856 3583 1937 3612 tunc
1958 3577 2100 3612 tradidit
2119 3586 2190 3618 eos,
2219 3574 2349 3621 inquit,
2367 3564 2506 3622 Domi-{4

1440 3650 1505 3675 nus
1523 3640 1560 3675 in
1576 3649 1700 3676 manus
1713 3637 1862 3674 Madian
1875 3638 1976 3674 annis
1995 3643 2136 3685 septem.
2163 3635 2236 3673 Nec
2256 3637 2450 3674 dicunturi

1437 3700 1594 3736 valuisse
1623 3699 1826 3736 Madianitae
1856 3709 1964 3746 super
1991 3699 2160 3746 populum
2194 3698 2350 3743 Domini,
2379 3698 2450 3736 don

1437 3759 1616 3819 praecepta
1634 3759 1777 3797 Domini
1798 3759 1952 3807 populus
1969 3757 2173 3798 custodivit.
2199 3758 2291 3796 Cum
2315 3768 2402 3797 vero
