2540 4016
253 234 320 274 143
683 223 723 259 Β.
752 215 922 256 RABANI
948 207 1096 248 munt
1123 201 1340 241 AttctltEP.
1370 197 1578 236 MOGUNT.
1607 192 1800 233 OPERUM
1827 188 1947 229 PARS
1972 187 2000 224 1.
2363 182 2435 221 Νι

255 314 382 355 cientis
404 305 660 347 adhaerebant,
679 299 750 336 duo
776 300 895 332 autem
933 288 994 324 alii
1028 288 1112 331 post
1144 288 1308 317 resurre-
1326 279 1360 318 Α
1378 274 1492 311 voluit
1509 282 1656 309 auream
1676 275 1829 313 tantam,
1848 272 2021 314 quantam
2049 272 2170 300 arcam
2198 267 2323 308 tegere
2340 258 2437 296 suffi-

255 377 412 414 ctionem
447 364 766 406 ascensionemque
794 354 871 400 ejus
895 349 940 385 ad
968 345 1102 386 coelos,
1129 341 1174 377 ad
1195 339 1304 404 tidem

256 435 334 479 eius
363 430 561 467 venerunt;
596 419 651 457 vel
675 416 760 462 quia
787 414 823 447 in
849 409 963 454 figura
979 406 1143 470 'quatuor
1168 406 1307 465 anima-

255 494 359 534 lium,
379 490 449 527 duo
473 485 533 532 qui
569 489 633 528 per
665 473 848 512 hominem
884 471 920 502 et
954 461 1106 499 vitulum
1129 459 1309 504 designati

258 559 356 596 sunt,
372 545 550 597 passionis
585 545 621 576 et
648 535 776 574 mortis
799 530 876 576 ejus
903 525 1035 564 indicia
1055 520 1308 585 praetulerunt,

259 616 330 652 dito
349 619 435 647 vero
459 605 510 642 itti
530 602 590 649 qui
615 608 680 645 per
698 596 839 631 leonem
855 595 892 626 et
912 586 1072 634 aquilam
1089 581 1312 630 praefigurati

259 678 358 715 sunt,
378 662 535 704 victoria:
564 669 643 706 quae
663 660 814 692 mortem
835 647 1030 689 destruxit,
1061 641 1218 689 insignia
1251 638 1314 674 de-

259 729 518 771 monstrarunt.
534 721 623 757 Nam
638 715 740 764 quasi
759 714 887 749 laevum
910 709 1006 744 latus
1022 713 1116 741 arcae
1135 702 1225 738 duos
1250 698 1317 736 ha-

259 795 338 833 buit
366 787 535 829 circulos,
555 792 637 820 cum
668 775 899 822 evangelista:
931 771 1003 807 duo
1027 762 1316 803 incarnationem

262 852 403 894 Domini
440 858 482 885 ac
523 843 724 892 passionem
761 836 973 882 figurarent.
1009 827 1185 865 Similiter
1214 819 1318 856 lateri

265 918 414 953 dextero
432 911 503 947 duo
526 908 665 943 inerant
684 898 822 939 circnb,
840 895 922 942 quia
945 901 1046 938 acque
1074 889 1143 924 duo
1170 891 1322 926 cvange-

265 980 357 1015 listae
376 968 678 1011 resurrectionem
694 970 801 1008 atque
818 955 1065 995 ascensionem
1081 947 1170 993 ejus,
1182 953 1263 990 quoe
1277 941 1321 977 ad

267 1041 396 1075 suturae
415 1033 564 1083 gloriam
579 1029 661 1065 vitre
671 1024 868 1072 pertinent,
889 1015 1084 1063 figuraliter
1103 1009 1321 1054 exprimunt.

270 1098 395 1135 Facies
414 1103 546 1142 quoque
563 1095 672 1125 vectes
687 1085 728 1120 de
744 1081 846 1128 liquis
863 1078 1000 1117 sethim,
1013 1082 1042 1110 et
1060 1071 1191 1118 operies
1209 1078 1295 1103 auro
1313 1077 1325 1102 .·

270 1160 478 1202 inducesque
498 1163 557 1199 per
574 1147 737 1187 circulos,
753 1144 811 1190 qni
830 1145 908 1177 sunt
932 1140 966 1173 in
987 1134 1152 1171 lateribus
1180 1137 1216 1165 at
1246 1139 1327 1175 por-

1375 342 1487 372 ceret.
1510 333 1615 378 Quod
1627 331 1793 368 videlicet
1816 326 2110 376 propitiatorium
2124 333 2196 360 non
2209 321 2304 358 aliud
2324 329 2438 367 qnam

1375 396 1568 434 Dominum
1594 393 1835 434 Salvatorem,
1855 390 1919 428 sed
1939 387 2132 435 specialius
2154 386 2190 421 in
2221 394 2268 420 eo
2293 383 2438 419 viscera

1376 456 1522 503 pietatis
1541 454 1735 501 designat:
1772 453 1817 489 de
1851 461 1924 498 quo
1959 449 2048 486 dicit
2080 445 2302 493 Apostolus:
2325 444 2438 486 Quem

1378 515 1557 564 proposuit
1577 514 1671 551 Deus
1691 512 1973 561 propitiationem
1989 520 2051 556 per
2068 507 2194 554 fidem,
2210 506 2248 540 in
2271 501 2443 548 sanquine

1379 576 1489 622 ipsius
1506 574 1540 622 (1
1563 572 1760 620 Joan.1v).
1796 571 1886 607 Nam
1909 577 1948 607 et
1978 569 2059 604 ideo
2089 568 2245 612 desuper
2280 563 2442 611 ponitur,

1381 635 1468 682 quia
1495 633 1741 680 superexaltat
1774 629 2025 668 misericordia
2053 627 2243 673 iudicium.
2282 625 2384 662 Unde
2407 629 2447 660 et

1383 695 1577 732 Psalmista
1605 706 1614 729 :
1652 692 1794 735 Suavis,
1822 691 1957 737 inquit,
1989 689 2160 725 Dominus
2193 686 2385 728 universis,
2413 690 2448 720 ee

1385 757 1628 793 miserationes
1640 755 1717 800 ejus
1729 752 1960 799 superomnia
1975 761 2080 797 opera
2094 750 2171 795 ejus
2187 745 2448 794 (thcxuv).

1435 818 1534 853 Duos
1553 825 1690 862 qaoque
1710 812 1877 848 cherubin
1905 821 2030 846 aureos
2056 816 2089 844 et
2109 806 2322 855 productiles
2341 806 2452 854 facies

1389 890 1432 915 ex
1451 884 1598 924 utraque
1615 881 1714 922 parte
1740 872 1890 909 oraculi.
1923 870 2063 907 cherub
2092 880 2184 905 unus
2211 869 2255 904 sit
2281 869 2318 903 in
2343 867 2454 903 latere

1390 951 1482 983 uno,
1500 946 1531 974 et
1553 938 1642 973 alter
1660 938 1696 972 in
1729 935 1854 970 altero.
1884 932 2077 978 Utrumque
2104 930 2198 966 latus
2218 928 2457 976 propitiatorii

1392 1007 1535 1047 teqant,
1559 998 1794 1046 expandentes
1828 995 1918 1040 alas,
1946 1001 1979 1031 et
2014 994 2206 1041 operientes
2238 990 2420 1028 oraculum
2443 1000 2457 1026 .·

1394 1061 1651 1107 respiciantque
1666 1070 1702 1095 se
1719 1064 1841 1094 mutuo
1862 1057 1969 1096 versis
2000 1055 2155 1091 vultibus
2183 1055 2220 1089 in
2250 1052 2462 1100 propitiato-

1395 1123 1488 1158 rium
1505 1133 1572 1168 qao
1598 1119 1786 1167 operienda
1814 1125 1863 1154 est
1890 1129 1973 1154 arca
1996 1126 2008 1151 .·
2028 1117 2065 1152 in
2090 1127 2160 1162 qua
2186 1125 2291 1161 pones
2306 1113 2461 1148 testimo-

274 1228 366 1258 tetur
383 1219 418 1254 in
435 1216 508 1252 cis:
527 1213 586 1259 qui
606 1218 738 1254 semper
753 1210 851 1241 erunt
874 1203 909 1237 in
925 1198 1063 1235 circulis
1076 1205 1086 1229 :
1099 1206 1159 1229 nec
1177 1200 1329 1238 unquam
1348 1184 1380 1223 B
1400 1184 1496 1219 nium
1521 1182 1614 1230 qaod
1649 1181 1739 1216 dabo
1767 1180 1842 1215 tibi.
1870 1178 2052 1215 Cherubin
2073 1187 2205 1213 nomen
2229 1185 2309 1211 esse
2328 1173 2464 1220 angeli-

276 1280 503 1319 extrahentur
521 1274 562 1310 ab
584 1272 647 1307 eis.
667 1267 796 1303 Vectes
813 1263 942 1309 quibus
961 1268 1045 1294 arca
1064 1259 1228 1302 portatur
1250 1259 1328 1285 san-

279 1341 326 1378 cti
347 1344 429 1375 sunt
447 1336 624 1371 doctores,
645 1328 705 1374 qui
721 1316 909 1362 Dominum
925 1315 1167 1366 praefficando,
1186 1311 1329 1347 audien-

277 1402 368 1437 tium
389 1396 555 1434 cordibus
579 1390 749 1426 inferunt.
771 1384 837 1429 Qui
858 1381 1024 1417 videlicet
1047 1383 1171 1412 vectes
1190 1380 1332 1417 semper

279 1471 360 1499 esse
373 1460 542 1506 jubentur
563 1453 598 1488 in
618 1448 776 1489 circulis,
796 1445 855 1491 qui
877 1442 1049 1479 nimirum
1072 1444 1221 1474 necesse
1252 1438 1329 1474 est,

279 1528 318 1558 ut
335 1520 539 1567 quicunque
568 1512 648 1548 aliis
675 1506 835 1545 coelestia
868 1506 1092 1540 sacramenta
1120 1495 1332 1543 praedicant,

282 1589 465 1627 mmquam
484 1576 552 1622 ipsi
578 1578 734 1610 mentem
757 1579 776 1604 a
792 1565 966 1603 memoria
986 1571 1103 1617 sacra:¹
1121 1557 1334 1602 Scripturae,

284 1649 467 1686 nunquam
484 1645 612 1672 manus
630 1644 651 1669 a
674 1631 878 1666 divinorum
903 1621 1131 1660 observantia
1150 1616 1337 1654 mandato-

287 1711 380 1742 rum,
402 1697 618 1734 contineant.
635 1692 731 1726 Bene
749 1693 868 1724 autem
894 1683 1056 1729 sequitur
1075 1692 1082 1714 z
1107 1678 1286 1721 Ponesqne
1302 1674 1339 1708 in

291 1770 409 1796 arcam
446 1753 723 1800 testificationem
746 1757 850 1795 qaam
876 1744 965 1780 dabo
988 1742 1063 1777 tibi.
1091 1739 1180 1784 Quia
1202 1736 1261 1772 illa
1280 1744 1339 1770 so-

290 1818 471 1857 lummodo
490 1816 534 1852 dc
553 1811 798 1850 incarnatione
816 1807 896 1843 Filii
916 1805 980 1841 Dei
996 1802 1108 1849 loqui,
1133 1805 1169 1836 ct
1193 1797 1343 1834 credere

293 1882 478 1921 debemus,
495 1886 573 1923 quae
593 1874 694 1911 nobis
712 1873 787 1918 ipse
806 1869 980 1905 Dominus
1003 1875 1067 1912 per
1098 1868 1265 1899 auctores
1285 1868 1345 1894 sa-

296 1953 365 1979 crm
395 1940 590 1985 Scripturae
617 1934 779 1971 revelare
806 1932 974 1975 dignatus
1006 1931 1073 1960 est.
1105 1923 1143 1959 Si
1169 1922 1223 1956 vis
1252 1919 1346 1955 scire

295 2012 374 2049 quae
390 2001 436 2037 sit
455 1999 513 2034 illa
534 1994 753 2034 testificatio,
771 2000 879 2036 quam
899 1989 934 2023 in
961 1995 1083 2021 arcam
1103 1981 1306 2028 ponendam
1327 1989 1347 2013 a

295 2062 448 2099 Domino
466 2058 606 2103 Moyses
623 2053 773 2098 acecpit,
794 2048 1002 2095 Apostolum
1020 2044 1101 2080 audi
1122 2056 1129 2078 :
1151 2041 1235 2076 Post
1257 2039 1348 2075 vela-

297 2128 450 2158 mentum
465 2124 593 2156 autem,
612 2114 744 2160 iuquit,
760 2109 948 2147 secandum
969 2104 1232 2142 tabernaculum
1257 2100 1349 2148 quod

299 2181 429 2215 dicitur
441 2183 563 2213 sancta
583 2180 798 2214 sanctorum,
817 2179 960 2205 auream
975 2167 1103 2202 habens
1122 2162 1351 2205 thuribulam,

301 2247 333 2275 el
353 2248 471 2274 arcam
497 2233 707 2275 testamenti,
723 2232 980 2266 circumtectam
997 2237 1038 2261 ex
1064 2225 1155 2259 omni
1178 2228 1274 2269 parte
1292 2231 1356 2255 au-

305 2311 343 2335 ro
360 2308 372 2332 .·
391 2299 425 2332 in
443 2308 510 2343 qua
531 2306 619 2331 urna
637 2303 744 2328 aurea
761 2290 889 2325 habens
907 2298 1050 2328 titanum,
1073 2292 1103 2319 et
1127 2285 1221 2329 virya
1238 2281 1357 2315 Aaron

304 2368 382 2404 qaae
396 2355 654 2402 sro11dnerat,ct
670 2350 799 2387 tabalce
819 2347 1012 2384 testamenti
1038 2343 1162 2391 (Ναὸν.
1180 2341 1246 2389 lx).
1260 2340 1357 2377 Urna

306 2426 392 2462 ergo
411 2424 520 2450 aurea
536 2414 572 2449 in
592 2422 676 2448 arca
697 2411 834 2447 babens
855 2417 1001 2448 manna,
1021 2405 1141 2440 anima
1161 2408 1215 2438 est
1233 2406 1358 2438 sancta

308 2477 344 2511 iu
368 2475 527 2516 Christo,
546 2473 683 2508 habeus
701 2471 735 2505 in
757 2480 796 2505 se
813 2477 955 2504 omnem
986 2464 1244 2511 plenitudinem
1269 2461 1360 2496 divi-

310 2536 445 2572 nitatis.
469 2534 574 2580 virga
588 2533 707 2568 Aaron
722 2530 935 2576 quaecxcisa
956 2527 1179 2568 fronduerat,
1199 2529 1360 2571 potestas

311 2603 366 2631 est
382 2595 511 2630 invicta
528 2591 720 2628 sacerdotii
741 2589 850 2631 illins,
872 2589 914 2623 de
937 2598 1007 2633 qua
1026 2586 1114 2621 dicit
1139 2584 1319 2630 Propheta
1348 2594 1357 2617 z

321 2656 425 2701 i'irqa
452 2654 639 2700 (equitatis,
671 2653 766 2698 virqa
799 2650 893 2696 requi
921 2650 971 2683 tui
992 2647 1106 2695 (Psal.
1143 2645 1254 2691 κων).
1276 2645 1362 2690 Quae

311 2721 501 2760 postquam
521 2712 564 2747 ad
583 2718 722 2756 tempus
737 2720 802 2754 per
822 2715 974 2744 mortem
995 2708 1072 2742 visa
1094 2711 1150 2742 cst
1169 2715 1248 2741 esse
1281 2714 1363 2740 suc-

315 2774 403 2814 cisa,
423 2771 662 2807 invalescente
689 2777 794 2804 tuane
816 2766 1104 2807 resurrectionis,
1124 2765 1283 2800 vivacius
1303 2773 1362 2799 re·

316 2832 479 2869 floruisse
511 2831 654 2866 inventa
675 2832 744 2870 est,
762 2837 804 2862 ae
825 2833 998 2871 perpetuo
1018 2824 1232 2859 inviolabilis
1258 2830 1366 2868 atque

318 2888 626 2929 immarcescibilis
643 2895 876 2933 permansura
895 2894 976 2920 esse
1004 2883 1172 2919 innotuit.
1201 2882 1367 2917 Christus

1397 1255 1522 1282 carum
1538 1244 1715 1279 virtutum
1731 1239 1902 1276 Ezechiel
1920 1239 2100 1286 propbeta
2120 1235 2316 1272 manifeste
2345 1233 2465 1270 decla-

1398 1311 1472 1341 rat.
1497 1303 1594 1348 Quas
1621 1303 1731 1338 ctiam
1758 1302 1862 1348 juxta
1896 1298 2128 1344 exemplum,
2162 1296 2257 1342 quod
2295 1294 2355 1331 bic
2387 1292 2467 1329 (ieri

1395 1368 1557 1414 jubetur,
1578 1375 1659 1401 cum
1681 1363 1762 1399 aliis
1780 1362 1848 1399 sibi
1866 1361 2078 1407 apparuisse
2103 1358 2283 1404 designat,
2307 1356 2433 1392 dicens
2456 1367 2466 1390 :

1400 1425 1446 1462 Ec
1466 1437 1532 1462 vox
1552 1425 1691 1461 alaram
1710 1423 1923 1459 audiebatur
1944 1422 2105 1468 usquein
2135 1420 2266 1455 atrium
2298 1418 2468 1460 exterius,

1401 1488 1491 1524 sient
1506 1496 1571 1522 vor
1588 1484 1731 1520 Domini
1750 1483 1935 1529 quztentis.
1952 1481 1997 1517 Et
2014 1481 2162 1527 quidem
2180 1488 2331 1514 numero
2351 1478 2473 1523 singu-

1402 1548 1472 1584 lari
1491 1547 1650 1588 cherub,
1671 1545 1801 1591 plurali
1835 1549 1954 1579 autem
1981 1542 2170 1579 cherubim
2193 1540 2341 1582 dicitur,
2360 1545 2397 1574 et
2417 1542 2473 1574 cst

1406 1619 1538 1645 nomen
1568 1606 1712 1654 generis
1744 1604 1950 1640 masculini.
1990 1602 2063 1639 Sed
2095 1601 2223 1638 Graeca
2249 1599 2476 1637 consuetudo

1406 1675 1534 1706 neutro
1557 1678 1689 1714 genere
1705 1667 1882 1703 cherubin
1898 1665 2032 1712 posuit,
2043 1676 2078 1700 m
2091 1664 2213 1700 littera
2227 1664 2263 1699 in
2283 1674 2305 1698 n
2321 1667 2473 1699 mutata.

1407 1730 1542 1766 Verum
1561 1734 1686 1764 noster
1711 1728 1891 1774 interpres
1922 1727 2123 1761 Haebraeum
2150 1729 2296 1760 secutus
2326 1723 2475 1764 idioma,

1409 1790 1608 1826 masculino
1627 1799 1759 1836 genere
1778 1788 1911 1834 posuit.
1934 1787 2030 1822 Duos
2058 1786 2246 1822 cherubim
2281 1794 2412 1820 aureos
2441 1788 2479 1819 et

1410 1850 1634 1898 productiles
1663 1849 1791 1891 facies,
1816 1858 1887 1883 non
1915 1848 1984 1883 duo
2015 1847 2190 1882 cherubin
2211 1856 2321 1882 aurea
2340 1851 2377 1882 et
2394 1854 2480 1891 pro-

1414 1912 1574 1948 ductilia.
1587 1910 1690 1954 Quod
1705 1909 1924 1955 scriptorum
1939 1908 2080 1944 incuria
2094 1907 2203 1943 credo
2213 1906 2249 1941 in
2266 1905 2343 1950 eius
2362 1912 2481 1941 trans·

1418 1975 1554 2011 latione
1573 1983 1652 2009 csse
1688 1978 1914 2018 corruptum,
1933 1978 1972 2007 ut
1998 1980 2066 2016 pro
2096 1968 2284 2005 cherubim
2314 1968 2484 2013 antiquo-

1417 2047 1499 2072 rum
1518 2044 1619 2071 more
1637 2033 1858 2070 scriberetur
1873 2031 2063 2068 cherubin.
2080 2031 2343 2076 Interpretatur
2361 2033 2484 2064 autem

1369 2079 1398 2119 C
1422 2096 1608 2134 cherubim
1625 2095 1701 2131 sive
1714 2093 1887 2130 cherubin
1903 2093 2063 2129 seIentiae
2078 2091 2286 2134 multitudo,
2297 2089 2353 2125 vel
2367 2088 2485 2126 scien·

1424 2156 1483 2192 tiae
1502 2155 1706 2191 intellectus
1724 2166 1731 2189 2
1754 2153 1849 2199 quod
1869 2152 2039 2188 videlicet
2055 2160 2204 2194 nomen,
2224 2154 2325 2185 tanto
2349 2147 2488 2184 rectius

1424 2217 1595 2263 angelicis
1617 2214 1857 2262 potestatibus
1875 2213 2055 2260 congruit,
2084 2216 2221 2257 quanto
2250 2209 2412 2256 perfecte
2439 2207 2494 2244 ab·

1424 2279 1523 2316 omni
1545 2277 1699 2323 impulsu
1721 2276 1870 2322 impurae
1889 2273 2119 2320 cogitationis
2137 2272 2260 2315 alieni,
2279 2269 2408 2306 visioni
2430 2268 2487 2305 sui

1426 2338 1624 2375 conditoris
1640 2336 1837 2372 adhaerent.
1855 2335 1992 2371 Idcirco
2008 2340 2130 2370 autem
2143 2333 2232 2374 alas,
2245 2332 2303 2368 vel
2318 2332 2354 2367 in
2373 2331 2489 2378 figura

1427 2398 1603 2435 cherubin
1638 2396 1779 2443 Moyses
1804 2396 1924 2431 facere
1940 2395 2103 2442 jubetur,
2121 2394 2178 2429 vel
2204 2393 2240 2428 in
2265 2392 2341 2438 ipsa
2362 2400 2490 2428 eorum

1427 2458 1548 2504 specie
1567 2456 1699 2492 vidisse
1722 2466 1760 2492 se
1778 2456 1955 2502 propheta
1979 2458 2146 2490 testatur.
2179 2451 2282 2496 Quod
2306 2451 2416 2487 etiam
2447 2449 2494 2485 li·-

1427 2517 1548 2554 centia
1567 2516 1660 2552 solet
1676 2516 1809 2552 imitari
1825 2516 2019 2562 pictorum,
2032 2515 2121 2549 utin
2137 2513 2210 2548 alto
2224 2513 2347 2548 sedem
2357 2511 2493 2547 habere

1429 2577 1561 2623 angeli,
1577 2583 1612 2612 et
1632 2576 1736 2623 quasi
1762 2575 1832 2612 levi
1865 2575 1987 2611 volatu
2008 2573 2143 2619 ubique
2162 2573 2368 2608 discurrere
2385 2580 2494 2617 posse
2535 2587 2537 2590 ·

1430 2638 1630 2683 signentur,
1646 2646 1764 2682 neque
1781 2635 1891 2671 ullam
1920 2634 2056 2671 habere
2085 2633 2308 2676 tarditatem,
2324 2633 2384 2678 qui
2404 2641 2508 2667 con·-
2537 2643 2540 2645 ·

1430 2699 1550 2735 testim
1572 2698 1777 2743 ubicunque
1795 2697 1976 2732 voluerint
1995 2695 2126 2737 adsint,
2148 2704 2190 2731 ac
2205 2693 2304 2731 velut
2319 2693 2497 2740 propitia·
2534 2733 2540 2741 ·

1432 2759 1564 2795 terium
1583 2764 1795 2794 contuentes
1803 2757 2036 2798 obumbrant,
2052 2756 2154 2791 idest
2173 2755 2354 2791 honorant
2371 2753 2497 2789 velan-

1434 2820 1480 2855 do
1500 2831 1509 2854 :
1531 2819 1614 2863 quia
1635 2823 1751 2853 totum
1773 2826 1879 2862 quem
1896 2816 2032 2851 habent
2054 2821 2191 2851 statum
2213 2819 2398 2861 perpetuae
2417 2813 2499 2850 reti-
2530 2810 2540 2854 Ῑ

1436 2877 1570 2919 citatis,
1590 2876 1667 2921 ejus
1697 2875 1823 2922 gratioe
1851 2875 2044 2920 deputant,
2071 2885 2092 2910 a
2121 2884 2194 2921 quo
2225 2878 2265 2910 ut
2291 2873 2382 2910 nibil
2410 2862 2540 2912 matta}

319 2953 416 2989 enim
432 2958 624 2994 resurgens
651 2957 671 2982 a
701 2945 868 2986 mortuis,
887 2943 962 2989 jam
991 2953 1063 2978 non
1083 2942 1250 2983 moritur,
1271 2950 1370 2976 mors
1439 2938 1495 2975 vel
1511 2943 1673 2984 possent,
1701 2942 1930 2982 acceperunt.
1951 2937 2027 2972 Duo
2045 2942 2130 2973 sunt
2143 2941 2265 2972 autem
2284 2939 2434 2982 propter
2449 2930 2540 2989 si-zff

323 3010 374 3049 itti
388 3009 480 3045 ultra
492 3018 562 3045 non
573 3005 826 3043 dominabitur.
839 3003 983 3039 Tabulae
998 3001 1203 3038 testamenti
1220 3001 1256 3036 in
1271 3010 1371 3042 arca,
1442 2997 1680 3045 guitieandam
1709 2997 1918 3033 societatem
1940 2997 2111 3044 angelieae
2129 2997 2246 3043 pacis,
2271 2995 2356 3044 quia
2379 2982 2527 3043 minus}

323 3079 466 3107 omnem
485 3069 521 3104 in
539 3067 683 3104 Christo
703 3070 738 3101 et
755 3064 944 3100 scientiam
967 3069 1199 3109 paternorum
1215 3066 1375 3096 secreto·
1441 3068 1549 3103 quam
1568 3057 1663 3093 inter
1681 3058 1771 3093 duos
1787 3057 1912 3094 haberi
1933 3058 2092 3094 charitas
2107 3068 2179 3094 non
2195 3061 2328 3104 potest.
2346 3055 2448 3093 Unde
2463 3059 2505 3092 et

325 3140 422 3173 rum,
434 3134 471 3166 et
484 3126 690 3176 potentiam
696 3124 915 3171 judiciorum
942 3121 1145 3166 designant.
1173 3119 1212 3155 ln
1242 3119 1374 3155 tabulis
1442 3128 1522 3155 sese
1540 3118 1718 3164 respicere
1733 3124 1871 3162 mutuo,
1887 3124 1924 3155 et
1941 3119 1976 3155 in
1994 3119 2284 3165 propitiatorium
2298 3117 2420 3155 vultus
2437 3117 2505 3154 ha·-
2520 3091 2532 3145 i

325 3199 482 3236 namque
500 3186 707 3224 testamenti
732 3190 767 3221 et
800 3183 888 3220 tides
916 3187 996 3218 erat.
1028 3180 1201 3226 inscripta
1231 3185 1375 3215 aeternae
1442 3179 1527 3215 bere
1539 3178 1710 3224 jubentur
1737 3191 1746 3214 :
1774 3180 1859 3225 quia
1893 3179 2066 3216 nimirum
2100 3180 2136 3216 in
2166 3178 2430 3227 glorificatione
2447 3177 2482 3214 d·
2521 3166 2529 3191 ¹

326 3248 526 3289 divinitatis
541 3257 623 3294 quae
643 3244 814 3282 mundum
828 3247 974 3279 crearet
991 3251 1034 3276 ac
1052 3244 1205 3286 regeret,
1223 3243 1260 3274 et
1275 3248 1376 3273 man·
1442 3243 1536 3278 vinae
1550 3242 1701 3278 visionis
1710 3242 1856 3278 sibimet
1869 3243 2084 3280 alterutrum
2101 3248 2316 3279 consonant.
2334 3241 2423 3278 ltem
2448 3255 2453 3271 ι
2470 3256 2480 3271 ’-
2496 3260 2500 3268 =
2524 3251 2525 3258 ¹

327 3313 410 3349 data
427 3309 559 3358 quibus
578 3307 652 3344 Deo
664 3305 791 3343 serviri
805 3307 1000 3352 oporteret,
1011 3306 1048 3338 et
1062 3297 1378 3343 discretiojudicit,

329 3382 399 3417 qua
419 3371 495 3418 ipse
511 3367 720 3406 obedientes
751 3375 790 3402 se
825 3373 911 3400 vere
941 3361 1211 3402 condemnaret,
1232 3363 1269 3394 ct
1301 3357 1379 3393 dili-

332 3438 455 3478 gentes
477 3439 516 3467 se
535 3426 784 3467 misericordia
809 3427 1074 3462 remuneraret.
1099 3419 1223 3456 Facies
1242 3425 1275 3455 et
1305 3429 1383 3465 pro·

334 3490 547 3534 vitiatorium
574 3490 616 3526 de
633 3499 720 3524 aare
739 3486 990 3528 mundissim03
1009 3483 1099 3519 duos
1122 3481 1258 3518 cabitos
1277 3486 1309 3515 et
1329 3478 1383 3514 di-

337 3549 482 3587 muium
505 3549 629 3586 tenebit
655 3547 836 3596 longitudo
863 3546 940 3593 ejus
953 3571 964 3589 ,
981 3544 1158 3582 semissem
1175 3548 1208 3578 et
1226 3540 1382 3577 cubitum

338 3609 499 3646 atinam
514 3607 632 3653 Quart
649 3607 741 3644 solet
759 3607 846 3655 quid
869 3604 1161 3654 propitiatorium
1181 3602 1293 3645 dieat,
1311 3609 1384 3648 quo

340 3665 532 3714 operienda
547 3666 596 3703 sit
617 3674 715 3703 area.
743 3666 815 3702 Sed
829 3676 911 3704 cum
930 3665 975 3702 de
994 3674 1084 3701 auro
1098 3662 1177 3700 fleri
1193 3661 1335 3709 iubeat¹
1348 3665 1388 3698 et

345 3724 695 3772 muniminis
708 3734 754 3763 ac
764 3725 985 3770 latitudinis,
1004 3729 1152 3772 quanta
1167 3732 1292 3761 arcam
1307 3721 1389 3760 fleri

349 3786 735 3832 {tm-oona!
746 3786 873 3834 procul
889 3785 1014 3830 dnbio,
1026 3785 1114 3833 qaia
1130 3784 1290 3823 ubuum
1308 3781 1388 3823 lteri

1448 3303 1519 3339 duo
1533 3303 1720 3339 cherubim
1737 3309 1886 3348 possunt
1905 3305 1976 3341 duo
1997 3309 2215 3341 testamenta
2232 3301 2395 3350 figurari,
2415 3308 2478 3348 qu·

1447 3372 1528 3397 rum
1545 3372 1656 3397 unum
1674 3361 1832 3398 suturam
1847 3362 1989 3400 Domini
2012 3363 2299 3400 incarnationem
2311 3389 2323 3407 ,
2340 3360 2438 3398 aliud
2453 3359 2477 3396 p,
2496 3373 2503 3377 ·

1450 3427 1548 3458 ctam
1563 3421 1708 3457 clamat.
1730 3421 2012 3470 Respiciuntque
2031 3433 2072 3461 se
2096 3428 2237 3467 mutuo,
2254 3421 2340 3468 quia
2359 3421 2397 3457 in
2413 3425 2449 3456 at
2473 3408 2477 3410 ⁸

1452 3480 1608 3517 statione
1621 3479 1783 3516 veritatis
1798 3491 1908 3526 quam
1926 3482 2138 3529 praedicant,
2156 3481 2192 3518 in
2214 3480 2315 3517 nullo
2339 3479 2387 3516 ab
2413 3477 2452 3516 in
2474 3481 2492 3499 ²*

1453 3551 1533 3578 cem
1541 3540 1758 3586 discrepant.
1767 3538 2047 3580 vertuntvultus
2058 3542 2095 3579 in
2107 3539 2414 3590 propitiatorium,
2458 3547 2488 3565 ··⁷

1454 3607 1491 3637 et
1514 3600 1801 3638 misericordiam
1817 3600 1959 3639 Domini
1982 3603 2020 3640 in
2045 3613 2117 3650 qua
2143 3603 2253 3641 unica
2272 3600 2423 3640 mundo·
2455 3616 2457 3620 f

1456 3667 1515 3700 est
1530 3662 1635 3700 valde
1649 3662 1918 3707 commendant,
1935 3669 2042 3710 atque
2059 3666 2141 3702 ideo
2166 3668 2258 3703 sum*
2280 3669 2329 3702 ex
2368 3676 2381 3690 1¹
2448 3654 2486 3685 Γ

1457 3727 1564 3768 parte
1580 3721 1732 3766 oraculi,
1750 3722 1836 3769 quia
1853 3722 1891 3759 in
1908 3726 2150 3770 praecedentia
2177 3727 2286 3766 anu
2316 3716 2346 3766 f
2441 3739 2456 3752 -·

1461 3791 1544 3820 nem
1565 3781 1792 3821 Dominicam
1812 3770 2408 3833 temporasttsequenuas'w
2428 3794 2429 3797 ¹
2459 3782 2465 3823 .’
