2540 4016
27 312 258 357 mationem,
277 315 504 360 passionem,
526 317 751 364 triumphum
769 326 878 366 atque
895 323 1085 362 victoriam
1100 354 1111 371 ‚

58 384 130 422 qua
147 379 303 411 mortem
319 376 511 420 vincendo,
528 376 745 424 coelestium,
761 384 988 420 terrestrium
1007 391 1114 432 atque

21 431 282 475 infernorum
297 437 491 483 acquisivit
506 439 574 475 sibi
588 440 894 480 dominationem·
910 446 971 491 qui
990 456 1115 484 ascen-

58 497 147 534 dens
178 496 216 533 in
249 496 381 533 coelum
399 525 409 542 ,
449 499 649 546 sedensque
683 502 728 538 ad
758 503 946 541 dexteram
979 507 1112 551 Panis,

52 556 164 603 judex
191 560 247 593 est
269 562 444 594 venturus
467 558 634 596 vivorum
661 567 771 608 atque
797 571 1046 611 mortuorum,
1080 573 1116 604 et

59 620 254 656 secundum
280 620 381 657 Judae
414 623 566 668 apostoli
597 627 864 664 attestationem
896 638 968 664 non
999 629 1115 666 solum

57 682 242 726 homines,
278 684 341 720 sed
373 689 410 721 et
439 686 586 732 angelos
613 686 839 732 judicaturus
868 696 949 734 est;
986 692 1047 737 qui
1077 692 1114 727 in

57 743 216 790 Epistola
238 755 303 782 sua
326 746 377 782 ita
397 747 562 793 scripsit,
584 749 708 786 dicens
727 762 735 785 ι
761 763 773 784 ι
794 751 1032 788 Commonere
1053 764 1116 789 au-

57 807 130 839 tem
149 815 214 840 vos
230 805 326 849 volo,
347 806 503 843 scientes
524 809 636 845 semel
656 811 778 847 omnia
792 838 801 854 ,
822 812 993 857 quoniam
1011 813 1115 849 Jesus

55 865 228 911 populum
248 867 292 902 de
313 872 410 903 terra
429 868 576 917 AEgypti
602 871 761 915 salvans,
787 873 946 908 seeundo
969 883 1031 909 eos
1055 875 1115 920 qui

56 934 130 962 non
148 926 380 964 crediderunt
399 930 575 976 perdidit3
601 931 748 977 angelos
766 941 852 967 vero
871 932 932 977 qui
951 942 1023 968 non
1041 943 1116 969 ser-

55 993 234 1022 vaverunt
250 998 354 1024 suum
370 990 629 1036 principatum,
646 991 708 1027 sed
728 991 996 1036 dereliquerunt
1013 1004 1115 1029 suum

56 1046 293 1090 domicilium,
318 1048 355 1084 in
373 1047 551 1093 judicium
570 1051 642 1086 diei
661 1051 783 1096 magni
798 1051 953 1088 vinculis
971 1055 1116 1090 aeternis

57 1108 124 1143 sub
153 1108 307 1154 caligine
336 1111 538 1146 reservavit
567 1110 669 1158 (Jud.
700 1111 750 1160 5).
776 1126 787 1146 1
830 1113 881 1149 Ι)6
912 1113 1014 1159 cujus
1045 1115 1115 1150 diei

650 166 889 225 comm.
908 187 956 226 m
978 189 1154 231 menum
1177 193 1405 232 1051111.-
1427 193 1514 231 un.
1534 193 1565 232 1.

18 261 28 286 ῑ
55 263 140 302 quae
157 251 300 290 Domini
320 252 519 292 Salvatoris
538 257 697 294 ostendit
724 259 947 307 adventum,
976 266 1108 310 praedi·
1125 271 1162 310 A
1179 268 1314 304 sanctis
1329 266 1666 304 conversationibus
1689 270 1728 304 et
1748 271 1952 315 pietatibus,
1969 282 2219 323 exspectantes

2125 203 2218 239 1002

1180 333 1216 363 et
1238 330 1473 373 properantes
1493 326 1531 362 in
1553 326 1745 362 adventum
1769 326 1840 362 diei
1865 328 2017 376 Domini,
2031 345 2096 380 per
2110 348 2219 384 quam

1181 387 1264 422 coeli
1288 387 1457 422 ardentes
1481 385 1681 428 solventur,
1707 389 1746 421 et
1774 385 1950 422 elementa
1974 389 2065 434 ignis
2093 396 2221 432 ardore

1181 446 1380 482 tabescent.
1411 445 1531 482 Novos
1560 454 1648 481 vero
1676 444 1788 480 coelos
1804 471 1814 488 ,
1845 450 1882 481 et
1908 456 2039 483 novam
2065 453 2195 489 terram
2208 481 2220 499 ‚

1181 510 1218 542 et
1243 506 1420 552 promissa
1449 506 1562 552 ipsius
1589 510 1852 551 exspectamus,
1880 505 1918 541 in
1942 507 2070 552 quibus
2089 508 2226 554 justitia

1181 567 1334 603 habitat.
1366 567 1518 612 Propter
1544 567 1655 613 quod,
1682 567 1900 611 charissimi,
1926 569 2004 605 haec
2020 579 2228 616 exspectan-

1182 634 1250 673 tes,
1279 629 1431 676 satagite
1460 629 1682 665 immaculati
1707 634 1743 666 et
1770 630 1930 666 inviolati
1954 631 1987 668 ei
2014 631 2164 668 inveniri
2192 634 2229 669 in

1181 699 1283 736 pace,
1300 695 1337 725 et
1354 690 1498 725 Domini
1511 690 1627 726 nostri
1653 690 1964 738 longanimitatem
1988 692 2140 729 salutem
2173 705 2229 729 ar-

1180 749 1366 784 bitremini
1381 749 1438 797 (11
1458 749 1553 785 Petr.
1573 761 1630 794 111,
1649 750 1700 797 8).
1721 764 1733 785 ›
1765 751 1877 797 Hujus
1892 762 1978 800 ergo
1995 753 2231 790 sacratissimi

1182 810 1357 845 adventus
1384 810 1494 854 diem,
1527 817 1651 847 sancte
1678 811 1798 855 Pater,
1829 818 1912 848 ante
1939 813 2063 850 oculos
2090 824 2234 860 semper

1181 870 1287 912 habe,
1318 875 1470 916 tuosque
1497 871 1619 907 laetum
1644 872 1680 907 in
1707 882 1897 909 occursum
1927 875 2074 920 superni
2098 873 2234 911 Judicis

1180 940 1344 976 praepara
1373 941 1454 966 cum
1481 931 1705 978 lampadibus
1731 943 1906 969 nonorum
1935 944 2083 980 operum
2113 935 2236 971 lucen-

1183 991 1304 1035 tibus,
1338 998 1515 1037 quatenus
1540 994 1617 1040 ejus
1647 994 1799 1039 gratiam
1828 995 2038 1039 inveniens,
2070 1006 2150 1032 cum
2178 996 2235 1032 his

1183 1052 1244 1096 qui
1270 1063 1291 1086 a
1318 1053 1455 1089 dextris
1481 1054 1559 1099 eJus
1587 1054 1734 1089 stabunt
1760 1055 1886 1090 audire
1909 1057 2107 1092 merearis:
2133 1069 2144 1090 ‹
2166 1056 2234 1093 Ve-

1183 1115 1279 1159 nite,
1308 1117 1490 1152 benedicti
1520 1117 1637 1152 Patris
1664 1118 1755 1160 mei,
1774 1118 1949 1164 percipite
1972 1129 2122 1164 regnum
2142 1119 2237 1164 quod

57 1167 273 1204 certitudine
300 1169 439 1215 primus
464 1170 710 1215 apostolorum
738 1171 867 1208 Petrus
894 1183 960 1209 nos
987 1174 1024 1208 in
1053 1184 1117 1209 sua
1137 1169 1168 1207 B
1187 1176 1289 1212 vobis
1318 1182 1486 1222 paratum
1514 1182 1569 1212 est
1598 1177 1642 1212 ab
1671 1177 1810 1222 origine
1839 1177 1961 1211 mundi
1990 1175 2132 1223 (ΜαιιΙι.
2151 1187 2235 1219 xxv,

55 1228 218 1275 Epistola
247 1229 419 1273 instruit,
453 1230 602 1267 dicens:
633 1244 645 1264 ‹
677 1231 796 1268 Unum
826 1243 912 1268 vero
942 1233 1011 1269 hoc
1044 1244 1115 1269 non

55 1287 168 1324 lateat
193 1299 269 1332 vos,
299 1289 519 1334 charissimi,
549 1291 633 1336 quia
657 1302 751 1327 unus
779 1292 854 1328 dies
882 1293 976 1338 apud
1003 1294 1115 1329 Deum

57 1348 151 1385 sicut
181 1349 282 1385 mille
311 1350 422 1394 anni,
459 1357 494 1386 et
526 1351 623 1386 mille
654 1353 739 1388 anni
773 1354 867 1388 sicut
900 1353 975 1389 dies
1007 1364 1112 1390 unus.

57 1409 136 1447 Non
163 1414 285 1449 tardat
314 1414 487 1451 Dominus
514 1416 716 1462 promissis,
749 1417 811 1453 sed
837 1417 1017 1462 patienter
1043 1419 1118 1465 agit

56 1479 206 1519 propter
229 1484 307 1517 vos,
335 1475 461 1512 nolens
489 1476 645 1522 aliquem
674 1477 806 1523 perire,
835 1477 897 1513 sed
923 1487 1047 1514 omnes
1072 1478 1117 1514 ad

56 1535 308 1579 poenitentiam
335 1536 484 1571 reverti.
514 1537 691 1573 Adveniet
722 1543 842 1573 autem
868 1538 946 1573 dies
975 1538 1117 1574 Domini

56 1598 97 1628 ut
125 1593 195 1636 fur,
226 1594 262 1629 in
289 1605 361 1641 quo
388 1596 472 1631 coeli
500 1607 629 1643 magno
660 1597 797 1642 impetu
825 1598 1014 1642 transient,
1046 1598 1117 1634 ele—

58 1659 180 1690 menta
197 1665 283 1691 vero
312 1656 433 1692 calore
465 1657 664 1693 solventur.
697 1658 785 1694 Cum
811 1658 887 1694 haec
913 1659 1022 1704 igitur
1040 1658 1116 1694 dis-

59 1716 231 1752 solvenda
264 1717 337 1753 sint
368 1718 489 1754 omnia
506 1746 517 1762 ‚
552 1719 678 1764 quales
705 1725 847 1766 oportet
875 1730 939 1756 vos
968 1730 1049 1756 esse
1079 1719 1117 1755 in

1187 1238 1270 1285 54);
1290 1251 1301 1271 1
1334 1238 1430 1283 quod
1452 1248 1518 1274 nos
1539 1238 1756 1283 promissum
1779 1237 1899 1273 laetum
1925 1237 2062 1280 audire,
2089 1238 2237 1273 donum-

1187 1310 1256 1345 que
1282 1299 1367 1334 illud
1391 1299 1498 1334 simul
1526 1299 1712 1344 percipere
1740 1298 1816 1343 ipse
1842 1299 2014 1334 concedat
2037 1299 2096 1343 qui
2126 1308 2191 1334 nos
2218 1309 2238 1333 a

1186 1363 1365 1403 potestate
1397 1359 1627 1394 tenebrarum
1658 1367 1786 1393 eruere
1818 1364 1854 1393 et
1885 1357 1921 1392 in
1952 1368 2101 1403 reguum
2133 1368 2237 1393 suum

1185 1429 1383 1455 convocare
1423 1419 1588 1465 dignatus
1628 1425 1682 1454 est
1720 1417 1825 1454 Jesus
1864 1418 2027 1453 Christus
2067 1417 2239 1453 Dominus

1186 1485 1322 1515 noster.
1369 1480 1463 1515 Bene
1494 1479 1614 1515 valere
1649 1485 1684 1514 te
1714 1479 1906 1524 cupimus,
1949 1482 2070 1513 sancte
2103 1476 2236 1520 Pater,

1186 1540 1372 1585 nostrique
1408 1549 1605 1575 memorem
1649 1539 1685 1574 in
1730 1538 1843 1574 sacris
1882 1537 2102 1573 orationibus
2142 1536 2236 1572 sieri.

1186 1601 1363 1637 Divinitas
1393 1601 1534 1637 Domini
1564 1599 1679 1636 nostri
1714 1598 1799 1635 Jesu
1836 1599 1970 1635 Christi
1999 1598 2110 1633 vitam
2138 1602 2238 1633 tuam

1188 1671 1378 1702 conservet
1406 1665 1443 1701 in
1470 1675 1598 1701 aevum.

1017 1853 1286 1895 lNClPlUNT

418 1948 1115 2027 COMMENTARIA
1167 1948 1270 2024 IN
1326 1948 1548 2026 JESU
1603 1949 1887 2028 NAVE.

893 2093 1425 2193 LIBQUS.

409 2215 560 2253 CAPUT
587 2215 781 2253 PRIMUM.

87 2278 212 2316 Sermo
228 2278 370 2314 Domini
388 2278 433 2312 ad
447 2276 557 2312 Josue
575 2277 617 2311 de
637 2277 785 2311 ducatus
812 2277 867 2312 sui
891 2276 1095 2313 ministerio.

110 2338 211 2386 (CAP.
230 2337 273 2385 1.)
295 2350 306 2371 ι
333 2338 377 2373 Et
393 2337 529 2373 sactum
548 2342 604 2373 est
622 2343 703 2383 post
725 2343 877 2373 mortem
895 2338 1007 2384 Moysi
1027 2338 1122 2374 servi

67 2410 81 2432 ‹
111 2398 269 2442 Domini,
304 2403 344 2433 ut
374 2398 584 2443 loqueretur
606 2397 780 2433 Dominus
805 2398 850 2433 ad
873 2397 981 2434 Josuc
1011 2398 1124 2433 filium

68 2470 82 2492 1
110 2446 204 2501 Nun,
228 2458 437 2494 ministrum
458 2458 584 2504 Moysi,
608 2463 644 2493 et
664 2457 818 2500 diceret,
842 2471 854 2492 ›
878 2463 946 2494 etc.
971 2458 1125 2494 Donavit

65 2519 159 2555 Deus
186 2528 318 2554 nomen
343 2518 439 2564 quod
466 2523 521 2554 est
549 2527 656 2563 super
684 2528 790 2554 omne
821 2518 952 2554 nomen
972 2518 1124 2553 Domino

65 2583 101 2615 et
119 2578 300 2614 Salvatori
328 2584 453 2614 nostro
469 2577 554 2613 Jesu
571 2577 730 2613 Christo.
760 2578 824 2613 Est
844 2584 964 2612 autem
994 2587 1125 2612 nomen

65 2641 162 2686 quod
178 2645 235 2676 est
249 2649 358 2684 super
375 2648 483 2675 omne
499 2648 645 2680 nomen,
665 2638 782 2674 Jesus.
804 2639 848 2673 Et
863 2639 947 2684 quia
961 2644 1016 2675 est
1031 2639 1127 2675 istud

66 2712 199 2738 nomen
226 2710 334 2746 super
364 2710 471 2736 omne
500 2709 631 2735 nomen
657 2699 776 2742 Jesus,
798 2699 934 2736 idcirco
965 2712 976 2733 ‹
1003 2700 1038 2735 in
1063 2710 1127 2735 no-

66 2763 165 2798 mine
189 2761 274 2797 Jesu
299 2771 407 2796 omne
445 2770 539 2807 genu
563 2758 732 2803 flectitur,
765 2760 981 2803 coelestium,
1015 2766 1128 2795 terre-

69 2823 197 2860 strium
222 2828 258 2859 et
285 2822 570 2858 infernorum.»
618 2822 664 2857 Et
688 2822 773 2868 quia
811 2826 866 2858 est
894 2822 963 2857 hoc
996 2831 1128 2857 nomen

69 2893 179 2930 super
197 2892 306 2919 omne
323 2892 469 2925 nomen,
489 2882 651 2918 idcirco
643 2893 678 2917 111
698 2882 821 2917 multis
836 2881 1155 2928 generationibus

71 2956 92 2981 a
112 2945 210 2981 nullo
234 2944 525 2991 cognominatum
546 2949 613 2979 est.
642 2942 796 2989 Scripsit
825 2943 967 2990 Moyses
996 2942 1127 2979 librum
1144 2933 1180 2972 D

71 3005 266 3050 Genesis‚'
257 3017 293 3042 111
315 3015 387 3051 quo
408 3005 561 3052 legimus
576 3004 759 3040 Abraham
784 3009 820 3039 et
846 3013 908 3040 eos
936 3003 996 3049 qui
1020 3013 1065 3039 ex
1085 3013 1128 3038 eo

73 3068 236 3115 generati
263 3071 359 3110 sunt,
379 3067 417 3102 in
436 3065 566 3112 quibus
591 3070 675 3102 sunt
697 3065 757 3100 isti
777 3064 1046 3110 quamplurimi,
1067 3063 1130 3099 sed

72 3128 193 3164 nullus
213 3136 259 3163 ex
280 3127 368 3173 ipsis
387 3125 491 3163 Jesus
518 3126 653 3163 meruit
679 3126 870 3162 nominari.
899 3124 1023 3171 Neque
1042 3125 1131 3161 Abel

75 3190 194 3228 dietus
228 3194 285 3227 est
318 3189 437 3233 Jesus,
472 3198 591 3235 neque
629 3188 688 3224 ille
721 3188 782 3233 qui
820 3186 929 3233 coepit
963 3186 1132 3221 invocare

75 3261 207 3288 nomen
223 3251 366 3288 Domini
383 3250 463 3294 Dei,
495 3260 613 3296 neque
645 3249 704 3285 ille
736 3249 797 3295 qui
828 3248 963 3294 placuit
993 3247 1067 3282 Deo
1097 3251 1133 3281 et

75 3310 276 3348 translatus
295 3317 366 3355 est,
384 3310 486 3357 cujus
501 3322 660 3358 unquam
682 3322 754 3347 non
773 3316 830 3347 est
850 3311 994 3346 inventa
1014 3317 1131 3344 mors:

76 3381 195 3418 neque
237 3371 298 3408 ille
335 3373 396 3419 qui
435 3372 472 3408 in
510 3372 744 3419 generatione
781 3382 847 3408 sua
884 3370 980 3407 solus
1014 3367 1134 3413 justus

80 3429 246 3468 inventus
268 3436 324 3468 est
351 3432 447 3478 apud
462 3430 576 3467 Deum
591 3430 680 3467 Noe.
703 3430 774 3466 Sed
801 3439 867 3465 nec
895 3429 972 3474 ipse
989 3427 1133 3473 quidem

80 3490 144 3537 qui
170 3493 470 3538 repromissiones
494 3498 685 3538 acceperat
711 3489 918 3527 testamenti
935 3488 1131 3530 Abraham,

78 3559 149 3588 nec
164 3550 225 3588 ille
242 3552 304 3599 qui
324 3553 368 3589 de
388 3561 432 3589 eo
449 3557 556 3588 natus
575 3557 631 3588 est
645 3552 766 3595 Isaac;
790 3549 855 3586 sed
875 3558 942 3584 nec
962 3546 1133 3592 supplan-

78 3613 180 3649 Βίοι-
203 3610 337 3657 Jacob,
365 3623 433 3650 nec
458 3613 651 3658 quisquam
679 3622 725 3649 ex
752 3611 836 3647 filiis
865 3608 955 3654 ejus.
995 3607 1134 3654 Moyses

82 3669 201 3708 tidelis
222 3678 303 3710 erat
322 3674 362 3711 in
385 3674 486 3711 omni
512 3673 620 3711 domo
647 3683 730 3718 sua,
748 3673 902 3710 necdum
927 3676 1049 3707 tamen
1074 3678 1135 3704 vo-

80 3735 190 3771 catus
205 3729 325 3770 Jesus.
352 3733 425 3771 Sed
440 3731 565 3770 lesum
587 3743 720 3770 nomen
750 3733 908 3780 primum
933 3730 1076 3767 invenio
1101 3728 1135 3764 in

62 3791 232 3835 ‹Exodo;
253 3796 294 3828 et
307 3791 390 3830 volo
406 3791 541 3829 intueri
557 3791 704 3839 quando
725 3793 882 3829 orimum
902 3799 1034 3828 nomen
1051 3788 1135 3825 Jesu

77 3869 103 3893 1.
328 3852 329 3855 ’
349 3852 534 3894 Parnoi..
563 3851 709 3894 cvm.

1140 2221 1171 2263 C
1193 2216 1480 2264 cognominatur.
1505 2227 1518 2248 ‹
1538 2214 1658 2257 Venit,
1680 2213 1810 2260 inquit,
1831 2213 1994 2256 Amalec,
2011 2217 2048 2249 et
2065 2221 2245 2259 expugna—

1193 2279 1256 2314 bat
1280 2277 1390 2313 lsrael
1419 2289 1428 2311 :
1459 2282 1495 2312 et
1512 2277 1600 2312 dixit
1618 2275 1758 2322 Moyses
1795 2275 1838 2309 ad
1855 2273 1976 2309 Jesum
1998 2274 2033 2309 in
2044 2267 2243 2319 *Raphidim

1196 2337 1325 2384 (Exod.
1349 2337 1453 2382 xvn).
1481 2349 1492 2370 1
1539 2335 1621 2370 llaee
1650 2340 1704 2369 cst
1724 2334 1837 2379 prima
1872 2333 2061 2378 appellatio
2090 2333 2244 2367 nominis

1195 2396 1290 2432 Jesu.
1317 2408 1328 2428 ‹
1352 2396 1466 2440 Elige,
1486 2395 1615 2438 inquit,
1638 2393 1702 2428 tibi
1720 2393 1817 2427 viros
1836 2398 1999 2437 potentes
2017 2403 2058 2427 ex
2077 2392 2244 2428 omnibus

1196 2459 1278 2493 filiis
1308 2457 1438 2498 lsrael,
1470 2461 1505 2490 ct
1534 2455 1704 2500 egredere
1721 2481 1730 2497 ‚
1758 2460 1793 2489 et
1826 2453 1974 2499 conflige
1998 2463 2079 2488 cum
2099 2453 2244 2488 Amalec

1194 2517 1352 2554 crastino
1391 2529 1402 2549 ›
1448 2515 1569 2561 (Ihm.
1604 2527 1632 2549 υ.
1670 2515 1690 2550 9
1706 2514 1732 2560 ).
1771 2514 1910 2559 Moyses
1948 2513 2139 2549 confitetur
2172 2523 2243 2550 non

1193 2587 1298 2624 posse
1320 2586 1357 2612 se
1381 2575 1579 2611 exercitum
1606 2574 1750 2616 ducere,
1771 2574 1961 2609 confitetur
1981 2585 2018 2610 sc
2043 2585 2113 2609 non
2139 2585 2244 2620 posse

1196 2638 1371 2678 obtinere,
1401 2634 1564 2681 quamvis
1592 2645 1674 2669 euni
1700 2634 1743 2669 de
1774 2640 1869 2669 terra
1887 2633 2033 2680 AEgypti
2061 2635 2243 2677 eduxerit;

1196 2704 1230 2733 et
1252 2698 1346 2740 ideo,
1368 2697 1498 2741 iuquit,
1518 2696 1659 2731 vocavit
1680 2694 1815 2733 Jesum,
1836 2700 1871 2730 et.
1890 2694 2000 2736 dixit,
2037 2706 2050 2727 ‹
2072 2694 2162 2740 elige
2181 2695 2245 2730 tibi

1198 2761 1296 2795 viros
1316 2758 1440 2800 sortes,
1477 2758 1605 2802 inquit,
1625 2762 1662 2792 et
1693 2756 1876 2802 egredere.
1907 2769 1919 2790 ›
1950 2754 2057 2791 Vides
2078 2756 2132 2790 cui
2167 2766 2246 2791 ces-

1197 2820 1286 2856 serit
1308 2819 1439 2855 bellum
1464 2817 1571 2864 agere
1602 2817 1774 2853 adversus
1791 2815 1948 2852 Amalec.
1978 2816 2016 2851 ln
2042 2816 2108 2851 hoc
2131 2816 2246 2862 primo

1198 2893 1329 2918 nomen
1364 2881 1536 2916 discimus
1563 2879 1672 2922 Jesu,
1723 2879 1782 2915 ubi
1814 2889 1894 2914 eum
1924 2878 2087 2913 videmus
2120 2878 2246 2913 ducent

1197 2942 1391 2978 exercitus.
1422 2941 1500 2976 Non
1530 2940 1587 2975 cui
1607 2939 1746 2986 Moyses
1774 2938 1969 2983 injunxerit
1994 2938 2246 2984 principatum,

1199 3002 1262 3038 scd
1280 3002 1337 3037 cui
1356 2999 1571 3037 successerit
1589 2999 1625 3034 in
1640 2999 1847 3044 primatum.
1881 2998 1957 3034 Non
1975 3003 2093 3043 potest
2110 2997 2247 3042 Moyses

1200 3062 1334 3108 eligere
1348 3061 1446 3097 viros
1464 3065 1640 3105 potentes.
1678 3071 1689 3091 ‹
1717 3058 1781 3099 Tu,
1812 3058 1939 3102 inquit,
1961 3058 2050 3103 elige
2069 3056 2132 3091 tibi
2152 3056 2248 3090 viros

1199 3128 1366 3171 potentes
1398 3131 1443 3157 ex
1467 3121 1634 3158 omnibus
1661 3119 1743 3155 filiis
1773 3118 1896 3153 lsrael.
1929 3131 1941 3150 ι
1983 3117 2048 3151 Hic
2070 3125 2154 3160 ergo
2186 3114 2245 3149 ubi

1199 3185 1355 3230 primum
1375 3182 1476 3218 disco
1504 3190 1635 3217 nomen
1652 3179 1748 3220 Jesu,
1770 3178 1818 3212 ibi
1842 3176 2010 3212 continuo
2036 3174 2144 3209 ctiam
2170 3183 2244 3219 my-

1202 3244 1305 3280 sterii
1334 3243 1438 3279 video
1475 3245 1737 3278 sacramentum
1762 3236 1885 3272 :ducit
1919 3235 2013 3270 enim
2045 3234 2242 3270 exercitum

1201 3303 1318 3340 Jesus.
1345 3315 1357 3336 ‹
1377 3303 1422 3338 Et
1441 3302 1573 3337 sactum
1591 3306 1645 3334 est
1665 3307 1744 3332 cum
1760 3295 1944 3331 extolleret
1959 3293 2098 3340 Moyses
2118 3304 2245 3330 manus

1203 3373 1286 3399 suas
1301 3389 1310 3404 ‚
1348 3360 1586 3397 invalescebat
1613 3355 1742 3397 lsracl;
1788 3365 1869 3390 curn
1913 3358 2031 3389 autem
2074 3352 2243 3398 dejiceret

1203 3433 1330 3458 manus
1371 3430 1466 3462 suaS,
1500 3417 1742 3454 invalescebat
1759 3414 1902 3450 Amalec
1932 3413 2064 3462 (Exod.
2083 3413 2201 3461 xvnt).
2229 3427 2241 3448 1

1203 3482 1303 3519 Tunc
1328 3489 1413 3526 ergo
1439 3476 1624 3513 invalescit
1651 3473 1755 3510 Jesus
1788 3473 1917 3519 magis,
1944 3478 1980 3509 et
2006 3478 2091 3508 tunc
2118 3472 2245 3515 vincit,

1201 3541 1343 3587 quando
1361 3538 1499 3584 Moyses
1523 3536 1630 3581 erigit
1647 3545 1776 3571 manus
1794 3543 1890 3570 suas.
1912 3533 2035 3570 Victus
2052 3540 2108 3569 est
2124 3538 2244 3568 autem

1202 3599 1352 3649 populus
1371 3597 1430 3633 ille
1449 3596 1494 3632 ab
1511 3595 1671 3639 Amalec,
1691 3594 1834 3641 quando
1852 3602 1922 3628 non
1941 3591 2100 3638 erigebat
2117 3599 2247 3626 manus

1203 3671 1287 3699 suas
1308 3659 1460 3706 Moyses,
1482 3656 1545 3693 sed
1569 3659 1674 3692 erant
1695 3654 1860 3691 demissae
1884 3652 2065 3688 deorsum.
2086 3649 2140 3686 mi
2164 3655 2247 3686 sunt

1203 3722 1298 3758 enim
1318 3719 1448 3766 quibus
1475 3716 1627 3753 dicitur:
1643 3727 1662 3749 ι
1685 3714 1723 3750 Si
1747 3711 1942 3749 crederetis
1967 3709 2093 3758 Moysi,
2120 3708 2247 3746 crede-

1207 3784 1293 3821 retis
1323 3780 1447 3827 utique
1475 3784 1513 3816 et
1536 3777 1637 3821 mihi,
1675 3781 1712 3814 et
1733 3785 1818 3813 ecce
1846 3784 1905 3811 ine
1931 3772 2042 3808 vultis
2066 3770 2246 3811 occidere,

1934 3833 1990 3874 32
