2540 4016
19 3792 22 3807 :
36 3770 45 3814 i

93 168 162 207 185

69 549 208 591 sponte,
230 554 297 580 nec
312 545 481 590 cuiquam
503 551 630 591 sponte
655 546 841 583 inferenda
872 553 947 592 est,
974 549 1023 584 ita
1047 550 1120 586 Deo

64 604 215 651 jubente
233 604 433 641 recusanda
449 616 522 641 non
539 611 595 642 est
607 633 616 649 ,
639 604 740 651 quus
763 608 1017 645 constitutione
1033 619 1122 655 quo-

69 676 210 711 cunque
240 671 403 712 tempore
437 667 603 703 obeunda
635 673 690 703 est
705 679 712 702 :
740 677 807 704 nec
835 670 1026 716 quisquam
1058 671 1120 716 qui

69 735 149 761 eam
168 727 306 772 perpeti
332 727 521 770 detrectat,
537 733 578 763 ut
594 727 749 772 [omnino
762 728 937 772 evitetur,
961 730 1023 765 sed
1043 735 1122 765 tan-

68 787 253 822 tummodo
274 791 313 821 ut
330 786 531 831 differatur,
552 787 702 823 laborat.

115 847 217 883 Nunc
227 848 302 893 jam
319 849 404 894 quid
412 848 567 893 Spiritus
579 849 735 894 Domini,
746 849 819 885 sive
832 851 1123 895 pei-nescientem

67 906 209 952 Jephtc,
221 908 296 943 sive
303 918 367 954 per
378 908 566 951 scientem,
582 909 657 944 sive
666 919 730 954 per
738 910 815 955 ejus
831 910 1105 955 imprudentiam
1113 938 1122 954 ,

68 968 144 1003 sive
173 978 238 1014 per
254 969 506 1012 obedientiam,
524 970 598 1005 sive
615 979 679 1015 per
694 969 941 1013 offensionem,
973 971 1047 1006 sive
1060 981 1125 1016 per

68 1028 175 1064 fidem
198 1030 235 1064 in
254 1030 320 1064 hac
350 1040 389 1064 re
406 1034 505 1074 gesta
522 1030 818 1074 praefiguraverit,
837 1036 1010 1075 quantum
1026 1033 1122 1067 Deus

69 1087 228 1132 adjuvat,
247 1089 488 1134 requiramus,
510 1089 738 1134 breviterque
752 1091 963 1135 pandamus.
995 1092 1126 1127 Admo-

693 168 928 209 coummr.
954 171 1000 209 ΙΝ
1023 173 1107 212 LlB.
1132 175 1340 216 tunicum.
1365 199 1415 208 -
1435 179 1519 218 1218.
1543 183 1588 219 ΙΙ.

11 296 13 298 q
65 249 146 284 rem
158 241 333 312 tamquam
352 242 396 279 de
419 243 732 312 tergiversatione,
751 244 975 282 vindictam?
992 247 1120 286 Crede·
1137 252 1173 293 A
1188 255 1361 298 tenderet,
1379 253 1581 293 luctabatur
1597 255 1698 304 (Gen.
1721 257 1851 306 xxxn).
1882 259 2052 302 ntxemnt
2173 271 2219 308 ad

21 346 30 359 ἑ
65 305 131 342 bat
146 315 246 341 enim
272 309 381 340 enam
405 305 510 342 bonoe
527 309 564 340 et
578 306 729 351 virginis
747 307 905 343 animam
923 307 1004 344 filiae
1024 310 1115 347 bene
2063 276 2148 316 ergo

11 379 51 424 Γ,
68 365 202 412 recipi,
230 365 325 410 quod
350 375 422 401 non
445 365 562 410 seipsa
578 370 727 401 voveret
755 365 1028 411 immolandam,
1056 371 1118 406 sed

67 429 154 461 voto
171 428 209 460 et
225 423 404 460 voluntati
423 433 497 460 non
515 423 700 460 resisteret
724 426 850 472 patris,
871 432 908 463 et
926 428 989 464 Dei
1002 428 1119 465 fuerat

18 483 26 515 ἶ
45 539 54 547 ι
68 489 192 522 secuta
203 483 394 530 iudicium.
405 483 502 519 Mors
516 484 611 520 enim
629 484 721 520 sicut
733 496 800 522 nec
814 486 881 522 sibi
899 497 920 522 a
938 497 1118 534 quoquam

2120 195 2216 234 12⁸6

1181 311 1309 357 Iephte
1326 324 1335 348 :
1370 312 1452 349 Non
1475 315 1696 351 hoereditabis
1713 317 1752 352 in
1765 317 1866 352 domo
1879 322 1985 364 patric
1999 327 2121 371 nostri,
2136 339 2220 375 quo-

1183 371 1279 406 niam
1294 371 1388 415 lilius
1404 373 1560 410 mulieris
1578 373 1777 420 [omicarioe
1791 382 1830 411 ιιι
1843 387 1856 419 ,-
1882 381 2051 424 tanquam
2065 385 2221 424 dicerem

1185 430 1280 475 quod
1291 430 1523 477 Evangelium
1538 433 1695 479 loquitur
1713 444 1724 468 :
1743 433 1826 469 Non
1843 442 1893 471 est
1907 437 1971 473 iste
1989 439 2089 476 ltomo
2101 453 2124 477 a
2141 444 2207 481 Deo

1185 490 1245 535 qui
1260 490 1311 524 sic
1329 490 1428 526 solvit
1454 491 1634 528 sabbatum
1661 492 1762 540 (Luc.
1782 493 1870 540 xvi).
1908 495 1957 531 Se
1985 505 2102 536 autem
2133 473 2225 539 velu't

1182 547 1362 593 jactantes
1380 549 1557 596 legitimos
1579 551 1672 587 filios
1691 552 1842 589 Domino
1868 554 2056 592 dixerunt:
2081 559 2154 596 Nos
2186 573 2226 597 ex

1189 608 1417 654 fornicatione
1437 620 1506 645 non
1532 621 1651 647 sumus
1681 613 1769 656 nati,
1797 624 1904 650 unum
1919 621 2052 661 patrem
2069 618 2228 658 habemus

1187 667 1300 703 Deum
1324 668 1442 714 (Joan.
1470 669 1563 716 vui).

1236 728 1337 774 (Car.
1356 729 1425 776 ιιι.)
1456 729 1504 764 Et
1522 730 1609 776 fuqit
1627 731 1747 778 Iephte
1761 744 1783 768 α
1808 733 1895 778 socie
1909 734 2059 780 fratrum
2077 748 2227 782 suorum,

1188 793 1222 822 et
1235 787 1403 822 habitavit
1419 788 1455 823 in
1474 794 1564 824 terra
1581 789 1661 826 Job.
1682 791 1797 838 Fugit,
1819 794 1986 838 quoniam
2004 803 2060 838 se,
2079 804 2230 842 quantus

1190 854 1296 891 esset,
1327 849 1510 885 abscondit
1534 862 1541 885 ε
1562 850 1663 898 fugit,
1691 854 1858 898 quoniam
1889 866 1951 892 eos
1982 858 2232 894 saevientcsla-

1191 908 1272 943 tuit.
1294 907 1333 943 Si
1348 909 1438 944 enim
1455 911 1701 955 coqnovissent,
1723 923 1897 959 nunquam
1914 915 2100 952 Dominum
2115 917 2232 962 qloriae

1191 967 1440 1011 crucifixissent
1474 968 1507 1015 (Ι
1525 968 1605 1004 Cor.
1626 971 1682 1016 ιι).
1703 971 1821 1019 Fugit,
1857 975 2022 1019 quoniam
2051 978 2232 1013 morientis

1193 1025 1435 1076 infirmitatem
1464 1028 1639 1070 viderunt,
1666 1030 1835 1067 virtutem
1866 1039 1986 1069 autem
2017 1037 2233 1080 resurgentis

1192 1094 1265 1119 non
1282 1085 1460 1119 viderunt.
1482 1085 1662 1121 Habitavit
1678 1094 1796 1123 autem
1814 1090 1850 1124 in
1875 1097 1968 1126 terra
1985 1093 2090 1135 bona,
2109 1095 2176 1136 vel,
2194 1100 2235 1130 ut

70 1154 132 1184 net
151 1149 247 1183 enim
263 1159 329 1184 nos
356 1153 392 1183 et
410 1154 526 1194 urget,
552 1149 814 1194 quodammodo
834 1150 902 1185 iste
919 1156 1125 1186 sanctarum
1142 1141 1175 1180 B
1193 1144 1396 1190 expressius
1411 1145 1583 1187 dicamus,
1604 1146 1736 1190 optima
1754 1158 1762 1189 ;
1786 1149 1879 1193 quod
1894 1150 1987 1185 enim
2008 1151 2129 1188 Graece
2149 1164 2234 1198 aya-

72 1208 455 1262 Scriptu1·arun110cus
473 1209 631 1254 cogitare
650 1210 842 1254 quemdam
857 1216 1039 1254 potentem
1054 1211 1125 1246 vir-

71 1272 159 1303 tute.
194 1265 289 1303 Talis
315 1268 410 1303 enim
428 1267 559 1302 dicitur
582 1267 722 1312 Jcphte‚
739 1268 834 1313 quod
862 1279 991 1304 nomen
1015 1270 1126 1304 inter-

70 1333 234 1372 pretatur
265 1321 435 1373 aperiens.
474 1326 645 1362 Dominus
666 1332 785 1362 autem
815 1327 1001 1373 Christusss,
1032 1328 1125 1363 sicut

72 1387 206 1421 indicat
223 1386 469 1430 Evangelium,
502 1386 684 1431 discipulis
724 1387 797 1422 suis
817 1388 950 1433 aperuit
971 1398 1122 1430 sensum,

70 1452 107 1481 ut
136 1446 365 1492 intelligerent
387 1446 587 1492 Scripturas
604 1446 704 1493 (Luc.
722 1447 835 1494 xxlv).
867 1448 970 1483 Hunc
999 1447 1125 1493 «Iephte

72 1506 203 1541 fratres
221 1506 298 1550 ejus
315 1506 609 1552 reprobaverunt,
631 1512 666 1541 et
700 1507 744 1542 de
774 1513 922 1552 paterna
942 1507 1047 1543 domo
1064 1518 1126 1543 ex-

73 1568 242 1614 pulei-unt
262 1567 471 1613 objicientes
492 1568 537 1610 ei,
559 1567 652 1612 quod
669 1573 764 1603 esset
783 1567 877 1602 filius
908 1567 1123 1610 fornicariae,

74 1633 247 1674 tanquam
269 1628 336 1673 ipsi
355 1633 476 1663 essent
489 1627 532 1662 de
556 1637 667 1663 uxore
685 1627 842 1673 legitime
860 1628 934 1662 nati
956 1627 1055 1673 (Iud.
1069 1627 1123 1674 ιι).

74 1690 151 1726 Hoc
169 1691 277 1726 ctiam
299 1694 449 1736 egerunt
464 1689 633 1724 adversus
663 1689 852 1724 Dominum
874 1689 1052 1734 principes
1071 1699 1127 1723 sa·-

76 1752 264 1788 cerdotum
283 1755 317 1786 et
336 1750 469 1785 Scriba}
489 1755 524 1784 et
543 1749 730 1791 Pharisaei,
759 1749 819 1794 qui
838 1749 880 1783 dc
898 1749 985 1794 legis
1001 1749 1126 1784 obser·

75 1812 220 1847 vatione
235 1810 378 1856 gloriari
398 1810 623 1853 videbantur,
642 1816 812 1854 tanquam
833 1808 891 1843 ille
911 1809 1063 1844 solveret
1082 1808 1128 1843 le-

77 1883 179 1919 gem,
214 1878 250 1907 et
266 1871 346 1907 idco
374 1871 483 1906 veluti
510 1881 580 1906 non
615 1876 710 1906 essct
736 1869 914 1916 legitimus
943 1869 1051 1904 filius.
1085 1868 1130 1903 Et

76 1939 283 1977 quanquam
306 1933 348 1967 de
366 1938 491 1967 sancta
515 1932 659 1976 quidem
679 1931 826 1975 Virgine
846 1939 974 1974 corpus
993 1939 1128 1964 assum-

75 1997 213 2038 pserat,
233 1992 328 2036 quod
345 1991 507 2026 fidelibus
523 1995 645 2024 natum
666 1995 741 2031 est;
768 1994 886 2022 tamen
906 1988 982 2033 ejus
1000 1993 1127 2030 mater,

78 2059 253 2099 quantum
269 2051 314 2086 ad
331 2055 473 2096 gentem
487 2049 656 2095 pertinet,
676 2049 784 2083 ctiam
803 2048 860 2082 illa
886 2047 1031 2083 -ludaica
1051 2058 1132 2093 syn-

79 2125 194 2160 agoga
227 2112 297 2148 dici
322 2115 452 2156 potest.
487 2109 659 2145 Revolvat
686 2109 746 2153 qui
773 2108 927 2142 voluerit
953 2107 1135 2151 propheti-

80 2184 140 2210 cos
160 2173 283 2214 libros,
311 2176 347 2205 et
365 2170 484 2205 videat
518 2170 658 2213 quotics
675 2173 711 2202 et
731 2172 864 2212 quanta
885 2167 984 2201 verbi
1003 2165 1137 2201 severi-

79 2240 155 2270 tate
175 2239 281 2279 atque
302 2230 546 2277 indignatione
567 2227 708 2263 Domini
730 2226 788 2261 illa
808 2236 908 2271 gens,
937 2224 1035 2259 velut
1070 2224 1136 2257 im-

80 2294 214 2340 pudica
250 2291 398 2333 mulier,
436 2290 479 2325 de
512 2288 586 2324 suis
621 2285 919 2322 fornicationibus
949 2288 1132 2328 arguatur.

84 2354 186 2390 Unde
203 2357 258 2388 est
276 2351 384 2387 etiam
402 2349 488 2384 illud
519 2349 556 2383 in
576 2348 644 2383 hoc
672 2346 763 2381 libro
791 2343 1133 2390 frequentissimum,

83 2413 142 2450 vel
158 2423 240 2449 cum
267 2416 348 2457 post
370 2409 486 2455 ephod
505 2407 601 2453 quod
618 2406 703 2442 fecit
721 2405 865 2441 Gedeon
896 2404 1012 2440 omnis
1028 2402 1136 2438 lsracl

84 2473 214 2520 legitur
235 2471 432 2507 fornicatus
452 2467 552 2515 (Jud.
572 2467 612 2513 ιι)
631 2479 639 2501 :
671 2466 727 2501 vel
743 2466 839 2510 quod
866 2464 1029 2499 abierunt
1059 2467 1137 2507 post

86 2535 172 2570 deos
198 2531 370 2578 gentium,
405 2528 533 2572 quibus
553 2530 656 2561 erant
691 2522 913 2559 circumdati.
951 2521 1051 2556 Unde
1070 2519 1138 2554 illis

88 2594 209 2631 divina
226 2593 279 2626 ira
295 2593 476 2625 commota
494 2592 562 2628 est,
595 2590 634 2620 ut
652 2594 717 2631 per
730 2593 843 2619 annos
861 2583 983 2618 decem
1002 2586 1038 2615 ct
1056 2583 1138 2615 octo

87 2657 364 2690 contererentur
384 2659 404 2683 a
424 2647 507 2682 filiis
532 2646 698 2680 Ammon.
730 2643 800 2679 Sed
821 2641 980 2686 nuuquid
998 2650 1069 2675 non
1094 2649 1138 2674 ex

89 2714 215 2750 eadem
231 2718 336 2757 gente
345 2707 574 2744 lsraeletiam
591 2706 642 2742 illi
661 2705 736 2740 nati
749 2708 853 2740 erant
872 2701 1088 2742 sacerdotes,
1104 2704 1139 2734 et

91 2777 240 2818 Scribae,
256 2782 291 2811 et
308 2772 495 2815 Pharisaei,
510 2780 600 2816 quos
619 2769 655 2804 in
673 2769 726 2804 eis
743 2767 898 2803 diximus
921 2764 1030 2800 fuisse
1051 2772 1140 2809 prae-

90 2839 278 2884 figuratos,
308 2834 369 2879 qui
388 2832 527 2878 Jephte,
555 2836 723 2875 tanquam
752 2828 812 2863 isti
827 2827 1015 2862 Dominum
1038 2823 1141 2859 Chri-

91 2905 200 2941 stum,
217 2897 327 2933 veluti
347 2905 418 2931 non
438 2893 634 2939 legitimum
660 2889 773 2924 [ilium
792 2885 970 2933 persecuti
998 2883 1142 2929 expulc-

92 2959 208 2996 runt?
239 2957 310 2993 Sed
333 2958 370 2992 in
396 2965 439 2990 eo
478 2952 672 2990 similitudo
696 2949 907 2986 adumbrata
937 2950 1014 2987 est,
1049 2942 1143 2988 quod

92 3021 165 3062 isti,
187 3024 226 3054 ut
241 3017 329 3059 dixi,
354 3015 464 3051 veluti
483 3014 572 3058 legis
598 3014 848 3048 observatores
863 3019 960 3051 cum,
983 3008 1043 3053 qui
1061 3016 1144 3042 con-

95 3086 150 3117 tra
168 3082 347 3126 praecepta
365 3075 453 3121 legis
470 3074 590 3109 facere
606 3072 807 3113 videbatur,
841 3074 1011 3112 tanquam
1030 3065 1146 3111 legiti-

93 3141 145 3176 mi
164 3149 236 3175 non
254 3137 473 3183 legitimum,
507 3133 589 3179 jure
608 3132 677 3168 sibi
695 3130 763 3166 visi
794 3133 876 3164 sunt
891 3126 1054 3172 ejecisse.
1084 3123 1148 3159 Se-

95 3200 252 3238 cundum
269 3199 337 3234 hoc
356 3196 454 3232 enim
472 3195 573 3240 plebs
590 3193 650 3229 illa
669 3193 764 3228 dicta
777 3195 833 3226 est
849 3187 1035 3229 fornicari,
1054 3184 1149 3232 quod

94 3263 183 3309 legis
206 3263 387 3307 praecepta
408 3266 481 3293 non
502 3264 649 3292 servans
667 3259 838 3300 tanquam
861 3250 936 3286 viro
957 3258 1029 3285 non
1045 3245 1146 3283 exhi-

94 3323 205 3359 bebat
222 3320 343 3356 fidem.
700 3297 730 3334 3

144 3381 207 3418 Sic
223 3386 344 3417 autem
364 3379 537 3426 scriptum
555 3382 612 3414 est
639 3377 684 3413 de
711 3374 863 3420 sephte:
897 3372 944 3406 Et
968 3373 1146 3405 creverunt

95 3441 163 3488 filii
182 3441 315 3482 uxoris,
336 3444 368 3474 et
393 3437 566 3484 ejecerunt
583 3436 718 3482 Jepltte.
740 3433 896 3470 Verbum
928 3429 1022 3475 quod
1046 3427 1144 3473 posi-

95 3506 175 3538 tum
194 3506 261 3544 est,
271 3503 462 3540 creverunt,
478 3497 657 3543 significat
671 3496 710 3532 in
728 3495 856 3541 figura,
866 3489 1144 3538 proevaluerunt5

98 3562 195 3609 quod
211 3562 250 3597 in
264 3559 398 3597 ludaeis
421 3556 608 3604 impletum
626 3561 696 3600 est,
725 3555 786 3601 qui
817 3550 1079 3600 praevaluerunt
1092 3547 1147 3581 in-

98 3624 263 3662 firmitati
276 3622 427 3665 Christi,
445 3619 527 3666 quia
552 3618 602 3653 ita
622 3616 736 3653 voluit
755 3621 794 3653 ut
812 3615 856 3650 ab
874 3613 926 3649 eis
942 3619 1020 3658 quae
1042 3616 1146 3654 opor-

100 3686 200 3724 tebat
211 3682 378 3730 passione
402 3679 598 3728 perferret,
622 3675 718 3712 sicut
731 3676 801 3712 hoc
816 3675 912 3711 idem
942 3667 1146 3716 significans

39 3748 42 3755 “
98 3744 211 3800 §acob
228 3741 416 3791 praevaluit
437 3737 564 3787 augeb
592 3745 675 3774 cum
692 3744 784 3782 quo,
819 3738 860 3770 ut
881 3731 1036 3776 idipsum
1065 3735 1146 3773 por-

1194 1205 1289 1247 mon,
1315 1205 1383 1240 hoc
1402 1204 1527 1239 Latine
1549 1205 1720 1249 optimum
1746 1206 1899 1242 dicitur:
1930 1209 1963 1244 id
1992 1216 2109 1246 autem
2129 1212 2236 1248 intcr-

1191 1271 1354 1310 pretatur
1376 1264 1458 1300 Tob.
1486 1265 1551 1301 Ubi
1580 1266 1668 1300 nihil
1700 1266 1839 1302 videtur
1866 1269 2091 1316 intelligenda
2116 1273 2192 1316 eJus
2214 1285 2231 1308 a

1193 1325 1341 1361 mortuis
1361 1325 1587 1360 resurrectio.
1618 1325 1707 1361 Nam
1741 1337 1819 1372 quac
1851 1334 1946 1364 terra
1972 1331 2084 1375 magis
2101 1333 2233 1377 optima

1193 1394 1299 1429 quam
1316 1390 1495 1419 terrenum
1514 1395 1642 1430 corpus
1661 1386 1870 1422 excellentia
1901 1387 2179 1426 immortalitatis
2191 1401 2233 1427 ac

1192 1444 1466 1489 incorruptionis
1494 1445 1688 1480 indutum?
1731 1445 1831 1489 Quod
1875 1453 1994 1483 autem
2032 1449 2160 1484 dicitur
2191 1451 2234 1486 de

1193 1505 1330 1551 Jephte‚
1346 1506 1430 1550 quia
1445 1513 1677 1552 posteaquam
1692 1506 1830 1552 fugiens
1844 1518 1864 1542 a
1884 1508 1975 1544 facie
1990 1508 2138 1545 fratrum
2154 1521 2218 1546 suo

1193 1575 1287 1608 rum,
1324 1566 1498 1601 habitavit
1527 1566 1563 1600 in
1580 1572 1675 1601 terra
1695 1566 1783 1608 Tob‚
1810 1567 2064 1612 colligebantur
2084 1569 2127 1604 ad
2150 1580 2230 1605 eum

1192 1624 1262 1659 viri
1280 1625 1449 1667 latrones,
1470 1629 1505 1659 et
1519 1625 1747 1660 ambulabant
1762 1636 1841 1660 cum
1860 1626 1936 1671 ipso
1953 1637 1962 1668 ;
1982 1637 2181 1672 quanquam
2200 1634 2236 1663 et

1194 1689 1277 1720 ante
1296 1685 1496 1730 passionem
1515 1684 1692 1729 obiectum
1713 1685 1819 1720 suerit
1847 1686 1996 1723 Domino
2009 1714 2018 1730 ,
2047 1689 2139 1732 quod
2155 1699 2234 1723 cum

1193 1749 1393 1794 publicanis
1422 1754 1457 1784 et
1487 1748 1734 1794 peccatoribus
1754 1749 1996 1790 manducaret,
2023 1750 2161 1794 quando
2179 1759 2234 1785 re-

1196 1809 1337 1854 spondit
1355 1819 1424 1844 non
1457 1818 1535 1844 esse
1558 1808 1798 1844 necessarium
1818 1808 1913 1843 sanis
1940 1808 2142 1850 medicum,
2173 1809 2235 1843 sed

1196 1870 1337 1916 aegrotis
1376 1869 1516 1916 (Manli.
1539 1869 1602 1915 tx),
1641 1874 1676 1904 et
1707 1869 1795 1903 inter
1820 1868 1955 1913 iniquos
1980 1868 2161 1912 deputatus
2188 1872 2236 1902 est

1198 1929 1287 1976 (Iso.
1307 1928 1400 1975 ιιιι),
1433 1928 1679 1974 quandointer
1699 1927 1854 1962 latrones
1889 1926 2079 1962 crucifixus
2098 1931 2165 1966 cst,
2201 1930 2238 1959 et

1198 2000 1308 2025 unum
1326 2000 1370 2025 cx
1389 1989 1440 2024 eis
1470 1989 1513 2024 de
1530 1998 1636 2024 cruce
1671 1987 1708 2022 in
1725 1987 1930 2032 paradisum
1950 1986 2131 2021 transtulit
2149 1996 2158 2027 ;
2182 1990 2236 2019 ta-

1149 2031 1178 2070 C
1200 2060 1282 2084 rnen
1298 2054 1528 2093 posteaquam
1546 2047 1763 2088 resurrexit,
1778 2052 1814 2082 et
1832 2055 1910 2081 esse
1927 2046 2033 2089 coepit
2047 2044 2238 2080 secundum

1203 2111 1237 2144 id
1252 2110 1345 2153 quod
1362 2119 1466 2153 supra
1479 2108 1718 2152 exposuimus,
1735 2107 1771 2140 in
1790 2114 1885 2141 terra
1896 2105 1983 2146 Tob‚
2004 2103 2144 2139 collecti
2160 2108 2242 2138 sunt

1203 2170 1248 2204 ad
1266 2169 1363 2203 illum
1380 2167 1545 2204 scelerati
1562 2166 1723 2201 homines
1736 2170 1880 2209 propter
1901 2163 2144 2198 remissionem
2161 2171 2241 2206 pec-

1203 2232 1376 2267 catorum,
1413 2226 1473 2269 qui
1491 2235 1571 2260 cum
1591 2224 1651 2258 illo
1667 2222 1912 2263 ambulabant,
1950 2221 2029 2265 quia
2050 2220 2242 2254 secundum

1202 2284 1278 2328 ejus
1295 2288 1471 2328 praecepta
1495 2281 1673 2322 vivebant,
1706 2289 1820 2322 neque
1838 2279 1904 2312 hoc
1924 2277 2000 2311 ficri
2021 2276 2149 2310 desinit
2182 2285 2241 2310 us-

1203 2354 1271 2390 que
1287 2353 1380 2378 nunc
1396 2348 1432 2377 ct
1449 2341 1626 2384 deinceps,
1658 2347 1841 2383 quousque
1858 2337 1902 2371 ad
1936 2345 2017 2371 eum
2034 2334 2242 2379 confugiunt

1203 2404 1299 2446 mali,
1318 2408 1357 2438 ut
1379 2401 1547 2448 justificet
1566 2399 1704 2443 impios,
1730 2397 1790 2443 qui
1809 2396 1853 2431 ad
1872 2405 1952 2430 eum
1972 2399 2238 2435 convertuntur,

1203 2470 1239 2500 et
1252 2463 1390 2498 discant
1411 2461 1522 2505 iniqui
1540 2460 1615 2494 vias
1630 2459 1719 2504 ejus.

1249 2524 1326 2559 ‚lam
1342 2523 1427 2559 illud
1442 2521 1535 2567 quod
1555 2520 1590 2555 hi
1608 2519 1667 2565 qui
1682 2517 1882 2562 abjecerant
1901 2516 2027 2562 lephte
2043 2514 2241 2561 (eratenim

1204 2583 1418 2628 Galaadites)
1450 2580 1612 2617 conversi
1634 2584 1715 2614 sunt
1737 2578 1780 2612 ad
1809 2587 1903 2619 eum,
1934 2581 1969 2610 et
2001 2574 2239 2620 quaesiverunt

1205 2656 1284 2681 cum
1298 2654 1361 2690 per
1380 2652 1485 2688 quem
1502 2641 1738 2676 liberarentur
1754 2637 1798 2672 ab
1817 2635 1968 2671 inimicis
2000 2633 2073 2668 suis
2091 2644 2100 2675 ;
2134 2641 2239 2676 quam

1205 2709 1301 2744 clara
1319 2703 1602 2751 praefiguratione
1621 2699 1814 2745 significat,
1840 2695 1933 2741 quod
1964 2694 1999 2729 lii
2028 2692 2087 2738 qui
2106 2691 2243 2736 abjece-

1206 2774 1288 2805 runt
1313 2766 1509 2806 Christum,
1539 2763 1583 2798 ad
1616 2771 1695 2796 eum
1715 2768 1840 2794 rursus
1857 2755 2032 2796 conversi,
2052 2754 2087 2789 in
2110 2753 2168 2788 illo
2188 2762 2243 2786 rc·

1206 2826 1348 2873 periunt
1365 2823 1515 2859 salutem
1532 2832 1541 2863 ;
1565 2820 1637 2855 sive
1654 2818 1703 2853 illi
1722 2816 1980 2860 intelligantur,
2013 2821 2100 2856 quos
2117 2810 2243 2845 Petrus

1210 2887 1389 2934 apostolus
1418 2894 1499 2920 cum
1518 2883 1561 2918 de
1579 2882 1655 2926 ipso
1694 2878 1827 2914 scelere
1862 2874 2049 2920 arguisset,
2087 2872 2178 2907 sicut
2207 2870 2242 2905 in

1210 2947 1357 2983 Actibus
1390 2941 1628 2988 apostolorum
1653 2938 1780 2983 legitur
1807 2935 1897 2982 (Act.
1931 2933 1986 2979 ιι),
2019 2937 2055 2966 et
2084 2931 2245 2965 hortatus

1213 3012 1308 3044 esset
1324 3010 1363 3040 ut
1378 3003 1422 3039 ad
1438 3011 1518 3037 eum
1539 3000 1831 3035 converterentur
1847 3002 1952 3038 quem
1972 2990 2111 3026 fuerant
2127 2996 2246 3032 perse-

1213 3067 1299 3108 cuti,
1329 3061 1521 3108 compuncti
1551 3063 1629 3094 sunt
1659 3054 1774 3096 corde,
1812 3058 1847 3087 et
1871 3049 1995 3085 abillo
2028 3056 2130 3091 quem
2156 3055 2177 3078 a
2206 3054 2244 3079 se

1216 3126 1469 3164 alienaverant,
1503 3118 1746 3155 desiderarunt
1764 3111 1922 3146 salutem.
1945 3105 2034 3149 Quid
2053 3109 2107 3139 est
2125 3107 2242 3137 autem

1216 3184 1360 3222 liberari
1382 3183 1426 3219 ab
1444 3179 1608 3218 inimicis,
1628 3174 1695 3210 nisi
1714 3182 1734 3206 a
1752 3167 1935 3215 peccatis?
1965 3164 2026 3200 Sic
2048 3162 2142 3198 enim
2173 3161 2243 3196 illis

1216 3247 1294 3283 ait:
1323 3244 1421 3290 Aqite
1453 3235 1704 3285 poenitentiam‚
1731 3235 1763 3264 et
1795 3226 1983 3272 baptizetur
2014 3221 2242 3267 unusquisque

1213 3312 1358 3344 vestrum
1378 3303 1414 3335 in
1435 3296 1567 3333 nomine
1586 3289 1724 3327 Domini
1745 3288 1828 3323 lesu
1842 3283 1982 3326 Christi,
2012 3287 2043 3316 ct
2071 3278 2242 3314 remitten-

1213 3371 1271 3400 tur
1291 3360 1381 3397 vobis
1395 3359 1534 3402 peccata
1550 3356 1659 3386 vestra
1679 3346 1711 3394 (1
1716 3345 1801 3391 bid.)
1817 3354 1826 3380 z
1844 3344 1918 3380 sive
1931 3341 1988 3377 illa
2004 3338 2120 3385 potius
2136 3335 2242 3382 signi-

1179 3416 1181 3419 ’
1213 3423 1338 3458 ficetur
1361 3424 1440 3460 quae
1467 3413 1504 3448 in
1535 3411 1604 3446 tine
1637 3410 1799 3453 speratur
1823 3401 1962 3439 vocatio
1987 3398 2102 3446 gentis
2119 3393 2238 3431 lsrael.

1213 3479 1322 3526 Magis
1337 3475 1466 3522 quippe
1487 3472 1563 3518 ipsa
1581 3468 1720 3506 videtur
1741 3471 1911 3511 apparere
1945 3460 1982 3496 in
1997 3468 2052 3501 eo,
2079 3452 2172 3501 quod
2188 3451 2242 3487 di·

1212 3541 1304 3578 citur
1323 3537 1396 3574 :Et
1422 3535 1551 3580 sactum
1570 3537 1619 3566 est
1649 3533 1724 3575 post
1758 3526 1857 3566 «fies,-
1890 3519 1984 3567 quod
2015 3517 2136 3562 utique
2161 3516 2243 3580 post

1212 3607 1350 3646 tempus
1368 3595 1565 3642 significat,
1596 3595 1634 3626 et
1647 3598 1712 3635 per
1729 3587 1795 3622 hoc
1816 3582 1970 3620 insinuat
1993 3587 2063 3615 non
2084 3572 2170 3612 illud
2187 3582 2242 3608 m-

1212 3657 1440 3707 telligendum
1455 3652 1550 3701 quod
1567 3647 1702 3687 recenti
1731 3643 1895 3693 passione
1918 3636 2059 3677 Domini
2074 3639 2143 3701 est.
2179 3628 2242 3668 sed

1213 3719 1307 3768 quod
1323 3720 1444 3764 postea
1464 3713 1621 3750 futurum
1639 3711 1706 3744 est.
1730 3705 1808 3748 Quo
1823 3701 1962 3739 videtur
1978 3696 2086 3736 etiam
2103 3691 2141 3731 td
2162 3698 2243 3739 per-
