2540 4016
331 181 394 221 891

332 331 343 352 ι
371 316 470 352 dicas
488 315 526 351 in
543 315 728 352 cordetuo
743 315 1042 362 :Appi-opimum
1068 316 1245 361 septimus
1263 326 1380 354 annus

331 388 344 410 ι
373 374 614 417 remissionis3
640 378 679 410 et
707 381 852 411 avertas
885 375 1008 415 oculos
1037 385 1058 411 a
1083 385 1242 421 paupere
1267 375 1382 414 fratre

332 448 344 470 ι
373 441 449 478 tuo,
469 434 597 471 nolens
619 434 655 470 ei
667 434 763 480 quod
778 434 933 480 postulat
953 440 1118 475 mutuum
1136 436 1380 480 commodare,

330 508 342 530 ι
371 506 418 531 ne
447 494 578 530 clamet
600 499 726 531 eontra
748 501 783 533 te
813 494 859 531 ad
888 494 1096 538 Dominum,
1119 501 1155 531 et
1175 495 1238 532 (iat
1259 496 1323 532 tibi
1344 497 1381 534 in

331 569 342 590 ι
371 560 574 601 peccatum.
593 553 666 592 Sed
681 554 783 591 dabis
797 554 844 597 ei,
867 565 932 591 nee
953 565 1037 600 ages
1052 556 1237 602 quippiam
1250 556 1381 594 callide

331 630 342 651 ι
372 617 408 652 ἰιι
440 617 518 662 ejus
547 616 823 653 necessitatibus
856 616 1101 659 sublevandis,
1122 623 1193 653 etc.
1217 631 1229 651 ι
1252 617 1376 652 LXX:

331 693 342 713 ‹
373 679 525 714 Attende
540 679 604 715 tibi
619 678 702 725 ipsi,
717 688 762 714 ne
777 677 840 715 fiat
858 678 1012 717 verbum
1024 678 1205 714 occultum
1221 679 1255 714 in
1271 678 1380 714 corde

330 753 342 774 ‹
373 747 431 776 tuo
451 739 621 785 iniquitas
642 739 766 775 dicens
782 752 790 774 ;
809 738 1031 784 Appropriat
1048 749 1162 777 annus
1190 739 1377 783 septimus,

330 814 341 834 ‹
374 812 488 836 annus
508 800 750 843 remissionis,
778 805 814 838 et
843 800 1062 847 malignetur
1086 801 1212 836 oculus
1231 805 1312 835 tuus
1340 799 1377 834 in

330 875 341 896 ι
370 862 517 898 fratrem
534 867 632 899 tuum
648 871 813 908 egenum,
833 867 868 898 et
882 872 955 897 nou
974 862 1112 899 tribuas
1132 862 1177 902 ei.
1200 862 1244 900 Et
1261 861 1380 897 excla-

329 936 340 957 α
373 924 485 959 mabit
517 924 706 959 adversum
742 928 776 959 te
811 924 855 959 ad
888 923 1097 965 Dominum,
1121 923 1251 958 eterit
1281 923 1316 958 in
1343 928 1378 958 te

329 996 339 1017 ‹
371 990 558 1030 peecatum
582 995 762 1030 magnum.
785 997 796 1019 ›
821 984 1007 1029 Magnifice
1023 984 1202 1021 oecultum
1229 984 1378 1019 verbum

326 1046 394 1081 hoc
416 1047 520 1088 dixit,
546 1047 642 1092 quod
666 1057 770 1081 nemo
791 1046 898 1081 audet
918 1047 985 1082 boc
1012 1047 1146 1089 dicere,
1169 1047 1230 1091 qui
1253 1053 1379 1092 potue-

324 1106 370 1142 rit
397 1107 571 1151 cogitare,
595 1107 677 1141 ideo
698 1116 770 1140 non
797 1116 876 1141 esse
909 1111 1071 1141 mutuum
1101 1106 1260 1141 dandum
1288 1105 1381 1141 indi-

781 175 820 213 Β.
848 176 1018 218 naam
1041 170 1192 219 muni
1210 140 1660 226 *aeman-fumeas
1683 181 1878 228 emutat
1897 183 2019 226 raas
2040 183 2070 222 1.

381 268 394 290 ι
416 254 515 290 Cave
535 262 584 291 ne
599 254 693 291 fone
721 255 787 292 tibi
807 256 982 301 subrepat
1012 255 1122 302 triepta
1139 255 1325 301 cogitatio,
1344 260 1383 292 et
1398 255 1436 303 Α
1451 261 1536 295 sunt
1550 258 1583 296 si
1599 258 1782 307 negligunt
1794 260 1889 308 hona
1903 261 2046 307 operari
2057 270 2140 309 (piae
2149 266 2314 311 possunt.
2330 263 2396 309 uta
2408 274 2499 318 περ,

1451 316 1490 354 in
1507 319 1737 364 necessitate,
1769 321 1847 359 haec
1868 321 1907 357 in
1920 319 2107 359 voluntate
2122 326 2191 366 est,
2206 323 2303 365 unde
2324 323 2371 366 ad
2397 324 2507 374 Μοῃῑψι

1568 25 1592 50 ’
2500 0 2540 161 l

1450 389 1514 416 sen
1528 380 1679 417 dicitnr:
1694 394 1707 417 ‹
1727 380 1764 417 Si
1782 380 1914 418 emeris
1930 390 2074 420 servum
2087 381 2291 430 Hebraeum,
2312 395 2378 426 sex
2389 386 2496 432 annis

1449 441 1583 480 serviet
1603 442 1666 477 tibi
1684 441 1862 486 :septimo
1878 452 1974 478 anno
1992 443 2197 489 egredietur
2220 445 2313 484 liber
2331 448 2460 495 gratis,
2480 436 2494 489 t

1449 505 1485 536 et
1503 501 1640 546 reliqua
1659 510 1739 546 quae
1763 506 1973 548 sequuntur.
1995 502 2169 543 Hebraeus
2182 506 2366 546 transiens
2381 507 2498 549 inter-,-

1448 566 1625 606 pretatur.
1658 559 1703 596 Et
1724 569 1848 598 servus
1878 561 2050 603 Hebraeus
2065 564 2208 608 emitur,
2228 567 2371 611 quando
2390 578 2502 611 unusq

1448 621 1616 666 quisque,
1636 620 1696 666 qui
1711 619 1784 666 jam
1811 622 1855 658 ab
1874 623 1944 660 hoc
1963 624 2092 666 saeculo
2111 631 2232 662 mente
2252 628 2407 673 transiit,
2425 639 2494 672 ser·
2538 632 2540 644 ⁴

1446 680 1534 715 vitio
1560 680 1816 727 omnipotentis
1857 683 1919 719 Dei
1949 685 2126 723 subditur.
2160 686 2222 724 llle
2259 690 2391 728 etenim
2422 691 2497 731 Deo

1447 749 1533 775 vero
1550 739 1686 776 servire
1705 741 1854 787 appetit,
1872 743 1933 791 qui
1947 744 1992 780 ab
2011 745 2079 780 hoc
2094 746 2223 784 saeculo
2235 753 2355 784 mente
2375 754 2495 788 trans·
2530 790 2536 796 ,

2519 739 2528 758 t

1447 799 1500 836 ire
1520 800 1698 837 didicerit.
1724 801 1783 838 Sic
1809 815 1820 837 α
1842 803 1983 850 Moyses
2004 807 2183 851 transivit,
2206 814 2247 846 ut
2274 810 2412 848 videret
2438 812 2495 848 vi-
2526 798 2530 821 ²

1447 870 1527 897 sum
1553 860 1682 906 (Ea-011.
1704 862 1773 909 111).
1796 876 1807 899 i
1828 863 1888 900 Sic
1907 865 2020 903 David
2047 877 2128 903 cum
2155 881 2166 904 ‹
2186 870 2324 908 videret
2346 872 2494 918 impium
2523 867 2526 871 ’

1447 921 1641 957 exaltatum
1659 933 1766 968 super
1784 925 1911 962 cedros
1928 926 2066 972 Libani,
2090 930 2257 966 transivit
2271 936 2308 967 et
2326 942 2397 968 non
2419 939 2497 971 erat
2519 922 2530 946 *⁸

1448 981 1562 1029 (Psal.
1583 983 1730 1029 xxav1);
1753 998 1764 1018 ι
1783 986 1866 1032 quia
1886 988 2091 1034 iniquorum
2109 993 2307 1037 potentiam
2321 1004 2401 1031 esse
2417 1005 2496 1032 ma-

1448 1055 1555 1091 gnum
1578 1046 1714 1091 aliquid
1731 1046 1885 1084 sortasse
1907 1051 2100 1094 credimus,
2123 1053 2192 1088 nisi
2218 1053 2263 1089 ad
2280 1065 2498 1100 permanens
2523 1046 2526 1059 ³

1449 1106 1619 1141 sarculum
1642 1113 1761 1143 mente
1789 1114 2029 1146 transeamus.
2051 1111 2184 1149 Servus
2209 1123 2294 1149 vero
2322 1114 2495 1153 Hebraeus

324 1169 433 1212 genti,
451 1169 621 1213 quoniam
637 1168 898 1214 appropinquet
916 1178 1030 1203 annus
1047 1168 1280 1210 remissionis,
1295 1178 1379 1204 eum
1397 1158 1430 1197 Β
1446 1171 1588 1211 emptus
1609 1177 1671 1203 sex
1700 1168 1803 1205 annis
1822 1170 1956 1204 servire
1985 1171 2204 1217 praecipitur,
2227 1173 2276 1208 ita
2305 1179 2344 1209 ut
2364 1175 2401 1210 in
2436 1186 2494 1211 se-

324 1227 422 1262 Deus
444 1234 590 1274 propter
621 1227 906 1262 misericordiam
933 1233 1125 1274 utrumque
1150 1229 1375 1273 praeceperit,

325 1293 361 1322 et
383 1288 603 1323 eontmodari
623 1298 703 1322 eum
722 1288 873 1332 quisque
894 1287 1044 1331 indiget,
1063 1293 1099 1322 et
1117 1288 1252 1323 remitti
1282 1298 1377 1323 auno

326 1347 559 1382 remissionis.
582 1347 766 1388 Quomodo
786 1356 871 1391 ergo
898 1346 1183 1381 misericorditer
1206 1347 1379 1381 remissu-

321 1417 382 1440 rus
399 1411 452 1440 est
472 1406 529 1440 illo
549 1415 642 1440 atino
661 1415 731 1450 quo
757 1405 1012 1440 remittendum
1032 1410 1102 1447 est,
1135 1405 1164 1440 si
1183 1405 1379 1441 crudeliter

322 1467 455 1513 cogitat
483 1467 543 1501 illo
563 1472 723 1512 tempore
742 1466 899 1500 dandum
918 1475 989 1500 uon
1009 1475 1103 1507 esse,
1129 1475 1200 1510 quo
1221 1466 1376 1501 dandum

321 1530 396 1565 est?
416 1543 428 1562 ‹
452 1528 540 1564 Cum
556 1539 643 1574 ergo
662 1528 829 1564 venditus
849 1527 956 1562 fuerit
971 1527 1084 1563 frater
1103 1533 1184 1564 tuus
1203 1527 1378 1567 Hebraeus

326 1605 337 1625 ι
370 1598 430 1627 aut
457 1592 620 1634 Hebraea,
652 1596 687 1627 et
719 1602 780 1627 sex
819 1592 923 1627 annis
958 1591 1123 1627 servierit
1154 1590 1231 1632 tibi,
1252 1590 1289 1626 in
1323 1600 1377 1626 se-

326 1666 340 1700 ρ
373 1655 484 1699 ptimo
507 1664 600 1688 anno
627 1654 786 1689 dimittes
816 1664 898 1689 eum
918 1653 1083 1688 liberum.
1106 1665 1116 1686 ι
1141 1652 1214 1687 Hos
1234 1656 1375 1696 emptos

323 1725 393 1750 non
415 1725 457 1750 eo
477 1715 730 1750 anno‘remitti
756 1715 879 1757 voluit,
903 1725 1008 1760 quem
1038 1715 1230 1759 septimum
1253 1723 1376 1759 quem-

321 1786 390 1820 que
410 1776 593 1811 observari
614 1777 802 1822 oportebat
831 1776 875 1811 ab
893 1776 1081 1818 omnibus3
1113 1775 1176 1810 sed
1203 1785 1298 1810 anno
1323 1784 1376 1810 se-

319 1837 431 1881 ptimo
467 1837 660 1882 emptionis
694 1837 783 1882 ejus,
816 1842 1070 1883 quotocunque
1105 1846 1198 1871 anuo
1231 1836 1374 1871 illorum

320 1898 494 1942 septimus
513 1898 581 1933 iste
600 1908 714 1933 annus
730 1904 949 1934 occurreret.
974 1910 985 1930 ‹
1008 1897 1071 1932 Sin
1087 1902 1207 1932 autem
1222 1897 1372 1932 dixerit:

324 1970 334 1989 ‹
367 1956 455 1992 Nolo
473 1958 607 2003 egredi,
632 1968 675 1993 eo
703 1959 798 2003 quod
825 1958 947 2004 diligat
972 1962 1007 1992 te
1036 1962 1072 1992 et
1097 1957 1240 1992 domum
1260 1961 1371 1999 tuam,

323 2029 334 2050 ι
364 2022 400 2051 et
419 2016 510 2052 bene
529 2017 595 2052 sibi
618 2017 711 2062 apud
742 2022 775 2052 te
790 2027 871 2052 esse
902 2017 1046 2059 sentiat,
1074 2025 1237 2051 assumes
1263 2014 1373 2050 subu·

1445 1227 1558 1272 ptimo
1581 1227 1671 1263 liber
1697 1234 1801 1263 excat
1832 1229 1955 1274 gratis.
1989 1231 2081 1274 Quid
2098 1233 2193 1267 enim
2224 1243 2290 1279 per
2315 1235 2496 1272 senarium

1446 1298 1656 1330 numerum,
1692 1288 1761 1324 nisi
1792 1289 1918 1325 activae
1948 1291 2030 1326 vitae
2058 1292 2231 1338 perfectio
2258 1294 2496 1341 designatur?

1446 1347 1537 1390 Quid
1563 1359 1627 1393 per
1652 1349 1908 1393 septenarium,
1927 1351 1998 1389 nisi
2022 1354 2299 1400 contemplativa
2326 1356 2399 1392 vita
2434 1367 2498 1395 ex-

1446 1408 1640 1452 primitur?
1660 1408 1731 1444 Sex
1749 1411 1852 1446 annis
1876 1412 2000 1454 servit,
2022 1418 2058 1449 et
2078 1416 2229 1464 septimo
2248 1418 2429 1463 egreditur
2447 1419 2492 1455 li-

1445 1466 1522 1509 ber,
1552 1467 1612 1512 qui
1633 1478 1697 1514 per
1722 1469 1876 1504 activam
1895 1481 2003 1516 quam
2032 1474 2190 1518 perfecte
2212 1477 2430 1522 exhibuerit,
2451 1479 2496 1517 ad

1446 1527 1733 1573 contemplativae
1751 1529 1832 1565 vitae
1847 1530 2051 1568 libertatem
2076 1535 2217 1571 transit.
2237 1535 2282 1572 Et
2299 1539 2497 1575 notandum

1445 1588 1539 1633 quod
1558 1588 1668 1634 gratis
1686 1588 1778 1624 liber
1793 1591 1987 1636 egreditur,
2009 1593 2093 1639 quia
2111 1595 2146 1630 bi
2163 1602 2351 1642 postquam
2370 1598 2493 1635 omnia

1444 1649 1611 1692 fecerint,
1631 1650 1755 1686 dicunt
1770 1662 1807 1687 se
1827 1652 1971 1690 inutiles
1990 1664 2125 1692 servos.
2154 1655 2216 1692 Eis
2242 1658 2367 1703 procul
2387 1659 2494 1695 dubio

1446 1711 1539 1748 sicut
1572 1712 1649 1758 ipsa
1688 1714 1805 1749 activa
1830 1715 1904 1751 vita
1934 1715 2001 1752 fuit
2027 1727 2071 1753 ex
2098 1729 2259 1762 numere,
2276 1720 2328 1757 ita
2359 1721 2429 1759 erit
2450 1731 2494 1758 ex

1444 1774 1558 1819 gratia
1577 1774 1683 1810 etiam
1702 1771 1992 1822 contemplativa.
2017 1791 2029 1812 ι
2048 1778 2137 1816 Cum
2149 1781 2244 1826 quali
2266 1787 2364 1819 veste
2382 1782 2496 1820 intra-

1442 1835 1546 1876 verit,
1566 1847 1647 1872 eum
1668 1836 1730 1872 tali
1757 1843 1873 1874 exeat.
1900 1851 1911 1873 i
1937 1839 2025 1883 Quia
2044 1842 2188 1877 omnino
2207 1853 2352 1879 necesse
2367 1849 2432 1885 est,
2454 1849 2494 1880 ut

1442 1897 1690 1943 unusquisque
1717 1904 1883 1938 nostrum
1909 1899 1946 1936 iu
1975 1901 2043 1937 hoc
2062 1901 2157 1946 quod
2184 1903 2306 1950 incipit
2327 1914 2492 1950 perseve-

1442 1963 1510 2000 ret,
1529 1964 1636 2003 atque
1657 1970 1771 2004 usque
1803 1960 1848 1995 ad
1868 1960 1975 1998 finem
1995 1963 2113 2007 operis
2137 1964 2171 2003 iu
2194 1973 2236 1999 ea
2260 1975 2330 2010 qua
2351 1965 2494 2002 inchoa-

1440 2019 1492 2054 vit
1512 2019 1712 2054 intentione
1732 2020 1902 2065 perduret
1921 2034 1928 2056 :
1945 2022 2005 2057 ille
2025 2023 2155 2068 quippe
2174 2024 2234 2068 qui
2259 2023 2302 2058 ad
2330 2030 2491 2061 contem-

324 2089 337 2109 «
366 2076 452 2118 lam,
489 2082 524 2111 et
555 2076 757 2122 perforabis
781 2087 907 2112 aurem
935 2077 1011 2122 ejus
1043 2077 1078 2112 in
1107 2076 1216 2121 janua
1247 2077 1373 2113 domus
1393 2069 1421 2111 C
1442 2079 1614 2124 plativam
1631 2080 1740 2116 vitam
1761 2081 1902 2123 transit,
1919 2082 1979 2127 qui
1996 2083 2029 2117 in
2053 2083 2167 2119 activa
2186 2084 2258 2120 vita
2279 2085 2489 2122 intentionis

329 2150 342 2172 ‹
374 2143 455 2180 tuae,
478 2142 514 2173 et
534 2138 666 2174 serviet
683 2139 748 2173 tibi
768 2149 882 2184 usque
910 2139 945 2174 in
967 2139 1238 2184 sempiternum,
1259 2144 1328 2174 etc.
1355 2151 1367 2174 ι

321 2200 407 2244 Quae
437 2200 480 2236 de
501 2210 606 2236 servo
636 2200 786 2236 Hebraeo
816 2201 1088 2246 praecipiuntur‚
1108 2205 1148 2235 ut
1180 2210 1243 2236 sex
1269 2200 1374 2236 annis

319 2261 467 2303 serviat,
493 2265 530 2296 et
560 2261 763 2296 dimittatur
787 2261 879 2296 liber
899 2262 1024 2307 gratis,
1052 2271 1097 2296 ne
1135 2261 1229 2296 servi
1265 2260 1370 2296 Chri-

321 2322 429 2357 stiani
455 2322 523 2356 hoe
542 2321 748 2367 flagitarent
766 2332 787 2356 a
815 2322 970 2358 dominis
988 2322 1074 2363 suis,
1098 2321 1293 2367 apostolica
1312 2330 1374 2355 au-

319 2382 468 2418 ctoritas
485 2383 588 2428 Ju-bet
612 2391 736 2417 servos
766 2381 921 2417 dominis
938 2383 1012 2418 suis
1032 2391 1111 2417 esse
1131 2381 1308 2424 subditos,
1326 2391 1372 2418 ne

318 2454 449 2480 nomen
469 2443 533 2479 Dei
557 2451 592 2479 et
618 2444 782 2479 doctrina
800 2444 1081 2490 blasphemetur.
1103 2443 1192 2479 illud
1211 2444 1306 2479 enim
1326 2453 1372 2479 ex

322 2504 391 2541 hoe
418 2505 506 2541 satis
536 2510 678 2541 constat
710 2505 746 2540 in
767 2505 940 2551 mysterio
964 2509 1196 2551 praeceptum,
1221 2505 1306 2551 quia
1335 2510 1371 2541 et

318 2567 487 2612 pertundi
520 2567 646 2603 subula
686 2565 763 2612 ejus
795 2578 918 2603 aurem
951 2567 995 2602 ad
1030 2573 1169 2613 postem
1200 2567 1371 2613 proecepit

322 2628 430 2670 Deus,
464 2628 524 2674 qui
559 2628 762 2663 libertatem
798 2629 895 2664 illam
929 2633 1127 2665 recusaret.
1159 2627 1371 2674 Praecipitur

318 2688 415 2722 enim
435 2693 473 2721 ut
497 2687 668 2722 Hebraeus
690 2699 793 2733 puer,
814 2690 843 2724 si
862 2688 955 2724 sorte
978 2689 1013 2724 in
1035 2690 1244 2725 servitutem
1266 2690 1371 2725 deve-

342 2748 425 2788 erit‚
460 2757 523 2783 sex
552 2749 657 2783 annis
676 2749 868 2793 deserviat,
889 2751 1041 2796 septimo
1061 2761 1156 2786 anno
1174 2761 1260 2787 vero
1280 2751 1370 2786 liber

329 2807 532 2842 limittatur.
553 2807 654 2851 Quod
675 2808 704 2843 si
720 2810 839 2854 egredi
859 2820 879 2844 a
910 2811 1083 2846 servitute
1108 2811 1264 2846 noluerit
1283 2820 1368 2857 pro-

320 2872 397 2913 pter
413 2878 561 2903 uxorem
581 2874 617 2903 et
644 2868 752 2911 filios,
779 2860 1020 2914 perforabitur
1037 2872 1196 2906 auricula
1222 2871 1312 2916 ejus,
1333 2875 1369 2907 et

317 2927 384 2961 erit
425 2938 550 2962 servus
582 2928 618 2962 in
645 2928 828 2964 saeculum.
861 2929 935 2964 Hoc
970 2931 1012 2965 de
1043 2932 1210 2975 praesenti
1235 2933 1366 2968 saeculo

317 2996 389 3021 non
406 2986 551 3029 dieitur,
572 2987 634 3022 sed
652 2988 695 3022 de
721 2988 840 3022 futuro
857 3000 864 3022 :
881 2989 964 3033 quia
984 2989 1020 3023 in
1040 2999 1101 3024 sex
1116 2990 1282 3026 aetatibus
1298 2992 1365 3027 hu-
1383 2972 1420 3010 D
1441 2996 1454 3017 ί
1481 2995 1644 3029 uxorem,
1661 2991 1697 3022 et
1712 2988 1892 3033 pepererit
1908 2989 2000 3027 filios
2013 2995 2050 3025 et
2063 2990 2166 3033 filias,
2184 2991 2313 3031 mulier
2327 2998 2362 3028 et
2379 2992 2483 3029 liberi
2537 3016 2540 3018 -

313 3046 373 3092 jus
395 3046 514 3082 sacculi
543 3046 754 3088 servientes,
791 3047 941 3091 septimo
973 3048 1030 3082 die
1057 3053 1193 3084 :eterno
1215 3050 1363 3087 sabbato

317 3104 524 3150 liberamur,
560 3106 591 3142 si
622 3112 743 3142 tamen
773 3107 992 3143 noluerimus
1027 3118 1107 3145 esse
1143 3110 1244 3146 liberi
1280 3113 1363 3148 dum

318 3165 434 3201 adhuc
454 3165 491 3200 in
508 3165 639 3202 saeculo
656 3166 831 3202 servimus
847 3172 1009 3212 peccato.
1038 3168 1076 3204 Si
1097 3175 1216 3207 autem
1236 3171 1362 3210 nolue-

318 3227 443 3270 rimus,
472 3226 717 3272 perforabitur
734 3227 838 3263 nobis
868 3228 1029 3263 auricula
1060 3229 1097 3264 in
1118 3231 1363 3267 testimonium

317 3289 579 3331 inobedientiae,
619 3293 655 3324 et
689 3298 770 3324 cum
800 3298 914 3324 uxore
938 3293 976 3324 et
999 3289 1083 3325 filiis
1111 3291 1244 3326 nostris
1273 3301 1364 3336 quos

317 3350 540 3395 przetulimus
563 3350 735 3394 libertati,
754 3350 790 3385 id
811 3355 880 3392 est,
908 3353 990 3387 cum
1010 3359 1118 3386 carne
1139 3356 1175 3387 et
1195 3351 1364 3397 operibus

317 3410 407 3457 ejus,
420 3410 553 3456 jugiter
575 3411 714 3456 peccati
735 3411 829 3447 servi
861 3410 998 3446 erimus
1017 3411 1055 3446 in
1082 3416 1270 3447 aeternum.
1291 3410 1363 3447 Sed

267 3493 272 3508 ;
317 3474 354 3505 et
377 3469 480 3506 aliter
500 3472 567 3507 hoe
596 3473 744 3519 intelligi
772 3476 902 3518 potest.
921 3472 993 3519 (Ex
1012 3471 1210 3520 Gregorio.)
1227 3473 1362 3520 Nempe

318 3531 503 3567 sciendum
519 3539 574 3568 est
588 3534 670 3578 quia
687 3543 770 3569 cum
785 3534 902 3569 activa
921 3533 976 3570 vel
995 3535 1272 3581 contemplativa
1289 3535 1362 3571 vita

317 3600 361 3626 ex
378 3590 443 3628 Dei
459 3593 531 3628 sint
553 3595 683 3639 gratia,
704 3605 775 3630 una
799 3594 904 3631 nobis
924 3595 961 3630 in
989 3595 1203 3631 necessitate
1224 3600 1292 3639 est,
1315 3595 1366 3631 al-

318 3653 395 3686 tera
426 3651 462 3687 in
482 3651 676 3689 voluntate.
701 3654 789 3704 Quis
807 3654 903 3690 enim
921 3664 1141 3700 cognoscens
1156 3655 1363 3700 Dominum,
1392 3655 1397 3658 '

319 3717 390 3743 non
423 3709 500 3754 ejus
534 3721 683 3759 regnum
714 3712 934 3761 ingreditur,
967 3707 1038 3751 nisi
1069 3715 1169 3762 prius
1195 3722 1366 3763 operetur

319 3766 433 3805 hene?
454 3771 539 3808 Sine
552 3768 828 3824 contemplativa
851 3763 937 3825 ergo
954 3776 1030 3814 vita
1042 3776 1179 3815 intrare
1197 3788 1273 3816 non
1283 3788 1366 3827 poe-

1441 2136 1514 2174 suie
1544 2144 1682 2175 vestem
1714 2150 1785 2175 non
1812 2142 2016 2177 mutaverit.
2051 2142 2095 2177 Et
2128 2149 2210 2178 sunt
2246 2145 2406 2181 nonnulli
2428 2146 2489 2191 qui

1439 2201 1649 2246 priusquam
1681 2202 1937 2246 omnipotentis
1956 2202 2020 2236 Dei
2047 2203 2192 2241 servitio
2209 2204 2404 2247 socientur,
2416 2204 2492 2250 jam

1438 2261 1534 2296 hona
1551 2261 1694 2305 operari
1711 2261 1875 2308 diligunt.
1898 2261 1992 2299 Sunt
2007 2273 2093 2299 vero
2108 2263 2167 2299 alii
2181 2265 2242 2309 qui
2256 2265 2350 2301 bona
2365 2276 2488 2312 opera,

1438 2327 1630 2367 postquam
1655 2322 1701 2357 ad
1733 2323 1917 2358 servitium
1945 2324 2201 2370 omnipotentis
2227 2325 2291 2362 Dei
2310 2328 2488 2371 venerint,

1439 2381 1594 2419 diseunt.
1617 2381 1684 2426 Qui
1701 2392 1786 2428 crgo
1802 2384 2048 2428 operationem
2064 2385 2209 2430 bonam,
2228 2391 2261 2423 et
2279 2388 2488 2434 priusquam

1440 2443 1484 2479 ad
1513 2442 1578 2478 Dei
1605 2442 1790 2479 servitium
1806 2443 1944 2480 veniret
1976 2445 2109 2484 habere
2135 2448 2284 2483 studuit.
2312 2448 2485 2487 Hebraeus

1439 2512 1565 2539 servus
1585 2513 1665 2541 cum
1686 2513 1798 2540 uxore
1817 2510 1958 2551 emptus
1981 2511 2047 2541 est.
2077 2505 2121 2542 Et
2150 2507 2360 2555 plerumque
2379 2510 2409 2547 is
2427 2511 2486 2556 qui

1439 2563 1520 2599 talis
1544 2569 1610 2607 est,
1634 2570 1755 2609 potest
1785 2565 1828 2602 ad
1850 2566 2164 2612 contemplativam
2183 2569 2294 2605 vitam
2312 2570 2487 2615 transire,

1438 2630 1474 2660 et
1495 2630 1615 2661 tamen
1636 2626 1789 2662 activam
1803 2626 1914 2662 vitam
1934 2637 2006 2662 non
2034 2628 2214 2667 deserere.
2242 2629 2342 2666 Unde
2361 2635 2396 2666 et
2415 2631 2488 2668 illie

1438 2686 1603 2722 subditur
1622 2699 1628 2721 ;
1650 2698 1661 2719 ‹
1684 2686 1722 2722 Si
1750 2687 1885 2725 habens
1906 2698 2077 2731 uxorem,
2103 2694 2138 2724 et
2163 2699 2254 2726 uxor
2282 2690 2487 2737 egrediatur

1438 2746 1556 2782 simul.
1583 2760 1594 2780 ›
1617 2745 1705 2782 Cum
1720 2756 1763 2782 eo
1781 2747 1879 2787 enim
1893 2753 1929 2783 et
1954 2758 2046 2784 uxor
2064 2749 2110 2785 ad
2130 2749 2333 2786 libertatem
2350 2752 2486 2797 egredi-

1438 2810 1510 2848 tur,
1530 2806 1672 2852 quando
1693 2806 1724 2842 is
1741 2807 1801 2852 qui
1831 2807 1876 2843 ad
1899 2809 2235 2854 contemplationem
2263 2811 2483 2855 pervenerit,

1437 2865 1548 2904 etiam
1565 2864 1654 2905 soris
1673 2867 1853 2908 actionem
1869 2867 1954 2912 boni
1971 2869 2089 2914 operis
2108 2879 2176 2915 qua
2186 2870 2356 2916 prodesse
2370 2872 2484 2917 possit

1437 2925 1531 2968 aliis,
1551 2937 1622 2965 uon
1652 2927 1835 2974 relinquit.
1856 2942 1869 2966 ι
1890 2929 1929 2969 si
1947 2936 2068 2970 autem
2087 2931 2224 2968 dederit
2245 2932 2410 2974 dominus
2432 2933 2483 2970 illi

1437 3060 1449 3083 ‹
1479 3047 1557 3093 ejus
1586 3055 1693 3086 erunt
1712 3051 1848 3088 domini
1876 3052 1932 3088 sui
1952 3065 1960 3088 ι
1979 3052 2055 3098 ipse
2080 3063 2166 3090 vero
2186 3054 2297 3093 exibit
2319 3064 2400 3094 cum
2425 3064 2483 3091 ve-

1437 3124 1450 3146 «
1480 3113 1566 3148 stitu
1599 3122 1676 3148 suo.
1698 3126 1710 3147 i
1742 3113 1854 3150 Servo
1884 3121 2005 3162 empto
2039 3117 2100 3152 dat
2129 3115 2294 3153 deminus
2314 3126 2479 3159 uxorem,

1431 3184 1514 3210 cum
1533 3177 1749 3220 praedicator
1767 3178 1918 3223 quisque
1933 3187 2039 3223 quem
2050 3177 2132 3222 jure
2148 3178 2386 3223 omnipotenti
2405 3178 2480 3214 Deo

1431 3235 1707 3279 mancipaverit,
1733 3236 1837 3272 bonae
1856 3238 1991 3272 actioni
2010 3237 2206 3283 conjungit.
2227 3238 2321 3273 Nam
2337 3243 2374 3274 et
2390 3249 2478 3283 prae-
2537 3272 2540 3274 .

1432 3291 1610 3329 dicatores
1637 3294 1773 3330 domini
1798 3301 1994 3338 vocantur,
2022 3297 2116 3331 sicut
2148 3297 2276 3338 Elisaeo
2295 3299 2478 3343 prophetae

1432 3352 1476 3388 de
1485 3351 1720 3398 praedicatore
1734 3362 1798 3388 suo
1812 3353 1963 3389 dicitur:
1981 3365 1993 3388 ι
2010 3353 2090 3390 Scis
2103 3357 2199 3400 quod
2214 3357 2380 3394 dominus
2396 3363 2476 3395 tuus
2536 3382 2540 3415 ἕ

1431 3411 1578 3448 tollatur
1596 3422 1618 3447 a
1634 3412 1695 3448 te?
1717 3411 1815 3451 Uxor
1830 3423 1918 3449 vero
1933 3415 2087 3459 emptitii
2105 3417 2202 3455 servi
2216 3417 2310 3454 filios
2330 3424 2367 3455 et
2383 3419 2476 3457 filias
2526 3422 2530 3426 ’

1429 3473 1558 3519 pariet,
1579 3473 1723 3520 quando
1739 3474 1773 3509 ei
1787 3475 1882 3510 hona
1899 3474 2011 3512 fortes
2024 3477 2080 3512 vel
2098 3481 2242 3515 tenores
2260 3477 2401 3518 fructus
2414 3491 2476 3528 ge-

1433 3539 1550 3571 nerat.
1583 3534 1654 3571 Sed
1681 3535 1810 3573 mulier
1834 3545 1914 3582 quae
1933 3547 1954 3572 a
1982 3537 2130 3574 domino
2161 3539 2244 3576 Ma
2263 3546 2333 3584 est,
2356 3541 2473 3578 eidem

1432 3595 1582 3637 domino
1605 3605 1689 3631 eum
1716 3595 1801 3632 titiis
1828 3602 2011 3642 remanet;
2029 3599 2105 3645 ipse
2131 3609 2219 3637 vero
2245 3611 2376 3638 senus.
2397 3603 2475 3639 exit

1430 3667 1514 3694 eum
1539 3658 1667 3694 vestitu
1691 3667 1770 3702 suo,
1792 3658 1876 3705 quia
1896 3659 1989 3696 bona
2004 3661 2100 3702 aetio
2119 3661 2180 3699 vet
2193 3661 2357 3709 ejusdem
2370 3663 2475 3703 honae

1429 3716 1585 3753 actionis
1611 3716 1764 3762 fruetus,
1787 3719 2037 3764 praedieamis
2065 3721 2223 3759 meneedi
2236 3729 2469 3771 reputantur.

1429 3777 1658 3828 lpuxeroin
1671 3777 2332 3833 desideriisutintemione-pordumn,
2338 3794 2407 3839 peu
2416 3795 2475 3824 m·
