2540 4016
260 194 329 231 865

258 324 400 371 requies
433 322 530 359 beati
557 323 653 359 illius
683 324 785 370 regni
808 329 950 371 tempus
976 324 1192 368 ostenditur,
1221 324 1316 370 quod

258 385 452 423 carnaliter
470 383 584 421 Judaei
608 385 831 422 celebrantes
849 391 1013 431 peccant.
1040 385 1086 422 Et
1102 392 1143 422 ut
1157 387 1226 422 hoc
1243 397 1316 422 non

257 456 322 483 nos
341 446 385 482 ad
403 445 511 481 fidem
528 444 693 480 fallentes
709 445 888 481 mendacii
905 450 1083 491 aptemus,
1100 445 1230 482 clamat
1246 446 1314 482 Do-

255 508 374 545 minus
395 517 461 554 per
477 506 705 553 prophetam,
727 506 850 542 dicens
873 517 882 542 :
910 517 921 539 a
935 505 1150 543 Neomenias
1170 512 1207 543 et
1230 507 1313 543 sab-

255 570 340 606 bata
358 571 478 604 vestra
491 566 603 602 odivit
619 566 739 602 anima
759 575 853 601 mea.
872 579 884 600 ›
914 565 1102 610 Quomodo
1119 576 1205 612 ergo
1228 577 1314 602 san-

255 631 411 666 ctificata
435 634 541 665 erunt
568 628 718 665 sabbata
748 628 809 664 illa
836 639 916 674 quae
944 629 1057 664 odivit
1082 629 1203 665 Deus?
1227 629 1315 665 Illud

254 701 341 739 ergo
357 690 543 727 sabbatum
559 688 822 726 sanctificatum
839 694 909 732 est,
928 689 987 725 ubi
1002 694 1084 735 post
1099 689 1194 725 bona
1209 681 1329 735 hujus'

254 751 338 788 vitae
363 761 486 797 opera,
510 751 654 796 requies
671 750 776 786 nohis
795 755 929 785 aeterna
949 750 1185 795 promittitur.
1213 749 1315 785 ldeo-

256 822 326 858 que
351 811 523 857 quidquid
547 811 701 858 agimus,
734 811 763 846 si
787 815 936 856 propter
967 810 1079 846 futuri
1112 809 1232 846 saeculi
1260 820 1317 845 re-

255 872 375 918 quiem
389 871 552 915 facimus‚
569 872 747 908 veraciter
761 872 994 907 observamus
1009 872 1211 907 sabbatum.
1231 871 1319 907 Post

254 933 344 977 haec,
367 934 437 970 tria
455 939 649 980 praecepta.
685 933 919 979 Septenarius
943 933 1039 969 enim
1057 933 1229 979 praecedit
1250 943 1317 967 nu-

255 1004 376 1031 merus
408 995 659 1031 mandatorum
690 995 734 1030 ad
769 995 995 1030 dilectionem
1025 995 1209 1040 pertinens
1235 1003 1318 1039 pro-

255 1055 357 1097 ximi,
376 1060 411 1091 et
431 1055 558 1099 incipit
578 1055 622 1090 ab
639 1056 776 1090 honore
799 1060 1005 1100 parentum,
1033 1056 1128 1100 qnod
1145 1062 1264 1090 tamen
1280 1055 1317 1089 in

255 1114 380 1150 ordine
406 1119 574 1158 quartum
598 1119 653 1149 est
675 1126 683 1148 :
708 1126 719 1146 α
734 1113 879 1149 Honora
905 1118 1045 1158 patrem
1070 1119 1168 1149 tuum
1189 1118 1226 1148 et
1240 1123 1317 1148 ma-

688 188 728 224 B.
757 188 930 226 RABANI
955 188 1105 228 MAURI
1129 186 1344 226 ARCHIEP.
1372 186 1580 226 MOGUNT.
1608 185 1800 226 OPERUM
1827 185 1956 227 PARS,
1969 185 1996 221 1.

1383 450 1519 496 scripta
1540 454 1596 486 est
1618 448 1690 490 lex,
1711 446 1783 482 nisi
1800 450 1863 481 aut
1881 450 2028 492 propter
2047 446 2118 482 duo
2139 444 2373 483 Testamenta
2396 447 2445 484 si-

1384 512 1600 566 gnificanda,
1623 515 1685 544 aut
1706 512 1853 555 propter
1872 508 1942 544 duo
1962 507 2023 543 illa
2042 514 2222 555 praecepta
2241 509 2444 546 dilectionis

1383 571 1447 607 Dei
1467 577 1504 607 et
1520 569 1688 616 proximi,
1717 569 1782 604 «in
1798 568 1929 614 quibus
1955 573 2028 604 tota
2054 568 2114 604 lex
2140 569 2273 614 pendet
2298 574 2335 605 et
2362 580 2446 615 pro-
2480 606 2481 610 ,

1382 630 1558 676 phetae?»
1600 627 1684 664 Haec
1714 629 1811 664 enim
1841 629 1878 664 in
1913 628 2064 675 singulis
2100 629 2233 666 tabulis
2268 629 2445 676 explicata
2487 656 2490 659 -

1384 695 1480 725 sunt.
1515 689 1554 724 ln
1574 699 1645 724 una
1663 689 1758 725 enim
1785 689 1857 724 tria
1876 694 2058 736 praecepta
2078 690 2122 726 ad
2142 689 2206 725 Dei
2226 689 2446 736 pertinentia
2487 701 2490 707 ’

1385 751 1609 793 charitatem,
1630 751 1666 785 in
1686 750 1754 785 alia
1775 759 1878 793 vero,
1908 755 2045 795 septem
2059 750 2278 796 pertinentia
2297 750 2342 786 ad
2362 759 2447 796 pro-
2488 755 2497 796 ξ

1383 812 1473 847 ximi
1492 813 1713 848 societatem.
1741 811 1812 848 Sed
1829 822 1894 848 cur
1906 811 2055 858 lapideae
2071 812 2206 848 eaedem
2224 811 2356 848 tabulae
2367 811 2447 848 fue-
2487 797 2502 854 ’ς

1385 875 1495 914 runt,
1523 871 1592 906 nisi
1618 871 1663 906 ad
1694 871 1970 917 significandum
2001 881 2064 907 cor
2095 871 2277 917 lapideum
2309 870 2448 907 Judaeo-
2496 874 2506 906 -Ῑ
2525 903 2537 925 ·.

1385 932 1494 967 rum?
1519 931 1587 966 Per
1616 931 1745 977 lapidis
1770 933 1866 967 enim
1891 932 2204 968 insensibilitatem
2234 933 2362 968 duram
2390 942 2446 968 eo-

1386 1004 1465 1029 rnm
1487 993 1617 1028 mentis
1646 993 1763 1037 signat
1788 993 2020 1036 soliditatem,
2041 994 2085 1029 de
2108 1003 2179 1039 qua
2202 994 2379 1039 propheta
2394 992 2448 1028 di-

1387 1054 1461 1089 cit:
1483 1054 1678 1090 «Auferam
1706 1064 1726 1088 a
1750 1055 1852 1090 vobis
1881 1065 1943 1090 cor
1959 1055 2153 1100 lapideum,
2175 1059 2210 1090 et
2230 1054 2322 1090 dabo
2346 1053 2447 1089 vobis

1387 1125 1450 1150 cor
1468 1124 1637 1150 carneum
1663 1113 1806 1160 (Ezech.
1833 1112 1900 1160 xl).
1917 1126 1929 1146 »
1962 1113 2063 1149 Unde
2087 1119 2122 1148 et
2146 1113 2338 1159 Apostolus
2369 1114 2445 1148 ait:

255 1179 347 1209 trem
368 1180 479 1210 tuam.
498 1187 509 1208 ›
539 1173 569 1209 A
595 1174 806 1220 parentibus
834 1175 930 1209 enim
959 1175 1034 1210 suis
1063 1175 1177 1220 aperit
1208 1176 1316 1210 homo
1335 1166 1367 1205 Β
1390 1187 1402 1209 «1
1421 1176 1499 1212 Non
1526 1177 1562 1211 in
1593 1175 1723 1211 tabulis
1748 1174 1912 1220 lapideis,
1935 1175 1996 1210 sed
2020 1174 2055 1210 in
2078 1174 2207 1210 tabulis
2225 1174 2344 1210 cordis
2368 1184 2447 1209 car-

257 1235 394 1277 ocqus,
417 1240 453 1270 et
472 1236 549 1270 haec
565 1235 639 1270 vita
663 1235 708 1270 ab
728 1245 852 1270 eorum
872 1234 1064 1270 dilectione
1087 1235 1197 1270 sumit
1214 1244 1318 1270 exor-

255 1294 368 1330 dium.
396 1295 482 1330 lnde
508 1295 577 1330 hoc
602 1295 810 1330 mandatum
832 1294 990 1339 primum
1019 1300 1075 1330 est
1099 1296 1135 1330 in
1164 1301 1315 1340 septem,

256 1358 348 1393 sicut
368 1363 404 1393 et
422 1356 594 1392 Dominus
616 1356 653 1390 in
668 1356 862 1402 Evangelio
880 1357 930 1390 ait
950 1368 958 1390 ε
979 1368 990 1388 α
1008 1356 1152 1390 Honora
1175 1361 1316 1400 patrem

255 1423 356 1452 tuum
371 1422 407 1452 et
429 1421 581 1452 matrem
602 1421 716 1458 tuam,
744 1416 839 1460 quod
860 1421 915 1451 est
934 1415 1142 1450 mandatum
1160 1416 1316 1460 primum

254 1476 396 1524 (Matth.
413 1476 487 1523 xv).
504 1489 517 1510 ι
549 1476 620 1512 Sed
634 1476 813 1521 quomodo
831 1475 1003 1520 primum,
1021 1475 1105 1519 quia
1124 1475 1318 1520 quartum?

254 1537 324 1573 nisi
341 1537 442 1583 quia,
467 1542 506 1573 ut
528 1537 662 1573 dictum
681 1542 748 1579 est,
779 1536 815 1571 in
839 1537 1043 1582 septenario
1069 1547 1234 1580 numero,
1256 1537 1316 1582 qui

254 1597 410 1644 pertinet
436 1597 481 1633 ad
507 1597 737 1633 dilectionem
762 1597 929 1642 proximi,
950 1597 1107 1643 primum
1124 1602 1179 1633 est
1202 1598 1239 1633 in
1264 1597 1317 1632 al-

255 1662 332 1692 tera
355 1655 486 1691 tabula.
517 1655 608 1691 Nam
631 1655 710 1691 ideo
733 1655 811 1690 ‹111ae
833 1655 963 1690 tabulae
984 1655 1072 1700 legis
1099 1656 1191 1691 datae
1220 1661 1315 1691 sunt.

254 1715 406 1752 Jubetur
426 1726 514 1762 ergo
539 1715 577 1751 in
596 1716 665 1751 hoc
684 1720 862 1761 praecepto
881 1715 964 1751 filiis
987 1715 1167 1751 honorare
1185 1725 1317 1760 paren-

256 1781 324 1819 tes,
358 1786 475 1822 neque
508 1776 787 1812 contumeliosos
815 1776 887 1812 illis
914 1776 1083 1819 existere,
1114 1777 1176 1812 sed
1201 1776 1319 1813 officio

254 1837 398 1883 pietatis
413 1837 571 1873 debitam
588 1838 829 1874 reverentiam
846 1843 1031 1883 prscstare.
1070 1838 1160 1874 Nam
1176 1840 1238 1885 qui
1253 1849 1318 1884 pa-

254 1897 417 1934 rentibus
432 1899 608 1935 honorem
627 1899 768 1936 deferre
787 1910 860 1936 non
884 1901 997 1944 novit,
1016 1901 1147 1946 quibus
1163 1911 1316 1946 parcere

253 1964 372 2004 potest
386 1960 447 2005 qui
466 1970 550 1996 suos
566 1960 664 1996 odit?
689 1959 862 2004 Quintum
879 1974 886 1996 :
908 1973 919 1993 ‹
935 1960 1014 1996 Non
1029 1960 1283 2003 moechaberis,
1301 1974 1313 1995 ›

256 2018 292 2053 id
307 2024 374 2063 est,
396 2029 442 2055 ne
459 2020 650 2066 quisquam
673 2025 807 2065 praeter
828 2020 1050 2056 matrimonii
1074 2019 1212 2057 foedera
1237 2021 1318 2057 aliis

255 2077 398 2114 feminis
425 2079 633 2123 misceatur,
663 2081 710 2115 ad
739 2081 956 2126 implendam
987 2081 1187 2118 libidinem.
1222 2082 1315 2118 Nam

255 2139 462 2184 specialiter
478 2140 695 2176 adulterium
714 2140 814 2184 facit,
831 2142 908 2186 qui,
923 2148 1055 2187 praeter
1073 2153 1191 2186 suam,
1209 2144 1252 2179 ad
1267 2143 1316 2178 al-

256 2204 371 2235 teram
390 2200 540 2236 acccdit.
577 2200 751 2237 Sextum:
773 2213 784 2234 ‹
800 2201 879 2238 Non
905 2203 1062 2238 occides.
1078 2215 1090 2237 ›
1120 2202 1199 2239 Non
1219 2203 1316 2239 enim

255 2259 372 2295 solum
389 2269 497 2306 opere
512 2266 725 2307 perpetrans
742 2262 976 2298 homicidium
994 2263 1102 2305 facit,
1126 2263 1189 2299 sed
1206 2263 1316 2298 etiam

256 2320 318 2366 qui
346 2326 382 2357 et
406 2322 560 2358 incurrit
586 2323 623 2358 in
647 2324 867 2360 esurientem
897 2329 933 2361 et
966 2326 1115 2368 nudum,
1143 2326 1205 2372 qui
1224 2326 1317 2361 mori

256 2381 369 2426 possit
387 2382 457 2418 nisi
472 2382 720 2419 indumentum
735 2384 927 2431 cibumque
944 2385 1162 2431 porrigendo
1182 2387 1316 2423 subve-

257 2443 344 2486 niat,
365 2447 401 2478 et
416 2443 511 2479 idem
530 2444 711 2481 homicida
730 2445 925 2482 tenebitur.
960 2445 1160 2492 Septimum
1178 2457 1186 2482 :
1208 2459 1220 2480 ‹
1238 2446 1318 2484 Non

257 2501 393 2538 furtum
429 2502 561 2546 facies,
577 2516 589 2538 ι
628 2505 723 2549 quod
759 2510 816 2540 est
853 2505 1077 2550 rapacitatis.
1112 2504 1314 2542 Octavum:

262 2574 274 2596 ι
288 2562 366 2598 Non
387 2562 518 2599 falsum
541 2564 787 2600 testimonium
815 2564 928 2609 dices,
943 2578 954 2599 n
984 2565 1078 2611 quod
1103 2571 1158 2601 est
1181 2566 1318 2602 crimen

258 2623 435 2659 mendacii
462 2629 498 2660 et
527 2623 708 2661 falsitatis.
742 2624 885 2661 Nonum
913 2638 921 2661 :
954 2626 1057 2663 «Non
1084 2627 1319 2672 concupisces

257 2691 409 2718 uxorem
427 2683 582 2727 proximi
613 2685 676 2719 tui.
693 2697 704 2718 ι
739 2684 779 2719 In
797 2685 866 2720 hoc
885 2690 1066 2731 praecepto
1086 2690 1185 2722 vetat
1206 2686 1320 2722 inten-

258 2742 394 2778 tionem
414 2743 622 2779 adulterinae
641 2745 879 2790 cogitationis.
906 2746 996 2782 Nam
1016 2747 1112 2783 aliud
1130 2753 1184 2783 est
1199 2747 1320 2784 facere

259 2801 332 2837 tale
349 2801 484 2848 aliquid
501 2809 634 2848 praeter
661 2813 810 2839 uxorem
828 2805 947 2842 :aliud
972 2812 1142 2853 appetere
1165 2808 1319 2844 alienam

258 2872 421 2898 uxorem.
463 2863 547 2899 Ideo
572 2863 643 2900 duo
667 2870 846 2910 praecepta
871 2871 978 2906 sunt,
1006 2867 1083 2902 Non
1113 2869 1319 2904 muzehahe-

258 2924 322 2959 ris.
342 2924 420 2961 Non
436 2927 668 2972 concupisces
680 2938 830 2963 uxorem
845 2930 1001 2975 proximi
1019 2931 1081 2965 tui.
1103 2931 1289 2967 Decimum
1308 2941 1317 2966 ε

263 2996 274 3017 ‹
295 2983 374 3020 Non
389 2986 620 3030 concupisces
645 2997 720 3022 rem
743 2988 897 3032 proximi
930 2989 1002 3031 tui;
1020 3002 1031 3022 1>
1067 2990 1102 3024 in
1128 3001 1199 3035 quo
1222 3001 1315 3035 prae-
1334 2978 1370 3017 D

258 3048 362 3089 cepto
379 3044 528 3080 damnat
547 3045 779 3081 ambitionem
799 3047 935 3089 saeculi,
954 3052 991 3082 et
1009 3047 1169 3084 refrenat
1185 3059 1319 3085 concu-

258 3103 472 3149 piscentiam
498 3114 632 3140 rerum.
658 3104 783 3150 Itaque
812 3106 941 3142 horum
970 3107 1126 3152 primum
1149 3110 1318 3155 prohibet

259 3163 540 3208 subreptionem,
569 3165 767 3201 secundum
791 3175 975 3210 errorem,
1004 3169 1152 3204 tertium
1179 3170 1319 3206 interli-

260 3223 309 3258 cit
341 3223 462 3260 saeculi
491 3234 665 3269 amorem,
700 3231 869 3272 quartum
894 3227 1127 3274 impietatem,
1153 3231 1319 3275 quintum

259 3283 374 3321 allidit
408 3284 702 3330 fornicationem,
737 3293 878 3324 sextum
912 3289 1182 3334 crudelitatem,
1209 3291 1319 3336 septi-

260 3355 359 3380 mum
382 3346 630 3392 rapacitatem,
655 3353 823 3384 octavum
844 3349 990 3395 perimit
1017 3349 1226 3394 falsitatem,
1253 3361 1319 3387 no-

261 3414 348 3440 num
376 3407 543 3443 adulterii
566 3408 821 3454 cogitationem
839 3436 849 3453 ,
871 3409 1050 3447 decimum
1075 3411 1198 3448 mundi
1221 3413 1319 3459 cupi-

262 3465 424 3502 ditatem.
454 3467 499 3503 Et
516 3469 715 3506 notandum
734 3470 818 3517 quia
835 3470 929 3507 sicut
950 3471 1075 3508 decem
1094 3472 1210 3519 plagis
1235 3483 1318 3520 per-

262 3527 447 3565 cutiuntur
465 3528 639 3577 AEgyptii‚
659 3531 713 3568 sic
732 3532 855 3569 decem
872 3533 1062 3580 praeceptis
1085 3534 1319 3571 conscribun-

262 3591 323 3622 tur
339 3588 482 3632 tabulae,
503 3590 633 3635 quibus
658 3597 831 3639 reguntur
848 3592 970 3639 populi
986 3593 1064 3638 Dei,
1084 3598 1122 3629 et
1139 3594 1320 3631 daemones

261 3648 488 3687 occiduntur.

315 3721 330 3743 ι
345 3710 430 3749 Haec
450 3714 562 3751 verba
576 3714 717 3752 locutus
734 3721 792 3753 est
808 3716 982 3753 Dominus
1001 3716 1047 3752 ad
1064 3726 1209 3754 omnem
1228 3717 1320 3753 mul-

303 3768 492 3810 titudinem
518 3780 676 3813 vestram
699 3777 736 3815 in
755 3781 879 3831 monte
898 3777 935 3815 in
953 3776 1073 3815 medio
1086 3777 1180 3825 ignis
1200 3781 1237 3815 et
1255 3787 1322 3815 nu-

1385 1237 1464 1272 neis
1481 1236 1536 1283 (ΙΙ
1558 1235 1638 1271 Cor.
1665 1230 1734 1283 ιιι).
1753 1249 1764 1269 »
1794 1235 1916 1280 Neque
1937 1236 2034 1271 enim
2049 1235 2116 1271 hoc
2136 1235 2265 1271 tabulae
2284 1234 2448 1271 carnales

1385 1297 1522 1339 volunt,
1544 1302 1584 1331 ut
1608 1296 1802 1331 carnaliter
1822 1295 2025 1340 sapiamus;
2050 1297 2112 1332 sed
2133 1296 2217 1342 quia
2242 1295 2278 1330 in
2301 1304 2447 1341 compa-

1386 1357 1528 1391 ratione
1543 1356 1685 1401 lapidis,
1708 1355 1768 1399 qui
1788 1355 1864 1390 sine
1885 1365 1994 1390 sensu
2017 1360 2085 1399 est,
2122 1366 2206 1391 caro
2241 1355 2364 1397 sentit,
2394 1354 2449 1390 id-

1387 1415 1483 1451 cireo
1499 1425 1564 1459 per
1581 1415 1709 1459 lapidis
1724 1415 1895 1449 duritiam
1909 1425 1972 1450 cor
1987 1425 2059 1450 non
2075 1416 2281 1462 intelligens
2293 1443 2302 1459 ‚
2326 1421 2364 1452 et
2383 1425 2448 1461 per

1388 1475 1506 1512 carnis
1522 1474 1795 1511 sensibilitatem
1821 1475 2060 1520 significatum
2080 1480 2135 1510 est
2150 1484 2213 1510 cor
2232 1475 2447 1521 intelligens.

1439 1547 1451 1569 (
1472 1535 1566 1579 Quid
1585 1539 1641 1571 est
1659 1534 1776 1570 omnis
1794 1544 1879 1570 caro
1898 1539 1938 1569 ut
1959 1534 2080 1569 audiat
2102 1543 2225 1569 vocem
2243 1532 2307 1568 Dei
2326 1532 2451 1569 viven-

1392 1609 1403 1629 ‹
1426 1596 1488 1638 tis,
1508 1595 1569 1640 qui
1594 1595 1636 1630 de
1656 1594 1775 1630 medio
1797 1594 1888 1640 ignis
1906 1594 2079 1639 loquitur,
2100 1594 2192 1630 sicut
2216 1603 2284 1629 nos
2308 1591 2450 1628 audivi-

1392 1667 1404 1688 «
1424 1665 1514 1696 mus,
1543 1659 1583 1690 ut
1608 1655 1721 1700 possit
1742 1654 1892 1690 vivere?
1919 1654 1971 1690 Tu
1998 1654 2114 1700 magis
2137 1654 2279 1697 accede,
2305 1658 2341 1690 et
2367 1650 2451 1688 audi

1391 1728 1403 1749 α
1426 1720 1556 1752 cuncta
1580 1725 1660 1760 quae
1679 1715 1811 1750 dixerit
1834 1715 2007 1750 Dominus
2028 1714 2122 1751 Dens
2140 1719 2264 1751 noster
2289 1713 2354 1750 tibi
2369 1725 2378 1748 ε
2393 1712 2448 1748 lo-

1391 1788 1403 1809 «
1423 1775 1618 1822 querisque
1646 1775 1690 1810 ad
1714 1785 1799 1819 nos,
1829 1781 1865 1811 et
1887 1785 1954 1812 nos
1978 1776 2163 1812 audientes
2188 1775 2363 1812 faciemus
2390 1783 2447 1810 ea.

1392 1849 1403 1870 ‹
1424 1837 1526 1881 Quod
1548 1846 1630 1872 cum
1648 1835 1807 1872 audisset
1823 1837 2010 1880 Dominus,
2031 1837 2082 1872 ait
2103 1837 2148 1873 ad
2167 1846 2225 1873 me
2242 1835 2360 1872 :Audi
2386 1844 2449 1871 vo-

1392 1910 1403 1930 (
1420 1907 1497 1933 cem
1523 1897 1715 1933 verborum
1733 1897 1855 1942 populi
1873 1897 1994 1944 hujus,
2017 1907 2097 1943 quae
2115 1897 2224 1933 locuti
2245 1901 2328 1933 sunt
2353 1894 2419 1932 tibi
2437 1907 2446 1931 :

1392 1970 1404 1991 ‹
1424 1958 1520 1994 Bene
1546 1958 1666 1993 omnia
1697 1963 1782 1994 sunt
1808 1957 1872 1994 tibi
1893 1958 2016 1995 locuti.
2046 1957 2134 2002 Quis
2162 1958 2223 1994 det
2253 1957 2362 1993 talem
2385 1965 2449 1993 eos

1393 2029 1403 2051 ι
1423 2017 1557 2053 habere
1577 2022 1750 2061 mentem,
1764 2022 1805 2053 ut
1819 2018 1971 2054 timeant
1987 2027 2065 2061 me,
2087 2023 2124 2054 et
2142 2017 2346 2053 custodiant
2364 2014 2447 2051 uni-

1333 2070 1363 2112 C
1389 2090 1402 2111 ι
1421 2087 1525 2113 versa
1542 2078 1711 2113 mandata
1732 2088 1813 2115 mea
1842 2078 1879 2114 in
1908 2079 2007 2115 omni
2028 2083 2205 2124 tempore,
2227 2083 2267 2114 ut
2285 2078 2378 2113 bene
2400 2075 2450 2112 sit

1389 2149 1401 2171 α
1421 2137 1473 2173 eis
1489 2142 1525 2172 et
1548 2136 1630 2172 filiis
1650 2147 1788 2180 eorum,
1810 2148 1924 2185 usque
1945 2138 1982 2173 in
2008 2138 2281 2183 sempiternum,
2309 2142 2346 2173 et
2365 2135 2450 2172 reli-

1388 2210 1400 2231 (
1420 2207 1525 2243 qua.»
1541 2198 1632 2242 Quid
1647 2198 1806 2243 estquod
1818 2199 1868 2234 ait
1878 2198 2018 2245 Moyses
2029 2198 2165 2235 dictum
2180 2198 2248 2234 sibi
2258 2206 2338 2234 esse
2352 2197 2451 2233 aDo-

1384 2258 1482 2294 mino
1491 2259 1534 2295 de
1550 2260 1679 2306 populo
1696 2259 1847 2296 Hebraeo
1865 2271 1872 2295 :
1893 2273 1903 2293 α
1926 2259 2013 2303 Quis
2022 2260 2081 2295 det
2091 2268 2169 2296 esse
2179 2259 2231 2295 sic
2240 2268 2449 2302 coreorum,

1383 2326 1423 2356 ut
1438 2321 1588 2357 timeant
1604 2331 1675 2365 me,
1697 2327 1734 2358 et
1751 2322 1956 2358 custodiant
1971 2321 2140 2357 mandata
2159 2321 2264 2356 mea?
2285 2334 2296 2355 ι
2322 2319 2378 2355 An
2392 2320 2452 2355 hic

1385 2381 1476 2417 clam
1490 2382 1567 2418 vult
1585 2382 1733 2427 intelligi
1754 2382 1870 2427 gratia
1891 2392 1955 2417 sua
1973 2382 2122 2418 concedi
2135 2382 2203 2418 hoc
2217 2380 2449 2422 beneficium,

1384 2446 1425 2476 ut
1444 2441 1491 2477 sit
1516 2441 1553 2476 in
1571 2441 1780 2478 hominibus
1805 2451 1849 2477 ex
1876 2440 1946 2476 fide
1974 2441 2111 2486 justitia
2138 2441 2215 2483 Dei,
2244 2451 2317 2476 non
2346 2439 2450 2485 quasi

1384 2503 1531 2551 propria
1549 2503 1648 2538 velut
1671 2513 1717 2538 ex
1735 2502 1843 2549 lege?
1868 2501 1945 2538 Hoc
1963 2501 2061 2537 enim
2078 2511 2144 2548 per
2161 2501 2377 2548 prophetam
2398 2500 2449 2536 si-

1385 2563 1535 2611 gnificat
1553 2563 1678 2599 dicens
1695 2575 1703 2598 ε
1725 2575 1737 2595 ‹
1751 2562 1923 2598 Auferam
1941 2561 1994 2598 eis
2008 2571 2072 2597 cor
2085 2561 2280 2607 lapideum,
2301 2565 2340 2596 et
2356 2560 2451 2596 dabo

1386 2625 1439 2661 eis
1455 2634 1518 2660 cor
1537 2633 1708 2660 carneum
1724 2622 1867 2670 (Ezeclz.
1884 2621 1938 2668 xl)
1954 2632 1962 2665 ;
1981 2634 1993 2656 ›
2024 2621 2119 2667 quod
2139 2626 2288 2667 propter
2304 2629 2450 2656 sensum

1387 2686 1523 2721 dictum
1551 2691 1621 2729 est,
1650 2694 1757 2731 quem
1781 2693 1866 2719 caro
1891 2683 2013 2726 habet,
2041 2688 2078 2718 et
2107 2682 2198 2728 lapis
2222 2692 2294 2719 non
2325 2681 2449 2724 habet,

1385 2747 1497 2782 verbo
1530 2746 1654 2791 ntique
1683 2744 1869 2780 translato.
1901 2743 1979 2779 Hoc
2007 2748 2042 2779 et
2071 2743 2190 2789 ipsum
2221 2743 2306 2778 alibi
2334 2741 2446 2778 dicit:

1391 2820 1403 2841 a
1420 2808 1513 2844 Ecce
1540 2807 1616 2843 dies
1636 2806 1797 2850 veniunt,
1815 2806 1902 2842 dicit
1925 2805 2112 2846 Dominus,
2136 2809 2171 2841 et
2187 2803 2447 2840 consummabo

1386 2879 1494 2914 snper
1515 2869 1660 2904 domum
1673 2867 1796 2910 Israel,
1812 2871 1848 2902 et
1866 2875 1972 2912 super
1987 2865 2133 2902 domum
2143 2862 2163 2899 J
2167 2864 2234 2900 uda
2251 2868 2448 2899 testamen-

1387 2936 1463 2965 tum
1477 2939 1613 2965 novum
1628 2940 1635 2963 :
1650 2939 1721 2964 non
1733 2928 1931 2964 secundum
1940 2930 2206 2968 testamentum,
2220 2925 2316 2971 quod
2329 2925 2450 2970 dispo-

1388 2991 1442 3027 sui
1464 2991 1509 3026 ad
1538 2996 1661 3035 patres
1683 3000 1821 3033 eorum,
1845 2989 1882 3025 in
1906 2988 1964 3025 die
1988 2998 2058 3035 qua
2072 2987 2448 3035 apprehendimanum

1386 3061 1526 3094 eorum,
1556 3056 1596 3086 ut
1623 3051 1815 3087 educerem
1842 3060 1904 3087 eos
1921 3050 1965 3087 de
1983 3055 2082 3086 terra
2097 3049 2260 3096 AEgypti,
2278 3048 2449 3095 quoniam

1386 3113 1456 3149 hoc
1489 3118 1545 3148 est
1574 3117 1843 3155 testamentum,
1880 3111 1976 3157 quod
2007 3111 2166 3157 disposui
2198 3110 2243 3146 ad
2268 3119 2346 3154 eos,
2365 3116 2448 3157 post

1388 3174 1465 3210 dies
1490 3174 1572 3209 illos
1591 3174 1706 3208 :dans
1737 3173 1834 3219 leges
1867 3181 1968 3208 meas
1999 3172 2038 3207 in
2067 3181 2131 3207 cor
2165 3180 2304 3215 eorum,
2343 3176 2380 3207 et
2409 3171 2448 3207 in
2515 3211 2518 3220 ²

1387 3239 1508 3269 mente
1532 3244 1655 3269 eorum
1678 3232 1943 3277 superscribam
1962 3241 2045 3274 eas,
2069 3236 2107 3266 et
2135 3231 2367 3276 iniquitatum
2385 3239 2448 3267 eo-

1389 3302 1469 3328 rum
1487 3297 1523 3327 et
1538 3296 1768 3336 peccatorum
1795 3300 1921 3326 eorum
1946 3300 2019 3325 non
2041 3298 2181 3325 memor
2205 3298 2268 3325 ero
2293 3289 2448 3336 amplius

1390 3354 1536 3401 (Jerem.
1567 3351 1660 3398 xm).
1679 3365 1691 3386 ι
1721 3351 1798 3387 Hoc
1827 3351 1925 3387 enim
1953 3351 2123 3387 discrevit
2151 3349 2292 3386 Novum
2318 3350 2447 3387 Testa-⁴

1391 3418 1554 3449 mentum
1572 3423 1594 3448 a
1615 3411 1753 3454 Veteri,
1775 3410 1871 3457 quod
1888 3409 2011 3448 Veteri
2026 3410 2109 3447 data
2127 3416 2184 3448 est
2198 3411 2256 3447 lex
2282 3411 2320 3447 in
2340 3412 2446 3448 tabu-

1390 3475 1434 3511 lis
1451 3474 1616 3521 lapideis,
1635 3473 1672 3508 in
1689 3472 1788 3509 Novo
1810 3475 1931 3508 autem
1953 3471 1991 3507 in
2015 3472 2198 3516 cordibus,
2215 3472 2311 3518 quod
2327 3471 2367 3508 fit
2381 3481 2447 3519 per

1391 3535 1557 3581 gratiam.
1579 3532 1682 3570 Unde
1701 3537 1738 3568 et
1754 3530 1947 3578 Apostolus
1967 3531 2018 3567 ait
2034 3541 2044 3567 :
2065 3543 2077 3565 ‹
2091 3531 2169 3568 Non
2186 3533 2223 3568 in
2241 3531 2374 3569 tabulis
2392 3531 2446 3568 la-

1390 3596 1526 3643 pideis,
1563 3594 1627 3632 sed
1653 3593 1690 3629 in
1722 3592 1853 3629 tabulis
1883 3592 2002 3629 cordis
2029 3592 2272 3630 carnalibus.»
2298 3591 2344 3628 Et
2372 3590 2444 3628 alio
2492 3607 2493 3610 ¹

1390 3657 1495 3693 loco:
1520 3656 1696 3692 ‹Idoneos
1733 3663 1820 3697 n0S,
1858 3654 1992 3700 inquit,
2029 3653 2114 3691 fecit
2139 3653 2326 3690 ministros
2351 3650 2445 3689 Novi

1391 3715 1624 3759 Testamenti,
1648 3725 1718 3751 non
1744 3714 1877 3758 littera,
1908 3715 1970 3751 sed
1995 3714 2124 3762 spiritu
2152 3712 2211 3762 (ΙΙ
2231 3711 2313 3749 Cor.
2337 3710 2409 3760 m).
2425 3723 2440 3747 ι

1395 3789 1408 3814 ι
1421 3775 1527 3822 Audi,
1548 3774 1673 3822 Israel,
1693 3774 1867 3814 Dominus
1889 3775 1986 3814 Deus
2003 3779 2127 3815 noster
2144 3774 2240 3812 Deus
2259 3781 2352 3812 unus
2374 3775 2444 3813 est·

1511 3859 1529 3873 r
1587 3855 1602 3859 -.

2369 183 2438 222 864
2467 193 2486 238 ἦ

259 268 345 303 lium
365 271 542 299 annorum
559 263 720 310 operatio
737 264 955 301 continetur.
990 266 1031 301 ln
1059 266 1213 312 septimo
1233 274 1320 300 vero
1338 264 1373 304 A
1393 277 1406 299 ‹
1423 266 1480 302 bis
1497 270 1535 302 et
1555 265 1720 312 caliginis
1733 273 1821 301 voce
1834 271 1980 309 magna,
2002 258 2093 296 nihil
2108 257 2244 298 addens
2260 258 2438 309 amplius;
2483 227 2500 307 θ’,

1387 339 1400 361 ‹
1419 333 1457 364 et
1482 328 1628 374 scripsit
1650 338 1694 363 ea
1713 326 1847 363 tabulis
1869 323 2006 360 duabus
2030 322 2195 368 lapideis,
2218 332 2308 369 quas
2331 325 2444 362 tradi·
2466 338 2468 347 ·

1388 400 1401 422 ‹
1419 389 1471 425 dit
1505 388 1594 424 mihi
1626 388 1737 430 Deus,
1774 392 1846 421 etc.
1865 397 1877 418 ι
1907 383 1981 420 Cur
2006 393 2074 430 ego
2096 383 2134 420 in
2154 384 2294 422 duabus
2313 385 2444 424 tabulis
2503 426 2505 435 Ι

2520 1086 2540 1145 Ti
