2540 4016
320 231 384 268 851

742 226 784 262 B.
809 223 979 262 RABANI
1004 222 1152 262 MAURI
1177 220 1392 260 ARCHIEP.
1420 219 1625 261 MOGUNT.
1651 221 1845 260 OPERUM
1867 221 1990 259 PARS
2014 221 2045 257 1.

2411 223 2485 262 852

317 306 394 341 haec
420 300 578 336 diximus
611 307 691 345 quae
722 297 760 334 in
792 298 901 335 terris
919 298 1014 335 bona
1033 301 1279 334 memorantur
1295 305 1374 331 um·
1390 297 1428 337 A
1441 295 1550 333 habet
1566 297 1625 332 lex
1642 297 1846 335 futurorum
1867 299 2064 340 bonorum,
2086 300 2124 332 et
2141 296 2336 344 exemplari
2354 303 2391 335 et
2408 309 2492 338 um.

317 364 420 400 bram
450 365 559 405 atque
579 358 776 405 imaginem
795 364 933 395 tenere.
967 357 1082 393 Nemo
1115 356 1256 392 dubitat
1277 355 1374 402 quod

316 425 352 459 in
372 428 470 458 terra
487 420 612 456 Judaea
632 419 751 455 omnis
767 418 868 454 locus
883 445 892 460 ‚
926 417 1044 453 omnis
1057 426 1175 460 mons,
1191 415 1309 452 omnis
1323 416 1375 452 ci-

315 486 407 522 vitas
421 489 458 520 et
471 483 587 526 vicus,
603 482 714 518 certis
729 481 932 526 quibusque
948 478 1134 515 vocabulis
1149 478 1370 524 designetur:

315 558 381 584 nec
399 550 454 582 est
473 545 568 580 ullus
589 543 737 580 omnino
755 542 834 578 sine
862 540 1008 576 nomine
1034 540 1135 576 locus
1152 566 1161 584 ,
1190 538 1255 575 sed
1288 549 1374 585 pro-

314 609 402 655 priis
446 605 587 653 singula
633 613 785 650 quaeque
818 601 1118 647 appellationibus
1152 601 1337 647 designata
1362 612 1370 635 :

314 669 414 705 verbi
439 666 569 714 gratia,
590 665 720 711 quibus
741 667 802 698 aut
820 661 1012 698 Chananaei
1041 661 1078 696 in
1106 661 1180 697 suis
1211 660 1312 702 locis,
1332 664 1373 695 ut

314 727 496 764 Pherezaei
506 724 783 761 nihilominusin
798 723 888 766 suis,
902 721 1173 766 Amorrhaeique
1186 725 1248 754 aut
1260 718 1370 760 Evaei,

315 789 371 824 vel
397 788 505 823 etiam
534 785 674 822 Hebraei
700 783 986 820 nominarentur.
1005 782 1058 817 lta
1076 791 1161 826 ergo
1177 779 1373 815 secundum

317 849 533 885 sententiam
551 847 668 890 Pauli,
694 845 756 892 qui
775 845 941 880 umbram
977 848 1014 879 et
1040 841 1224 887 exemplar
1245 839 1373 876 000105-

319 913 407 947 110111
434 911 521 945 dicit
547 920 627 945 esse
657 914 824 950 terrena,
856 906 1011 942 fortasse
1031 905 1069 940 in
1089 903 1295 939 coelestibus
1314 911 1373 936 re-

317 972 483 1018 gionibus
503 975 609 1007 erunt
629 970 790 1005 locorum
807 966 1017 1004 differentiae
1044 964 1202 1000 nomine.
1235 961 1375 998 Descri-

316 1032 414 1068 bitur
429 1041 515 1077 ergo
532 1030 682 1066 verbum
703 1028 768 1063 Dei
787 1028 822 1062 in
839 1027 918 1073 lege
936 1026 1057 1061 divina
1071 1029 1178 1059 terrae
1193 1021 1323 1057 Judaeae
1338 1025 1374 1056 et

317 1095 395 1128 haec
411 1092 539 1128 referri
559 1091 690 1126 debent
707 1090 752 1124 ad
771 1088 963 1134 imaginem
981 1085 1196 1121 coelestium.
1214 1083 1252 1118 ln
1270 1081 1373 1117 coelis

316 1159 437 1187 autem
458 1152 642 1187 evidenter
662 1159 741 1184 esse
760 1147 959 1182 Jerusalem
978 1145 1116 1185 civitas,
1138 1144 1181 1178 311
1202 1142 1371 1188 Apostolo

1438 358 1513 395 brae
1541 359 1771 403 deserviunt,
1803 358 2004 394 coelestium
2029 357 2091 402 qui
2119 357 2156 393 in
2170 357 2249 405 lege
2269 359 2491 408 deserviunt,

1439 424 1476 455 et
1493 430 1588 456 nunc
1606 430 1671 466 per
1691 419 1875 466 speculum
1902 422 1937 454 et
1966 418 2003 454 in
2020 418 2209 466 aenigmate
2227 447 2237 464 ,
2261 425 2347 458 tunc
2371 427 2501 460 autem*

1439 479 1532 517 facie
1551 481 1596 516 ad
1614 480 1757 521 faciem,
1777 478 1837 523 qui
1856 482 1979 514 tamen
1991 479 2237 524 merebuntur,
2247 484 2494 520 conversatio-

1440 551 1523 577 nem
1554 540 1737 575 habebunt
1754 538 1792 573 in
1818 539 1933 575 coelis.
1957 538 1995 574 Si
2013 549 2098 585 ergo
2113 551 2178 587 per
2197 545 2492 589 consequentiam

1441 611 1561 636 rerum
1590 604 1625 634 et
1646 599 1927 644 promissionum
1961 599 2096 637 foedere
2126 603 2317 640 transferri
2349 615 2415 641 nos
2449 605 2494 642 de

1440 661 1547 696 terris
1565 664 1707 704 oportet
1724 661 1767 695 ad
1785 661 1930 704 coelum,
1955 667 2043 708 puto
2063 664 2158 707 quod
2181 664 2217 699 in
2234 665 2321 711 ipsis
2338 666 2495 703 coelesti-

1439 719 1506 755 bus
1526 718 1615 755 locis
1631 718 1736 755 Jesus
1756 725 1880 756 noster
1898 721 2070 758 Dominus
2087 749 2096 765 ‚
2120 733 2192 759 non
2224 725 2359 771 absque
2386 727 2495 762 meri-

1440 785 1558 815 torum
1590 785 1687 815 sorte
1711 790 2002 827 unumquemque
2025 783 2060 817 in
2091 783 2151 818 illa
2180 784 2237 820 vel
2266 786 2302 820 in
2332 786 2390 821 illa
2409 787 2493 823 coeli
2525 813 2531 816 -

1439 846 1543 886 parte
1570 846 1605 875 et
1626 841 1847 876 habitatione
1867 843 2076 879 constituat.
2101 842 2171 880 Sed
2200 845 2293 881 sicut
2310 847 2422 882 inulta
2438 852 2495 883 est
2522 882 2527 887 ,

1441 900 1640 936 differentia
1660 901 1696 936 in
1719 902 1847 945 terris,
1869 903 1969 938 verbi
1997 904 2113 949 gratia
2127 931 2136 946 ‚
2159 905 2323 941 habitare
2341 907 2379 941 in
2404 900 2494 943 locis
2529 892 2540 938 .'{

1442 962 1601 997 fecundis
1620 968 1655 998 et
1675 964 1829 1008 copiosis
1848 975 1890 1000 ac
1909 965 2013 1000 honis
2028 965 2193 1001 omnibus
2210 967 2488 1012 abundantibus,
2512 967 2530 995 -’-’

1441 1022 1501 1057 ubi
1521 1027 1558 1057 et
1577 1023 1671 1058 aeris
1691 1027 1882 1069 temperies
1907 1033 1943 1060 ct
1960 1026 2114 1061 eruditio
2135 1027 2319 1062 hominum
2339 1038 2381 1063 ac
2402 1028 2493 1064 libe-

1442 1084 1532 1118 ralia
1558 1085 1723 1120 instituta
1752 1095 1823 1120 non
1846 1087 1995 1129 desunt;
2018 1093 2053 1122 et
2073 1088 2178 1133 longe
2198 1088 2294 1123 aliud
2314 1094 2370 1124 est
2393 1090 2496 1125 habi-

1442 1148 1519 1177 tare
1538 1148 1598 1177 aut
1616 1142 1754 1179 iulocis
1770 1144 1972 1180 infecundis
2000 1150 2036 1181 et
2062 1156 2184 1181 rerum
2208 1147 2358 1191 penuria
2387 1158 2495 1193 squa-

314 1210 586 1256 pronuntiatur,
603 1214 640 1244 et
653 1218 756 1243 mons
782 1206 882 1242 Sion.
912 1205 1145 1249 Consequens
1173 1203 1281 1248 igitur
1313 1207 1370 1242 est
1390 1187 1422 1225 B
1440 1203 1522 1238 lidis
1539 1230 1548 1246 ‚
1577 1209 1637 1238 aut
1657 1209 1746 1239 aestu
1764 1205 1930 1247 torridis,
1952 1210 2013 1240 aut
2032 1204 2163 1252 frigore
2181 1207 2331 1252 geluque
2349 1213 2495 1253 torpen-

315 1276 354 1305 ut
371 1270 463 1305 sicut
477 1269 556 1304 aliae
571 1268 735 1304 civitates
752 1267 849 1302 circa
865 1264 1066 1300 Jerusalem
1080 1269 1260 1298 terrenam
1277 1263 1367 1305 sitae,

315 1336 349 1366 et
370 1331 464 1372 vici,
494 1334 529 1365 et
550 1329 702 1363 diversae
729 1337 880 1371 quaeque
899 1326 1082 1370 regiones,
1105 1325 1153 1358 ita
1168 1329 1204 1358 et
1221 1323 1280 1358 illa
1297 1333 1371 1359 coe-

314 1390 417 1426 lestis
432 1388 647 1430 Jerusalem,
678 1388 875 1422 secundum
896 1385 1091 1430 imaginem
1107 1389 1334 1418 terrenorum
1359 1409 1369 1425 ,

313 1449 444 1484 habeat
463 1447 559 1482 circa
577 1456 616 1482 se
643 1451 679 1481 et
697 1446 786 1481 alias
808 1445 974 1480 civitates
1002 1449 1037 1478 et
1057 1443 1170 1485 vicos,
1191 1442 1373 1478 diversas-

314 1520 382 1556 que
399 1510 577 1556 regiones,
603 1509 639 1544 in
670 1509 802 1555 quibus
828 1507 982 1553 populus
1000 1507 1064 1541 Dei
1079 1510 1115 1541 ct
1133 1514 1240 1539 verus
1260 1504 1369 1539 Israel

313 1582 377 1617 per
401 1569 523 1606 Jesum
560 1579 707 1613 verum,
742 1570 843 1615 cujus
878 1568 937 1603 ille
968 1566 1070 1603 Jesus
1099 1566 1197 1601 Nave
1232 1565 1373 1601 ferebat

314 1631 522 1676 imaginem,
540 1629 768 1666 collocandus
787 1634 855 1672 est,
878 1628 1020 1674 quando
1053 1631 1089 1663 et
1123 1627 1371 1662 haereditatem

315 1690 423 1725 sortis
456 1690 731 1732 distributione,
771 1690 807 1725 id
833 1695 887 1724 cst
906 1689 1118 1724 meritorum
1147 1688 1371 1733 contempla-

316 1750 433 1792 tione,
471 1755 527 1785 est
558 1755 741 1795 capturus.
771 1748 807 1784 Si
836 1758 919 1794 ergo
949 1758 1045 1784 nunc
1076 1747 1248 1783 Dominus
1285 1747 1372 1783 dicit

315 1808 350 1843 in
378 1809 631 1844 distributione
647 1815 766 1851 terrae,
793 1809 895 1844 verbi
913 1808 1041 1854 gratia,
1065 1807 1239 1843 terminos
1255 1806 1371 1843 tribus

314 1869 410 1905 illius
430 1879 509 1905 esse
533 1870 623 1906 istos
639 1898 647 1913 ,
681 1875 716 1906 et
733 1870 880 1906 alterius
897 1869 1006 1911 alios,
1027 1879 1073 1904 ne
1090 1867 1183 1904 forte
1200 1868 1371 1914 quoniam

314 1931 452 1966 diversa
474 1937 578 1967 erant
594 1931 723 1966 merita
742 1941 867 1966 eorum
885 1930 946 1976 qui
971 1929 1221 1965 haereditatem
1242 1938 1370 1964 conse-

316 1992 390 2027 cuti
412 1997 495 2027 sunt
516 1993 617 2036 regni
650 1992 837 2028 coelorum.
875 1992 1014 2027 idcirco
1046 1991 1083 2026 in
1114 1990 1170 2025 his
1203 1989 1370 2026 tribubus

315 2053 548 2087 observantes
569 2078 578 2094 ,
605 2051 723 2087 dirimi
752 2050 898 2096 jubetur
941 2051 1010 2086 ista
1032 2049 1215 2086 distinctio
1249 2049 1371 2085 termi-

315 2121 444 2146 norum
466 2137 475 2153 ,
514 2115 554 2146 ut
591 2111 747 2146 sciamus
783 2121 863 2146 esse
910 2111 976 2146 has
1016 2111 1226 2146 meritorum
1266 2108 1367 2145 diffe-

315 2171 450 2205 rentias
492 2169 528 2205 in
555 2179 771 2215 unoquoque
804 2171 1060 2206 observandas.
1101 2169 1209 2206 Verbi
1239 2171 1367 2216 gratia,

319 2230 378 2274 qui
416 2229 466 2264 ita
505 2228 728 2275 negligenter
749 2229 880 2264 vixerit
900 2256 910 2273 ,
940 2235 1084 2275 111-1110
1122 2229 1191 2264 fide
1225 2230 1370 2275 quidem

320 2299 383 2324 sua
401 2294 583 2324 mereatur
602 2289 727 2324 haberi
748 2289 843 2325 inter
861 2289 954 2326 filios
967 2289 1091 2332 Israel,
1108 2300 1174 2335 pro
1190 2290 1371 2336 negligen-

317 2348 366 2382 tia
387 2355 475 2383 vero
492 2348 576 2383 vitae
597 2354 780 2393 gestorum
801 2349 939 2385 desidia
956 2377 965 2393 ,
989 2350 1025 2385 in
1052 2350 1147 2385 tribu
1166 2350 1292 2385 Ruben
1310 2356 1371 2386 aut

318 2406 408 2450 Gad,
436 2413 497 2442 aut
522 2407 670 2443 dimidia
690 2408 787 2443 111110
809 2408 971 2445 Μ3113550
988 2410 1116 2445 (1011031
1142 2410 1318 2455 reputari,
1335 2415 1370 2446 et

315 2477 386 2503 non
411 2467 505 2502 intra
524 2466 732 2511 «Iordanem,
758 2469 820 2505 sed
838 2475 941 2505 extra
962 2480 1044 2506 eum
1066 2476 1199 2506 sortem
1220 2472 1370 2507 haeredi-

316 2527 401 2563 tatis
427 2528 603 2573 accipere.
638 2528 739 2564 Alius
758 2539 845 2564 vero
870 2530 930 2574 qui
958 2539 997 2564 se
1020 2530 1271 2566 emendatione
1289 2531 1370 2567 vitae

315 2592 349 2622 et
370 2588 603 2623 conversione
620 2588 796 2634 propositi
817 2589 927 2624 talem
946 2590 1155 2633 reddiderit,
1176 2597 1215 2626 ut
1239 2601 1370 2627 secun-

316 2646 400 2681 dum
421 2657 510 2691 quas
531 2648 628 2683 solus
649 2648 744 2684 Deus
775 2649 874 2684 novit
905 2650 1085 2693 rationes,
1116 2657 1178 2686 aut
1206 2652 1241 2687 in
1275 2652 1370 2688 111110

316 2707 420 2748 Juda,
453 2713 514 2742 aut
535 2709 571 2742 in
597 2709 691 2744 tribu
711 2710 912 2755 Benjamin,
931 2712 966 2746 in
986 2722 1056 2757 qua
1075 2713 1152 2758 ipsa
1170 2712 1370 2750 Jerusalem

317 2773 354 2803 et
374 2768 543 2813 templum
565 2769 627 2804 Dei
648 2775 755 2814 atque
776 2771 889 2807 altare
908 2773 1092 2816 consistit,
1113 2774 1242 2809 debeat
1260 2785 1368 2820 repu-

317 2829 399 2871 tari,
419 2834 454 2864 et
493 2828 584 2865 alius
617 2830 653 2864 in
674 2830 757 2874 alia,
789 2837 897 2876 atque
938 2833 1030 2869 alius
1070 2834 1107 2868 in
1131 2835 1215 2870 alia.
1237 2835 1282 2871 Et
1301 2836 1370 2872 hoc

317 2890 422 2926 medo
447 2891 523 2926 haec
543 2901 622 2935 quae
654 2902 749 2927 nunc
777 2893 813 2927 in
851 2893 942 2929 libro
971 2894 1210 2930 Numerorum
1234 2897 1368 2942 scripta

1439 1263 1549 1305 tibus,
1568 1263 1624 1298 vel
1644 1268 1741 1299 certe
1758 1264 1819 1299 0111
1838 1265 1943 1300 nullae
1964 1265 2074 1311 leges,
2096 1268 2158 1302 sed
2179 1267 2345 1302 immanis
2365 1273 2401 1302 et
2417 1268 2494 1304 sera

1438 1323 1624 1358 barbaries
1646 1350 1654 1364 ,
1689 1324 1750 1358 ubi
1781 1324 1873 1358 bella
1892 1334 2034 1370 semper
2054 1331 2089 1359 et
2116 1336 2298 1371 nunquam
2334 1327 2491 1371 requies.

1439 1382 1483 1416 Et
1503 1383 1579 1416 11300
1596 1392 1668 1417 11011
1686 1382 1764 1417 sine
1780 1383 1920 1418 occulta
1943 1385 2096 1429 quadam
2117 1385 2180 1421 Dei
2212 1386 2491 1431 dispensatione,

1440 1445 1475 1474 ct
1497 1441 1621 1485 judicii
1647 1439 1723 1484 ejus
1758 1442 1899 1486 justitia
1932 1443 2124 1488 unicuique
2165 1446 2406 1483 decernuntur
2430 1461 2437 1483 ε
2457 1454 2493 1484 ct

1440 1500 1489 1534 ita
1509 1500 1543 1534 in
1565 1500 1633 1534 11115
1658 1500 1747 1535 10015
1766 1501 1835 1535 0111
1851 1501 1985 1546 aliquid
2009 1503 2094 1545 tale,
2120 1509 2156 1538 et
2175 1505 2211 1539 in
2228 1507 2326 1542 nullo
2345 1519 2494 1553 prorsus

1441 1560 1557 1596 inanis
1587 1560 1763 1596 habeatur
1794 1561 1830 1596 in
1866 1562 1973 1597 terris
2008 1564 2135 1599 umbra
2171 1565 2384 1602 coelestium.
2419 1568 2497 1604 Erit

1440 1633 1538 1669 ergo,
1561 1628 1601 1657 ut
1618 1622 1786 1666 diximus,
1817 1628 1853 1659 et
1884 1623 1932 1658 ibi
1958 1624 2075 1670 aliqua
2106 1626 2232 1662 civitas
2266 1627 2424 1675 refugii,
2457 1635 2495 1666 et

1440 1684 1508 1718 erit
1528 1683 1597 1718 alia
1616 1683 1651 1718 in
1668 1684 1824 1727 deserto,
1843 1683 1937 1719 sicut
1954 1684 2067 1720 Bosor
2081 1686 2118 1720 111
2131 1687 2341 1723 haereditate
2352 1687 2492 1725 Ruben.

1439 1742 1565 1778 Rubcn
1587 1744 1713 1779 civitas
1744 1754 1823 1779 esse
1860 1744 1896 1778 in
1931 1744 2075 1781 deserto
2109 1746 2255 1782 dicitur.
2278 1746 2349 1784 Sed
2370 1754 2406 1784 et
2425 1749 2494 1785 alia

1439 1802 1674 1839 nihilominus
1698 1803 1950 1848 consequenda
1981 1804 2039 1840 vel
2064 1805 2238 1850 capienda
2264 1811 2331 1842 est.
2353 1806 2444 1850 Quia
2463 1808 2494 1844 si
2524 1795 2527 1797 ’

1438 1864 1532 1900 1)005
1567 1875 1648 1900 cum
1675 1865 1898 1911 disperderet
1936 1866 2029 1902 filios
2063 1867 2177 1903 Adam
2197 1896 2206 1912 ,
2243 1870 2368 1905 statuit
2403 1870 2494 1907 fines

1438 1926 1597 1972 gentium
1627 1938 1639 1959 ‹
1663 1928 1860 1963 secundum
1894 1938 2083 1964 numerum
2121 1930 2329 1976 angelorum
2364 1932 2455 1976 Dei,
2475 1945 2489 1967 ›

1437 1987 1494 2021 vel
1513 2014 1521 2030 ,
1542 1992 1582 2022 ut
1601 1987 1639 2022 in
1656 1987 1736 2024 aliis
1753 1989 2021 2034 exemplaribus
2050 1990 2202 2036 legimus
2220 2018 2229 2034 ‚
2263 2003 2275 2024 ι
2298 1993 2493 2029 secundum

1440 2057 1630 2083 numerum
1664 2048 1819 2084 filiorum
1844 2049 1954 2084 Israel
1985 2049 2022 2084 in
2059 2050 2161 2085 initio
2193 2052 2330 2094 mundi,
2355 2065 2366 2086 1
2387 2053 2492 2088 etita

1439 2110 1591 2154 dispersi
1624 2116 1706 2146 50111
1744 2110 1806 2145 filii
1838 2110 1933 2146 illius
1970 2109 2097 2152 Adam,
2131 2110 2224 2146 sicut
2252 2111 2310 2146 vel
2350 2111 2492 2150 illorum

1438 2171 1567 2209 merita
1586 2197 1594 2213 ‚
1633 2171 1690 2206 vel
1740 2171 1852 2216 ipsius
1900 2170 1986 2206 Adae
2038 2171 2291 2216 contemplatio
2330 2171 2492 2217 postula-

1437 2232 1500 2267 bat
1518 2259 1527 2275 ,
1563 2231 1649 2278 quid
1682 2233 1843 2268 dicemus
1863 2232 2024 2268 futurum
2050 2243 2131 2269 cum
2156 2234 2342 2269 novissimi
2361 2234 2488 2278 Adam,

1438 2292 1498 2337 qui
1517 2302 1588 2328 non
1602 2293 1638 2328 in
1656 2293 1813 2329 animam
1834 2294 2032 2337 viventem,
2053 2294 2116 2330 sed
2139 2294 2176 2330 in
2207 2295 2373 2340 spiritum
2402 2294 2492 2330 vivi-

1438 2355 1604 2391 ficantem
1630 2354 1747 2390 factus
1765 2361 1834 2398 est,
1865 2356 2014 2401 coeperit
2035 2355 2127 2391 filios
2145 2356 2350 2402 dispergere
2368 2355 2490 2392 divina

1438 2414 1608 2460 dignatio,
1628 2425 1698 2450 non
1716 2415 1753 2449 in
1776 2415 1890 2458 initio,
1911 2415 1972 2450 sed
1991 2416 2026 2450 in
2045 2415 2116 2451 fine
2134 2416 2278 2459 mundi;
2298 2421 2334 2451 et
2354 2426 2423 2452 non
2450 2420 2490 2451 ut

1437 2475 1515 2510 illos
1548 2475 1607 2519 qui
1641 2475 1676 2509 in
1708 2474 1823 2509 Adam
1847 2484 1971 2509 omnes
2001 2475 2135 2510 mortui
2166 2480 2266 2517 sunt,
2288 2476 2349 2510 sed
2368 2481 2408 2510 ut
2426 2485 2488 2511 eos

1437 2536 1498 2580 qui
1517 2536 1552 2571 in
1573 2534 1716 2570 Christo
1736 2544 1861 2570 omnes
1878 2533 2048 2570 vivificati
2067 2539 2163 2578 50111,
2192 2535 2268 2570 51110
2290 2534 2398 2570 dubio
2419 2535 2490 2570 erit

1438 2594 1600 2641 quaedam
1617 2594 1745 2630 divisio
1773 2600 1808 2629 et
1833 2593 2038 2629 distributio
2062 2594 2158 2635 talis,
2178 2604 2258 2639 quae
2279 2604 2351 2630 non
2373 2595 2490 2630 solum

1436 2666 1502 2701 pro
1536 2655 1675 2691 meritis
1704 2665 1783 2700 quae
1811 2655 2084 2699 dispensantur,
2117 2655 2179 2691 sed
2205 2660 2241 2690 01
2266 2665 2331 2701 pro
2370 2656 2490 2692 novis-

1437 2717 1518 2752 simi
1539 2716 1663 2757 Adam,
1685 2717 1721 2751 in
1741 2726 1810 2760 quo
1832 2725 1957 2751 omnes
1971 2715 2176 2751 vivificandi
2197 2716 2376 2759 dicuntur,
2402 2727 2488 2752 con-

1436 2776 1668 2822 templatione
1700 2775 1882 2820 pensanda
1912 2775 1970 2810 sit.
2006 2774 2078 2810 Sed
2108 2775 2188 2820 quis
2218 2781 2381 2810 nostrum
2406 2776 2487 2811 talis

1436 2841 1505 2878 est,
1526 2840 1565 2871 ut
1586 2837 1630 2871 ab
1651 2835 1856 2881 hujusmodi
1876 2835 2129 2871 distributione
2148 2835 2191 2870 ad
2210 2835 2307 2870 illam
2329 2835 2486 2871 coelestis

1436 2895 1657 2931 haereditatis
1688 2900 1823 2930 sortem
1849 2895 1973 2930 venire
2003 2894 2313 2938 mereatur?Quis
2334 2894 2381 2929 ita
2400 2895 2486 2931 bea-

317 2949 536 2992 reseruntur,
558 2951 786 2987 adumbratio
806 2954 968 2998 quaedam
997 2956 1068 2990 sint
1096 2955 1226 2992 futurae
1260 2959 1368 2995 sortis
1384 2970 1420 3009 D
1438 2962 1494 2992 tus
1517 2956 1586 2992 erit
1602 2982 1611 2998 ,
1633 2955 1732 3000 cujus
1751 2966 1829 2991 sors
1846 2955 2046 2992 Jerusalem
2075 2955 2209 2997 veniet,
2231 2960 2270 2990 ut
2290 2955 2337 2990 sit
2354 2955 2405 2991 ibi
2426 2955 2486 2991 0111

317 3008 352 3043 111
372 3010 472 3044 000115
490 3036 498 3050 ,
523 3020 646 3046 0010111
666 3012 839 3048 duntaxat
858 3015 918 3058 qui
941 3024 1005 3059 per
1033 3014 1154 3051 Jesum
1176 3017 1367 3055 Dominum

319 3079 361 3104 ac
381 3067 602 3105 Salvatorem
621 3076 782 3106 nostrum
812 3073 1072 3117 haereditatem,
1103 3081 1141 3109 ut
1173 3076 1330 3114 diximus
1352 3106 1363 3122 ,

317 3129 461 3173 capiant
480 3130 580 3176 regni
599 3130 785 3167 coelorum.
804 3131 869 3173 lbi,
891 3133 1011 3176 credo,
1028 3134 1216 3180 diligenter
1238 3136 1366 3173 obser-

316 3188 497 3225 vabuntur
513 3192 621 3226 etiam
636 3192 719 3235 ista,
745 3203 824 3238 quae
843 3193 902 3229 hic
923 3194 1198 3240 adumbrantur,
1217 3199 1365 3242 privile—

317 3250 373 3296 gia
391 3252 617 3288 sacerdotum
633 3280 642 3295 ,
662 3254 791 3299 quibus
814 3255 931 3290 vicina
950 3265 1103 3301 quaeque
1121 3256 1269 3291 urbibus
1286 3257 1365 3293 loca

318 3315 353 3346 et
370 3311 456 3356 ipsis
474 3313 799 3358 moenibusjuneta,
819 3315 1002 3362 segregari
1017 3315 1233 3351 mandantur
1248 3327 1268 3351 a
1284 3316 1366 3353 filiis

317 3369 439 3406 151301.
460 3371 611 3408 Videtur
645 3374 859 3419 quibusdam
891 3374 985 3419 quod
1023 3374 1245 3420 singulorum
1276 3385 1367 3421 quo-

319 3438 472 3475 rumque
503 3432 662 3468 siderum
694 3434 828 3479 positio
846 3461 856 3478 ‚
873 3439 910 3470 et
926 3439 1056 3479 coetus,
1078 3435 1206 3472 civitas
1221 3436 1291 3472 dici
1308 3436 1366 3472 vel

320 3489 446 3526 haberi
477 3494 590 3537 possit
621 3495 657 3529 in
681 3495 786 3532 coelo.
809 3495 912 3541 Quod
934 3506 1000 3543 ego
1034 3497 1180 3542 quidem
1216 3497 1367 3534 definire

320 3561 392 3587 non
413 3552 539 3589 audeo.
562 3554 673 3591 Video
692 3556 788 3592 enim
819 3566 962 3593 omnem
995 3563 1200 3594 creaturam
1235 3558 1271 3594 in
1307 3568 1370 3605 spe

321 3613 465 3659 quidem
495 3621 641 3662 propter
674 3627 756 3654 eum
781 3618 843 3664 qui
870 3618 1022 3664 subjecit
1040 3629 1120 3656 esse
1140 3618 1338 3665 subiectam
1357 3646 1368 3664 ,

318 3679 542 3719 exspectare,
561 3681 597 3712 et
626 3682 748 3714 tamen
781 3677 986 3716 libertatem
1016 3680 1054 3715 in
1085 3679 1369 3727 redemptionem

319 3734 473 3774 filiorum
490 3739 601 3777 Israel
632 3741 711 3779 sine
739 3742 847 3780 dubio
880 3747 916 3779 01
939 3742 1148 3789 praeclarius
1166 3742 1303 3790 aliquid
1327 3751 1370 3778 ae

321 3792 508 3836 sublimius
526 3801 682 3845 operari.
709 3801 748 3839 si
767 3811 868 3850 ergo,
899 3807 948 3839 *ut
979 3802 1138 3840 diximus
1159 3830 1170 3847 ‚
1187 3803 1367 3864 ‘umbram‘

1437 3016 1606 3062 templum
1631 3016 1694 3051 Dei
1711 3023 1776 3057 est,
1800 3017 1871 3051 imo
1888 3021 1926 3051 et
1941 3016 2017 3061 ipse
2033 3015 2079 3051 sit
2092 3015 2156 3050 Dei
2174 3015 2373 3060 templum?
2397 3014 2486 3058 Quis

1435 3078 1485 3114 ita
1513 3077 1639 3112 beatus
1664 3081 1720 3111 cst
1737 3103 1746 3119 ,
1769 3081 1808 3111 01
1836 3076 1885 3112 1111
1914 3076 1990 3111 dies
2021 3074 2132 3111 festos
2167 3080 2249 3121 agat
2274 3075 2334 3110 ubi
2371 3074 2485 3110 altare

1436 3138 1593 3174 divinum
1610 3137 1791 3183 perpetuis
1816 3138 1959 3183 ignibus
1979 3137 2169 3173 adoletur?
2189 3136 2275 3179 Quis
2291 3136 2342 3171 ita
2355 3136 2484 3172 beatus

1434 3203 1489 3234 est
1506 3199 1565 3243 qui
1595 3197 1814 3234 sacrificium
1832 3208 1935 3233 suum
1951 3202 1987 3233 et
2006 3198 2192 3233 incensum
2218 3196 2404 3232 suavitatis
2424 3206 2485 3232 su·

1435 3269 1500 3304 pra
1533 3257 1631 3293 illum
1665 3258 1783 3302 ignem
1815 3261 1926 3301 ponat
1958 3257 2002 3292 de
2027 3268 2098 3301 quo
2122 3257 2263 3292 dicebat
2293 3257 2480 3300 Salvator,

1437 3315 1558 3360 Ignem
1577 3315 1653 3349 veni
1670 3314 1831 3348 mittere?
1845 3313 1945 3359 (Luc.
1968 3314 2022 3360 x.)
2041 3314 2129 3356 Quis
2160 3314 2209 3348 ita
2241 3314 2368 3349 heatus
2394 3320 2448 3350 est
2468 3342 2478 3358 ,

1435 3375 1496 3421 qui
1520 3374 1569 3409 ibi
1596 3383 1736 3419 semper
1766 3378 1848 3418 agat
1866 3372 2004 3407 Pascha
2021 3399 2030 3414 ‚
2057 3372 2190 3408 1111000
2205 3383 2313 3419 quem
2333 3374 2482 3421 elegerit
2537 3407 2540 3411 .

1435 3435 1608 3472 Dominus
1627 3444 1732 3476 5005;
1753 3432 2046 3468 1111Ρο1110005105
2063 3433 2157 3469 diem
2177 3439 2302 3480 gerat,
2326 3440 2363 3471 et
2380 3434 2480 3472 festi-
2527 3431 2540 3474 ⁸.

1434 3497 1582 3534 vitatem
1611 3493 1927 3542 repropitiationis,
1955 3497 1991 3530 et
2011 3494 2323 3531 tabernaculorum
2351 3495 2480 3532 solem-

1435 3559 1586 3595 nitatem
1601 3583 1611 3602 ,
1639 3567 1710 3594 non
1735 3554 1811 3601 iam
1829 3564 1893 3601 per
1912 3555 2089 3598 umbram,
2112 3555 2175 3592 sed
2191 3556 2304 3602 ipsam
2323 3557 2479 3602 speciem

1436 3626 1628 3664 rerumque
1653 3614 1868 3652 veritatem?
1890 3613 1976 3657 Quis
2012 3619 2176 3651 nostrum
2204 3614 2333 3660 dignus
2369 3613 2480 3651 habe-

1435 3679 1532 3715 bitur
1544 3687 1625 3714 cum
1650 3676 1763 3712 beatae
1779 3674 1889 3711 sortis
1903 3674 2091 3717 electione,
2112 3684 2194 3711 cum
2211 3674 2372 3712 dividere
2383 3675 2479 3713 Deus

1434 3737 1584 3785 eoeperit
1610 3735 1702 3772 filios
1730 3735 1917 3772 novissimi
1943 3734 2065 3771 -Adam
2079 3762 2090 3779 ,
2135 3734 2194 3772 0111
2231 3734 2328 3772 dicat
2351 3744 2362 3771 z
2394 3734 2481 3772 Eric

1435 3790 1539 3847 super
1556 3799 1707 3846 quinque
1723 3797 1876 3836 civitates
1891 3802 2095 3844 potestatem
2109 3795 2356 3844 ancarano.
2370 3794 2486 3845 xlx).;,
