2540 4016
308 221 374 258 645

731 216 773 252 Β.
801 215 970 252 RABANl
995 215 1143 252 MAUR!
1167 212 1382 251 ARCHIEP·
1407 212 1615 251 MOGUNT.
1642 214 1832 253 OPERUM
1859 215 1977 252 PARS
1997 216 2025 252 Ι.

2398 221 2468 259 6ss

304 302 500 341 earumque
512 292 609 330 foliis
624 293 737 330 veluti
754 303 906 329 amoenae
920 293 1061 328 arboris
1080 292 1354 327 adumbratione
1370 289 1407 331 A
1422 293 1496 327 tum
1512 292 1618 338 phase
1631 292 1873 336 observabunt,
1891 298 1929 330 et
1953 298 2099 330 caetera.
2135 293 2226 331 Cum
2238 295 2353 342 phase
2377 302 2470 336 tem-

307 357 427 400 velati,
449 361 619 400 tanquam
638 353 729 390 laetae
748 358 856 400 atque
888 352 1087 389 fructiferae
1115 357 1254 398 segetes
1275 351 1354 398 pul-

304 414 457 453 lulemus
491 415 526 450 in
559 413 780 460 plenilunio;
817 418 859 448 111
890 411 1109 468 perfectum·
1128 411 1353 458 splendorem

305 478 388 514 fidei
407 484 575 512 assensus
611 477 792 520 gerentes,
813 483 834 508 a
851 472 995 518 peceati
1031 472 1190 509 tenebris
1228 481 1352 519 segre-

304 548 441 585 gemur.
461 536 500 571 ln
518 539 663 570 reversa
677 534 802 570 eadem
821 533 903 570 luce
920 532 1039 569 lunari
1055 533 1102 569 ad
1117 532 1242 575 coelos,
1257 532 1353 579 quod

301 610 321 635 a
339 597 609 646 quintadecima
626 596 709 631 luna
737 594 817 631 fieri
847 595 988 641 incipit,
1016 598 1057 630 ut
1074 599 1210 640 quanto
1231 592 1352 639 magni

303 668 426 695 sumus
445 657 678 693 humiliemur
694 655 731 691 111
768 655 934 691 omnibus
964 654 1123 691 dieentes
1155 665 1237 690 cum
1259 653 1354 699 Apo-

301 720 393 756 stolo
411 718 568 765 singuli:
591 716 716 752 Gratia
737 721 855 751 autem
885 715 950 751 Dei
970 727 1050 752 sum
1073 716 1109 751 id
1143 715 1235 762 quod
1260 725 1350 750 sum.

301 780 387 824 Quae
416 779 578 825 profecto
604 778 721 825 gratia
757 777 919 813 muneris
959 776 1119 823 superni,
1141 776 1225 821 quia
1246 774 1352 811 tertio

303 846 462 886 tempore
481 839 600 875 saeculi
638 837 867 874 manifestius
883 837 997 873 effusa
1017 842 1088 879 est,
1105 835 1353 882 pulcherrima

299 901 494 948 figurarum
533 899 805 945 consequentia,
829 899 923 934 lunae
960 897 1194 933 hebdomadae
1231 896 1353 932 lumen

299 962 426 1008 ipsius,
447 960 544 1008 quod
578 966 728 996 eatenus
765 960 810 995 ad
834 966 953 995 terras
970 963 1149 1001 creverat,
1183 958 1229 993 ad
1245 956 1354 993 coele-

298 1024 367 1060 stia
380 1021 461 1073 jam
491 1030 657 1058 erescere
684 1021 841 1056 inchoat.
863 1019 1019 1055 Pulchre
1038 1020 1132 1054 hanc
1150 1019 1187 1054 in
1212 1018 1352 1053 Pascha

300 1082 493 1117 observare
516 1079 761 1125 praecipimur,
795 1084 834 1113 ut
854 1077 978 1123 gratiae
1007 1087 1115 1122 quam
1148 1076 1352 1121 accepimus

298 1149 484 1186 nunquam
499 1139 616 1180 obliti,
634 1148 699 1183 per
719 1136 879 1182 singulos
898 1136 1029 1182 gradus
1052 1136 1225 1182 spiritalis
1239 1141 1352 1171 trans-

1422 361 1512 398 pore
1530 353 1676 399 quidam
1696 353 1759 400 qui
1781 351 1956 390 immundi
1978 359 2084 390 erant
2114 354 2202 391 facti
2220 365 2331 404 super
2347 358 2470 401 anima

1421 413 1594 458 hominis,
1619 413 1657 450 id
1679 419 1748 458 est,
1767 424 1875 461 super
1890 420 2272 462 mortum-quaererent
2289 420 2471 464 quomodo

1422 475 1559 521 pascha
1577 473 1756 518 facerent,
1775 474 1946 520 quoniam
1965 475 2155 521 oportebat
2173 486 2237 514 eos
2255 477 2301 516 ab
2319 478 2472 516 numun-

1422 534 1522 571 ditiis
1556 539 1694 579 septem
1725 533 1852 570 diebus
1884 533 2070 580 purificari
2105 537 2302 574 secundum
2338 537 2468 587 legem,

1421 593 1601 630 consuluit
1635 592 1827 628 Dominum
1866 592 2023 639 Moyses,
2057 599 2095 630 et
2127 605 2341 642 responsum
2368 608 2472 635 aece-

1421 653 1487 699 pit,
1527 652 1730 698 cuicunque
1765 652 1837 689 tale
1867 652 2003 698 aliquid
2037 655 2242 701 66611115561,
2260 657 2317 694 vel
2334 663 2408 695 tam
2433 659 2471 696 in
2514 690 2516 695 ,

1419 713 1617 760 longinquo
1642 713 1770 750 itinere
1809 714 2027 751 constitutus
2054 721 2166 761 esset,
2196 722 2327 755 utnon
2345 723 2472 765 posset

1421 783 1626 815 occurrere,
1649 772 1719 809 alio
1748 783 1872 809 mense
1890 783 1973 810 eum
2007 773 2127 812 faeere
2157 776 2288 814 debere
2318 780 2468 825 pascha,

1420 840 1569 880 propter
1603 834 1699 870 diem
1731 835 1867 871 mensis
1902 837 2264 883 quartumdecimum,
2283 839 2345 876 ubi
2376 840 2471 878 luuae

1421 903 1594 930 numerus
1611 895 1884 931 observabatur.
1923 895 1995 932 Sed
2014 898 2045 933 si
2069 903 2254 944 quaeratur
2273 899 2359 945 quid
2375 899 2473 937 face¹

1421 960 1503 990 rent
1523 955 1552 990 si
1577 954 1670 990 sorte
1701 954 1784 990 talis
1815 955 2046 992 immunditia
2080 957 2191 993 etiam
2209 958 2253 994 ad
2273 958 2471 1005 secundum

1421 1024 1582 1051 mensem
1618 1020 1842 1058 occurreret,
1877 1016 2034 1052 arbitror
2069 1017 2105 1052 id
2125 1017 2221 1062 quod
2238 1017 2377 1054 dietum
2399 1024 2469 1064 est,

1421 1076 1465 1112 de
1482 1075 1641 1111 secundo
1662 1084 1799 1119 mense,
1819 1080 1991 1121 tanquam
2006 1077 2223 1123 regulariter
2244 1079 2471 1116 retinendum
2532 1089 2540 1129 ξ

1421 1135 1550 1178 fuisse,
1568 1140 1608 1171 ut
1628 1136 1736 1171 tertio
1761 1146 1887 1172 mense
1921 1137 2172 1181 observarent,
2195 1143 2256 1174 aut
2276 1145 2374 1175 certe
2407 1150 2472 1186 pa-
2534 1136 2540 1159 ἕ

301 1202 373 1237 11115
408 1199 570 1247 largitori
606 1199 702 1234 illius
722 1198 935 1240 obediendo,
976 1198 1091 1233 vicem
1127 1189 1399 1243 perpendereB
1419 1198 1504 1234 seha
1525 1207 1597 1233 11011
1631 1197 1749 1243 egisse
1784 1196 1845 1232 tali
1881 1198 2112 1241 necessitate,
2145 1199 2190 1234 ad
2223 1199 2367 1246 culpam
2397 1210 2469 1237 non

298 1261 584 1297 meminerimus.
607 1259 671 1296 Vel
696 1264 795 1295 certe
832 1259 868 1294 111
899 1263 1085 1294 crescente
1121 1259 1166 1294 ad
1186 1260 1347 1295 homines

300 1322 399 1365 luna,
423 1322 507 1357 vitae
532 1321 635 1357 nobis
652 1321 789 1362 activae,
811 1321 847 1354 in
877 1329 1022 1355 reversa
1047 1329 1133 1355 vero
1157 1322 1201 1355 ad
1221 1321 1347 1363 coelos,

298 1380 528 1426 speculativae
577 1384 683 1424 typus
723 1378 939 1413 ostenditur.
976 1377 1039 1413 Vcl
1078 1378 1115 1412 in
1145 1379 1212 1413 hac
1245 1380 1348 1415 nobis

295 1441 545 1482 conversione,
567 1440 712 1474 dilectio
735 1439 905 1484 proximi,
928 1439 963 1473 in
980 1438 1056 1479 illa,
1075 1439 1190 1473 nostri
1226 1439 1346 1484 signa-

301 1505 361 1536 tur
375 1500 537 1535 victoris.
558 1499 684 1534 Adhuc
714 1507 909 1533 conversus
928 1497 1018 1532 lucis
1040 1496 1118 1540 ejus
1147 1497 1345 1542 profectus,

295 1566 336 1596 ut
354 1560 448 1596 bona
482 1559 579 1594 foras
599 1568 792 1604 operemur
826 1558 997 1593 admonet
1017 1569 1025 1600 ;
1054 1567 1162 1603 porro
1185 1558 1281 1600 illuc,
1304 1563 1344 1594 ut

296 1619 421 1655 eadem
446 1620 538 1654 bona
556 1629 665 1664 opera
687 1618 763 1654 5010
797 1627 965 1663 supernae
999 1617 1178 1653 mercedis
1216 1617 1348 1653 intuitu

297 1688 490 1725 geramus3
512 1680 595 1719 11116,
630 1684 668 1713 ut
689 1678 800 1713 luceat
827 1678 887 1714 lux
906 1684 1023 1713 nostra
1057 1689 1174 1713 coram
1197 1679 1349 1714 homini-

299 1740 376 1782 bus,
394 1746 431 1775 ut
446 1740 585 1776 videam
603 1740 692 1775 bona
708 1747 825 1775 nostra
845 1751 972 1786 opera;
989 1741 1085 1783 illuc,
1102 1748 1138 1776 nt
1157 1741 1348 1787 ylorificent

300 1800 444 1835 Patrem
474 1806 629 1836 nostrum
647 1802 706 1847 qui
739 1801 775 1836 in
805 1802 896 1836 coelis
920 1808 969 1837 est
989 1801 1132 1849 (Mami.
1151 1802 1201 1848 v).
1222 1803 1260 1837 ln
1278 1813 1349 1838 nna

298 1861 439 1897 sabbati
471 1871 550 1906 quae
575 1860 664 1896 Novi
699 1861 919 1898 Testamenti
953 1863 1098 1909 propria
1138 1863 1349 1899 solemnitas

295 1925 351 1957 est
386 1920 612 1964 instruimur,
657 1925 697 1956 ut
731 1931 793 1967 spe
817 1922 947 1957 suturae
981 1928 1113 1958 nostrae
1141 1924 1177 1958 in
1203 1923 1348 1960 Christo

299 1980 590 2024 resurrectionis,
607 1981 790 2026 patienter
809 1982 846 2017 in
863 1983 1046 2027 praesenti,
1059 1984 1176 2019 omnia
1199 1984 1349 2020 adversa

295 2050 361 2085 pro
384 2040 530 2075 Christo
561 2046 598 2076 et
622 2041 737 2085 ipsam
768 2042 895 2078 mortis
930 2042 1123 2078 toleremus
1163 2043 1346 2089 injuriam,

297 2099 482 2134 audientes
507 2099 553 2135 ab
584 2099 754 2144 Apostolo
782 2112 790 2135 :
814 2100 907 2142 Quia
940 2102 970 2136 si
996 2101 1149 2147 Spiritus
1186 2104 1261 2149 ejus
1287 2105 1347 2150 qai

298 2159 475 2193 suscitavit
506 2158 627 2193 Jesum
648 2170 668 2193 a
693 2160 839 2194 mortuis
870 2161 978 2205 fuerit
1000 2162 1037 2196 in
1063 2163 1173 2205 nobis,
1193 2164 1348 2209 vivifica-

298 2218 346 2253 bit
378 2224 411 2253 et
449 2218 612 2253 mortalia
645 2229 792 2265 corpora
830 2227 961 2263 nostra,
998 2233 1059 2267 per
1095 2223 1347 2259 inhabitantem

295 2278 466 2323 Spiritum
485 2278 560 2324 ejus
593 2279 630 2313 in
653 2279 750 2314 nobis
787 2279 898 2326 (Rom.
923 2280 1017 2328 vul).
1040 2282 1150 2328 Cujus
1174 2283 1344 2328 Spiritus,

293 2339 355 2383 qui
386 2343 443 2374 est
479 2338 700 2385 septiformis
733 2342 864 2386 gratia,
898 2347 1016 2387 potest
1051 2345 1176 2379 codem
1210 2351 1346 2391 septem

295 2400 436 2436 dierum
458 2399 641 2436 lunarium
661 2411 826 2445 numero,
854 2403 915 2447 qui
935 2403 1084 2447 praesata
1104 2415 1175 2439 una
1191 2406 1345 2450 sabbati,

294 2460 328 2496 id
354 2465 423 2503 cst,
451 2461 509 2496 die
542 2460 731 2498 Dominica
766 2462 1038 2507 circumfertur,
1078 2465 1241 2501 intimata
1274 2477 1346 2503 non

295 2520 592 2557 inconvenienter
629 2522 794 2567 intelligi.
818 2521 952 2558 Verum
975 2525 1018 2560 de
1050 2526 1223 2571 mysterio
1257 2532 1346 2563 tem-

293 2580 391 2625 poris
409 2579 568 2624 Paschae,
593 2580 623 2616 si
642 2581 725 2626 quis
745 2581 885 2627 plenius
906 2583 999 2618 scire
1017 2584 1107 2627 vult,
1136 2584 1229 2631 legat
1248 2587 1345 2622 beati

294 2640 432 2676 Aurelii
469 2641 660 2688 Augustini
683 2644 729 2678 ad
762 2642 978 2680 «Ianuarium
1000 2646 1189 2691 epistolam
1221 2648 1266 2684 de
1283 2659 1343 2684 ra-

293 2699 390 2735 tione
409 2700 586 2745 paschali.

711 2793 861 2831 CAPUT
889 2797 931 2832 11.

293 2865 345 2903 De
358 2867 412 2903 his
436 2867 496 2914 qm·
515 2878 586 2903 non
603 2874 763 2914 poterunt
795 2868 934 2907 Pascha
952 2872 989 2907 in
1009 2878 1160 2920 tempore
1184 2887 1247 2911 suo
1274 2888 1342 2924 quo

541 2914 590 2950 eis
614 2920 823 2960 praeceptum
847 2918 891 2951 sit
915 2918 1099 2956 celebrare.

341 2999 461 3048 (111111.)
471 2999 561 3036 Ecce
571 3006 685 3037 autem
694 3004 836 3049 quidam
851 3005 1021 3042 immundi
1035 3018 1138 3055 super
1152 3011 1269 3047 anima
1278 3013 1340 3047 ho-

293 3060 411 3103 minis,
427 3060 487 3106 qui
506 3069 575 3095 non
590 3066 749 3106 poterant
765 3062 879 3108 [acere
890 3066 1006 3111 phase,
1032 3067 1067 3102 in
1085 3068 1140 3103 die
1155 3069 1228 3114 illo,
1240 3083 1339 3108 acce-

296 3118 414 3154 dentes
433 3119 479 3155 ad
506 3118 651 3166 Moysen
669 3126 702 3155 et
733 3122 852 3158 Aaron
880 3123 1041 3161 dixerunt
1061 3128 1110 3162 eis
1126 3137 1138 3161 .·
1158 3128 1339 3168 Immundi

292 3186 414 3213 sumus
445 3188 548 3224 super
571 3180 691 3215 anima
720 3181 883 3218 hominis.
919 3183 1036 3227 Quare
1068 3186 1277 3232 fraudamur
1301 3198 1339 3227 ut

293 3247 362 3272 non
377 3237 554 3274 valeamus
584 3239 710 3285 offerre
730 3241 938 3278 oblationem
956 3244 1107 3282 Domino
1132 3248 1168 3283 in
1188 3255 1338 3296 tempore

291 3307 369 3339 suo,
389 3298 481 3333 inter
496 3297 589 3343 lilios
611 3298 726 3335 lamet
737 3301 755 3335 :²
790 3301 925 3344 Quibus
958 3306 1134 3351 respondit
1165 3308 1304 3356 Moyses
1324 3321 1335 3345 :

294 3354 390 3392 State
405 3363 443 3392 ut
477 3357 657 3394 consutam
691 3360 775 3406 qnid
805 3363 986 3410 proecipiat
1018 3364 1190 3404 Dominus
1210 3369 1252 3405 de
1279 3381 1336 3406 vo-

294 3415 359 3451 bis.
383 3416 536 3454 Locutus
563 3425 615 3455 ese
639 3420 810 3457 Dominus
833 3422 879 3458 ad
911 3423 1054 3471 Moysen
1089 3427 1206 3464 dicens
1224 3439 1236 3463 :
1271 3430 1339 3467 Lo-

293 3483 397 3520 quere
421 3476 504 3522 tiliis
534 3478 647 3515 Israel
661 3489 674 3514 .·
693 3480 809 3517 Homo
827 3483 888 3529 qai
919 3484 1027 3530 faerit
1045 3485 1246 3525 immundas
1275 3501 1337 3527 sn-

293 3542 356 3582 per
373 3538 506 3582 mma,
526 3539 596 3575 sive
627 3541 668 3576 in
684 3541 743 3576 via
761 3542 883 3588 procul
904 3544 942 3580 ἰὴ
959 3551 1060 3592 yeme
1086 3553 1212 3594 vestra,
1230 3548 1339 3596 saciat

293 3595 400 3641 phase
432 3597 583 3635 Domino
624 3603 739 3638 mense
777 3604 943 3650 secundo,
984 3608 1245 3654 quartadecima
1282 3608 1339 3650 dte

293 3658 420 3693 mensis
439 3658 486 3694 ad
504 3658 695 3706 vesperam,
715 3672 795 3698 cum
814 3666 950 3711 azymis
975 3673 1007 3702 et
1024 3666 1170 3706 lactucis
1187 3673 1336 3718 (1916311-

296 3713 359 3750 &aa
379 3718 556 3755 madent
573 3719 676 3756 illae.
699 3720 782 3758 Non
806 3723 1000 3771 relinquen!
1016 3737 1060 3764 ex
1088 3739 1128 3765 eo
1157 3731 1337 3779 (palmam

292 3774 405 3812 W
417 3779 534 3826 matie,
570 3781 605 3822 &t
619 3784 659 3819 vs
671 3782 749 3829 elli&
768 3787 840 3820 11σῆ
871 3781 1100 3835 eorrffliryem,
1139 3791 1337 3833 ’01111161Ηῖ-

1416 1258 1611 1304 pertinere.
1636 1257 1707 1293 Sed
1725 1257 1811 1303 quid
1835 1257 1903 1293 51111
1923 1258 2008 1294 velit
2027 1259 2223 1294 secundum
2242 1260 2468 1306 mysterium,

1416 1319 1512 1364 quod
1529 1318 1565 1352 hi
1586 1318 1648 1362 qui
1668 1317 1807 1363 longius
1827 1318 2005 1362 habitant,
2032 1319 2088 1355 vel
2105 1320 2279 1356 immundi
2299 1321 2470 1358 inanima

1416 1378 1567 1420 suerint,
1583 1378 1619 1412 in
1637 1378 1795 1412 5661111110
1812 1388 1936 1414 11161156
1959 1380 2095 1423 pascha
2124 1379 2214 1425 jussi
2229 1387 2312 1418 sunt
2330 1381 2471 1419 facere?
2533 1373 2540 1419 ἶ

1417 1437 1519 1480 Quod
1537 1437 1707 1472 nimirum
1727 1437 1762 1472 in
1781 1443 1905 1484 typum
1925 1439 2136 1485 intelligitur
2150 1443 2272 1487 populi
2292 1445 2466 1490 gentium,

1417 1498 1478 1542 qui
1511 1507 1592 1532 cum
1616 1498 1783 1533 omnibus
1817 1500 2040 1536 daemonibus
2077 1501 2262 1547 fornicati,
2295 1505 2471 1542 immundi

1415 1558 1635 1594 videbantur
1676 1558 1713 1593 in
1756 1559 1890 1602 anima,
1929 1560 2064 1596 salubri
2111 1573 2196 1599 vcro
2245 1564 2472 1604 consessione
2537 1553 2540 1558 Α

1417 1619 1596 1662 mundati,
1636 1619 1681 1655 ad
1718 1621 1912 1656 secundam
1947 1622 2187 1669 nativitatem,
2223 1628 2326 1672 quasi
2358 1628 2395 1664 in
2414 1638 2471 1665 se-

1418 1682 1536 1716 61111110
1555 1691 1679 1717 11161156
1715 1683 1870 1718 transire
1891 1684 2160 1730 praecipiuntur.
2182 1687 2259 1724 Duo
2279 1689 2309 1725 si
2326 1690 2471 1735 quidem

1418 1743 1629 1787 interposita
1650 1749 1734 1779 sunt
1751 1753 1818 1789 pro
1854 1745 1987 1790 quibus
2006 1748 2140 1792 pascha
2160 1749 2316 1795 primum
2351 1751 2471 1789 facere

1418 1805 1569 1849 quilibet
1600 1815 1671 1840 non
1710 1810 1868 1850 poterat,
1909 1806 1978 1842 hoc
2010 1813 2067 1843 651
2085 1809 2114 1844 51
2133 1809 2340 1848 immundus
2363 1823 2471 1859 super

1419 1866 1552 1909 anima,
1574 1867 1703 1902 sivein
1725 1867 1783 1902 via
1818 1868 1944 1913 procul
1966 1867 2088 1906 fuerit.
2126 1871 2336 1911 Immundus
2359 1877 2470 1912 estin

1418 1928 1538 1962 anima
1573 1928 1634 1974 qui
1655 1928 1831 1964 diabolica
1854 1929 2035 1974 illusione,
2054 1941 2120 1977 per
2142 1933 2320 1971 idolorum
2349 1937 2469 1973 cultu·
2534 1975 2536 1978 ,

1418 1997 1508 2031 16111,
1537 1994 1571 2023 61
1587 1996 1819 2034 peccatorum
1853 1993 2121 2038 enormitatem,
2142 1996 2328 2039 polluitur.
2351 1997 2390 2033 111
2408 1998 2467 2034 via

1420 2052 1475 2082 est
1494 2050 1631 2092 procul,
1666 2051 1727 2095 qui
1763 2051 1912 2087 verbum
1938 2053 2062 2090 salutis
2100 2056 2263 2100 audiens,
2303 2058 2471 2095 deserere

1418 2106 1526 2150 idola,
1559 2114 1594 2143 ct
1624 2109 1686 2144 Dei
1721 2111 1828 2147 tidem
1863 2113 2049 2159 percipere
2089 2115 2213 2160 cligit;
2253 2118 2318 2154 sed
2348 2124 2469 2155 tamen

1416 2169 1574 2203 nondum
1596 2170 1639 2205 ad
1659 2172 1825 2216 baptismi
1847 2179 2127 2218 sacramentum,
2151 2177 2188 2211 in
2221 2187 2291 2222 qua
2311 2178 2470 2215 intratur

1418 2227 1455 2262 in
1495 2229 1710 2274 Ecclesiam,
1746 2232 1945 2268 Jerusalem
1983 2235 2151 2272 videlieet
2180 2237 2308 2272 urbem
2350 2239 2466 2284 pacis,

1414 2289 1475 2325 ubi
1497 2291 1666 2336 templum
1686 2293 1747 2328 Dei
1770 2299 1805 2329 et
1826 2300 1949 2330 sancta
1985 2302 2193 2333 sanctorum
2226 2304 2321 2343 sunt,
2342 2309 2468 2346 perve-

1416 2351 1482 2386 nit.
1503 2352 1542 2386 111
1563 2353 1668 2389 domo
1702 2354 1796 2390 enim
1827 2367 1899 2392 una
1918 2358 2058 2393 comedi
2083 2369 2211 2396 carnes
2230 2362 2311 2407 agni
2333 2360 2466 2405 juben-

1415 2418 1490 2455 tur,
1509 2415 1592 2457 quia
1616 2420 1718 2450 extra
1743 2422 1904 2452 sanctam
1930 2419 2130 2455 Ecclesiam
2164 2422 2240 2457 veri
2269 2423 2353 2469 agni
2386 2434 2466 2460 car-

1413 2482 1491 2515 nes,
1515 2483 1645 2519 corpus
1665 2475 1831 2512 videlicet
1858 2477 2099 2522 Dominicum,
2128 2481 2236 2516 edere
2272 2492 2343 2517 non
2364 2482 2461 2520 lieet.

1413 2533 1565 2570 Gentilis
1589 2545 1674 2582 ergo
1693 2538 1860 2582 populus,
1881 2540 1966 2584 quia
1994 2541 2151 2586 primum
2182 2544 2316 2588 pascha
2337 2554 2465 2581 secun-

1413 2595 1497 2630 dum
1518 2595 1635 2641 legem
1652 2606 1760 2640 agere
1780 2608 1851 2633 non
1871 2599 2000 2642 potuit,
2030 2601 2067 2635 111
2089 2602 2248 2639 5661111110
2270 2613 2408 2649 11161156,
2428 2605 2466 2642 id

1412 2661 1484 2698 est,
1513 2659 1675 2701 tempore
1690 2657 1827 2702 gratiae,
1840 2656 1915 2702 jam
1933 2665 2105 2706 purgatus
2124 2661 2170 2697 611
2192 2664 2291 2700 0111111
2307 2665 2466 2701 immun-

1413 2715 1499 2751 ditia
1523 2722 1767 2761 peccatorum,
1805 2718 1973 2766 domique
2010 2722 2215 2767 restitutus,
2254 2725 2316 2762 ubi
2348 2726 2462 2772 phase

1410 2776 1564 2813 Domino
1602 2777 1669 2812 rite
1702 2777 1822 2815 tacere
1857 2780 1953 2824 licet,
1993 2780 2096 2826 juxta
2129 2791 2321 2830 vesperam
2337 2787 2461 2824 mundi

1411 2847 1494 2872 cum
1515 2837 1653 2883 azymis
1665 2843 1701 2873 et
1720 2839 1871 2876 lactucis
1887 2843 2088 2888 agrestibus
2102 2853 2233 2891 agnum
2247 2847 2452 2892 comedant;

1411 2897 1541 2941 quibus
1579 2904 1797 2944 praeceptum
1836 2907 1892 2937 est
1924 2907 1965 2938 ut
1998 2913 2070 2939 non
2109 2904 2314 2951 relinquant
2349 2916 2395 2944 ex
2417 2917 2459 2947 60

1357 2979 1394 3018 D
1411 2955 1597 3001 quidpiam
1623 2967 1738 3003 usque
1755 2969 1874 3004 mane,
1900 2965 1936 2997 et
1955 2971 1997 2998 os
2017 2962 2095 3008 ejus
2115 2973 2188 3000 non
2215 2965 2457 3014 confringant,
2478 3007 2491 3017 ,

1412 3015 1475 3050 5611
1496 3024 1640 3052 0111116111
1662 3017 1771 3054 ritum
1794 3020 1907 3065 phase
1942 3021 2135 3070 diligenter
2165 3025 2370 3064 observent.
2391 3027 2460 3065 Pa·-

1411 3085 1476 3111 nes
1493 3085 1580 3122 ergo
1615 3077 1693 3113 51116
1733 3077 1912 3118 fermento
1949 3084 2117 3129 comedit,
2155 3087 2216 3133 qui
2253 3093 2354 3126 recta
2381 3090 2460 3128 sine

1409 3137 1639 3182 corruptione
1655 3147 1758 3175 vanae
1776 3139 1899 3186 gloriae
1919 3148 2078 3189 exercet,
2099 3146 2160 3193 qui
2194 3148 2366 3186 mandata
2387 3151 2456 3187 mi-

1409 3196 1614 3233 sericordiae
1633 3198 1711 3234 sine
1728 3200 1945 3239 admistione
1962 3207 2102 3250 peccati
2118 3208 2278 3255 exhibet,
2299 3220 2347 3247 ne
2370 3221 2456 3258 per-

1406 3264 1510 3291 verse
1531 3256 1696 3301 desipiat.
1718 3258 1885 3296 Lactucae
1899 3269 1986 3298 vero
2005 3272 2166 3310 agrestes
2202 3269 2306 3307 valde
2323 3281 2456 3308 amarae

1408 3318 1504 3349 sunt.
1546 3314 1684 3351 Carnes
1718 3326 1806 3354 vero
1839 3321 1922 3366 agni
1954 3331 2035 3358 cum
2072 3325 2224 3364 lactucis
2252 3331 2456 3376 agrestibus

1407 3378 1490 3409 sunt
1509 3373 1665 3418 edendae,
1683 3381 1723 3411 ut
1737 3386 1819 3412 cum
1832 3387 1963 3425 eorpus
1977 3379 2228 3430 Redemptoris
2243 3390 2451 3437 accipimus,
2508 3377 2520 3431 {¹-

1405 3443 1473 3472 nos
1490 3445 1556 3482 pro
1569 3437 1728 3482 peccatis
1745 3439 1880 3475 nostris
1900 3441 1938 3477 in
1957 3441 2102 3481 fletibus
2131 3445 2344 3496 affligamus,
2364 3462 2454 3501 qua-

1404 3501 1510 3533 tenus
1526 3497 1604 3544 ipsa
1621 3499 1828 3536 amaritudo
1848 3502 2071 3548 poenitentiae
2086 3508 2269 3558 abstergat
2283 3523 2304 3549 a
2318 3517 2452 3555 mentis

1408 3559 1595 3596 stomacho
1611 3566 1792 3608 perversa!
1808 3568 1968 3601 amorem
1983 3566 2080 3604 vitae.
2102 3568 2186 3607 Non
2206 3575 2396 3612 remanebit
2409 3588 2453 3614 ex

1406 3622 1446 3655 eo
1481 3619 1672 3668 quidquam
1699 3630 1807 3670 usqae
1837 3623 1954 3670 mane,
1974 3626 2061 3674 quia
2090 3626 2168 3676 ejus
2203 3633 2298 3671 dicta
2321 3646 2451 3686 magna

1406 3684 1490 3716 sunt
1508 3680 1749 3719 sollicitudine
1763 3681 2004 3732 discutienda,
2022 3692 2202 3735 quatenus
2236 3695 2448 3745 priusquam

1407 3738 1484 3776 dies
1504 3741 1777 3783 resurrectionis
1808 3751 1992 3792 appareat,
2014 3749 2051 3786 in
2068 3750 2136 3788 hac
2153 3755 2346 3803 praesentis
2358 3751 2450 3804 [vitai

1404 3786 1595 3841 vocafflme
1609 3799 1731 3841 1111111111
1753 3804 1927 3849 inamata
1940 3798 2037 3848 illius
2062 3806 2293 3864 intelligendo
2307 3803 2347 3859 ‘et
2362 3830 2450 3871 ope·
