2540 4016
27 375 29 378 ι
103 337 144 366 ro
167 334 308 369 servus,
329 330 366 361 et
400 326 572 362 obediens
599 335 643 361 ac
663 335 795 371 parens
827 326 956 363 animae
980 335 1112 366 nostrae

83 389 253 430 refectus,
274 395 357 421 eum
382 386 451 422 sibi
469 395 616 422 carnem
632 393 668 422 et
688 386 834 423 obedire
854 392 891 423 et
906 389 1044 424 servire
1063 389 1114 426 fe-

24 489 34 501 ,
101 451 161 488 rit.
195 449 338 485 Tertius
355 458 443 484 vero
465 453 522 484 est
539 449 635 493 quod
652 447 852 494 perfectum
868 455 946 493 est;
969 449 999 485 si
1018 451 1114 486 enim

23 502 27 553 s
93 523 129 548 m
149 510 334 547 veniamus
350 509 395 545 ad
418 508 631 554 perfectum,
654 510 763 545 etiam
781 511 1076 547 exterminandus
1094 521 1114 547 a

11 572 26 611 ἦ
51 564 162 619 {hobis
178 570 310 607 dieitur
326 568 564 613 Chananaeus,
583 575 618 605 et
639 571 746 606 morti
777 571 982 607 tradendus.
1021 570 1116 615 Quo-

12 626 29 679 s
51 623 166 672 ‘inodo
185 626 305 668 autem
337 631 374 666 in
394 637 518 667 nostra
540 642 649 667 carne
680 632 892 678 completur,
912 631 994 667 audi
1017 631 1115 677 Apo-

23 714 26 716 -
55 687 191 733 ⁴stolum
217 692 395 728 dicentem
415 703 424 727 ε
470 704 483 725 ‹
511 692 723 729 Mortificate
740 698 859 728 autem
879 693 1042 728 membra
1055 703 1117 729 ve-

19 756 26 759 ’
51 747 134 795 stra
150 765 230 800 quae
253 760 338 791 sunt
365 765 472 802 super
496 761 646 799 terram,
678 754 954 792 fornicationem
974 762 1012 792 et
1050 757 1118 791 im-

20 816 29 818 *
50 808 272 855 &nunditiam
289 814 379 862 (Col.
397 816 466 864 ιιι),
493 830 505 850 »
528 822 564 852 et
580 821 708 853 caetera
727 826 806 861 quae
823 821 1035 862 sequuntur.
1072 817 1118 852 Et

26 892 29 894 ·
52 877 190 913 :iterum
207 876 314 912 dicit:
336 888 348 909 ι
367 875 435 919 Qui
449 882 570 912 autem
589 876 723 912 Christi
739 881 832 917 sunt,
851 886 998 925 carnem
1014 885 1116 911 suam

11 966 14 967 γ
59 936 318 973 crucifixerunt
344 947 425 972 cum
442 937 541 972 vitiis
555 941 591 972 et
609 935 911 981 concupiscentiis
929 935 1003 970 suis
1023 934 1116 981 (Gal.

22 1024 25 1025 γ
48 997 108 1044 v).
134 1011 146 1031 ›
176 997 236 1033 Sic
256 1008 342 1043 ergo
362 998 484 1040 tertio,
507 998 577 1033 hoc
592 1002 661 1039 est,
686 1006 768 1031 cum
787 996 832 1030 ad
861 995 1118 1040 perfectionem

59 1058 237 1100 venimus,
257 1063 294 1094 et
313 1059 476 1093 membra
492 1064 616 1093 nostra
636 1056 896 1092 mortificamus
910 1067 951 1092 ac
967 1062 1118 1092 mortem

61 1117 194 1155 Christi
211 1117 247 1153 in
259 1127 410 1162 corpore
426 1122 550 1152 nostro
567 1116 869 1159 circumferimus,
899 1117 1118 1152 extermina-

60 1239 350 1287 praetereundum
383 1244 438 1275 est
471 1239 565 1284 quod
585 1239 717 1275 dicitur
735 1239 877 1275 Pharao
915 1239 1055 1276 misisse
1082 1245 1118 1276 et

63 1300 245 1346 accepisse
265 1299 380 1335 Gazer
395 1299 591 1342 civitatem,
627 1299 663 1334 in
682 1309 754 1344 qua
772 1299 997 1335 Chananaeus
1018 1300 1118 1335 habi-

61 1363 115 1395 tat
132 1368 213 1394 cum
227 1358 408 1404 Ephraim,
433 1364 469 1394 et
482 1358 623 1394 dedisse
641 1368 721 1394 eam
738 1359 773 1394 in
793 1359 910 1394 dotem
930 1358 1009 1393 filiae
1029 1368 1114 1394 suae.

62 1419 176 1456 Gazer
195 1426 315 1456 autem
334 1421 592 1465 interpretatur
611 1420 846 1455 constructio.
871 1419 907 1454 Si
925 1430 1009 1465 ergo
1033 1429 1115 1455 cor-

61 1482 137 1530 pus‘
162 1487 197 1518 et
216 1482 337 1517 anima
357 1492 429 1516 una
448 1487 555 1527 atquc
579 1482 704 1517 eadem
724 1481 992 1516 constructione
1016 1481 1119 1516 habi-

61 1548 152 1586 tent,
176 1543 210 1577 id
231 1548 299 1585 est,
327 1543 526 1588 conjunctae
542 1543 608 1578 sibi
641 1542 793 1577 invicem
812 1548 847 1577 ct
869 1542 988 1584 soeiae,
1009 1542 1059 1576 ita
1079 1546 1119 1576 ut

62 1606 98 1638 et
115 1602 235 1637 anima
254 1602 449 1636 carnaliter
463 1602 574 1643 vivat,
612 1606 647 1636 et
666 1612 735 1637 non
759 1601 904 1637 festinet
918 1602 1036 1636 anima
1056 1610 1119 1635 ve-

63 1663 176 1700 locius
195 1663 262 1698 sibi
291 1664 517 1698 obedientem
550 1668 585 1698 et
604 1663 784 1698 subditam
805 1663 926 1698 facere
959 1672 1118 1705 carnem,

62 1724 261 1761 verendum
280 1729 335 1759 est
350 1734 394 1759 ne
416 1723 506 1760 forte
524 1724 642 1759 veniat
673 1724 812 1759 Pharao
830 1734 874 1760 ex
895 1723 1065 1770 AEgypto,
1085 1729 1121 1759 et

65 1784 242 1829 captivam
262 1784 369 1819 ducat
389 1784 568 1820 infelicem
584 1784 754 1827 animam,
777 1784 824 1820 ita
850 1789 887 1818 ut
908 1794 987 1819 eam
1003 1784 1123 1819 tradat

68 1844 152 1880 fltiae
173 1854 245 1880 suae
264 1844 299 1879 in
319 1844 452 1880 dotem.
496 1844 533 1879 Si
551 1844 647 1879 enim
669 1844 875 1879 consideres
911 1844 998 1879 illud
1027 1844 1123 1889 quod

66 1904 155 1940 dixit
176 1904 357 1949 apostolus
374 1904 504 1940 Paulus
520 1903 637 1950 (Rom.
648 1904 799 1951 v11,25),
811 1914 1007 1950 exsurgere
1016 1904 1123 1939 aliam

0 2003 1 2016 χ
65 1966 181 2012 legem
200 1966 235 2000 in
253 1966 426 2002 membris
444 1966 591 2008 nostris,
612 1971 650 2001 et
666 1966 827 2010 captivos
842 1966 974 2000 ducere
993 1975 1059 2001 nos
1087 1965 1122 1999 in

66 2026 181 2072 legem
195 2026 347 2071 peccati,
367 2026 528 2060 invenies
546 2026 726 2070 quomodo
744 2025 803 2060 ille
819 2025 971 2066 Pharao,
990 2025 1050 2069 qui
1070 2029 1125 2059 est

0 2098 1 2114 1
66 2091 192 2122 auctor
211 2091 246 2122 et
262 2096 324 2121 rex
342 2085 496 2131 peceati,
512 2085 669 2120 animam
678 2094 757 2130 quae
774 2084 966 2120 carnaliter
983 2084 1071 2118 vivit
1088 2084 1125 2119 in

69 2147 188 2183 dotem
206 2146 435 2193 conscripsit.

467 2231 619 2268 CAPUT
649 2232 732 2268 vill.

71 2305 255 2342 Sermones
275 2305 430 2351 filiorum
449 2305 474 2341 J
476 2307 579 2388 osep‘lit
596 2307 640 2342 ad
658 2307 778 2351 Josne,
804 2313 836 2343 et
851 2309 1027 2355 responsio
1051 2309 1127 2355 ejus

532 2364 552 2388 a
594 2365 665 2389 eos.

119 2441 219 2490 (Car.
237 2442 341 2488 xvu.)
373 2455 384 2476 ‹
408 2442 607 2489 Locutique
626 2450 707 2480 suut
724 2444 787 2479 filii
805 2443 936 2490 Joseph
954 2444 998 2479 ad
1021 2443 1129 2480 Josue

75 2516 88 2538 ι
118 2509 224 2549 atque
250 2504 417 2539 dixerunt
435 2517 442 2540 :
474 2504 592 2548 Quare
610 2505 738 2541 dedisti
758 2506 845 2540 mihi
865 2505 1128 2550 possessionem

76 2576 90 2598 ι
121 2566 230 2601 sortis
250 2570 284 2599 et
299 2563 448 2599 funiculi
466 2565 587 2607 unius,
608 2575 690 2600 cum
708 2565 775 2600 sim
804 2571 914 2600 tantae
932 2564 1130 2600 multitudi—

77 2637 90 2659 ι
120 2627 189 2668 nis,
210 2631 246 2661 et
264 2625 490 2660 benedixerit
509 2627 597 2661 mihi
616 2626 801 2662 Dominus.
838 2627 892 2663 Ad
914 2638 1003 2673 quos
1022 2627 1130 2664 Josue

76 2699 89 2721 ‹
121 2688 197 2722 ait:
234 2686 273 2722 Si
288 2686 438 2732 populus
461 2687 594 2722 multus
611 2698 661 2729 es,
699 2689 853 2725 ascende
871 2690 908 2724 in
925 2690 1065 2733 silvam,
1094 2696 1130 2726 et

79 2760 91 2780 ι
120 2747 264 2783 succide
281 2747 344 2782 tibi
361 2748 475 2792 spatia
495 2748 531 2782 in
559 2754 654 2783 terra
672 2748 851 2785 Pherezcei
873 2756 909 2786 et
942 2751 1127 2796 Raphaim,

79 2820 91 2841 ‹
123 2808 207 2854 quia
231 2813 382 2853 angusta
401 2809 535 2844 esttibi
557 2810 738 2854 possessio
753 2812 884 2847 montis
909 2812 1093 2857 Ephraim,
1115 2826 1126 2847 ι

75 2874 112 2904 ει
129 2868 280 2914 reliqua.
310 2867 392 2903 Filii
412 2878 497 2904 vero
518 2868 650 2916 Joseph
669 2872 903 2916 quaestionem
919 2879 1063 2909 movent
1085 2874 1130 2909 de

76 2929 288 2965 haereditate
316 2930 473 2976 majore;
505 2936 638 2966 sortem
666 2933 885 2978 requirunt,
914 2934 1074 2970 dicentes
1088 2937 1130 2970 ad

77 2988 198 3025 Jesum
219 3002 228 3024 ι
254 2989 372 3034 Quare
390 2991 494 3026 nobis
508 2991 636 3027 dedisti
663 2992 698 3027 in
718 2993 926 3030 haereditate
946 3000 1078 3030 sortem
1097 3000 1132 3030 et

77 3048 289 3094 pedaturam
313 3051 456 3086 unam?
487 3051 562 3097 Ego
589 3058 709 3087 autem
733 3053 882 3098 populus
918 3055 1062 3096 multus,
1100 3061 1135 3090 et

80 3109 253 3146 Dominus
273 3121 331 3147 me
347 3111 544 3148 benedixit.
574 3112 613 3149 Si
632 3124 718 3160 ergo
736 3121 772 3150 et
795 3126 860 3152 nos
877 3117 1132 3162 populusmul-

0 3208 1 3212 ,
46 3158 51 3177 ⁸
79 3179 138 3211 tus
157 3185 295 3218 sumus,
316 3181 351 3211 et
370 3176 554 3211 benedixit
573 3187 638 3212 nos
666 3178 850 3220 Dominus,
883 3179 1070 3214 audiamus
1090 3180 1134 3215 ab

0 3274 1 3279 ¹
47 3230 49 3234 '
80 3233 166 3272 Jesu
186 3245 196 3270 :
214 3235 370 3282 Populus
380 3236 526 3279 multus,
547 3238 698 3272 ascende
718 3238 753 3272 iu
769 3238 921 3281 saltum,
950 3244 986 3275 et
1002 3240 1134 3275 munda

0 3287 1 3349 ἢ
45 3281 51 3357 ἰ
82 3295 147 3332 tibi
165 3296 248 3343 ipsi,
273 3301 308 3332 et
325 3307 412 3342 para
428 3297 492 3333 tibi
508 3297 624 3333 locum
644 3297 679 3333 in
701 3303 809 3341 terra,
824 3304 859 3335 et
876 3309 986 3346 purga
1001 3299 1134 3336 Phere-

83 3367 176 3394 zaeos
188 3363 226 3395 et
242 3357 434 3404 Raphaim.
453 3349 474 3375 ξ’
479 3359 631 3396 Necesse
659 3366 714 3397 εει
746 3371 825 3397 nos·
847 3361 977 3406 ejicere
1001 3361 1134 3397 Phere-

17 3417 22 3421 ’
44 3441 56 3480 3
74 3429 191 3456 aaeos.
251 3420 457 3457 Invenimus
491 3427 612 3458 autem
649 3421 862 3459 Pherezaeos
904 3423 1133 3468 interpretari

46 3512 56 3537 0
85 3479 412 3518 fructificationem.
462 3481 533 3519 Sed
565 3483 659 3519 sicut
687 3493 780 3530 saepe
802 3484 877 3529 jam
908 3483 1062 3518 diximus
1089 3483 1133 3519 de

87 3541 168 3579 aliis
184 3542 410 3586 omnibus‚et
428 3543 466 3578 in
485 3544 555 3580 hoc
569 3544 699 3590 duplex
719 3549 774 3579 est
792 3542 1052 3588 interpretatio.
1072 3542 1136 3578 Est

88 3602 184 3638 enim
205 3601 435 3652 fructificatio
452 3604 546 3640 hona
559 3609 596 3640 et
618 3604 848 3640 fructificatio
866 3603 973 3647 mala,
993 3603 1085 3639 sicut
1099 3603 1135 3639 in

88 3661 292 3710 evangeliis
308 3665 532 3712 designatur,
564 3676 576 3698 ι
598 3665 683 3711 quia
697 3666 805 3701 arbor
830 3665 922 3702 bona
939 3665 1053 3701 bonos
1062 3664 1136 3701 frn-

91 3728 172 3762 ctus
188 3725 274 3763 facit
291 3725 435 3774 (March.
449 3724 528 3773 vu).
551 3738 564 3760 »
601 3724 751 3773 Oportet
766 3735 852 3773 ergo
865 3735 931 3763 nos
960 3725 1138 3772 expellere

94 3786 270 3835 quidtwid
285 3797 360 3825 non
373 3786 467 3825 bene
491 3785 700 3831 fruetificat,
730 3791 769 3823 et
800 3786 988 3824 abscidere
997 3785 1137 3824 fructus

18 3767 22 3793 l

113 172 148 226 ἰ’
530 170 537 176 ’
671 187 908 226 contuear.
935 190 982 226 IN
1007 190 1180 230 uenum
1205 194 1361 235 Josnr..
1386 219 1433 226 -
1455 198 1541 236 un.
1566 201 1625 237 m.

104 272 200 304 'vero
212 263 289 311 jam
305 263 529 310 aliquantum
548 263 821 310 profecerimus,
837 265 992 302 efficitur
1009 270 1113 306 nobis
1130 271 1166 311 A
1180 276 1333 320 peccati,
1361 281 1398 312 et
1428 286 1582 323 purgare
1617 277 1756 314 fructus
1780 275 1938 322 justitiae.
1981 284 2052 323 Sed
2079 293 2116 324 et
2149 288 2220 326 κῃ.

1567 74 1594 99 0

1178 335 1315 379 phaim‚
1347 335 1473 381 inquit,
1497 337 1648 382 expelle,
1665 337 1724 373 vel
1756 337 1876 384 potius
1903 349 2066 390 expugna
2094 349 2138 384 de
2168 355 2217 386 te,

1179 393 1356 438 Raphaim
1374 397 1575 434 invenimus
1597 398 1873 443 interpretatum
1887 401 2052 439 resolutae
2075 413 2219 446 matres.

1181 454 1246 490 Est
1265 455 1350 490 etin
1366 457 1485 492 anima
1497 463 1621 494 nostra
1638 458 1755 494 virtus
1763 459 1928 504 quaedam
1944 471 2024 507 quae
2042 465 2224 511 paritsen-

1183 524 1276 557 sum,
1293 519 1329 549 et
1348 515 1446 550 velut
1465 522 1583 552 mater
1600 522 1657 554 est
1682 527 1808 554 eorum
1838 528 2007 556 sensuum
2021 522 2079 558 vel
2092 523 2226 563 intelle-

1183 580 1306 609 ctuum
1325 573 1386 619 qui
1402 576 1600 620 procedunt
1631 586 1676 612 ex
1694 577 1812 621 nobis,
1847 580 2042 616 secundum
2059 583 2153 629 quod
2176 585 2228 621 di-

1184 633 1277 668 citur
1307 633 1343 668 in
1374 640 1598 671 sacramento
1629 637 1671 672 de
1697 638 1816 674 anima
1845 641 1948 684 quasi
1983 640 2027 676 de
2053 643 2227 681 muliere:

1185 692 1291 728 Salva
1309 694 1379 729 erit
1410 700 1530 733 autem
1550 706 1615 740 per
1635 696 1787 734 filiorum
1812 684 2106 745 generationemff
2107 703 2136 738 si
2154 714 2232 749 pcr-

1183 753 1358 788 manserit
1378 753 1414 789 in
1428 753 1498 789 fide
1516 760 1552 790 et
1568 756 1719 793 veritate
1739 758 1773 804 (I
1792 758 1881 795 Tim.
1897 760 1952 806 ιι).
1971 761 2042 797 Ista
2056 772 2141 807 ergo
2158 774 2233 799 ma-

1184 817 1254 855 ter,
1274 812 1343 848 hoc
1359 819 1425 855 est,
1446 814 1512 849 ista
1539 815 1664 858 virtus,
1687 818 1814 854 animan
1847 819 1897 855 illi
1914 820 1951 855 in
1971 830 2041 866 qua
2062 822 2163 858 fortis
2198 831 2231 859 et

1184 872 1302 908 valida
1320 883 1362 909 ae
1381 874 1526 911 robusta
1546 878 1728 921 generatio
1743 886 1890 925 generat
1906 891 2034 918 sensus
2050 883 2183 919 validos
2197 890 2233 919 et

1184 939 1362 978 potentes,
1383 941 1420 970 et
1450 937 1510 982 qui
1531 939 1693 983 superari
1712 950 1732 975 a
1750 941 2018 978 contradicente
2046 944 2082 978 in
2105 950 2138 979 te
2162 955 2230 980 non

1185 999 1347 1038 possunt.
1398 994 1438 1030 In
1456 995 1536 1032 aliis
1571 1003 1689 1034 autem
1708 999 1822 1035 virtus
1837 1001 1905 1037 ista
1926 1003 2079 1039 resoluta
2111 1010 2165 1040 est
2198 1011 2234 1041 et

1187 1055 1352 1098 remissa,
1388 1067 1468 1102 quae
1488 1058 1669 1094 indicatur
1706 1070 1750 1096 ex
1775 1063 1950 1106 sensibus,
1980 1074 2060 1100 cum
2077 1065 2234 1111 languidi

1189 1114 1334 1159 quidam
1359 1115 1566 1151 referuntur
1580 1123 1617 1152 et
1653 1118 1776 1164 inepti,
1810 1126 1845 1155 et
1862 1122 1951 1156 nihil
1984 1123 2019 1158 in
2038 1134 2077 1159 se
2097 1123 2236 1160 fortitu·

61 1189 140 1216 mus
155 1188 175 1214 a
190 1177 294 1214 nohis
324 1177 562 1214 Chananaeos.
603 1177 674 1213 Sed
711 1183 747 1212 et
779 1177 865 1213 illud
899 1187 970 1213 non
1002 1178 1115 1214 otiose
1136 1169 1167 1207 B
1185 1163 1276 1210 dinis
1295 1176 1532 1212 continentes.
1570 1176 1646 1213 Hoc
1661 1188 1747 1225 ergo
1766 1180 1988 1226 significatur
2008 1183 2072 1217 sub
2093 1184 2236 1220 nomine

1186 1236 1362 1282 Raphaim
1383 1250 1390 1272 ε
1410 1244 1446 1274 ει
1467 1239 1712 1285 huJuseemodi
1734 1241 1777 1277 de
1796 1243 1898 1278 nobis
1919 1248 2052 1279 matres
2071 1245 2237 1282 remissas

1187 1307 1278 1341 esse,
1298 1308 1377 1343 quae
1399 1309 1524 1335 sensus
1541 1300 1738 1336 ineruditos
1770 1307 1805 1336 et
1825 1302 1966 1338 inutiles
1993 1304 2148 1349 pariunt.
2192 1305 2235 1339 Et

1187 1359 1276 1393 bene
1309 1360 1465 1394 servavit
1497 1360 1667 1405 spiritalis
1696 1361 1935 1407 intelligentiae
1961 1363 2231 1408 proprietatem,

1187 1427 1252 1453 nec
1267 1423 1321 1454 est
1340 1418 1457 1466 (dixit)
1476 1421 1784 1456 exterminandum
1797 1422 1962 1458 bellicum
1978 1422 2231 1459 Chananaeum.

1189 1478 1258 1515 Sed
1275 1479 1359 1523 quid
1383 1481 1566 1525 respondit
1599 1480 1647 1515 illi
1677 1480 1810 1516 Jesus?
1856 1480 1894 1516 Si
1914 1482 2065 1528 populus
2103 1483 2236 1519 multus

1188 1551 1241 1583 es,
1262 1546 1299 1576 et
1313 1541 1483 1576 virtutem
1516 1542 1641 1584 habes,
1671 1553 1742 1578 non
1773 1543 1842 1578 erit
1862 1544 1926 1579 tibi
1953 1554 2030 1579 sors
2047 1554 2132 1586 una,
2153 1544 2236 1590 quia

1189 1602 1300 1638 saltus
1321 1602 1467 1644 esttibi,
1487 1608 1522 1638 et
1539 1603 1730 1638 mundabis
1755 1614 1847 1639 eum.
1883 1604 1989 1640 Vides
2011 1605 2093 1649 quia
2113 1606 2156 1640 ad
2175 1615 2239 1641 no-

1189 1669 1301 1698 stram
1317 1663 1798 1710 spiritalemintelligentiam
1815 1665 1958 1708 dicitur,
1974 1670 2014 1700 ut
2036 1671 2072 1700 et
2092 1666 2239 1701 munde-

1191 1734 1268 1759 mus
1290 1724 1414 1759 silvam
1445 1734 1524 1768 quae
1561 1724 1698 1760 inutilis
1731 1730 1798 1766 est,
1817 1730 1852 1760 et
1869 1725 2072 1761 excidentes
2097 1726 2239 1762 inutiles

1191 1788 1297 1828 atque
1312 1781 1555 1818 infructuosas
1588 1792 1633 1818 ex
1669 1783 1771 1818 nobis
1807 1784 1966 1826 arbores,
1997 1783 2170 1820 faciamus
2192 1785 2239 1820 ibi

1192 1842 1345 1884 novalia,
1381 1853 1460 1887 qua>
1481 1852 1622 1888 semper
1657 1843 1879 1886 innovemus,
1902 1850 1998 1879 etex·
2015 1845 2144 1889 quibus
2162 1844 2237 1879 fru-

1193 1909 1289 1939 ctum
1312 1903 1495 1948 capiamus
1511 1904 1747 1946 tricesimum‚
1775 1909 1810 1938 et
1829 1905 2086 1951 sexagesimum
2104 1910 2140 1940 et
2159 1915 2240 1940 cen-

1193 1964 1373 2000 tesimum.
1411 1964 1465 1998 An
1499 1974 1570 1999 non
1592 1964 1716 2000 eadem
1738 1965 1841 2000 nobis
1861 1971 1897 2001 et
1910 1965 2093 2011 Evangelii
2121 1975 2241 2001 sermo

1194 2028 1379 2063 denuntiat
1395 2027 1516 2062 dicens
1537 2039 1544 2062 t
1579 2039 1590 2060 ‹
1619 2027 1711 2063 Ecce
1736 2028 1871 2063 securis
1891 2029 1935 2063 ad
1967 2028 2106 2063 radices
2136 2029 2240 2062 arbo—

1194 2097 1273 2122 rum
1302 2087 1461 2132 apposita
1494 2092 1562 2122 est.
1608 2085 1733 2122 Omnis
1745 2097 1831 2132 ergo
1849 2088 1954 2122 arbor
1968 2097 2047 2131 quae
2067 2097 2138 2122 non
2159 2086 2243 2122 facit

1195 2148 1351 2183 fructum
1370 2148 1519 2188 honum,
1546 2147 1729 2182 excidetur
1757 2152 1793 2182 et
1812 2147 1848 2181 in
1879 2147 1996 2192 ignem
2017 2147 2205 2182 mittetur?
2228 2159 2240 2181 ›

1196 2207 1350 2254 (Matth.
1388 2217 1440 2242 111.
1458 2206 1470 2253 )
1517 2206 1599 2242 Haec
1628 2206 1807 2252 prioribus
1846 2206 1978 2242 nostris
2020 2205 2117 2242 Nave
2153 2206 2245 2242 filius

1193 2269 1365 2314 praecepit
1382 2267 1486 2303 Jesus
1503 2269 1546 2303 de
1563 2267 1795 2303 infructuosis
1811 2268 1999 2303 arboribus
2016 2268 2242 2311 excidendis;

1194 2327 1270 2363 haec
1288 2328 1389 2363 nobis
1410 2328 1581 2362 Dominus
1598 2327 1702 2362 ΙΙεειιε
1717 2327 1754 2360 in
1770 2326 1971 2371 Evangeliis
1991 2327 2164 2369 ‚mandata
2184 2327 2244 2364 de-

1197 2389 1333 2425 scribit.
1365 2388 1409 2423 Et
1442 2389 1619 2432 quomodo
1651 2397 1721 2422 non
1754 2397 1878 2422 verum
1913 2392 1967 2422 est
1995 2386 2089 2432 quod
2116 2387 2243 2422 umbra

1195 2450 1389 2496 praecessit,
1406 2455 1442 2484 et
1457 2449 1589 2484 veritas
1609 2448 1767 2493 sth'ecta
1785 2453 1839 2482 est
1858 2448 1872 2482 ¹?
1912 2447 1986 2482 Hoc
2004 2454 2121 2483 autem
2145 2448 2241 2492 quod

1197 2512 1332 2548 addidit
1349 2511 1497 2546 dicens:
1540 2522 1551 2543 ‹
1575 2509 1638 2546 His
1667 2510 1695 2544 si
1730 2509 1995 2551 emundaveris,
2034 2509 2241 2554 inquit‚sil-

1195 2583 1289 2613 vam,
1310 2576 1346 2607 et
1363 2571 1433 2606 erit
1451 2570 1514 2605 tihi
1533 2579 1614 2605 cum
1645 2569 1940 2604 exterminaveris
1961 2568 2192 2605 Chananaeos.
2225 2582 2238 2603 »

1197 2635 1358 2671 Diximus
1388 2632 1463 2677 jam
1501 2632 1663 2677 superius
1682 2631 1859 2676 quomodo
1893 2630 2075 2666 nobiscum
2104 2630 2240 2675 positus

1197 2696 1419 2732 Chananaeus
1446 2693 1561 2739 primo
1596 2692 1728 2727 tributa
1752 2691 1934 2737 dependit,
1963 2690 2122 2726 secundo
2158 2691 2242 2725 obe·

1198 2756 1297 2791 diens
1324 2753 1477 2790 efficitur
1495 2762 1535 2788 ac
1553 2751 1748 2796 subiectus,
1769 2751 1874 2786 tertio
1900 2750 2034 2786 veroin
2066 2749 2244 2784 membro-

1198 2826 1278 2851 rum
1294 2820 1496 2850 nostrorum
1518 2812 1793 2848 mortificatione
1810 2811 1918 2846 etiam
1942 2809 2171 2845 exterminari
2190 2809 2244 2843 di-

1200 2876 1305 2911 citur.
1335 2873 1420 2917 Quae
1435 2873 1465 2908 si
1484 2877 1580 2908 reete
1595 2871 1840 2917 intelligimus,
1872 2876 1908 2906 et
1938 2869 2125 2905 donaverit
2140 2868 2244 2904 nobis

1149 2957 1184 2995 D
1201 2937 1372 2973 Dominus
1393 2945 1455 2980 per
1479 2933 1629 2979 gratiam
1649 2942 1748 2967 suam
1767 2932 1843 2966 haec
1878 2931 1926 2965 ita
1953 2929 2160 2974 intelligere,
2199 2929 2246 2963 sit

1201 2998 1335 3044 aliquid
1355 3005 1471 3041 operae
1488 2995 1593 3039 pretii
1606 2995 1683 3029 haec
1701 2994 1742 3029 de
1755 2993 1904 3028 secretis
1922 2997 1958 3027 et
1974 2990 2189 3027 absconditis
2211 2989 2244 3024 in

1201 3057 1382 3103 publicum
1409 3054 1630 3100 produxisse,
1653 3059 1688 3089 et
1713 3053 1854 3088 venisse
1874 3052 1918 3087 ad
1938 3051 2152 3098 agnitionem
2174 3060 2239 3084 no-

1203 3123 1315 3154 stram
1334 3127 1413 3162 quse
1437 3115 1647 3151 servabatur
1667 3114 1824 3155 obtecta,
1858 3119 1894 3148 et
1910 3121 2092 3151 conemur,
2113 3119 2241 3144 secun-

1204 3180 1289 3215 dum
1308 3179 1385 3214 haec
1409 3188 1487 3223 quae
1521 3177 1685 3217 diximus,
1718 3175 1956 3210 Chauanaeum
1975 3171 2035 3216 qui
2056 3170 2240 3205 nobiscum

1203 3246 1270 3283 est,
1304 3239 1410 3276 citius
1438 3238 1612 3282 subjicere
1640 3235 1742 3271 nobis
1772 3239 1808 3269 et
1836 3233 2058 3268 obedientem
2094 3230 2238 3267 facere:

1205 3302 1289 3347 quia
1303 3301 1333 3337 si
1359 3299 1570 3336 dimittimus
1578 3305 1658 3331 eum
1673 3300 1708 3328 et
1725 3293 1948 3338 negligimus,
1969 3291 2087 3327 veniet
2099 3290 2238 3325 Pharao

1204 3373 1268 3399 rex
1287 3359 1445 3406 AEgypti,
1478 3363 1513 3392 et
1545 3355 1690 3399 incipiet
1725 3353 1842 3388 locum
1871 3357 2031 3387 nostrum
2060 3351 2095 3386 in
2120 3350 2239 3386 dotem

1180 3449 1182 3451 >
1203 3423 1285 3458 fitiae
1309 3430 1381 3456 suae
1392 3419 1488 3455 dare.
1509 3422 1546 3450 et
1569 3415 1727 3459 captivos
1747 3423 1812 3448 nos
1830 3412 1970 3448 tradere
1989 3412 2056 3458 legi
2089 3412 2237 3458 peccati.

1205 3481 1275 3517 Sed
1291 3479 1382 3514 absit
1398 3478 1466 3512 hoc
1484 3475 1529 3511 ab
1538 3474 1731 3510 Israelitica
1743 3473 1939 3516 nobilitate,
1956 3478 1995 3508 ut
2012 3473 2146 3510 serviat
2158 3472 2239 3507 titiae

1203 3537 1398 3576 Pharaonis
1414 3535 1573 3572 Israelita
1593 3546 1601 3578 ;
1628 3544 1734 3580 quem
1748 3533 1823 3579 jam
1841 3533 1935 3570 Deus
1951 3533 2072 3570 eduxit
2086 3533 2129 3568 de
2144 3537 2239 3568 terra

1203 3601 1362 3648 AEgypti,
1388 3600 1517 3635 iterum
1536 3597 1669 3634 serviat
1686 3596 1751 3640 illi,
1783 3596 1844 3642 qui
1861 3596 1897 3631 in
1912 3596 2004 3632 mari
2020 3595 2142 3631 Rubro
2155 3595 2239 3631 sub-

1202 3671 1341 3698 mersus
1354 3664 1421 3703 est,
1458 3657 1648 3694 Pharaoni.
1684 3656 1920 3694 Observemus
1949 3665 2048 3703 ergo,
2080 3655 2173 3692 sieut
2204 3661 2241 3693 et

1201 3722 1260 3758 hic
1278 3720 1365 3756 dicit
1377 3719 1495 3762 Jesus,
1517 3723 1556 3754 ut
1586 3717 1842 3764 praevaleamus
1872 3725 1939 3753 nos
1957 3722 2080 3752 contra
2105 3714 2244 3754 Cham-

1203 3792 1314 3827 naeos;
1336 3790 1382 3818 ne
1399 3781 1429 3818 si
1443 3780 1538 3818 forte
1555 3788 1662 3825 super
1680 3788 1745 3816 nos
1776 3777 1828 3815 illi
1851 3776 2080 3821 invaluerint,
2098 3781 2135 3812 et
2150 3776 2243 3814 obti-

1143 2065 1172 2106 C
