2540 4016
330 219 402 258 ‘195

329 356 416 391 dunt
434 354 636 401 Samaritae,
654 369 699 395 ex
718 360 849 404 quibus
866 361 1144 397 resurrectionis
1163 366 1387 399 mortuorum

326 414 423 452 tides
437 414 547 453 latius
566 419 801 464 approbatur,
831 431 876 458 ex
900 422 958 458 his
985 422 1115 458 saltem
1147 422 1259 471 Moysi
1284 423 1386 462 libris

326 486 415 523 quos
435 478 614 524 recipiunt
631 483 668 515 et
687 490 840 526 quorum
874 483 1127 521 auctoritatem
1153 485 1385 530 confitentur,

326 537 564 574 convincendi
587 546 671 575 sunt
702 545 738 577 et
763 543 935 587 curandi,
967 544 997 580 si
1031 550 1151 582 tamen
1174 551 1316 593 oportet
1350 554 1386 583 et

326 596 559 644 Babyloniam
595 601 729 637 curari.
768 602 832 639 Est
863 614 949 650 ergo
985 604 1085 643 locus
1124 607 1183 644 hic
1222 618 1386 644 resurre-

325 658 482 694 ctionem
511 666 739 698 mortuorum
770 663 959 701 evidenter
979 667 1185 704 ostendens.
1215 669 1386 715 Designat

325 719 421 754 enim
454 730 534 756 esse
575 727 612 758 et
653 723 825 770 populum
844 753 854 768 ,
881 726 940 762 cui
981 733 1064 774 post
1099 729 1238 765 obitum
1280 740 1384 765 suum

324 780 463 827 Moyses
478 781 727 829 adjungendus
747 790 815 831 est,
834 792 871 823 et
889 788 933 824 ad
951 798 1042 834 quos
1058 801 1124 836 pro
1145 791 1219 827 suis
1242 791 1384 828 meritis

327 843 612 881 transferendus.

373 902 565 951 Statimque
586 906 726 954 Moyses
751 920 762 945 :
783 910 945 954 Armate,
967 912 1097 958 inquit,
1119 925 1162 950 ex
1181 915 1274 950 vobis
1293 916 1383 951 viros

325 964 371 999 ad
393 976 559 1011 pastuum,
577 969 635 1013 qui
655 971 786 1014 possint
807 971 973 1008 ultionem
1000 973 1143 1010 Domini
1161 983 1319 1022 expetere
1342 978 1383 1013 de

326 1023 542 1062 Madianitis.
578 1027 676 1063 Mille
714 1030 776 1064 viri
809 1032 851 1066 de
883 1033 1031 1078 sinqulis
1055 1035 1212 1071 tribubus
1252 1037 1383 1083 01191111-

324 1089 382 1118 tur
410 1096 452 1119 ea:
471 1085 599 1130 Israel,
620 1089 678 1133 qui
698 1090 881 1125 mittantur
910 1092 955 1126 ad
977 1092 1115 1128 bellum.
1139 1094 1382 1142 Dederumqae

323 1143 482 1180 millenos
512 1147 554 1182 dc
574 1150 708 1184 cunctis
734 1150 907 1195 tribubus,
928 1152 963 1186 id
982 1159 1046 1195 est,
1066 1154 1248 1190 duodecim
1271 1156 1381 1192 millia

779 220 820 257 B.
850 218 1021 259 RABANI
1046 220 1194 259 MAURI
1215 219 1429 259 ARCHIEP.
1456 221 1663 262 MOGUNT.
1691 223 1883 263 OPERUM
1905 224 2026 264 PARS
2052 228 2080 263 l.
2437 234 2459 272 7

331 295 462 332 dicitur
491 295 741 344 applicandus.
762 298 854 345 Quia
875 310 963 348 ergo
986 301 1174 348 prophetis
1210 310 1282 337 nou
1307 310 1386 338 cre-
1403 303 1522 346 Aest,
1558 303 1618 339 ubi
1654 309 1826 350 tanquam
1854 303 2068 350 peregrinus
2102 303 2258 343 habebat
2294 307 2429 361 homini

1453 361 1532 399 Non
1551 364 1649 400 enim
1667 364 1803 401 dictum
1819 368 1876 399 est
1895 362 1932 398 in
1944 360 2095 400 domum
2113 374 2216 403 suam
2227 367 2340 410 autin
2351 376 2425 417 pas

1454 434 1570 468 suam,
1591 424 1708 461 sedin
1731 425 1851 460 locum
1873 433 1991 460 suum.
2018 422 2134 461 Habet
2155 431 2276 466 autem
2293 433 2331 464 et
2357 430 2418 481 qui

1452 485 1663 533 peregrinus
1679 485 1797 520 locum
1819 494 1925 522 suum
1941 511 1951 529 ‚
1969 485 2031 522 ubi
2048 485 2094 521 ad
2113 492 2257 537 tempus
2285 487 2438 531 habitat.
2497 536 2501 538 ,

1453 546 1530 592 ipso
1549 550 1670 580 autem
1687 544 1796 580 Balac
1815 544 1877 590 qui
1898 554 1980 582 eum
2001 546 2246 602 conduxerat,
2280 559 2355 590 non
2373 550 2471 589 dictu
2494 560 2497 561 ⁷

1452 611 1509 640 est
1527 605 1571 640 ad
1592 605 1709 640 locum
1728 615 1846 649 suum,
1863 605 1926 642 sed
1941 606 1987 643 ad
2005 608 2238 655 semetipsum
2251 636 2262 653 ,
2288 610 2326 647 id
2356 617 2428 658 est,

1453 663 1643 699 dominans
1656 663 1856 700 habitabat.
1874 663 2001 701 Posset
2015 675 2102 712 ergo
2117 658 2187 703 dici
2199 668 2372 707 adlocum
2389 680 2498 722 suum

1451 727 1489 757 et
1503 723 1694 760 dominans
1710 728 1748 759 et
1763 724 1977 772 peregrinus
2000 738 2008 761 z
2033 726 2079 762 ad
2104 727 2263 782 seipsum
2282 735 2416 776 autem,
2438 735 2502 780 nos

1451 784 1555 819 video
1576 785 1754 829 quomodo
1786 791 1907 832 posset
1934 785 2005 823 dici
2022 787 2250 835 peregrinus,
2270 800 2352 827 cum
2380 791 2425 828 ad
2446 793 2509 829 ho-

1452 843 1598 889 spitium
1626 845 1785 881 venisset
1806 856 1924 882 suum.

1498 904 1670 950 Ceperitnt
1687 912 1801 941 autem
1817 906 2113 945 mutieres-imm
2127 914 2160 943 et
2175 910 2352 955 parvulos,
2372 912 2508 958 omnia-

1450 976 1515 1010 que
1526 976 1664 1010 pecora,
1676 972 1707 1000 et
1721 973 1880 1002 cunctam
1891 966 2149 1014 supellectilem,
2160 973 2192 1004 et
2203 969 2371 1017 quidquid
2383 971 2508 1019 habere

1450 1030 1636 1070 potuerant
1651 1025 1850 1072 depopulati
1868 1033 1961 1062 sunt.
1975 1026 2060 1062 Tam
2077 1027 2307 1075 urbes,quam
2327 1029 2458 1067 viculos
2475 1035 2508 1067 el

1451 1086 1608 1130 castella,
1624 1089 1769 1134 [lanima
1785 1091 2010 1134 consumpsit,
2032 1096 2102 1127 etc.
2118 1091 2408 1140 Congrediuntur
2422 1103 2508 1142 ergo

1450 1147 1639 1184 duodecim
1652 1149 1764 1185 millia
1782 1150 1849 1185 ads
1852 1160 1953 1186 ersus
1971 1151 2195 1195 Madianitas,
2218 1157 2254 1188 ct
2271 1153 2506 1199 interficiunt,

323 1205 559 1250 expeditorum
581 1208 626 1242 ad
646 1221 811 1255 pugynam.
830 1211 925 1253 Quos
943 1212 1033 1247 misit
1054 1213 1190 1259 Moyses
1207 1227 1285 1250 cum
1297 1216 1383 1251 Phi·
1402 1201 1434 1240 Β
1453 1208 1583 1253 1¹¹sI¹¹¹t
1603 1219 1746 1245 omnem
1760 1211 1958 1246 masculum
1979 1222 2120 1256 00¹Uffl
2141 1218 2177 1248 ‘³¹'
2195 1223 2297 1259 reges
2311 1223 2451 1258 eorum
2471 1217 2540 1276 θῑξ

323 1274 402 1299 uees
422 1265 495 1309 filio
513 1266 679 1303 Eleazari
699 1271 902 1306 sacerdotis.
928 1271 1021 1307 Vasa
1051 1285 1184 1320 quoque
1210 1284 1331 1311 sancta
1353 1284 1384 1311 ct

323 1324 422 1359 tubas
443 1325 488 1359 ad
502 1326 733 1372 clattqcnzlam
753 1330 899 1365 tradidit
926 1332 969 1366 ei.
1002 1332 1090 1367 Cum
1079 1345 1157 1378 tque
1175 1344 1384 1379 puqnassent

322 1391 443 1420 contra
459 1385 676 1422 Madianitas
698 1395 800 1435 atquc
829 1391 1000 1433 vicissent,
1024 1404 1140 1427 omnes
1158 1405 1275 1435 1001·οε
1292 1397 1383 1430 occi-

320 1443 459 1488 derant,
482 1452 513 1481 et
535 1457 628 1492 reyes
649 1459 782 1491 eorum,
805 1450 908 1493 Ευίη,
927 1451 1042 1494 Rima,
1060 1459 1091 1487 et
1115 1453 1200 1496 Sar,
1220 1461 1250 1489 et
1269 1453 1332 1498 Ur,
1353 1464 1384 1491 et

323 1502 426 1548 Rebe,
438 1506 588 1552 quinque
605 1509 777 1554 principes
793 1511 915 1555 acutis.
928 1511 1007 1546 Filii
1023 1513 1133 1548 lsrael
1153 1514 1285 1550 dudum
1305 1527 1384 1552 sex-

323 1571 427 1601 centa
438 1567 548 1603 millia
564 1567 710 1605 suerunt
730 1574 1037 1619 armatorum,qui
1054 1583 1305 1619 processerant
1324 1579 1384 1614 ad-

319 1637 447 1664 versus
468 1628 624 1674 Madian,
646 1637 681 1667 et
700 1642 825 1669 omnes
852 1634 937 1670 victi
953 1642 1047 1678 sunt,
1069 1639 1238 1682 quoniam
1258 1650 1384 1684 pecca-

323 1692 400 1722 tum
419 1688 455 1723 in
471 1689 523 1724 eis
547 1696 639 1725 erat.
670 1691 772 1728 Nunc
791 1703 877 1740 ergo
896 1695 1052 1732 victores
1081 1696 1301 1742 Madianitae,
1322 1701 1383 1746 qui
1405 1715 1410 1721 ·

318 1755 491 1784 sexcenta
503 1750 615 1786 millia
631 1750 852 1798 fugaverant,
866 1755 1060 1792 vincuntur
1075 1767 1094 1792 a
1107 1757 1296 1796 duodecim
1309 1761 1385 1796 mil-

323 1807 432 1851 libus,
444 1814 483 1844 ut
499 1810 604 1854 scias,
616 1812 698 1857 quia
714 1814 830 1849 necin
853 1815 1084 1852 multitudine
1104 1819 1216 1854 necin
1234 1831 1383 1857 numero

326 1866 482 1903 militum
495 1868 608 1905 vincit
623 1869 745 1915 lsrael,
766 1873 827 1908 scd
844 1872 984 1918 justitia
1001 1882 1055 1911 est
1074 1882 1110 1911 et
1130 1878 1245 1922 pietas
1266 1878 1301 1913 in
1331 1879 1383 1915 eis

323 1935 403 1972 quac
422 1927 549 1964 vincit.
578 1928 773 1976 Propterea
790 1933 943 1978 denique
964 1940 1002 1970 et
1021 1935 1056 1970 in
1070 1936 1384 1974 benedictionibus

324 1996 450 2024 corum
475 1990 619 2034 dicitur,
656 1993 740 2038 quia
774 1994 802 2030 si
837 1996 1036 2031 servaverit
1070 1997 1183 2043 legem
1225 1999 1380 2042 Domini,

325 2060 419 2086 011115
438 2059 675 2098 persequatur
714 2056 826 2099 mille,
848 2063 885 2093 et
921 2058 991 2094 duo
1020 2059 1054 2094 in
1089 2059 1209 2106 fugam
1242 2067 1384 2097 vertant

324 2112 447 2146 decem
464 2113 587 2149 millia.
603 2113 712 2150 Vides
729 2125 815 2161 ergo
836 2117 919 2161 quia
945 2118 1057 2154 multo
1075 2119 1155 2164 plus
1175 2120 1268 2156 valet
1289 2132 1383 2158 unus

321 2176 471 2207 sanctus
504 2174 665 2217 orando,
696 2185 804 2220 quani
839 2184 1047 2222 peccatores
1083 2181 1261 2217 innumeri
1291 2194 1385 2228 pra}-

320 2228 457 2267 110000.
477 2231 602 2269 Oratio
623 2236 913 2282 sanctipenetrat
927 2240 1059 2276 coelum
1084 2253 1091 2276 ε
1109 2243 1290 2287 quomodo
1311 2255 1382 2281 non

320 2296 360 2326 et
389 2292 531 2328 hostem
558 2295 683 2331 vineat
709 2303 745 2332 et
771 2298 806 2333 in
830 2301 960 2336 terris?
980 2301 1025 2337 Et
1054 2302 1134 2339 ideo
1165 2305 1383 2342 omnimodis

321 2352 538 2388 studendum
554 2360 610 2390 est
633 2366 795 2402 quaerere
809 2360 926 2405 primo
946 2367 982 2397 et
1001 2364 1184 2400 custodire
1201 2365 1382 2411 justitiam

322 2411 401 2447 Dei.
418 2412 534 2457 Quam
549 2426 580 2452 51
599 2418 774 2455 obtuleris
792 2426 829 2456 et
856 2423 1130 2469 observaveris,
1158 2436 1285 2463 omnes
1316 2428 1381 2464 tibi

322 2472 470 2509 hostes
462 2484 537 2520 ipsa
558 2476 736 2523 subjiciet.
761 2479 801 2516 Si
818 2480 925 2526 fueris
940 2484 1098 2528 imlatus,
1121 2485 1215 2521 sicut
1229 2486 1382 2532 Aposto-

321 2530 377 2568 lus
393 2533 492 2577 dicit,
512 2534 621 2572 lorica
631 2538 796 2583 justitiae,
826 2547 858 2576 et
889 2543 1064 2579 accinctus
1084 2546 1240 2590 veritate,
1269 2547 1301 2582 εἰ
1320 2558 1380 2594 90-

321 2593 411 2629 leam
442 2596 567 2632 salutis
599 2600 787 2645 acceperis,
821 2608 854 2637 et
882 2601 1038 2648 gladium
1069 2605 1225 2651 spiritus,
1247 2611 1280 2641 et
1302 2613 1381 2643 ante

322 2655 440 2689 ornnia
457 2662 594 2692 scutum
614 2658 709 2702 fidei,
729 2660 765 2695 in
790 2672 858 2707 quo
879 2664 989 2708 possis
1019 2665 1137 2699 omnia
1157 2665 1283 2711 jacula
1305 2678 1380 2702 ma-

322 2711 407 2758 liqni
437 2715 550 2759 ignita
580 2719 797 2763 exstinquere
824 2721 975 2767 (Ephes.
1007 2723 1080 2769 vi).
1109 2724 1256 2762 Talibus
1284 2726 1379 2762 enim

323 2773 525 2812 instructus
542 2779 653 2814 armis
682 2780 850 2818 universa
868 2783 1000 2820 diaboli
1021 2792 1141 2822 castra
1161 2797 1379 2833 omnemque

322 2833 399 2879 01115
418 2835 560 2882 fugabis
573 2839 794 2885 exercitum3
817 2847 948 2879 etcum
969 2845 1101 2882 fiducia
1129 2848 1292 2885 cantabis
1312 2860 1320 2884 z
1339 2847 1379 2884 Si

322 2896 512 2932 consistant
529 2898 712 2934 adversum
723 2911 777 2935 me
789 2909 920 2946 castra,
933 2915 1002 2940 non
1019 2907 1151 2942 timebit
1166 2919 1226 2943 cor
1240 2919 1377 2952 meum,·

322 2955 353 2989 si
370 2955 529 3002 insurqat
542 2959 726 2995 adversum
743 2972 798 2998 me
820 2963 1023 3008 praetium‚'
1012 2976 1049 3001 m
1068 2967 1132 3002 hoc
1152 2979 1213 3013 eqo
1232 2970 1376 3014 sperabo

323 3013 440 3062 (Psal.
462 3018 577 3064 xxvi).

367 3074 517 3112 Balaam
544 3089 678 3126 quoque
695 3080 811 3126 filium
840 3082 932 3118 Beor
959 3085 1207 3131 interfecerunt
1242 3088 1373 3134 qladio.

320 3133 445 3172 Potest
480 3137 595 3174 videri
628 3141 777 3185 quaestio
809 3143 1001 3187 quomodo,
1030 3147 1173 3190 quando
1203 3148 1377 3186 lsraelitae

321 3194 536 3234 Madianitas
572 3199 859 3246 debellaverunt,
893 3203 1125 3240 intersectum
1151 3206 1248 3241 dicat
1279 3206 1376 3242 Scri-

320 3259 425 3301 ptura
450 3256 609 3302 Balaam,
630 3260 692 3305 qui
710 3259 828 3298 suerat
857 3264 1057 3300 conductus
1078 3265 1123 3300 ad
1153 3266 1374 3302 maledicen-

321 3317 405 3353 dum
417 3319 589 3365 populum
597 3320 721 3367 Israel,
733 3333 814 3360 cum
829 3326 994 3372 superius
1003 3328 1146 3373 quando
1162 3327 1377 3364 benedicere
1385 3373 1394 3381 ·

322 3383 468 3416 coaetus
483 3385 552 3424 est,
573 3380 623 3417 ita
641 3383 806 3420 eamdem
831 3386 1053 3423 coactionem
1073 3386 1262 3434 Scriptura
1289 3398 1376 3424 con-

322 3436 472 3474 cluserit
489 3450 568 3476 cum
584 3441 661 3478 ait.
675 3442 724 3478 Et
741 3455 888 3492 δατ-90113
904 3446 1068 3491 Balaam,
1093 3447 1180 3484 abiit
1203 3446 1242 3484 'in
1261 3447 1375 3484 locum

321 3506 440 3532 suum.
462 3498 571 3535 Balac
584 3501 695 3538 abiit·
682 3513 720 3540 m
738 3507 973 3553 semetipsum.
995 3507 1034 3544 Sl
1054 3517 1140 3556 ergo
1157 3508 1315 3545 redierat
1329 3509 1376 3546 ad

320 3555 439 3593 laeum
453 3566 558 3595 suum
576 3561 735 3610 Balaam,
755 3567 937 3612 quomodo
955 3567 1168 3606 interfectus
1185 3574 1255 3613 est,
1290 3578 1373 3623 cum

320 3615 365 3652 (10
386 3620 460 3654 tam
473 3617 682 3668 tonginqu0‚
698 3622 735 3660 id
759 3630 836 3670 est,
867 3626 912 3663 de
932 3626 1192 3675 Mesopotamia
1208 3627 1374 3677 venerit?

321 3676 536 3726 Quanquam
559 3683 668 3722 etiam
686 3687 802 3734 possit
822 3688 862 3724 in
886 3689 1007 3728 locum
1035 3701 1142 3730 suum
1163 3691 1374 3730 100155010-

321 3737 454 3786 11111131,
480 3743 578 3789 quod
599 3746 644 3783 ab
667 3746 749 3794 ipso
785 3747 867 3786 loco
895 3749 959 3795 ubi
989 3751 1170 3790 sacrificia
1194 3751 1377 3804 1110101011ι

322 3794 362 3835 ia
380 3807 465 3836 011111
482 3801 795 3846 immersus
809 3812 889 3855 est,
908 3809 1004 3848 unde
1033 3811 1118 3850 illuc
1141 3810 1306 3858 exieram
1333 3778 1375 3851 &d

1439 3629 1530 3666 istos
1546 3634 1650 3686 reges
1665 3625 1792 3674 fugare
1819 3625 1865 3662 de
1889 3634 2001 3672 regno
2018 3625 2193 3672 corporis.
2223 3625 2302 3663 Non
2325 3636 2413 3676 ergo
2434 3639 2494 3678 ¹:9-

1439 3693 1525 3737 guet
1542 3679 1730 3736 peecatum
1748 3686 1788 3723 in
1803 3689 1927 3723 vestro
1942 3684 2086 3722 mortali
2106 3695 2271 3734 corpore
2288 3685 2353 3740 Vis
2364 3692 2493 3750 11οἋ

1438 3749 1562 3789 videre
1593 3748 1773 3797 quomodo
1808 3757 1881 3800 non
1906 3746 2023 3803 solum
2052 3746 2147 3796 apud
2165 3751 2319 3794 sanctos
2383 3792 2401 3810 A*

1436 3814 1504 3860 pro
1515 3810 1624 3850 rebus
1637 3813 1820 3859 aptantur,
1831 3805 1897 3848 sed
1912 3799 2022 3847 eiiam
2036 3807 2132 3857 apud
2143 3799 2344 3857 gentilem
2405 3807 2413 3810 ’

1451 1266 1598 1303 Balaam
1632 1268 1746 1303 filium
1770 1269 1863 1305 Beor
1894 1271 2151 1307 interfecerunt
2171 1272 2311 1318 gladio,
2346 1284 2428 1309 cum
2450 1283 2540 1310 rev
2518 1283 2540 1301 Γ

1452 1326 1559 1372 liquis
1577 1328 1775 1365 vulneratis
1791 1339 1928 1365 eorum.
1952 1330 2054 1374 Quod
2075 1331 2110 1366 in
2135 1332 2379 1377 superioribus
2407 1344 2540 1385 quae-gv

1453 1388 1633 1430 rebamus,
1650 1391 1828 1434 quomodo
1846 1392 1992 1435 probari
2009 1392 2052 1427 de
2071 1391 2268 1438 Scripturis
2289 1395 2422 1440 possit,
2443 1390 2540 1444 13³-ss

1452 1445 1546 1481 laam
1569 1448 1719 1483 consilio
1746 1450 1962 1486 subornatas
1995 1460 2074 1487 esse
2104 1453 2274 1490 mulieres
2295 1455 2508 1491 Madianita-
2531 1470 2537 1472 >

1452 1515 1547 1547 rum,
1571 1516 1650 1550 quae
1669 1507 1876 1552 deciperent
1911 1508 2005 1544 filios
2024 1510 2134 1546 lsrael
2155 1511 2200 1547 ad
2220 1511 2509 1559 fornicationem,
2535 1539 2540 1542 -

1452 1576 1612 1611 praesens
1631 1567 1690 1602 hic
1706 1566 1902 1613 Scripturae
1916 1568 2018 1605 locus
2035 1570 2221 1607 evidenter
2253 1573 2430 1618 ostendit,
2457 1574 2512 1610 di-
2527 1598 2540 1602 -

1453 1635 1635 1662 censeam
1658 1635 1886 1673 peremptum
1918 1639 1998 1665 esse
2033 1630 2165 1676 gladio,
2202 1632 2300 1668 velut
2326 1641 2540 1686 0110101001Ξ

1453 1687 1616 1722 scandali
1629 1688 1724 1733 quod
1739 1688 1943 1725 immissum
1971 1696 2025 1726 est
2041 1690 2125 1727 filiis
2141 1691 2263 1728 Israel.
2286 1693 2426 1729 Dicitur
2452 1703 2512 1730 au-

1452 1752 1525 1783 tem
1549 1748 1591 1783 de
1622 1758 1665 1784 eo
1688 1750 1722 1784 in
1751 1751 2055 1797 consequentibus
2087 1753 2205 1789 adhuc
2226 1753 2411 1791 evidenter
2442 1752 2535 1793 hoc⁷

1453 1809 1558 1844 niodo
1576 1818 1583 1843 :
1605 1809 1651 1844 Et
1672 1811 1719 1845 ait
1748 1811 1792 1845 ad
1817 1823 1874 1847 eos
1894 1812 2032 1858 Moyses
2052 1822 2063 1846 .·
2085 1812 2157 1849 Cur
2176 1815 2286 1850 vivam
2313 1816 2511 1852 reservastis
2535 1812 2540 1814 ’

1452 1881 1587 1905 omnem
1621 1870 1921 1919 seminam?Ipsce
1949 1875 2041 1909 enim
2071 1882 2151 1911 sunt
2176 1887 2254 1923 quoe
2279 1876 2511 1923 filios'Israel
2537 1890 2540 1891 ⁷

1452 1932 1642 1966 secundum
1658 1933 1798 1968 verbum
1819 1933 1969 1970 Balaam
1990 1943 2188 1982 apostatare
2214 1937 2380 1983 fecerunt.
2397 1938 2511 1974 Inter·
2531 1951 2540 1957 ⁴⁴

1452 1990 1623 2026 ficiuntur
1652 1998 1688 2028 et
1707 2003 1809 2039 reges
1828 1993 2044 2030 Madiaiutai
2048 2007 2104 2030 um
2132 2003 2239 2041 atque
2259 1996 2309 2032 illi
2328 1997 2389 2043 qui
2409 1998 2510 2043 prius

1453 2063 1471 2087 a
1494 2054 1704 2091 mulieribus
1730 2055 1815 2092 victi
1845 2062 1939 2100 sunt,
1962 2068 2058 2092 nunc
2078 2057 2283 2104 expiatione
2316 2058 2452 2101 habita,
2475 2063 2511 2095 ct

1403 2100 1433 2141 C
1454 2119 1552 2160 gesta
1571 2115 1797 2161 poenitenu'a,
1813 2116 1921 2151 etiam
1951 2127 2054 2163 leges
2070 2117 2230 2153 vincunt.
2250 2118 2302 2153 Ex
2318 2118 2387 2154 hoc
2404 2118 2510 2155 intel-

1452 2174 1604 2221 ligunus
1634 2184 1806 2222 ‹pi-ultum
1825 2179 1921 2214 valet
1946 2180 2133 2216 conversio
2162 2180 2206 2215 ad
2236 2181 2363 2225 Deum,
2395 2191 2510 2228 quan·
2536 2214 2540 2215 ⁷

1452 2241 1530 2271 tum
1565 2238 1678 2283 prosit
1710 2240 1913 2275 emendatio
1943 2246 2188 2285 peccatorum.
2205 2240 2319 2277 Omne
2341 2241 2511 2278 masculi-

1451 2309 1548 2339 num,
1571 2309 1696 2336 omnes
1728 2311 1829 2347 reges
1851 2301 2131 2337 Madianitarum
2146 2302 2341 2339 vincuntur
2360 2309 2396 2339 et
2414 2304 2510 2350 peri·
2536 2351 2540 2354 ι

1451 2365 1597 2395 muntur
1617 2361 1660 2396 ab
1689 2361 1758 2404 his,
1780 2363 1841 2407 qui
1860 2373 1924 2408 per
1956 2363 2208 2408 repetitionem
2227 2363 2369 2400 Domini
2388 2369 2426 2400 et
2444 2374 2510 2411 per

1450 2426 1632 2466 gestorum
1666 2423 1919 2467 poenitentiam
1953 2424 2108 2459 correcti
2140 2429 2226 2460 sunt
2245 2430 2282 2460 et
2310 2425 2507 2468 emendati.

1450 2480 1615 2526 Quinque
1645 2482 1741 2516 enim
1774 2491 1876 2528 reges
1915 2482 2191 2518 Madianitarum
2225 2482 2432 2519 referuntur
2462 2484 2508 2521 ab

1448 2540 1620 2576 Israelitis
1640 2541 1812 2587 superati.
1833 2540 1904 2578 Sed
1934 2547 1971 2578 et
1995 2542 2142 2578 nomina
2162 2551 2288 2579 eorum
2315 2553 2411 2580 curae
2438 2542 2509 2581 fuit

1451 2600 1648 2647 Scripturae
1665 2592 1794 2638 divinae
1814 2603 2019 2639 memorari.
2040 2603 2156 2648 Evim,
2177 2603 2318 2651 inquit,
2338 2610 2371 2642 et
2390 2604 2504 2658 Raon,

1449 2667 1481 2697 et
1501 2660 1587 2704 Sur,
1605 2667 1637 2696 et
1654 2660 1719 2705 Ur,
1743 2668 1775 2697 et
1802 2661 1932 2697 Roboc.
1960 2661 2023 2698 Isti
2042 2668 2126 2699 sunt
2145 2663 2206 2710 qui
2226 2669 2378 2711 regnant
2411 2661 2508 2713 apud

1448 2723 1678 2767 Madianitas,
1701 2734 1790 2769 quos
1810 2733 1981 2770 superare
1998 2729 2035 2761 et
2058 2725 2204 2770 penitus
2236 2725 2343 2763 debet
2368 2726 2506 2766 exstin-
2536 2758 2540 2759 ⁷

1448 2794 1556 2831 gnere
1581 2785 1698 2821 omnis
1723 2786 1783 2831 qui
1802 2785 1933 2822 militat
1950 2786 2037 2823 Deo.
2055 2787 2158 2823 Evim
2171 2797 2315 2834 quoque
2332 2787 2503 2834 belluinus
2537 2824 2540 2827 ,

1447 2846 1504 2882 vel
1540 2847 1673 2891 ferinus
1703 2846 1976 2892 inte1··.pretatu1
1997 2847 2042 2882 Et
2075 2848 2254 2894 quomodo
2268 2848 2404 2894 poteris
2428 2847 2504 2895 pla·
2539 2857 2540 2860 ’

1447 2915 1530 2941 cere
1555 2906 1588 2942 ei
1609 2907 1669 2952 qui
1710 2911 1744 2942 te
1776 2908 1963 2953 probavit,
1989 2907 2019 2944 si
2046 2918 2115 2943 non
2142 2907 2340 2945 abscideris
2358 2918 2380 2945 a
2399 2914 2436 2946 te
2467 2914 2525 2968 etz

1447 2965 1590 3010 penitus
1608 2966 1806 3011 peiemeris
1822 2967 1998 3005 belluinos
2019 2971 2056 3003 et
2079 2967 2215 3004 ferinos
2240 2969 2383 3006 mores?
2406 2946 2540 3037 Quo-33i

1446 3027 1552 3062 modo
1590 3028 1726 3072 poteris
1756 3028 1800 3063 ad
1830 3033 2098 3064 nansuetorum
2127 3028 2388 3067 beatitudinem
2419 3039 2501 3082 per·
2514 3055 2540 3109 ἵ

1444 3085 1582 3129 venire,
1608 3087 1676 3122 nisi
1706 3087 1806 3133 prius
1824 3087 2022 3124 interficias
2049 3088 2166 3132 Evim,
2187 3094 2224 3125 et
2252 3089 2359 3127 morti
2379 3090 2502 3132 tradas
2537 3133 2540 3148 ἓ

1443 3145 1554 3183 totius
1584 3146 1781 3182 iracundiae
1799 3147 2005 3184 feritatem?
2023 3148 2098 3196 Ego
2116 3154 2204 3195 puto
2225 3149 2321 3197 quod
2353 3150 2500 3188 nomina
2538 3185 2540 3195 ,

1443 3206 1521 3242 haec
1540 3206 1659 3242 divina
1683 3206 1868 3252 Scriptura
1903 3217 1975 3244 non
2002 3218 2069 3253 pro
2099 3208 2250 3246 historia
2280 3211 2498 3258 narraverit,

1443 3267 1506 3301 sed
1520 3276 1586 3311 pro
1601 3266 1720 3301 causis
1749 3271 1786 3302 et
1802 3268 1911 3302 rebus
1938 3268 2129 3314 aptaverit.
2148 3267 2238 3304 Nam
2260 3276 2372 3323 putas
2389 3269 2500 3311 fuerit

1444 3323 1574 3369 aliquis
1594 3324 1646 3359 ita
1661 3324 1811 3366 stultus,
1832 3323 1893 3369 qui
1911 3323 1984 3360 filio
2011 3334 2076 3365 suo
2091 3335 2225 3362 nomen
2257 3325 2402 3369 belluini
2429 3328 2498 3369 im-

1442 3385 1618 3432 poneret?
1649 3383 1720 3420 Sed
1739 3384 1810 3420 hoc
1832 3384 1990 3434 arbitror
2011 3385 2127 3432 magis
2144 3385 2242 3432 quod
2276 3385 2495 3427 institutioni

1444 3446 1645 3483 animarum
1663 3444 1889 3492 prospexerit
1907 3454 2028 3480 sermo
2060 3444 2219 3488 divinus,
2237 3445 2362 3484 volens
2389 3449 2494 3488 nobis

1443 3507 1647 3552 ostendere,
1668 3506 1764 3557 quod
1791 3505 1965 3542 adversus
2001 3505 2207 3574 huiusmodi
2230 3506 2318 3544 vitia
2336 3509 2496 3554 militare

1443 3567 1650 3610 debeamus,
1666 3570 1704 3602 01
1714 3562 1929 3603 habitaculis
1947 3574 1991 3602 ea
2008 3564 2128 3602 carnis
2145 3571 2279 3608 nostrae
2298 3566 2503 3619 depellere„

2495 3727 2500 3744 l
