2540 4016
70 183 140 224 535

689 173 1024 215 EXPOSITIONES
1049 173 1096 210 ΙΝ
1120 171 1389 211 LEVt'rlcUM.
1414 189 1463 197 —-
1487 169 1574 207 Lm.
1595 171 1639 206 u.

2185 179 2256 219 534

71 247 483 307 cundumSeptuaginta‚
500 253 856 292 cousummationisin
866 257 1000 299 partem
1011 261 1125 294 suam,
1147 253 1183 291 A
1199 248 1407 286 ctificantur
1436 247 1483 284 ad
1517 246 1717 284 ineundum
1748 248 2006 294 sacerdotium,
2043 254 2100 290 Aa
2129 257 2260 295 ostium

70 326 162 360 sicut
177 326 386 371 praeceperat
406 321 438 356 ei
466 317 652 355 Dominus.
685 315 789 352 Sicut
810 315 848 351 in
868 313 1046 351 sacrificio
1059 323 1125 360 pa-

72 386 259 422 cificorum
284 391 348 420 seu
370 378 534 422 salutari,
554 376 803 425 pectusculum
825 376 877 412 sic
894 379 932 411 et
948 375 1008 411 hic
1023 372 1128 410 offer-

74 451 143 490 tur,
174 444 298 491 utique
326 439 542 486 intelligibili
563 434 687 486 Moysi,
723 437 759 474 id
783 442 837 473 cst
857 435 1003 473 Christo
1037 445 1125 482 pec-

74 507 254 543 tusculum
275 503 399 541 arietis
420 500 706 538 consecrationis
720 509 784 536 seu
803 495 1127 535 consummationis

74 573 276 613 separatur,
295 565 380 611 quia
402 573 467 609 per
482 560 732 608 pectusculum
747 559 836 596 fides
850 563 886 595 et
906 557 1127 595 confidentia

73 627 263 675 liguratur,
283 627 377 662 sicut
397 623 537 672 pridem
562 622 732 658 diximus.
761 621 850 657 Cum
875 625 995 656 autem
1017 619 1130 666 ipsius

74 690 120 725 sit
140 689 373 732 sacrificium,
390 697 538 724 necesse
552 690 662 723 estut
677 690 714 721 et
742 685 830 721 fides
850 684 917 730 ipsi
936 693 1015 730 quae
1031 683 1067 718 in
1086 692 1130 719 eo

73 755 129 786 est
142 749 357 795 deputatur?
371 749 626 794 Assumensqne
642 753 856 793 unquentum
876 751 907 780 et
922 745 1129 790 sanquinem

72 810 133 858 qui
152 816 228 845 erat
243 811 280 846 in
302 809 420 851 altari,
441 810 586 856 aspersit
602 819 708 854 super
733 807 853 841 Aaron
871 810 903 840 et
929 805 1131 840 vestimenta

73 870 164 916 ey'us,
194 874 225 904 et
244 880 348 915 super
365 868 457 914 filios
487 869 562 914 ejus
590 877 630 902 ac
662 871 768 900 vestes
802 875 935 900 eorum.
969 863 1131 908 Cumque

75 930 338 967 sanctificasset
357 940 414 964 eos
434 929 468 964 in
491 927 612 963 vestitu
630 936 708 968 suo,
735 925 829 971 quod
848 923 1031 970 Unigeniti
1050 933 1132 958 san-

75 991 154 1038 guis
183 997 220 1027 et
239 991 359 1026 unctio
382 987 537 1034 Spiritus
562 987 668 1022 unius
683 985 756 1022 sint
774 985 997 1031 operationis
1024 990 1133 1030 atque

74 1050 233 1092 virtutis,
256 1054 291 1084 et
307 1048 425 1083 minus
455 1051 552 1082 recte
577 1046 694 1082 oleum
720 1045 901 1081 unctionis
919 1050 956 1080 et
985 1045 1132 1089 sangui-

74 1121 156 1148 nem
189 1108 327 1152 altaris,
364 1108 400 1144 id
432 1111 500 1150 est,
538 1106 714 1143 Dominiei
747 1106 910 1152 corporis
944 1105 1131 1152 legislator

73 1171 231 1214 unxerit,
268 1169 351 1206 audi
382 1168 558 1205 Joannem
593 1167 771 1204 dicentem
790 1179 797 1202 :
832 1166 916 1202 Tria
944 1173 1023 1202 sunt
1056 1177 1134 1214 quw

74 1232 310 1270 testimonium
337 1230 506 1277 praebent,
539 1234 571 1264 ct
604 1234 673 1264 tres
707 1239 815 1263 unum
849 1234 943 1271 sunt,
974 1228 1132 1274 spiritus,

76 1306 182 1343 aqua,
212 1300 244 1330 et
264 1292 406 1339 sanquis
436 1290 469 1338 (Ι
488 1290 595 1326 Joan.
624 1290 674 1337 v).
707 1290 823 1326 Unum
843 1290 940 1325 enim
968 1288 1134 1325 effectum

75 1355 370 1393 sanctificationis
388 1354 533 1389 habent.
554 1352 703 1388 Multum
742 1357 861 1388 autem
879 1357 980 1388 recte
994 1357 1135 1388 vestem

73 1417 194 1454 Aaron
216 1417 259 1453 ab
276 1417 378 1453 stolis
402 1415 558 1451 tiliorum
586 1414 706 1450 Aaron
729 1413 787 1450 lex
812 1415 1018 1459 separavit3
1051 1423 1136 1448 nam

76 1479 145 1516 etsi
165 1479 210 1514 ad
233 1478 474 1513 imitationem
502 1476 643 1511 Domini
669 1481 807 1511 vestem
829 1476 889 1520 qui
922 1476 966 1510 ab
992 1485 1035 1510 eo
1074 1474 1136 1510 ad-

76 1538 189 1586 optati
210 1548 334 1574 sumus
349 1536 537 1579 babemus,
557 1541 807 1570 verumtamen
823 1539 997 1580 quantum
1019 1534 1136 1580 ponti-

77 1602 157 1640 ficis
178 1600 322 1637 differat
344 1601 455 1636 vestis
484 1611 549 1646 per
568 1600 751 1635 anteriora
770 1588 975 1635 didicimus.
1013 1599 1051 1635 Si
1077 1610 1136 1635 au·

78 1669 152 1702 tem
173 1663 391 1700 sanctificari
409 1663 673 1709 intelligibilem
694 1662 815 1698 Aaron
832 1663 1039 1708 aspersione
1055 1674 1137 1698 san-

78 1726 198 1774 guinis
230 1730 266 1761 et
291 1724 359 1760 olei
394 1724 642 1769 cognovinms,
675 1734 746 1759 non
788 1724 1009 1759 admiremur
1042 1721 1137 1768 quod

80 1788 216 1824 dictum
233 1791 300 1822 est.
329 1785 409 1831 lpse
428 1787 524 1820 enim
555 1785 720 1820 Christus
742 1785 787 1819 ad
815 1786 1138 1821 sanctificationem

78 1852 241 1884 nostram
278 1845 523 1891 aspersionem
562 1845 699 1890 proprii
735 1845 933 1891 sanguinis,
972 1845 1138 1881 videlicet

77 1906 281 1957 passionem
299 1915 401 1941 suam
422 1915 487 1950 pro
503 1904 606 1939 nobis
626 1904 767 1947 obtulit,
792 1906 885 1939 unde
904 1904 996 1940 tilios
1015 1903 1138 1940 Aaron

79 1971 116 2004 et
135 1966 275 2002 tunicas
289 1976 351 2001 seu
373 1965 483 2001 stolas
504 1976 585 2000 cum
607 1963 728 2000 Aaron
747 1964 880 2000 dixerit
900 1965 1136 2009 sanctificari,

80 2027 163 2074 quia
181 2037 402 2074 quaecunque
422 2027 459 2062 in
477 2026 580 2062 nobis
601 2026 884 2073 contingunt‚ad
904 2037 1000 2071 eum,
1023 2032 1062 2063 ut
1079 2038 1138 2063 ca-

78 2094 144 2137 put
166 2089 303 2126 scilicet
324 2090 434 2125 totius
451 2089 630 2134 corporis,
646 2090 852 2125 necessario
874 2089 1064 2125 reducunt.
1083 2089 1138 2126 Ad

81 2151 330 2198 probationem
361 2157 480 2186 autem
513 2162 637 2187 corum
658 2163 737 2197 quae
758 2153 852 2188 dicta
875 2158 971 2196 sunt,
995 2152 1138 2188 Domini

83 2222 268 2248 sumamus
287 2212 396 2248 verba
419 2224 426 2246 :
449 2211 538 2247 Cum
554 2211 650 2247 enim
666 2212 932 2259 crucifigendus
949 2224 1015 2259 pro
1035 2212 1139 2249 nolus

82 2279 193 2316 esset,
216 2274 293 2309 haec
312 2274 376 2309 sub
394 2274 568 2309 orationis
584 2273 699 2309 forma
715 2275 760 2309 ad
779 2274 1031 2311 instruendam
1053 2277 1140 2312 obc-

84 2333 256 2371 dientiam
271 2334 524 2380 Apostolorum
554 2334 670 2370 dixit:
695 2334 795 2370 Sicut
826 2347 879 2371 me
910 2337 1003 2371 misit
1031 2336 1141 2372 Pater

82 2396 122 2433 in
136 2396 318 2440 mnndum,
340 2402 371 2431 et
391 2407 452 2443 eqo
474 2396 552 2432 misi
578 2408 636 2431 eos
669 2397 706 2431 in
730 2396 900 2432 mundum
916 2406 928 2430 .·
954 2403 985 2433 et
1004 2409 1066 2444 pro
1090 2399 1139 2433 eis

83 2469 145 2506 eqo
170 2457 350 2503 sanctifico
373 2458 540 2504 meipsum
557 2468 568 2491 .·
587 2463 624 2493 ut
644 2458 714 2494 sint
743 2464 775 2493 et
792 2458 857 2505 ipsi
873 2460 1085 2505 sanctificati
1105 2461 1141 2495 in

85 2519 240 2555 veritate.
273 2517 367 2565 Ergo
401 2524 523 2564 aperte
561 2519 887 2556 sanctificationem
920 2520 1141 2556 sacrificium

87 2578 183 2624 quod
200 2588 265 2624 pro
283 2577 386 2614 nobis
405 2578 550 2622 obtulit,
579 2588 622 2614 ex
650 2590 721 2625 quo
754 2585 791 2616 et
809 2580 914 2616 nobis
934 2579 1142 2615 sanetifica-

86 2638 139 2677 tio
155 2638 299 2685 proficit
322 2638 527 2686 appellavit.
579 2632 582 2635 ”

488 2711 639 2749 CAPUT
677 2712 738 2750 xl.

85 2772 140 2813 De
158 2772 279 2809 Aaron
303 2778 335 2808 et
359 2772 444 2818 filiis
471 2784 513 2808 ne
537 2779 617 2809 onte
642 2774 735 2809 diem
760 2777 944 2822 septimum
968 2778 1143 2814 unctionis

348 2830 422 2855 suoe
448 2826 570 2855 exeant
597 2831 614 2855 e
639 2821 878 2858 tabernaculo.

77 2867 82 2870 ⁴
135 2875 236 2925 (Car.
264 2876 360 2924 vm.)
393 2875 548 2923 Cumque
578 2877 829 2923 sanctificasset
867 2891 924 2915 eos
954 2881 991 2915 in
1020 2882 1144 2916 vestitu

79 2928 164 2982 ¹otto,
184 2938 344 2984 proecepit
358 2938 407 2973 eis
422 2937 539 2973 dicens
555 2946 567 2971 :
583 2936 726 2985 Coquite
743 2950 864 2976 carnes
883 2947 963 2977 ante
982 2941 1074 2987 sores
1094 2948 1144 2977 ta-

89 2997 279 3048 bernaeuli,
303 3004 336 3034 et
357 2997 405 3034 ibi
423 2998 593 3034 comedite
616 3010 687 3034 eas.
710 2997 826 3035 Panes
855 3011 990 3047 quoque
1019 3013 1143 3038 conse-

91 3058 255 3097 erationis
281 3056 370 3093 edite
390 3057 450 3105 qui
474 3058 579 3103 positi
598 3063 678 3093 sunt
698 3058 734 3093 in
754 3059 922 3103 canistro,
943 3059 1033 3096 sicut
1049 3073 1142 3108 prae-

75 3099 179 3167 ,cepit
194 3117 278 3155 mitat
293 3118 463 3155 Dominus
480 3119 629 3154 dicens:
648 3118 768 3155 Aaron
786 3124 818 3156 et
837 3120 905 3167 filii
928 3122 1004 3168 ejus
1033 3133 1145 3159 come-

110 3221 120 3234 ⁴.
190 3190 274 3216 eos:
292 3178 463 3227 quidquid
482 3183 599 3215 autem
615 3177 788 3226 reliquum
802 3181 908 3228 fuerit
927 3182 970 3218 de
988 3193 1094 3218 carne
1111 3189 1143 3219 et

91 3236 108 3251 ’”
127 3258 129 3261 ’
141 3241 303 3290 panibus,
317 3242 408 3289 ignis
423 3246 614 3278 consumet.
624 3241 677 3278 De
685 3244 773 3279 ostio
783 3255 917 3292 quoque
928 3243 1145 3282 tabernaculi

48 3295 53 3320 5
93 3302 166 3347 ²²1⁸
190 3301 328 3339 exibitis
355 3307 483 3350 septem
502 3300 638 3347 diebus,
659 3314 767 3350 usque
784 3304 830 3340 ad
850 3304 942 3341 diem
968 3317 1036 3353 quo
1057 3317 1146 3342 com-

50 3356 55 3365 ⁴
147 3361 244 3403 ·.;'tur
257 3367 390 3409 tempus
419 3363 688 3399 consecrationis
717 3370 850 3401 vestrae.
887 3364 1022 3413 Septem
1053 3366 1145 3403 enim

173 3433 197 3461 ιζ.
238 3417 367 3471 fiuntur
391 3422 618 3467 consecratio,
639 3422 728 3459 sicut
751 3429 784 3460 et
814 3424 852 3460 in
879 3426 1146 3473 proesentiarum

245 3482 309 3532 cst,
334 3485 375 3518 ut
392 3482 481 3519 mus
499 3482 664 3530 sacrificii
680 3483 923 3532 compleretur,
950 3485 1007 3521 die
1026 3487 1066 3520 ac
1085 3495 1147 3522 no-

173 3547 189 3556 *
191 3535 278 3582 ζ’
288 3537 360 3606 ‘tis
384 3541 424 3579 in
450 3542 689 3587 tabernaculo,
721 3544 940 3581 observantes
969 3542 1147 3581 custodias

1198 309 1416 346 tabernaculi
1443 309 1631 346 testimo'm‘i
1661 308 1826 345 sedebitis
1855 317 1986 357 septem
2010 313 2098 358 dies,
2130 317 2189 354 die
2217 330 2260 356 ac

1168 415 1174 421 ν
1197 376 1309 414 nocte,
1331 383 1374 407 ne
1391 371 1623 407 moriamini?
1645 369 1901 417 Nunquidnam
1923 373 2099 411 credibile
2116 382 2171 413 est
2186 380 2260 417 situ

1154 1157 1186 1198 B

1198 431 1359 478 corporis
1373 441 1447 468 uno
1459 431 1542 468 loco
1559 431 1686 469 sedere
1699 435 1914 479 praeceptos,
1928 440 1996 480 per
2009 434 2088 471 dies
2104 441 2260 483 septem,

1199 491 1258 529 dte
1276 502 1320 528 ac
1337 497 1456 536 nocte,
1474 492 1571 529 unde
1607 500 1648 528 se
1676 493 1828 529 omnino
1858 499 1931 530 'non
1964 500 2264 535 commoverent?

1197 553 1273 591 Nec
1290 558 1413 589 tamen
1430 553 1490 589 hic
1512 557 1684 598 tanquam
1709 552 1902 600 allegorice
1919 554 2055 600 aliquid
2076 555 2262 602 signitica-

1199 621 1275 653 tum
1297 616 1392 663 quod
1420 625 1494 651 non
1521 614 1625 651 fieret
1659 614 1862 662 intelligere
1882 616 2034 662 eogendi
2054 627 2179 654 sumus
2199 628 2262 654 ac-

1200 676 1335 724 cipere,
1358 676 1421 713 sed
1439 676 1560 722 potius
1579 685 1776 723 agnoscere
1804 676 2026 713 locutionem
2057 677 2263 725 Scriptura-

1200 749 1294 783 rum,
1314 739 1375 775 ubi
1410 739 1607 775 sessionem
1636 748 1703 784 pro
1737 738 1964 776 habitatione
1993 745 2031 776 et
2061 749 2268 778 commora-

1202 800 1313 835 tione.
1335 799 1415 834 Non
1443 798 1542 834 enim
1570 799 1655 844 quia
1687 799 1821 834 dictum
1849 804 1905 835 est
1930 800 1974 836 de
2002 799 2134 845 Semel,
2167 803 2265 849 quod

1202 860 1337 896 sederit
1358 861 1394 895 in
1424 859 1654 895 Hierusalem
1672 869 1786 896 annos
1801 865 1877 896 tres
1891 859 1973 908 (III
1998 861 2086 908 Req.
2103 862 2159 910 ιι),
2183 863 2266 901 ideo

1205 920 1407 965 putandum
1432 923 1488 955 est
1504 929 1571 965 per
1585 924 1703 955 totum
1727 919 1816 955 illud
1851 925 1994 966 tempus
2023 922 2062 957 in
2088 922 2176 959 sella
2210 933 2268 960 se-

1204 979 1300 1016 disse
1326 985 1363 1014 et
1380 989 1452 1014 non
1471 979 1689 1015 surrexisse.
1721 979 1813 1017 Hine
1832 986 1868 1016 et
1889 982 1995 1018 sedes
2015 983 2187 1020 dicuntur
2203 984 2267 1021 ubi

1204 1041 1340 1077 habent
1353 1041 1737 1076 commemorationem
1757 1050 1911 1086 quorum
1927 1043 2032 1079 sedes
2051 1051 2147 1088 sunt,
2164 1046 2269 1082 habl-

1208 1101 1295 1138 tatio
1303 1102 1436 1148 quippe
1445 1102 1513 1137 hoc
1523 1110 1655 1139 nomen
1665 1102 1818 1148 accepit.
1832 1102 1905 1149 (Ex
1914 1102 2121 1152 Hesychio.)
2132 1105 2268 1142 Praeci-

1204 1172 1275 1209 pua
1293 1172 1389 1198 nunc
1408 1161 1593 1208 legislator
1617 1163 1778 1208 providit
1800 1163 2044 1210 discrevitque
2076 1166 2267 1213 mysteria,

1205 1227 1242 1259 et
1262 1222 1461 1270 figuraliter
1474 1233 1539 1269 per
1559 1232 1602 1258 ea
1620 1233 1699 1269 quae
1715 1234 1812 1260 nunc
1827 1225 2094 1272 contemplatus
2110 1232 2177 1270 est,
2195 1233 2270 1265 tra-

1205 1283 1294 1319 didit
1306 1283 1402 1319 intra
1421 1283 1621 1320 Ecclesiam
1637 1293 1679 1319 ea
1703 1283 1844 1330 pertici,
1868 1289 1905 1321 et
1918 1285 2126 1324 nullatenus
2143 1289 2268 1334 prota-

1205 1354 1335 1380 norum
1354 1344 1490 1380 visibus
1512 1349 1548 1380 et
1568 1345 1718 1381 auribus
1734 1346 1926 1391 publicari,
1955 1358 2024 1385 nec
2049 1350 2198 1387 cuilibet
2211 1362 2272 1387 vo-

1205 1405 1291 1441 lenti
1310 1404 1524 1451 profanandi
1553 1415 1596 1441 ea
1620 1416 1700 1442 esse
1722 1407 1947 1445 facultatem.
1975 1410 2078 1447 Unde
2097 1413 2182 1459 quia
2211 1419 2269 1450 ta-

1205 1467 1441 1503 bernaculum
1468 1469 1667 1505 testimonii
1684 1470 1758 1506 Deo
1782 1472 1914 1507 coelum
1935 1483 2036 1517 esse,
2056 1474 2189 1510 atrium
2212 1485 2271 1512 au-

1206 1536 1279 1567 tem
1300 1531 1524 1567 tabernaculi
1543 1532 1650 1579 hujus
1673 1532 1889 1578 Ecclesiam,
1915 1535 2000 1580 quia
2020 1535 2097 1581 ipsa
2117 1541 2271 1574 estante

1206 1593 1289 1628 coeli
1311 1592 1499 1628 introitum
1531 1593 1720 1637 collocata,
1762 1595 1837 1640 ipsc
1876 1595 2101 1632 Hierusalem
2138 1598 2270 1644 quippe

1207 1654 1364 1690 coelestis
1398 1658 1497 1689 tenet
1531 1654 1739 1701 imaginem,
1769 1656 1863 1692 sicut
1894 1656 1980 1692 olim
2007 1657 2269 1703 praediximus:

1207 1714 1305 1750 intus
1316 1715 1351 1749 in
1367 1725 1408 1750 ea
1422 1725 1549 1751 carnes
1564 1716 1732 1752 sacrificii
1748 1717 1853 1762 coqui
1868 1719 2051 1765 praecepit.
2069 1718 2128 1755 Ait
2146 1721 2241 1756 enim
2259 1733 2268 1757 ε

1208 1773 1381 1822 Pra’cepit
1400 1777 1447 1811 cis
1465 1777 1603 1813 dicens:
1620 1777 1764 1824 Coqni'te
1781 1785 1860 1814 ante
1879 1779 1970 1824 sores
1988 1781 2219 1827 tabernaculi,
2238 1789 2271 1818 et

1207 1837 1255 1871 ibi
1286 1838 1453 1872 comedite
1487 1850 1558 1873 eas.
1589 1838 1775 1882 Quomodo
1808 1850 1894 1886 ergo
1916 1841 1952 1875 in
1986 1841 2041 1876 his
2062 1852 2133 1878 non
2156 1843 2272 1879 admi-

1208 1887 1321 1934 randa
1340 1899 1387 1933 sit
1405 1899 1580 1943 sapientia
1604 1899 1786 1944 Spiritus?
1804 1900 1946 1936 Nullam
1962 1902 2093 1949 quippe
2110 1903 2271 1940 dubieta-

1208 1963 1279 1994 tem
1301 1959 1506 2005 hujusmoz'zi
1526 1959 1723 1996 intellectui
1750 1960 1956 2008 dereliquit,
1982 1970 2173 2010 propterea
2194 1977 2272 2002 car-

1208 2031 1274 2056 nes
1295 2031 1376 2058 cum
1395 2022 1549 2067 panibus
1574 2023 1712 2058 comedi
1732 2024 1960 2070 prcecipiens,
1981 2031 2020 2061 ut
2050 2038 2115 2063 nos
2140 2028 2273 2064 intelli-

1209 2092 1375 2128 geremus
1394 2084 1479 2120 illud
1495 2084 1540 2119 ab
1559 2094 1601 2120 co
1623 2085 1836 2132 mysterium
1857 2087 1927 2122 dici
1946 2099 1952 2122 :
1972 2088 2066 2133 quod
2088 2089 2194 2125 simul
2210 2100 2255 2135 pa

1208 2146 1265 2181 nis
1292 2151 1430 2182 ctearo
1459 2151 1530 2189 cst,
1552 2146 1646 2182 sicut
1673 2157 1804 2192 corpus
1820 2147 1967 2191 Christi,
1997 2151 2102 2196 panis
2118 2152 2191 2187 vivi
2209 2153 2271 2198 qui

1209 2206 1251 2244 dc
1271 2207 1362 2243 coelo
1381 2207 1581 2251 descendit,
1612 2213 1648 2243 et
1666 2210 1734 2244 hoc
1755 2210 1835 2246 ideo
1854 2216 1893 2246 ut
1914 2211 1987 2247 illic
2011 2212 2174 2250 absolute
2190 2225 2268 2262 my-

1210 2268 1300 2303 stica
1316 2277 1418 2303 coena
1439 2267 1588 2303 deberet
1619 2268 1812 2305 celebrari.
1834 2269 1955 2306 Aaron
1988 2277 2108 2309 autem
2142 2278 2179 2309 et
2206 2272 2270 2309 filii

1209 2327 1288 2372 ejus
1307 2327 1392 2362 illud
1412 2333 1508 2363 recte
1529 2329 1734 2364 comedunt.
1757 2328 1834 2365 Nisi
1857 2331 1953 2366 enim
1974 2330 2139 2368 Christus
2164 2343 2268 2378 roga-

1210 2392 1268 2422 tus
1285 2397 1348 2423 ore
1373 2387 1601 2423 sacerdotum
1622 2389 1697 2435 ipse
1717 2390 1869 2433 venerit,
1891 2395 1926 2426 et
1948 2399 2090 2427 coenam
2110 2393 2269 2428 sanctiti-

1191 2447 1359 2488 ·caverit,
1382 2453 1417 2482 ct
1447 2447 1646 2483 initiaverit
1672 2459 1713 2484 ea
1740 2460 1820 2494 quae
1857 2455 2023 2496 aguntur,
2065 2451 2270 2490 nullatenus

1159 2976 1196 3016 Ι)

208 3607 239 3652 ’.ζ
276 3598 282 3651 ζ
303 3626 345 3661 t·
337 3601 551 3647 moramini.
571 3600 630 3641 sio
647 3605 739 3642 enim
755 3603 842 3641 mihi
858 3610 1069 3652 praeceptum
1082 3611 1147 3641 est.
1176 3611 1179 3613 ·

107 3697 113 3708 ,
370 3658 484 3706 r’o'n'
507 3662 541 3699 et
554 3653 640 3759 fisi.
655 3664 732 3711 ejus
749 3659 873 3714 cincta
891 3676 970 3713 quoe
987 3666 1149 3713 praecepit

138 3732 157 3753 ,1
255 3715 292 3795 .ss
326 3726 335 3753 .·
351 3715 409 3737 *³*
700 3717 787 3823 &44
807 3719 952 3762 astino.
954 3723 969 3774 )
983 3723 1091 3774 Quid
1095 3730 1151 3762 est

814 3794 857 3824 os
869 3775 949 3833 eius
965 3795 1050 3825 cum
1072 3796 1153 3824 san-

1212 2508 1429 2544 sacrisscium
1466 2509 1691 2545 Dominicnm
1729 2510 1832 2546 fiunt.
1869 2512 1940 2548 Sed
1972 2515 2040 2550 boc
2063 2515 2159 2560 quod
2183 2516 2271 2552 reli-

1212 2580 1321 2615 quum
1342 2574 1396 2605 cst
1417 2570 1460 2605 de
1491 2571 1660 2607 carnibus
1693 2576 1728 2607 et
1756 2573 1924 2618 panibus,
1958 2575 1992 2611 in
2016 2574 2098 2622 igne
2127 2577 2270 2615 incendi

1210 2632 1394 2677 praecepit.
1415 2631 1516 2676 Quod
1541 2643 1638 2668 nnnc
1655 2634 1820 2670 videmus
1850 2635 1959 2671 etiam
1991 2637 2211 2675 sensibiliter
2235 2640 2271 2677 in

1212 2691 1375 2727 Ecclesia
1406 2692 1498 2735 fieri,
1534 2693 1679 2739 ignique
1700 2693 1793 2729 tradi
1824 2703 2049 2743 quaecunque
2082 2709 2271 2737 remanere

1212 2753 1404 2798 contigerit
1438 2753 1690 2799 inconsumpta
1706 2781 1715 2797 ,
1753 2764 1825 2790 non
1849 2757 1997 2793 omnino
2027 2768 2070 2794 ea
2096 2769 2176 2805 quae
2201 2770 2272 2796 una

1214 2814 1271 2851 die
1288 2814 1344 2850 vel
1361 2815 1500 2851 duabus
1521 2820 1584 2850 aut
1601 2815 1725 2852 multis
1755 2822 1898 2853 servata
1920 2824 2017 2855 sunt.
2048 2819 2149 2857 Sicut
2174 2822 2271 2858 enim

1215 2882 1377 2922 apparet,
1396 2886 1468 2912 non
1485 2877 1554 2913 hoc
1574 2876 1758 2923 legislator
1770 2879 1955 2925 praecepit,
1980 2881 2044 2917 sed
2072 2882 2168 2927 quod
2187 2882 2273 2918 reli-

1214 2948 1326 2984 quum
1347 2943 1402 2974 est
1418 2938 1561 2974 incendi
1582 2938 1708 2984 jubet;
1728 2939 1805 2976 dies
1831 2946 1952 2978 autem
1968 2951 2041 2978 non
2058 2952 2273 2979 commemo·

1215 3000 1321 3044 ravit,
1343 3005 1384 3036 ut
1413 3011 1637 3047 quaecunque
1660 3001 1908 3050 cujuscunque
1940 3004 1993 3040 rei
2013 3014 2123 3041 causa
2154 3015 2272 3041 emer-

1214 3065 1321 3107 gente
1355 3061 1595 3098 remanserint
1627 3062 1904 3109 inconsumpta,
1940 3064 2017 3100 sive
2058 3069 2201 3110 tempus
2235 3064 2272 3099 in

1215 3131 1326 3158 causa
1349 3121 1409 3164 sit,
1438 3121 1514 3158 sive
1536 3122 1623 3168 quid
1644 3120 1741 3159 aliud
1760 3121 1881 3166 fucrit,
1904 3122 1997 3170 iguis
2018 3133 2108 3170 opus
2127 3127 2164 3159 et
2182 3132 2273 3158 con·
2316 3156 2324 3164 .

1211 3180 1373 3228 rsumptio
1390 3180 1465 3217 fi‘at.
1497 3180 1592 3229 Ergo
1611 3191 1657 3218 ex
1679 3182 1749 3218 hoc
1779 3182 1875 3228 quod
1901 3183 2022 3229 agitur
2053 3181 2272 3218 sensibiliter

1215 3240 1432 3289 significatio
1451 3238 1638 3288 cujusdam
1656 3241 1889 3288 intelligibilis
1908 3242 2031 3278 reicis
2061 3240 2121 3286 qui
2153 3241 2272 3278 inten-

1215 3299 1304 3338 dunt
1333 3301 1513 3347 provenit,
1534 3303 1574 3337 ut
1601 3299 1745 3346 quando
1763 3301 1810 3336 ad
1825 3300 2083 3336 comestionem
2102 3298 2272 3338 sacrificii

1215 3358 1416 3404 deficimus,
1437 3364 1475 3396 et
1495 3360 1684 3396 comedere
1703 3357 1790 3395 illud
1807 3359 1948 3405 integre
1969 3367 2040 3394 non
2064 3365 2269 3407 possumus,

1214 3425 1335 3457 mente
1354 3420 1478 3456 forsan
1509 3417 1722 3455 lassiscente
1741 3417 1818 3453 sive
1845 3416 2047 3462 deficiente,
2078 3423 2200 3456 utrum
2227 3428 2271 3456 ea

1215 3486 1295 3527 quae
1322 3479 1491 3516 videntur
1521 3483 1651 3524 corpus
1681 3477 1849 3524 oporteat
1874 3475 2026 3528 intelligi
2048 3471 2207 3525 Domini,
2233 3478 2270 3520 iu

1215 3549 1287 3591 quo
1311 3543 1426 3580 oculis
1457 3551 1526 3578 nec
1554 3536 1670 3587 angeli
1687 3539 1840 3587 possunt
1854 3539 2078 3590 prospicere,
2109 3548 2183 3580 non
2212 3549 2271 3581 ro-

1216 3601 1346 3650 linqui,
1365 3597 1428 3639 sed
1443 3601 1553 3638 etiam
1570 3600 1663 3638 tradi
1681 3611 1724 3638 ea
1741 3601 1815 3650 igni
1829 3603 1972 3650 oportet
1983 3602 2148 3652 spiritus.
2167 3605 2208 3640 ut
2225 3605 2271 3641 ea

1219 3661 1384 3701 comedat
1399 3671 1479 3713 quae
1491 3661 1598 3699 nobis
1620 3667 1706 3698 sunt
1725 3671 1771 3699 ex
1786 3661 1997 3700 infirmItate
2007 3662 2216 3704 invisibilia.

1266 3721 1451 3768 Quomodo
1465 3724 1585 3759 amem
1603 3715 1789 3759 comedat?
1803 3723 1887 3761 cuni
1903 3713 2252 3773 cog'llive'fflnlssffl

1221 3784 1288 3823 tuti
1312 3776 1469 3833 Spiritus
1482 3786 1564 3821 esse
1580 3775 1768 3831 possibilia
1785 3782 1828 3823 ea
1847 3776 1930 3833 qii'ae'
1941 3775 2046 3825 noblis
2060 3776 2268 3834 {mimihi-
