2540 4016
1270 34 1292 57 u)

337 155 405 193 871

332 291 418 325 sunt
432 285 495 332 qui
516 290 708 332 propterea
725 297 799 323 non
816 293 1028 323 meruerunt
1043 288 1164 333 perire
1178 287 1216 322 in
1232 287 1387 332 deserto,

331 346 418 394 quia
434 345 641 382 nescierunt
668 345 856 382 dexteram
888 352 951 383 aut
977 346 1175 382 sinistram.
1207 346 1300 383 Ecce
1314 346 1389 392 jam

331 407 419 443 dura
436 406 577 443 cervice
593 405 832 452 appellantur.
849 406 953 443 Unde
967 407 1055 442 illud
1069 406 1264 443 videndum
1281 407 1388 444 estin

330 471 558 505 sacramento
580 476 660 503 esse
689 467 839 511 dictum,
857 468 955 514 quod
973 478 1047 504 non
1078 469 1231 506 istorum
1257 469 1388 506 merita

329 527 579 564 commendata
609 531 707 563 sunt.
745 526 837 562 Nam
868 537 915 564 ne
952 528 1034 574 quis
1064 529 1247 567 existimet
1269 530 1387 566 subito

327 590 418 627 istos
448 589 708 636 vituperabiles
730 588 847 626 factos
871 589 933 636 qui
963 591 1094 627 merito
1122 590 1275 627 fuissent
1303 595 1387 628 ante

325 650 479 694 laudati,
496 649 605 696 paulo
624 654 707 696 post
725 649 858 685 dicitur
875 659 885 685 t
905 662 917 683 ‹
937 649 1074 687 Memor
1092 657 1171 688 esto
1185 657 1221 687 et
1236 661 1282 688 ne
1297 651 1387 687 obli-

326 710 493 754 viscaris,
515 709 612 756 quod
630 709 857 746 exacerbasti
881 710 1073 747 Dominum
1096 711 1210 747 Deum
1228 717 1329 747 tuum
1348 711 1386 746 in

328 772 471 809 deserto
490 784 499 816 ;
526 783 572 809 ex
604 782 675 818 qua
705 772 763 809 die
781 773 889 809 existi
908 773 953 809 de
971 779 1069 810 terra
1087 773 1249 820 AEgypti,
1272 773 1386 809 donec

327 835 458 871 venisti
485 834 522 870 in
548 834 645 870 hunc
671 834 804 879 locum,
825 834 1031 871 incredulus
1059 834 1318 881 perseverabas
1348 833 1386 869 in

326 894 384 932 his
404 905 483 941 quae
512 896 558 932 ad
583 895 778 932 Dominum
807 896 1002 941 pertinent.
1021 908 1033 930 »
1069 895 1172 939 Quod
1190 895 1221 931 si
1241 895 1385 941 quidam

325 966 451 993 eorum
470 956 561 994 tales
581 962 700 1002 erant,
719 957 866 1003 quidam
886 967 973 994 vero
1006 957 1131 994 fideles
1156 963 1193 994 et
1212 958 1309 1000 boni,
1333 958 1386 995 sic

323 1026 396 1053 non
411 1016 536 1063 utique
547 1016 618 1053 illis
633 1018 739 1053 datur
757 1024 853 1052 terra
863 1018 1130 1063 promissionis,
1142 1018 1203 1064 qui
1218 1017 1385 1053 nesciunt

325 1077 511 1114 dexteram
545 1083 609 1114 aut
638 1079 847 1121 sinistram,
868 1083 908 1113 ut
945 1079 1014 1114 hoc
1043 1079 1095 1114 sic
1124 1078 1381 1124 intelligamus,

324 1138 467 1183 quando
479 1136 694 1175 offenderint
714 1138 920 1174 Dominum.
944 1137 1035 1174 Nam
1056 1144 1092 1174 et
1109 1138 1238 1174 Patres
1258 1149 1385 1174 eorum
1403 1136 1437 1175 B·
1455 1134 1672 1178 reserantur,
1691 1135 1886 1171 secundam
1907 1140 2029 1171 tamen
2047 1135 2084 1171 in
2103 1146 2188 1172 arca
2205 1138 2502 1184 tabernaculoqu

323 1197 386 1244 qui
405 1198 540 1234 mortui
555 1203 654 1241 sunt,
672 1207 740 1234 nee
757 1197 795 1232 in
813 1197 978 1233 eamdem
995 1203 1131 1234 terram
1150 1197 1287 1233 intrare
1303 1208 1384 1243 per-

321 1258 424 1294 missi
462 1263 566 1302 sunt,
588 1247 680 1293 tales
725 1258 961 1294 inveniuntur
996 1257 1130 1302 fuisse,
1152 1264 1192 1293 ut
1226 1259 1386 1295 inessent

325 1317 473 1363 quidam
501 1316 610 1352 etiam
641 1317 726 1352 boni
745 1322 917 1362 :propter
948 1319 1043 1362 quod
1076 1317 1285 1362 Apostolus,
1312 1327 1384 1352 non

321 1385 461 1419 omnes,
481 1376 545 1412 sed
568 1377 744 1421 quosdam
764 1386 890 1412 eorum
910 1376 997 1412 dicit
1020 1376 1225 1418 offendisse,
1249 1377 1284 1411 in
1305 1365 1384 1422 qui·—

319 1434 388 1470 hus
407 1444 532 1470 eorum
565 1440 713 1481 peccata
744 1440 1030 1470 commemorat:
1052 1447 1064 1467 ‹
1086 1435 1230 1471 Similes
1252 1435 1384 1481 quippe

319 1495 407 1530 estis
427 1494 638 1541 parentibus
667 1495 812 1530 vestris.
838 1507 849 1528 ι
880 1494 931 1529 lta
966 1495 1169 1542 evidentius
1200 1494 1318 1538 docet,
1344 1500 1384 1529 ut

319 1553 388 1589 ista
407 1554 587 1599 scriptura
615 1553 885 1590 Deuteronomii
906 1555 1001 1599 quod
1028 1559 1291 1599 consequenter
1317 1554 1381 1590 ad-

318 1614 434 1663 jungit
452 1621 488 1652 et
515 1615 603 1652 dicit
622 1628 629 1651 ε
652 1629 663 1650 ‹
690 1617 735 1652 Et
762 1617 799 1652 in
818 1616 961 1653 Choreb
982 1617 1229 1654 exacerbastis
1258 1617 1382 1652 Domi*

319 1685 420 1711 num.
442 1689 454 1710 ι
476 1675 545 1712 Ubi
561 1681 658 1712 certe
679 1676 729 1711 illi
763 1677 1086 1721 exacerbaverunt,
1105 1678 1166 1723 qui
1192 1683 1384 1723 propterea

319 1735 364 1772 de
384 1735 479 1772 malo
510 1736 641 1772 merito
657 1746 722 1774 suo
745 1747 818 1773 non
842 1742 926 1774 sunt
950 1737 987 1773 in
1012 1743 1149 1774 terram
1172 1737 1384 1784 promissio-

318 1793 375 1831 nis
392 1794 602 1832 introducti.

726 1869 878 1907 CAPUT
904 1870 983 1907 XV.

317 1958 610 1996 Gommemoratio
641 1961 813 2006 quomodo
835 1960 985 2006 Moyses,
1003 1962 1236 2008 quadraqinta
1262 1964 1381 2000 diebus

349 2006 517 2054 jejunans
540 2009 576 2043 in
597 2014 713 2043 monte
729 2006 843 2052 Sinai,
863 2008 1010 2054 adeptus
1026 2015 1076 2044 est
1093 2009 1231 2044 tabulas
1252 2010 1350 2056 leyis.
1399 2031 1429 2072 C

365 2093 482 2140 (lein.)
507 2105 519 2126 ‹
538 2093 715 2138 Deditque
733 2095 824 2130 mihi
847 2095 1022 2132 Dominus
1051 2097 1139 2133 duas
1165 2098 1304 2135 tabulas
1323 2099 1375 2135 la—

321 2163 334 2187 «
363 2152 489 2198 pideas
515 2153 668 2199 scriptas
690 2154 802 2199 digito
829 2155 916 2197 Dei,
943 2160 980 2190 et
1006 2156 1230 2192 continentes
1248 2158 1369 2193 omnia

321 2224 333 2246 ‹
365 2213 476 2248 verba
501 2223 581 2259 quae
599 2213 702 2249 vobis
727 2213 765 2249 in
796 2220 920 2249 monte
940 2214 1081 2251 locutus
1102 2221 1158 2252 est
1191 2216 1235 2253 de
1253 2218 1372 2254 medio

321 2285 333 2305 ι
366 2272 471 2319 ignis,
493 2273 637 2318 quando
657 2273 782 2309 concio
801 2274 924 2319 populi
945 2281 1161 2322 congregata
1179 2282 1249 2312 est.
1266 2276 1374 2312 Cum-

319 2343 332 2365 ‹
363 2342 432 2378 que
463 2333 676 2369 transissent
708 2334 947 2379 quadraginta
967 2336 1043 2370 dies
1066 2341 1103 2371 et
1128 2337 1278 2372 totidem
1308 2347 1372 2373 no·

319 2405 331 2427 ‹
363 2400 452 2437 ctes,
474 2394 570 2430 dedit
589 2394 677 2430 mihi
696 2394 870 2431 Dominus
886 2397 974 2431 duas
994 2397 1134 2432 tabulas
1153 2397 1242 2443 legis
1260 2397 1372 2434 soede-

319 2467 330 2489 ι
361 2455 426 2498 ris,
451 2455 610 2501 dixitque
628 2456 743 2491 mihi:
766 2456 881 2503 Surge
908 2462 944 2493 et
964 2457 1143 2494 descende
1170 2459 1255 2495 hinc
1283 2461 1368 2505 cito,

319 2527 332 2549 ‹
363 2515 447 2562 quia
478 2515 629 2561 populus
644 2526 752 2561 quem
774 2517 931 2553 eduxisti
950 2518 993 2554 de
1013 2517 1185 2565 AEgypto,
1205 2519 1371 2557 deserue-

319 2588 331 2609 ‹
362 2581 447 2612 runt
469 2576 563 2612 viam
583 2576 756 2612 velociter
778 2588 887 2623 quam
906 2578 1162 2614 demonstrasti
1190 2580 1257 2624 eis,
1276 2580 1369 2617 sece-

318 2649 330 2670 ‹
361 2643 516 2682 runtque
532 2637 763 2673 sibivitulum
779 2637 1059 2683 conflatilem,'et
1073 2640 1245 2686 reliqua.»
1260 2640 1369 2678 Com-

315 2701 492 2731 memorat
522 2707 608 2742 ergo
638 2698 698 2732 liic
727 2698 868 2744 Moyses
901 2700 1080 2745 quomodo
1112 2701 1252 2737 tabulas
1281 2702 1369 2749 legis

313 2755 468 2801 scriptas
502 2755 628 2792 decem
659 2758 839 2794 mandatis
871 2770 893 2794 a
919 2760 1072 2796 Domino
1101 2762 1301 2807 acceperit,
1333 2767 1371 2798 et

313 2817 397 2853 inde
426 2822 552 2853 narrat
575 2819 754 2864 quomodo
774 2820 820 2855 ob
839 2827 1029 2866 peecatum
1049 2823 1170 2868 populi
1190 2833 1251 2860 eas
1279 2834 1367 2860 con-

313 2877 478 2922 triverit,
508 2883 544 2914 et
575 2878 729 2924 qualiter
761 2879 891 2916 iterum
919 2881 1089 2927 Jejunans
1120 2889 1229 2928 atque
1258 2894 1366 2920 orans

311 2935 561 2981 impetraverit
585 2937 676 2973 alias
706 2938 847 2974 tabulas
866 2941 1103 2985 conscriptas.
1123 2941 1195 2977 Sed
1217 2943 1277 2979 hic
1303 2954 1368 2978 na·
1383 2926 1419 2966 D
1436 2958 1517 2995 quae
1532 2953 1636 2984 erant
1654 2948 1691 2983 in
1707 2947 1836 2984 tabulis
1853 2946 2032 2993 prioribus
2049 2955 2140 2991 quas
2154 2946 2372 2982 contrivisti.
2388 2960 2400 2981 ι
2419 2946 2491 2982 Ex-
2522 2955 2526 2969 ’-

313 2994 427 3031 scitur
446 3004 518 3030 non
534 2997 797 3032 contemnenda
816 2999 980 3042 quaestio.
1001 2998 1183 3045 Scriptum
1199 3007 1255 3037 est
1271 3003 1367 3038 enim

313 3055 391 3092 sic:
413 3054 514 3102 (cip.
530 3054 584 3102 x.)
614 3066 627 3088 ‹
654 3054 694 3090 In
727 3061 888 3102 tempore
918 3057 978 3093 illo
1007 3058 1096 3094 dixit
1121 3059 1295 3097 Dominus
1321 3063 1366 3099 ad

317 3128 329 3150 ‹
360 3126 443 3153 me:
465 3115 552 3152 Dola
576 3115 642 3152 tibi
662 3115 750 3152 duas
770 3116 911 3153 tabulas
932 3117 1092 3163 lapideas
1112 3121 1205 3158 sicut
1223 3122 1364 3167 priores

317 3190 328 3211 ι
359 3178 516 3220 suerunt,
539 3181 576 3213 et
605 3176 758 3213 ascende
785 3176 820 3212 in
843 3183 1002 3214 montem
1019 3180 1064 3215 ad
1086 3190 1162 3224 me;
1179 3180 1363 3227 faciesque

315 3251 328 3273 ‹
361 3249 485 3275 arcam
507 3238 677 3286 ligneam,
696 3243 733 3274 et
751 3238 909 3275 scribam
925 3239 963 3276 in
995 3240 1122 3276 tabulis
1145 3242 1256 3278 verba
1283 3252 1362 3287 quae

316 3313 328 3333 ι
356 3299 504 3335 suerunt
519 3298 556 3335 in
573 3299 629 3334 his
649 3308 740 3345 quas
757 3303 841 3335 ante
855 3298 1078 3346 confregisti,
1096 3309 1282 3347 ponesque
1300 3311 1362 3338 eas

316 3372 328 3395 ‹
359 3360 396 3396 in
412 3369 510 3396 arca.
526 3358 612 3396 Feci
635 3359 746 3407 igitur
765 3368 888 3396 aream
905 3359 950 3396 de
965 3359 1072 3407 lignis
1085 3359 1237 3397 sethim.
1254 3360 1362 3397 Cum-

316 3432 328 3453 «
359 3430 429 3467 que
448 3420 626 3456 dolassem
652 3420 740 3457 duas
770 3419 909 3457 tabulas
938 3420 1098 3466 lapideas
1126 3421 1241 3458 instar
1266 3422 1362 3467 prio-

317 3491 329 3513 «
358 3490 459 3523 rum,
481 3480 627 3517 ascendi
647 3480 686 3517 in
705 3485 864 3518 montem
890 3481 1028 3518 habens
1045 3490 1107 3519 eas
1123 3482 1162 3518 in
1181 3482 1358 3525 manibus,

318 3553 330 3575 ι
361 3541 575 3587 scripsitque
594 3543 631 3578 in
651 3542 783 3579 tabulis
797 3543 900 3589 juxta
918 3543 953 3580 id
974 3544 1070 3590 quod
1087 3544 1188 3591 prius
1209 3543 1361 3590 scripse-

318 3616 330 3636 «
362 3608 433 3646 rat,
454 3603 562 3639 verba
595 3603 737 3647 decem,
767 3613 847 3649 quae
876 3604 1018 3641 locutus
1050 3612 1106 3642 est
1124 3605 1297 3642 Dominus
1314 3605 1361 3640 ad

317 3676 329 3697 ‹
360 3674 425 3700 vos
457 3665 495 3700 in
518 3669 640 3702 monte
671 3665 716 3702 de
746 3665 866 3701 medio
886 3666 1010 3713 ⁸ignis,
1038 3667 1181 3713 quando
1209 3666 1360 3713 populus

318 3737 333 3760 ι
362 3733 600 3777 congregatus
615 3733 690 3774 est;
709 3734 748 3768 et
768 3729 866 3768 dedit
884 3729 974 3773 milii
993 3739 1068 3774 eas,
1085 3736 1155 3770 etc.
1170 3743 1185 3768 ›
1205 3730 1280 3770 Nec
1294 3730 1361 3769 im-

761 152 805 188 B.
829 151 1000 190 RABANl
1025 153 1183 226 MAURI.
1198 153 1412 192 ARCHIEP.
1440 154 1646 194 MOGUNT.
1674 156 1864 196 OPERUM
1887 158 2008 196 PARS
2031 158 2061 195 Ι.

339 239 354 262 ι
375 234 503 262 versus
515 225 706 262 Dominum
721 226 953 270 contendisti,
968 227 1155 272 etreliqua
1171 241 1183 262 »
1205 227 1311 263 Certe
1330 228 1391 264 isti
1408 229 1444 270 A
1458 230 1588 266 merito
1606 230 1781 275 quaeritur
1799 232 1979 277 quomodo
2001 231 2039 266 in
2059 230 2340 270 Deuteronomio
2361 234 2440 272 haec
2465 252 2471 268 ι
2499 237 2501 241 ’

1427 3729 1603 3767 ‘Dominus
1625 3728 1695 3765 ista
1713 3727 1954 3775 praecipiebat,
1976 3732 2017 3764 ut
2037 3735 2111 3767 non
2129 3725 2168 3765 in
2186 3725 2327 3766 duabus
2345 3724 2430 3765 tabu
2445 3724 2475 3754 '³-

1457 294 1587 326 cantur
1624 289 1745 337 Moyse
1783 291 1965 326 recolente
2004 299 2046 326 ac
2077 296 2263 337 repetente
2297 302 2377 339 quae
2411 305 2474 341 ges
2498 324 2500 327 .

1455 354 1553 394 sunt,
1572 360 1655 387 cum
1673 350 1711 385 in
1728 350 1852 384 Exodo
1866 349 1929 384 ubi
1951 348 2110 394 primum
2134 351 2211 388 haec
2234 351 2332 388 dicta
2357 362 2499 393 narran·

1457 416 1528 455 tur,
1545 411 1598 447 ita
1611 411 1787 456 seriptum
1805 409 1853 445 sit
1869 419 1878 444 :
1898 421 1910 442 ι
1930 409 1976 445 Et
1992 410 2081 446 dixit
2096 411 2270 449 Dominus
2282 413 2329 450 ad
2338 413 2484 461 Moysen

1458 482 1471 504 ‹
1502 470 1629 507 Scribe
1657 468 1721 504 tibi
1740 468 1851 504 verba
1867 468 1957 505 haec.
1982 469 2127 506 Etenim
2149 471 2187 507 in
2207 473 2328 509 verbis
2346 474 2419 517 his,
2447 485 2486 521 p

1457 541 1472 564 ‹
1503 529 1559 566 sui
1576 529 1640 564 tibi
1659 532 1916 565 testamentum
1939 534 1977 589 et
1993 530 2116 567 Israel.
2138 531 2185 568 Et
2200 537 2280 568 erat
2298 533 2350 570 ibi
2370 533 2505 582 Moys=<

1459 602 1472 624 ‹
1502 590 1541 625 in
1561 593 1758 635 conspectu
1777 589 1921 625 Domini
1951 590 2190 638 quadraginta
2208 593 2345 637 diebus,
2370 599 2408 630 et
2425 605 2498 642 qua

1459 661 1471 683 ‹
1501 648 1668 696 draginta
1678 649 1856 686 noctibus.
1867 650 2003 687 Panem
2012 661 2084 688 non
2090 654 2323 691 manducavit
2335 660 2372 691 et
2384 666 2476 702 aqua
2487 673 2502 689 tt

1459 723 1471 745 ι
1501 721 1574 747 non
1606 711 1711 755 bibit,
1734 716 1770 746 et
1791 713 1937 758 scripsit
1966 713 2004 749 in
2025 714 2157 751 tabulis
2175 716 2286 752 verba
2303 721 2482 754 testamen

1459 783 1470 804 ‹
1502 771 1627 807 decem
1660 770 1791 818 (Exod.
1810 772 1949 820 xxxlv).
1965 785 1978 807 ›
1999 773 2089 810 Cum
2119 785 2204 821 ergo
2224 775 2262 811 in
2287 776 2413 813 Exodo
2435 778 2505 823 ip

1453 831 1595 878 Moyses
1627 832 1752 868 decem
1779 832 1869 879 legis
1898 833 2009 870 verba
2028 834 2066 870 in
2088 835 2237 880 tabulis,
2254 836 2381 873 eadem
2399 837 2498 873 verb

1453 893 1643 939 scripsisse
1677 893 1869 938 recolitur3
1906 895 2060 941 denique
2090 895 2177 933 illud
2209 898 2304 942 quod
2323 898 2362 933 in
2387 897 2525 934 Exod

1453 963 1535 988 cum
1561 958 1793 989 transeunter
1821 959 2079 999 tractaremus,
2098 961 2135 992 et
2165 956 2252 1003 quid
2281 957 2384 993 nobis
2407 958 2445 994 in
2469 967 2501 994 e

1453 1012 1656 1050 differentia
1688 1013 1804 1049 visum
1844 1014 1956 1051 fuerit
1991 1015 2122 1052 litteris
2161 1017 2415 1054 mandaremus
2447 1028 2507 1054 cu

1453 1074 1595 1120 priores
1615 1073 1747 1110 tabulae
1766 1084 1845 1120 quae
1861 1076 2026 1111 contritae
2051 1081 2135 1112 sunt
2154 1077 2266 1123 digito
2286 1078 2349 1114 Dei
2369 1078 2464 1124 scrip
2487 1093 2507 1111 κ,

1452 1207 1681 1240 mansuram,
1704 1196 1779 1241 ipse
1803 1195 1943 1242 Moyses
1974 1195 2164 1241 scripsisse
2194 1197 2352 1232 dicatur.
2386 1198 2530 1243 Itaqu.

1450 1267 1516 1302 per
1548 1257 1642 1291 hanc
1675 1255 1915 1291 differentiam
1950 1256 2019 1291 duo
2050 1255 2282 1299 Testamenta
2307 1255 2530 1304 significatu

1450 1327 1530 1352 esse
1544 1321 1585 1351 ut
1604 1315 1762 1351 diximus
1781 1327 1788 1350 ε
1816 1321 1857 1350 ut
1875 1316 1912 1350 in
1926 1315 2049 1351 Veteri
2074 1316 2304 1354 Testamento
2324 1318 2381 1353 lex
2407 1329 2522 1355 com-r

1450 1378 1682 1413 mendaretur
1703 1381 1872 1422 tanquam
1902 1387 1992 1422 opus
2017 1378 2095 1423 Dei,
2127 1380 2188 1415 ubi
2214 1381 2322 1417 homo
2345 1382 2435 1417 nibil
2455 1381 2520 1419 fe·-

1450 1439 1553 1481 cerit‚
1574 1448 1617 1474 eo
1636 1438 1733 1483 quod
1755 1438 1813 1473 lex
1832 1439 1961 1474 timore
1986 1449 2057 1474 non
2079 1447 2202 1485 posset
2231 1443 2371 1488 impleri
2389 1456 2396 1478 ε
2420 1453 2522 1489 (μω-ν

1450 1499 1547 1535 niam
1566 1509 1647 1534 cnm
1662 1508 1747 1534 vere
1765 1498 1805 1534 fit
1824 1509 1913 1544 opus
1928 1499 2030 1546 legis,
2048 1509 2113 1545 per
2130 1502 2345 1538 charitatem
2359 1504 2527 1548 justitiae*-

1451 1559 1504 1602 sst,
1523 1570 1592 1595 non
1618 1560 1747 1594 timore
1764 1571 1771 1593 :
1792 1569 1871 1604 quae
1896 1559 2054 1595 charitas
2074 1560 2191 1606 gratia
2209 1566 2265 1597 est
2286 1561 2522 1600 Testamenta

1450 1619 1552 1655 Novi.
1566 1620 1648 1655 Ideo
1666 1619 1702 1654 in
1718 1620 1885 1655 secundis
1901 1619 2031 1655 tabulis
2049 1621 2157 1657 homo
2173 1621 2303 1668 legitur
2320 1623 2520 1668 scripsisset

1450 1682 1558 1717 verba
1579 1681 1657 1723 Dei,
1680 1681 1763 1725 quia
1785 1681 1893 1716 homo
1924 1687 2044 1726 potest
2072 1681 2190 1718 facere
2211 1692 2302 1729 opus
2332 1683 2420 1730 legis
2442 1694 2520 1730 perr

1451 1741 1663 1777 charitatem
1685 1738 1851 1784 justitiae,
1882 1741 1977 1785 quod
1996 1751 2067 1776 non
2099 1748 2217 1787 potest
2249 1751 2314 1787 per
2341 1742 2519 1783 timorem

1450 1812 1578 1848 poenae.
1600 1800 1701 1836 Nunc
1720 1810 1805 1846 ergo
1835 1810 1917 1836 cum
1947 1801 2081 1845 legitur
2104 1802 2140 1837 in
2161 1802 2439 1839 Deuteronomio
2463 1805 2521 1841 det

1451 1862 1620 1898 secundis
1638 1860 1785 1904 tabulis,
1806 1861 1855 1896 ita
1871 1848 2006 1897 dictun‘i
2027 1868 2082 1898 cst
2098 1875 2105 1897 ε
2128 1874 2139 1895 ι
2154 1862 2198 1898 Et
2217 1863 2333 1899 excidi
2350 1864 2438 1901 duas
2454 1870 2514 1901 ιιι--

1456 1939 1468 1960 ι
1492 1925 1594 1962 bulas
1614 1924 1772 1970 lapideas
1787 1924 1878 1960 sicut
1892 1925 2047 1970 priores,
2064 1930 2100 1960 et
2114 1926 2260 1961 ascendi
2277 1926 2315 1961 in
2330 1932 2518 1973 montem„

1456 1998 1468 2019 «
1494 1992 1530 2022 et
1547 1987 1626 2021 duae
1643 1984 1772 2020 tabulae
1802 1984 1839 2019 in
1855 1985 2020 2020 manibus
2036 1986 2136 2027 meis,
2166 1990 2201 2021 ct
2220 1986 2364 2030 scripsit
2395 1987 2433 2022 in
2451 1993 2512 2023 ta·-

1455 2059 1466 2080 ‹
1491 2046 1584 2082 bulis
1599 2045 1795 2081 secundum
1809 2045 1966 2089 priorem
1976 2045 2206 2090 scripturam,
2221 2045 2344 2081 decem
2355 2047 2510 2083 verba.»

1446 2107 1523 2143 Non
1542 2107 1639 2142 enim
1658 2106 1724 2149 ait,
1741 2112 1773 2140 et
1794 2105 1931 2151 scripsi,
1949 2105 2012 2141 sed
2029 2106 2168 2152 scripsit
2185 2117 2196 2142 .·
2215 2107 2284 2142 hoc
2301 2111 2370 2150 est,
2393 2107 2517 2154 Deus„

1444 2170 1535 2205 sicut
1550 2168 1656 2214 paulo
1670 2172 1753 2203 ante
1768 2167 1921 2210 dixerat,
1939 2168 2048 2203 verba
2066 2167 2127 2203 Dei
2147 2157 2215 2203 sibi
2231 2167 2348 2204 dicta:
2367 2168 2523 2207 Excidet

1443 2230 1509 2265 tibi
1531 2230 1620 2265 duas
1642 2227 1781 2264 tabulas
1797 2228 2100 2274 quemadmodum
2117 2228 2274 2274 priores,
2292 2235 2328 2265 et
2344 2231 2517 2267 ascendev
2532 2238 2533 2241 ’

1443 2290 1487 2325 ad
1512 2299 1570 2324 me
1594 2289 1631 2324 in
1656 2294 1831 2331 montem,
1846 2294 1882 2323 et
1907 2287 2018 2324 facies
2034 2289 2099 2324 tibi
2125 2299 2248 2325 arcam
2268 2289 2440 2336 ligneam,
2463 2295 2513 2326 et.

1442 2349 1596 2386 scribam
1614 2348 1649 2383 in
1682 2347 1813 2383 tabulis
1844 2348 1952 2383 verba
1970 2358 2048 2394 quae
2068 2353 2172 2384 erant
2198 2349 2234 2384 in
2255 2349 2385 2384 tabulis
2403 2349 2501 2394 prio-

1440 2410 1555 2445 ribus.
1580 2407 1811 2443 Discutienda
1835 2407 1997 2443 nascitur
2017 2408 2182 2454 quaestio,
2206 2409 2302 2454 quod
2326 2413 2499 2454 utrasque
2527 2444 2531 2451 ,

1441 2469 1596 2512 tabulas,
1615 2468 1650 2504 id
1668 2473 1734 2511 est,
1755 2467 1894 2513 priores
1911 2474 1948 2504 et
1968 2459 2159 2511 sccuuda's,
2178 2469 2272 2505 Deus
2292 2470 2352 2504 hic
2368 2469 2499 2515 legitur
2532 2498 2533 2501 ,

1440 2529 1641 2574 scripsisse,
1662 2537 1734 2563 non
1752 2528 1873 2563 homo.
1901 2527 1972 2564 Sed
1996 2528 2026 2564 si
2046 2528 2124 2574 ipso
2145 2538 2289 2574 quoque
2307 2528 2344 2563 in
2373 2528 2497 2566 Exodo
2528 2558 2529 2561 η

1438 2590 1547 2625 verba
1565 2589 1630 2624 Dei
1649 2587 1826 2634 legantur,
1848 2588 1909 2623 ubi
1923 2587 2025 2632 jubet
2042 2583 2188 2624 easdem
2209 2587 2351 2624 tabulas
2369 2598 2497 2625 secun-

1439 2652 1503 2687 das
1525 2650 1641 2685 excidi
1663 2659 1683 2684 a
1708 2648 1842 2694 Moyse,
1863 2647 1953 2683 nihil
1977 2648 2074 2684 aliud
2094 2648 2290 2692 invenitur,
2309 2658 2419 2694 quam
2443 2650 2497 2695 ip-

1439 2720 1518 2746 sum
1537 2710 1649 2746 Deum
1682 2719 1719 2745 se
1738 2709 1881 2744 easdem
1903 2707 2114 2754 promisisse
2146 2707 2379 2753 scripturum.
2402 2708 2496 2745 Nam

1438 2770 1487 2805 ita
1505 2770 1678 2815 scriptum
1701 2774 1756 2804 est
1782 2768 1894 2804 Exodi
1918 2777 2048 2802 xxxlv:
2066 2779 2078 2800 ι
2093 2766 2139 2802 Et
2152 2767 2241 2802 dixit
2256 2766 2429 2804 Dominus
2449 2769 2495 2806 ad
2516 2791 2522 2796 «

1438 2830 1583 2876 Moysen
1603 2842 1609 2863 :
1633 2829 1766 2864 Excide
1791 2828 1882 2864 duas
1911 2827 2051 2863 tabulas
2071 2826 2137 2862 tibi
2164 2826 2256 2862 sicut
2274 2830 2310 2861 et
2335 2827 2491 2872 priores,
2531 2857 2533 2859 ,

1437 2895 1474 2925 et
1500 2889 1653 2924 ascende
1672 2888 1708 2923 in
1731 2892 1910 2929 montem;
1927 2891 1963 2922 et
1982 2885 2139 2922 scribam
2155 2884 2193 2920 in
2212 2884 2343 2921 tabulis
2365 2887 2490 2930 verba,
2524 2900 2533 2924 ·.

1435 3013 1538 3053 cepto
1560 3007 1679 3054 itaque
1699 3007 1791 3043 libro
1809 3005 2094 3050 Deuteronomii,
2114 3005 2350 3052 quaestionem
2365 3007 2498 3052 utique>

1433 3069 1542 3105 etiam
1573 3070 1679 3105 istam
1711 3069 1807 3105 solus
1839 3069 1932 3105 liber
1962 3067 2077 3104 Exodi
2110 3067 2291 3111 continet,
2318 3068 2489 3113 quoniam

1431 3127 1563 3164 dixerit
1582 3128 1754 3163 Dominus
1771 3140 1779 3163 :
1803 3140 1814 3162 ι
1833 3128 1878 3163 Et
1898 3128 2055 3164 scribam
2070 3126 2108 3163 in
2128 3126 2260 3163 tabulis
2279 3126 2390 3162 verba
2407 3134 2505 3183 quae-*3

1432 3193 1536 3222 erant
1552 3187 1588 3222 in
1608 3187 1738 3222 tabulis
1757 3187 1949 3233 prioribus,
1965 3199 1979 3221 ›
2002 3197 2086 3222 eum
2106 3186 2213 3232 paulo
2228 3190 2310 3231 post
2329 3186 2460 3232 legitur
2477 3210 2486 3221 .

1437 3256 1449 3276 ‹
1467 3244 1593 3280 Scribe
1607 3245 1672 3279 tibi
1692 3245 1803 3280 verba
1820 3245 1910 3280 haee.
1929 3244 2072 3279 Etenim
2091 3244 2129 3279 in
2147 3244 2268 3280 verbis
2286 3244 2357 3285 his,
2380 3243 2518 3289 posui³

1432 3305 1498 3340 tibi
1521 3309 1776 3340 testamentum
1805 3309 1842 3340 et
1870 3304 1994 3340 Israel.
2015 3304 2062 3339 Et
2089 3309 2170 3340 erat
2199 3304 2250 3340 ibi
2273 3303 2414 3350 Moyses
2445 3306 2506 3341 iu*

1433 3368 1627 3409 conspectu
1647 3362 1808 3406 Domini,
1838 3363 2076 3409 quadraginta
2095 3362 2236 3407 diebus,
2269 3368 2306 3399 et
2328 3365 2505 3409 quadra--

1432 3425 1531 3473 ginta
1559 3412 1740 3460 noctibus.
1767 3423 1901 3459 Panem
1930 3433 2003 3459 non
2025 3422 2269 3468 manducavit,
2294 3428 2331 3460 et
2350 3434 2443 3470 aqua
2467 3439 2471 3455 ι

1431 3495 1504 3522 non
1529 3484 1632 3522 bibit.
1661 3484 1707 3520 Et
1733 3483 1878 3530 scripsit
1910 3483 1947 3519 in
1976 3483 2107 3520 tabulis
2135 3483 2247 3520 verba
2274 3489 2452 3522 testamen
2469 3482 2480 3492 ”

1432 3547 1591 3583 decem.»
1612 3545 1652 3582 Si
1668 3546 1764 3582 enim
1781 3545 1957 3591 superius,
1980 3546 2076 3591 quod
2092 3545 2226 3582 dictum
2239 3550 2309 3589 est,
2327 3557 2340 3579 ι
2353 3544 2402 3581 Sc
2423 3545 2450 3577 ἰ
2468 3559 2483 3576 ·,.

1431 3609 1495 3645 tibi
1511 3608 1623 3645 verba
1638 3607 1728 3644 haec.
1745 3606 1885 3642 Etenim
1902 3606 1939 3642 in
1954 3607 2074 3643 verbis
2091 3606 2149 3643 his
2164 3605 2268 3652 posui
2282 3605 2348 3642 tibi
2367 3610 2422 3642 tes
2446 3620 2451 3636 ι

1429 3673 1593 3706 mentum
1624 3673 1661 3704 et
1682 3666 1813 3710 lsrael,
1839 3679 1851 3700 ι
1884 3667 1929 3702 ad
1960 3666 2147 3714 superiora
2175 3665 2352 3712 pertinet,
2381 3675 2479 3712 quc-1
