2540 4016
34 134 41 138 *
65 119 137 161 555

657 110 991 152 EXPOSITIONES
1016 108 1061 146 IN
1085 107 1349 146 LEvlTICUM.
1374 127 1422 134 —
1446 109 1534 144 LIB.
1560 109 1635 147 vn.

2174 115 2244 152 554

65 199 150 236 sunt
169 194 300 232 animae
315 197 448 237 motus,
462 195 602 238 utpote
617 191 778 237 quisunt
796 188 956 225 motibus
989 185 1119 222 intelli·
1137 185 1172 226 A
1188 189 1317 220 terram
1345 187 1522 218 vestram:
1537 182 1640 226 Quod
1667 187 1791 220 nostra
1821 187 2007 225 translatio
2028 189 2135 236 paulo
2165 199 2249 238 post

65 255 185 304 gibilis
203 260 336 291 nostrae
372 259 490 296 terrae,
507 249 674 288 videlieet
707 249 842 292 earnis,
866 247 1121 290 sublimiores;

66 317 197 353 horum
217 305 313 352 enim
330 316 470 352 fructus
491 310 628 362 veritas
643 337 654 355 ,
689 309 844 357 justitia,
863 307 1121 350 mansuetudo,

66 378 269 423 compassio
282 375 390 415 ethis
405 373 549 411 similia.
565 371 638 420 (Ex
668 368 847 416 Oriqene.)
866 368 1048 404 Habemus
1065 367 1122 403 in-

67 443 122 473 tra
146 438 386 484 nosmetipsos
405 440 442 472 et
466 434 565 481 ligna
585 441 794 478 camporum
813 458 823 475 ‚
856 439 935 476 quae
966 428 1124 464 fructum

66 509 171 534 suum
188 498 404 545 producunt.
422 496 508 541 Quae
525 500 608 532 sunt
625 495 694 530 ista
708 493 806 540 ligna
827 501 1050 538 camporum,
1067 490 1123 526 di-

65 562 123 593 cet
143 557 308 594 fortassis
322 558 465 594 auditor
481 567 491 592 z
510 556 597 602 quid
614 556 745 591 iterum
771 554 831 590 hic
850 551 1126 590 seminiverbius

65 617 140 653 ait?
166 617 258 661 Quid
275 617 435 663 undique
464 617 575 653 verba
598 615 793 661 conquirit,
811 619 853 650 ut
873 612 1126 659 explanatione

65 677 232 713 lectionis
262 675 433 722 effugiat?
465 675 651 720 Quomodo
683 677 779 711 intra
814 684 880 711 nos
912 674 1008 720 ligna
1047 681 1126 708 esse

66 736 234 779 docebit,
276 741 315 772 et
348 736 520 772 arbores?
558 735 597 773 Si
627 746 699 772 non
746 741 884 771 temere
914 733 1098 768 obtrectes
1114 757 1124 773 ,

65 797 138 845 iam
171 806 268 833 nunc
301 796 458 833 audies:
495 796 588 840 Quia
631 807 701 832 non
739 800 851 842 potest
891 792 997 828 arbor
1036 791 1127 826 bona

66 857 198 894 malum
225 859 380 905 fructum
411 858 553 904 facere,
589 868 698 905 neque
736 856 841 892 arbor
873 853 968 890 mata
998 853 1126 888 bonum

67 920 222 967 {ructum
247 920 363 966 facere
391 918 535 967 (Mattlt.
555 918 634 965 v11).
660 916 842 952 Habemus
865 924 950 960 ergo
978 914 1127 949 arbores

67 982 164 1017 intra
195 991 262 1018 nos
297 981 373 1017 sive
414 980 527 1016 bonas
558 979 633 1013 sive
665 976 806 1018 malas,
838 980 875 1010 et
905 983 986 1020 quae
1024 974 1127 1009 bonae

68 1046 153 1077 sunt
189 1039 327 1075 fructus
362 1037 475 1073 malos
517 1035 646 1071 afferre
689 1044 761 1070 non
801 1038 984 1079 possunt,
1034 1033 1127 1069 sicut

1192 244 1302 280 dicit:
1320 242 1470 279 Gladius
1486 253 1556 277 non
1571 243 1734 278 transibit
1759 244 1924 280 'terminos
1950 254 2092 304 vestros,
2109 258 2140 287 et
2155 253 2245 288 dabo

1190 315 1312 351 pacem
1329 305 1477 340 interra
1494 308 1621 339 vestrm
1640 302 1793 339 sienim
1821 313 1953 349 corpus
1983 309 2111 345 stabile
2138 311 2249 349 fucrit

1192 369 1229 400 et
1253 363 1374 399 anima
1402 363 1608 405 fructificet,
1635 362 1755 398 securi
1788 362 1936 399 interra
1963 369 2088 402 nostra
2113 368 2254 407 habita-

1190 423 1311 461 bimus
1331 435 1340 458 :
1363 423 1456 466 Quia
1469 434 1551 458 caro
1569 433 1639 458 non
1661 423 1879 467 concupiscet
1899 422 2065 460 adversus
2091 426 2251 471 spiritum

1192 483 1298 532 (Gal.
1315 483 1378 532 v).
1401 484 1504 521 Unde
1531 494 1597 520 nec
1613 483 1747 520 bellum
1766 493 1832 529 per
1850 488 1984 519 terram
2005 485 2184 529 transibit,
2198 497 2257 523 ne-

1194 552 1266 589 que
1288 543 1386 578 enim
1414 543 1565 579 habebit
1597 547 1739 588 tempus
1757 542 1795 578 in
1826 543 2093 580 resurrectione
2124 554 2257 581 concu-

1192 603 1468 650 piscentiarum,
1486 604 1530 639 de
1546 603 1675 649 quibus
1696 603 1746 639 ait
1768 603 1924 641 Jaoonus
1945 617 1953 639 ε
1977 603 2077 641 Unde
2104 605 2193 642 betta
2226 612 2260 642 et

1195 663 1270 699 lites
1284 664 1322 699 in
1340 663 1463 699 vobis?
1483 663 1613 699 Nonne
1637 664 1717 702 binc
1739 675 1782 699 ea:
1808 665 2097 712 concupiscentiis
2123 667 2259 710 vestris,

1194 735 1272 772 quoe
1285 724 1438 760 militant
1469 725 1506 760 in
1532 725 1696 761 membriis
1714 726 1859 768 vestris,·
1893 726 2024 772 quibus
2051 727 2259 771 destructis,

1194 797 1263 833 pax
1284 787 1321 822 in
1343 793 1440 823 terra
1458 792 1598 830 nostra,
1630 787 1708 834 lege
1725 787 1789 823 Dei
1806 786 2003 832 refrenata,
2033 788 2257 836 profligatur.

1195 848 1243 883 Et
1265 848 1460 889 dormietis,
1482 849 1613 894 inquit.
1644 848 1683 883 In
1710 848 1959 885 retributionis
1991 855 2112 886 autem
2142 850 2264 896 specie

1196 907 1307 942 etiam
1328 908 1398 944 hoc
1414 907 1603 954 Scriptura
1620 917 1724 943 sacra
1747 908 1891 954 posuit;
1912 908 2084 944 dormitio
2101 909 2199 945 enim
2220 915 2259 945 ut

1195 973 1280 1011 pote
1312 969 1456 1014 requies
1502 979 1603 1004 mors
1639 974 1846 1005 sanctorum
1883 969 2038 1006 dicitur:
2056 970 2263 1017 iniquorum

1197 1031 1319 1063 autem
1338 1035 1411 1062 non
1429 1033 1484 1063 est
1501 1028 1565 1063 ita.
1583 1027 1649 1063 Cui
1665 1028 1770 1063 testis
1784 1034 1840 1063 est
1862 1028 2129 1065 Ecclesiastes.
2151 1029 2263 1065 Satu-

68 1109 148 1145 quae
186 1098 290 1133 malae
321 1101 428 1140 sunt,
464 1095 603 1132 fructus
634 1103 706 1130 non
744 1092 872 1130 afferre
903 1093 1031 1129 bonos.
1066 1092 1128 1129 Vis
1147 1080 1179 1118 Β
1199 1089 1285 1124 ritas
1308 1094 1426 1124 autem
1449 1089 1564 1124 divitis
1583 1100 1652 1123 non
1672 1088 1754 1124 sinit
1774 1089 1928 1124 dormire
1957 1100 2035 1124 eum
2065 1089 2184 1136 (Eccl.
2202 1089 2260 1136 v).

68 1158 134 1194 tibi
161 1162 198 1194 et
226 1158 397 1194 arborum
425 1156 607 1202 ipsarum,
638 1164 718 1200 quse
744 1154 839 1189 intra
862 1163 929 1189 nos
951 1159 1047 1196 sunt,
1069 1162 1131 1188 vo-

70 1219 197 1256 cabula
232 1224 268 1255 et
302 1217 559 1265 appellationes
599 1215 812 1261 expediam?
844 1214 923 1250 Non
956 1221 1011 1251 est
1043 1215 1131 1251 fieus

69 1289 136 1314 nec
154 1278 283 1321 malus,
302 1287 369 1314 nec
386 1278 486 1320 vitis,
509 1277 572 1312 sed
587 1285 658 1311 una
682 1276 791 1311 arbor
803 1274 946 1320 justitia
965 1280 1130 1316 vocatur,

70 1338 142 1374 alia
162 1338 367 1384 prudentia,
386 1337 455 1373 alia
473 1336 662 1378 fortitudo,
696 1335 767 1370 alia
800 1334 1037 1379 temperantia
1069 1344 1133 1369 no-

70 1398 242 1435 minatur.
262 1398 307 1433 Et
328 1398 358 1433 si
377 1398 432 1434 vis
451 1396 625 1442 majorem
641 1396 759 1432 adhuc
783 1394 954 1430 arborum
971 1394 1133 1429 multitu-

71 1457 207 1500 dinem,
224 1457 323 1492 disce
337 1455 468 1501 quibus
485 1455 653 1491 fortassis
673 1455 780 1500 digne
793 1454 994 1499 putabitur,
1010 1453 1132 1488 consi-

71 1523 131 1554 tus
150 1518 260 1553 etiam
282 1517 473 1563 paradisus
490 1515 554 1551 Dei
573 1520 643 1552 est.
671 1515 768 1561 Ergo
793 1514 862 1550 alia
888 1513 997 1550 arbor
1019 1514 1135 1560 pietas

72 1583 141 1621 est,
162 1583 198 1613 et
214 1577 284 1612 alia
302 1577 410 1613 arbor
427 1575 612 1623 sapientiae
627 1580 697 1618 est,
719 1582 756 1611 et
774 1575 844 1610 alia
855 1574 1054 1621 disciplinae
1065 1579 1133 1616 est,

73 1643 110 1674 et
130 1637 199 1673 alia
214 1638 374 1674 scientia:
390 1637 476 1672 boni
499 1641 534 1672 et
555 1635 639 1671 mali
656 1647 664 1670 :
681 1644 790 1680 super
816 1634 939 1670 omnia
971 1644 1059 1670 vero
1083 1640 1138 1670 est

73 1703 109 1734 et
128 1698 237 1734 arbor
255 1698 353 1740 vitae,
375 1696 567 1733 adhibeam
587 1701 716 1732 testem
733 1695 1040 1742 sapientissimum
1071 1694 1138 1731 Sa-

72 1756 270 1800 lomonem,
290 1757 468 1793 dicentem
489 1756 533 1792 de
554 1756 754 1802 sapientia:
782 1756 932 1802 Lignum
960 1757 1040 1791 vitoe
1072 1761 1136 1799 est,

75 1818 206 1864 inquit,
231 1818 389 1854 omnibus
418 1818 478 1864 qui
507 1817 764 1864 antplectuntur
798 1827 875 1852 eam
912 1814 1041 1864 (Pi-ov.
1057 1815 1136 1863 111).

76 1879 114 1916 Si
132 1890 218 1926 ergo
236 1878 412 1925 sapientia
431 1878 568 1924 lignum
583 1878 667 1914 vitae
685 1883 753 1921 est,
771 1878 850 1914 sine
868 1877 976 1913 dubio
989 1882 1028 1912 ot
1040 1875 1139 1912 aliud

74 1939 210 1986 lignum
227 1946 285 1976 est
303 1939 516 1986 prudentiae,
537 1944 574 1974 et
594 1938 691 1975 aliud
706 1937 872 1984 justitiae.
894 1938 1018 1983 Neque
1038 1937 1136 1973 enim

75 2006 342 2049 consequenter
354 2000 538 2037 diceretur
557 2010 602 2036 ex
620 2000 787 2036 omnibus
803 1999 1011 2042 virtutibus,
1023 1998 1135 2034 solam

74 2065 292 2110 sapientiam
310 2063 487 2099 meruisse
511 2071 590 2108 quae
616 2061 755 2108 lignum
786 2061 868 2096 vitae
898 2061 1051 2101 dicatur,
1075 2070 1142 2096 eae-

76 2130 174 2160 teras
195 2129 317 2159 autem
333 2123 488 2158 virtutes
516 2131 745 2167 nequaquam
770 2120 899 2156 similis
922 2119 1029 2156 sortis
1060 2129 1141 2156 sus-

76 2187 215 2233 cepisse
233 2185 423 2221 vocabula.
448 2184 559 2231 Ligna
577 2192 663 2229 ergo
690 2183 809 2229 campi
830 2183 966 2219 dabunt
986 2182 1143 2218 fructum

78 2256 180 2282 suum
204 2258 212 2280 :
236 2245 476 2292 Apprehendet
509 2246 673 2281 messium
700 2245 830 2280 tritura
861 2244 1084 2288 vindemiam,
1110 2250 1141 2279 et

76 2307 250 2342 vindemia
274 2306 454 2353 occupabit
468 2314 665 2342 sementem.
694 2306 772 2354 (Ex
806 2306 1018 2353 Hesycltio.)
1053 2306 1143 2351 Quia

77 2366 174 2402 enim
197 2365 328 2401 tritura
349 2370 456 2401 terrae
485 2365 621 2412 colligit
649 2365 802 2408 fructus,
831 2365 1010 2402 vindemia
1038 2367 1143 2403 arbo-

77 2436 158 2462 rum
180 2431 279 2462 rect.e
302 2425 441 2462 fructus
461 2427 636 2473 corporis,
654 2432 716 2463 aut
733 2428 872 2464 fructus
895 2428 1024 2464 animae
1045 2436 1144 2464 com-

77 2486 306 2532 prehendere
323 2487 399 2523 sive
416 2497 609 2533 occupare,
626 2488 712 2534 quia
731 2488 800 2524 hoc
817 2489 963 2534 quidem
985 2488 1144 2523 maxime

78 2549 343 2585 benedictionis
374 2554 444 2591 est,
481 2558 553 2584 uno
588 2549 789 2594 eodemque
818 2555 979 2594 tempore
1015 2548 1144 2584 stabile

80 2615 116 2645 et
140 2608 335 2644 fecundum
351 2617 481 2653 corpus
500 2613 608 2653 atque
625 2608 783 2643 animam
803 2608 839 2643 in
859 2607 1054 2643 virtutibus
1064 2617 1145 2654 pos-

81 2669 215 2706 sidere.
229 2668 518 2715 Comprehendet
530 2674 651 2705 autem
671 2670 748 2705 sive
762 2669 954 2715 occupabit
963 2669 1143 2705 vindemia

80 2734 294 2766 sementem.
325 2728 560 2775 Congregans
586 2729 683 2764 enim
713 2729 833 2764 anima
860 2729 1013 2765 virtutes
1043 2739 1141 2773 suas,

80 2800 165 2826 mox
185 2789 275 2825 alias
295 2788 478 2825 desiderat
494 2797 608 2835 usque
639 2789 726 2824 dum
756 2788 836 2824 illas
859 2789 1020 2834 attigerit
1050 2789 1141 2825 divi-

80 2851 164 2892 tias,
186 2850 231 2886 ad
254 2859 344 2895 quas
372 2849 504 2885 Paulus
531 2849 730 2892 festinavit,
761 2854 798 2885 et
821 2854 1011 2895 propterea
1043 2849 1141 2886 dice-

78 2915 142 2952 bat
163 2914 350 2958 :Fratres,
369 2926 429 2962 eqo
457 2926 511 2951 me
537 2926 607 2951 non
634 2915 787 2950 arbitror
815 2915 1139 2961 comprehendisse:

81 2985 190 3010 unum
205 2980 319 3010 autem
334 2985 412 3021 quae
425 2974 566 3021 quidem
580 2979 672 3010 retro
692 2979 773 3009 sunt
792 2972 933 3017 oblitus,
949 2974 986 3009 in
1002 2974 1056 3010 his
1075 2985 1140 3010 au-

81 3041 148 3070 tem
175 3046 253 3081 quce
287 3035 324 3070 in
352 3035 472 3080 priora
495 3039 590 3077 sunt,
614 3039 785 3076 extentus,
814 3033 1004 3069 secundum
1027 3034 1141 3069 inten-

81 3095 208 3130 tionem
223 3104 348 3140 sequor
366 3093 411 3128 ad
438 3092 592 3140 palmam
618 3103 778 3139 supernoe
801 3093 987 3129 vocationis
1011 3092 1142 3130 Christi

84 3151 201 3202 (Phil.
222 3154 301 3202 ιιι).
323 3153 476 3200 Propter
490 3155 585 3200 quod
600 3159 638 3190 et
660 3155 795 3190 bonum
821 3154 984 3200 sequitur
1014 3164 1139 3191 semen

80 3216 226 3263 plenum
265 3215 484 3252 salutaribus
510 3215 726 3259 actionibus,
752 3220 793 3251 ut
821 3215 914 3251 bene
948 3215 1139 3251 conveniat

83 3276 178 3323 quod
194 3276 357 3323 sequitur
372 3287 381 3311 ε
398 3275 447 3311 Et
464 3275 648 3311 comedetis
664 3285 789 3322 panem
812 3280 962 3310 vestrum
982 3276 1020 3310 in
1041 3281 1139 3311 satu-

84 3337 199 3375 ritate.
221 3337 259 3374 Si
276 3337 374 3374 enim
387 3337 492 3384 panis
509 3341 633 3374 noster
646 3337 762 3373 virtus
777 3342 846 3380 est,
864 3335 909 3373 de
922 3347 993 3383 qua
1012 3336 1137 3373 Domi-

85 3406 154 3436 nus
172 3399 314 3437 dicebat
332 3412 341 3436 :
360 3398 562 3447 operamini
578 3411 648 3436 non
665 3400 780 3436 cibum
793 3400 853 3447 qui
875 3399 979 3445 perit,
1003 3400 1063 3435 sed
1078 3401 1138 3446 qui

71 3466 261 3514 permanet
273 3461 312 3497 in
324 3461 431 3498 vitam
450 3466 617 3497 aeternam
633 3459 762 3510 (Joan.
783 3460 855 3508 vx).
882 3460 949 3497 Hic
978 3460 1066 3496 illud
1093 3460 1137 3495 ad

73 3522 289 3579 flatietatem
308 3523 487 3567 comedet,
507 3523 544 3560 id
563 3527 635 3566 est,
654 3527 839 3568 operatur,
860 3521 922 3568 qui
948 3520 984 3556 in
1009 3528 1138 3566 perpe-

89 3585 152 3626 m
150 3582 242 3650 gius
257 3585 453 3631 appetitum
469 3585 592 3622 habet.
613 3584 660 3620 Et
678 3584 808 3631 absque
824 3594 952 3631 pauore
967 3581 1139 3618 habitabi-

90 3641 135 3678 tis
146 3630 185 3678 itt

92 3709 203 3739 secun

306 3651 434 3688 vestra,
449 3644 540 3681 dabo
555 3655 685 3691 pacem
711 3645 748 3680 in
771 3643 900 3689 finibus
925 3643 1069 3685 vestris;
1086 3641 1141 3676 vel

385 3704 623 3750 magnimos
662 3703 769 3748 cltum
800 3714 869 3740 non
895 3702 1055 3739 transibit
1080 3711 1141 3749 per

302 3755 537 3802 Parnoi.
560 3761 592 3804 (ἶ

1245 1149 1398 1196 Propter
1414 1150 1510 1196 quod
1534 1160 1630 1186 nunc
1648 1157 1914 1196 consequenter
1927 1151 2065 1187 addidit
2083 1164 2092 1186 :
2116 1150 2163 1186 Et
2191 1161 2262 1186 non

1198 1211 1277 1254 erit,
1293 1211 1353 1257 qui
1373 1217 1558 1246 exterreat.
1586 1210 1654 1255 Qui
1684 1211 1779 1246 enim
1812 1212 1865 1247 sic
1895 1211 1999 1255 vixit,
2027 1213 2262 1259 quemadmo-

1200 1271 1285 1306 dum
1309 1272 1345 1307 in
1379 1271 1627 1316 superioribus
1654 1272 1787 1307 dictum
1816 1277 1886 1315 est,
1918 1283 1991 1308 non
2023 1274 2172 1310 habebit
2204 1274 2266 1319 qui

1201 1341 1283 1367 eum
1317 1337 1450 1367 terreat
1474 1337 1639 1377 tempore
1672 1332 1815 1375 mortis,
1847 1343 1927 1379 qua}
1960 1334 2065 1370 nobis
2098 1335 2267 1370 dormitio

1202 1399 1270 1436 est,
1293 1399 1442 1439 propter
1468 1404 1569 1439 spem
1599 1400 1827 1430 mortuorum
1860 1395 2149 1431 resurrectionis.
2187 1395 2266 1432 Non

1202 1454 1351 1490 habebit
1371 1460 1491 1489 autem
1510 1454 1571 1499 qui
1591 1459 1789 1497 exterreat,
1815 1455 1905 1490 nihil
1930 1455 1997 1491 sibi
2013 1455 2194 1498 conscius,
2221 1457 2266 1492 de

1203 1525 1273 1560 quo
1293 1520 1484 1550 terreatur.
1510 1514 1679 1560 Auferam
1698 1514 1808 1550 malas
1830 1515 1968 1559 bestias,
1994 1516 2164 1553 videlicet
2191 1517 2265 1552 dae-

1204 1588 1341 1614 mones.
1366 1577 1496 1613 Bestiae
1515 1577 1611 1612 enim
1629 1582 1713 1612 sunt
1728 1587 1771 1612 ex
1796 1577 1905 1612 simili
1931 1578 2082 1620 malitia,
2105 1579 2264 1623 primum

1205 1639 1299 1674 sicut
1335 1638 1502 1678 latentes,
1538 1637 1667 1673 deinde
1693 1642 1734 1672 ut
1761 1646 1940 1673 venenum
1976 1638 2204 1683 importabile
2232 1644 2270 1675 et

1204 1698 1432 1734 mortiferum
1457 1699 1646 1735 habentes.
1667 1697 1924 1743 Pei-sequimini
1938 1698 2098 1734 inimicos
2120 1705 2265 1736 vestros.

1206 1759 1283 1794 Non
1299 1764 1450 1805 possunt
1467 1759 1564 1794 enim
1581 1764 1664 1795 ante
1682 1758 1813 1795 faciem
1830 1770 1970 1803 eorum,
1985 1761 2047 1806 qui
2067 1761 2266 1798 seeundum

1206 1821 1320 1867 legem
1338 1822 1464 1857 vivunt
1482 1826 1592 1857 stare.
1626 1821 1672 1856 Et
1705 1827 1866 1856 corruent
1900 1832 2020 1857 coram
2048 1822 2156 1859 vobis.
2190 1823 2268 1867 Qua

1206 1882 1346 1917 morte?
1370 1889 1449 1926 quae
1469 1887 1526 1917 est
1549 1880 1673 1926 utique
1695 1890 1759 1927 per
1776 1880 1952 1926 jejunium
1990 1886 2026 1917 et
2054 1883 2267 1918 orationem.

1207 1939 1283 1976 Hoc
1299 1940 1395 1976 enim
1414 1940 1520 1976 modo
1536 1940 1652 1975 nostri
1671 1940 1914 1987 intelligibiles
1932 1942 2069 1978 inimici
2084 1942 2268 1979 daemones

1211 2000 1482 2042 interimuntur,
1505 2005 1545 2034 ut
1560 2009 1787 2045 nequaquam
1808 2000 1902 2036 ultra
1928 2006 2054 2036 contra
2090 2012 2156 2037 nos
2188 2013 2272 2048 pos-

1210 2061 1284 2097 sint
1305 2060 1534 2096 reviviscere.
1558 2059 1661 2095 Unde
1679 2065 1715 2094 et
1738 2059 1914 2095 Dominus
1944 2060 2117 2106 apostolis
2151 2061 2273 2107 inqui-

1210 2122 1389 2164 rentibus,
1410 2131 1475 2158 cur
1502 2126 1668 2156 mutuum
1698 2125 1735 2156 et
1764 2121 1910 2157 surdum
1947 2121 2178 2165 daemonium,
2209 2123 2273 2169 eji-

1210 2193 1294 2219 cere
1325 2183 1474 2218 minime
1493 2182 1708 2227 potuissent,
1726 2182 1912 2227 respondit
1933 2194 1940 2216 :
1959 2181 2036 2217 Hoc
2065 2194 2173 2228 penus
2205 2194 2273 2218 non

1209 2242 1350 2289 ejicitur
1370 2243 1438 2278 nisi
1457 2253 1518 2288 per
1528 2242 1706 2288 jejunium
1721 2248 1753 2277 et
1773 2242 1978 2277 orationem.
2014 2242 2274 2288 Persequentnr

1210 2304 1359 2349 quinque
1375 2303 1416 2337 de
1436 2302 1530 2337 vobis
1545 2308 1681 2336 centum
1699 2301 1832 2337 alienos
1850 2301 1993 2349 (Manli.
2011 2302 2114 2348 xvii),
2130 2303 2216 2344 sive,
2231 2309 2271 2337 ut

1211 2363 1460 2409 Septuaginta,
1489 2361 1657 2409 expellent
1682 2363 1945 2408 quinquaqinta.
1977 2361 2130 2398 Centum
2169 2363 2272 2408 (Ῑιιὶιι-

1210 2424 1383 2470 quaginta
1403 2422 1558 2459 dicimus
1575 2422 1774 2468 spiritalem
1790 2422 1985 2465 hominem,
2005 2422 2089 2466 quia
2109 2421 2166 2457 die
2181 2422 2272 2457 Pen-

1210 2490 1365 2521 tecostes
1391 2484 1549 2529 Spiritus
1564 2484 1608 2519 de
1623 2483 1714 2518 coelo
1740 2483 1938 2519 descendit.
1971 2483 2064 2529 Ergo
2096 2483 2271 2529 spiritalis

1210 2547 1270 2583 ille
1287 2545 1430 2592 qualem
1447 2544 1580 2580 Paulus
1599 2544 1741 2579 dicebat
1762 2555 1770 2578 :
1790 2543 1971 2589 Spiritalis
1991 2549 2106 2579 autem
2127 2543 2270 2590 judicat

1210 2607 1328 2642 omnia
1342 2611 1373 2641 et
1389 2606 1460 2652 ipse
1480 2616 1501 2639 α
1521 2605 1654 2639 nemine
1664 2604 1849 2650 judicatur
1869 2603 1914 2651 (J
1933 2603 2013 2641 Cor.
2043 2603 2106 2651 ιι),
2138 2605 2173 2640 id
2199 2610 2268 2648 est,

1210 2667 1272 2712 qui
1310 2665 1496 2702 scientiam
1526 2663 1725 2710 perfectam
1761 2664 1868 2699 babet
1884 2665 1930 2699 ad
1951 2664 2120 2699 subtilem
2144 2674 2268 2700 eorum

1210 2739 1288 2775 quae
1307 2729 1445 2775 agenda
1464 2733 1548 2764 sunt
1565 2727 1833 2769 discretionem,
1852 2726 1911 2762 hic
1930 2727 2095 2773 quamvis
2111 2727 2267 2763 validum

1209 2793 1424 2833 daemonem,
1440 2790 1541 2826 verbi
1559 2790 1688 2836 gratia,
1704 2789 1765 2835 qui
1780 2794 1836 2824 cst
1854 2799 1897 2823 ex
1915 2789 1968 2825 eis
1983 2799 2092 2836 supra
2108 2796 2268 2834 centum,

1155 2871 1192 2912 D
1209 2859 1246 2889 et
1266 2852 1326 2898 qui
1351 2851 1459 2897 Legio
1484 2850 1681 2897 appelletur
1709 2855 1857 2896 propter
1890 2851 2156 2888 multitudinem
2185 2853 2269 2889 obe-

1211 2912 1387 2949 dientium
1403 2912 1436 2947 ei
1451 2911 1629 2946 malorum
1648 2910 1839 2956 spirituum
1858 2916 1893 2945 et
1905 2911 2189 2957 cooperantium,
2206 2922 2268 2946 va-

1208 2973 1259 3010 let
1276 2983 1447 3020 superare
1465 2978 1572 3017 atque
1592 2972 1750 3006 vincere.
1782 2968 1828 3005 Et
1845 2978 1981 3006 centum
1997 2983 2014 3006 e
2028 2971 2123 3006 vobis
2150 2972 2267 3006 decem

1209 3034 1334 3070 millia.
1360 3033 1429 3078 Qui
1449 3033 1545 3069 enim
1567 3042 1638 3068 non
1658 3032 1774 3068 solum
1801 3032 1989 3068 scientiam
2014 3033 2123 3068 habet
2154 3033 2267 3068 subti-

1209 3096 1293 3139 lem,
1314 3096 1429 3131 sedet
1450 3095 1563 3130 vitam
1595 3093 1792 3140 perfectam
1824 3099 1932 3138 atque
1964 3099 2264 3134 consummatam,

1210 3157 1270 3193 hic
1293 3155 1421 3202 duplex
1454 3155 1717 3201 quodammodo
1738 3153 1909 3200 spiritalis
1928 3158 1996 3195 est,
2018 3158 2054 3188 et
2073 3157 2264 3197 propterea

1210 3218 1419 3255 centenario
1438 3227 1590 3253 numero
1611 3214 1843 3252 honorandus
1860 3219 1927 3256 est,
1959 3214 2052 3249 sicut
2083 3212 2261 3258 duplicem

1208 3278 1366 3316 fructum
1390 3278 1509 3315 ferens
1531 3277 1567 3312 in
1591 3276 1717 3322 spiritu
1737 3279 1844 3319 atque
1863 3272 2060 3319 perfectum
2082 3283 2090 3306 :
2112 3272 2155 3308 de
2175 3283 2261 3319 quo,

1210 3341 1383 3388 majorem
1403 3339 1567 3376 Christus
1589 3347 1660 3372 non
1679 3335 1775 3376 dicit,
1799 3335 1861 3370 sed
1888 3333 2096 3379 frequenter
2127 3333 2259 3370 bonam

1210 3409 1345 3438 terram
1359 3399 1545 3435 insinuans
1558 3395 1699 3431 dicebat
1716 3405 1724 3427 :
1738 3393 1850 3438 Affert
1857 3392 2010 3437 [ructum
2028 3393 2259 3439 trigesimum,

1205 3470 1237 3500 et
1255 3461 1505 3507 sexagesimum
1519 3462 1549 3492 et
1567 3454 1790 3490 centesimum
1804 3451 1952 3500 (Matth.
1968 3451 2069 3500 xm).
2091 3453 2158 3490 Hic
2176 3464 2262 3500 ergo

1207 3521 1317 3559 millia
1355 3518 1511 3554 hostium
1549 3513 1740 3558 subjicere,
1768 3521 1894 3548 omnes
1919 3512 2087 3549 videlicet
2118 3519 2261 3549 mntra·

1208 3584 1281 3619 rias
1293 3580 1458 3620 virtutes,
1474 3580 1514 3611 ut
1536 3579 1620 3621 pote
1652 3573 1712 3619 qui
1738 3573 1913 3609 virtutum
1940 3573 2049 3609 babet
2070 3573 2263 3619 perlectio-

1210 3650 1304 3679 nem,
1324 3641 1454 3682 potest.
1472 3632 1658 3678 Quomodo
1678 3637 1797 3667 autem
1815 3630 1982 3677 subjicit?
1999 3631 2036 3667 ln
2057 3633 2168 3668 verbo
2190 3631 2260 3668 uti-

1211 3707 1278 3743 que
1295 3694 1370 3731 Dei.
1386 3692 1445 3727 Ait
1463 3690 1557 3727 enim
1578 3702 1585 3724 :
1608 3689 1651 3724 Et
1675 3689 1796 3724 cudent
1823 3688 1955 3723 inimici
1983 3689 2084 3723 vestri
2108 3689 2144 3725 in
2173 3700 2260 3728 con-
