2540 4016
305 208 385 259 tusv

722 209 762 248 Β.
790 205 960 245 maara
983 190 1132 246 mutu
1156 207 1370 246 Ancmnr.
1396 206 1603 248 uocum.
1632 211 1823 252 ormam
1844 214 1967 254 raas
1987 215 2018 254 1.

2393 221 2463 261 5⁴⁴
2492 200 2496 229 ἶ

301 303 380 334 rum
397 297 581 336 nunquam
601 286 709 328 cadit,
735 292 920 329 nunquam
943 282 1107 319 aufertur
1118 310 1128 326 ‚
1158 292 1343 328 nunquam
1362 283 1398 323 A
1413 282 1459 319 ad
1473 284 1582 322 fldem
1593 287 1712 330 venit;
1731 288 1927 334 inquilinus
1939 294 2059 327 autem
2077 295 2214 335 noster,
2229 292 2292 339 qui
2309 297 2463 334 necdum

298 356 343 392 ab
371 361 494 388 eorum
512 349 594 395 jure
620 349 820 392 separatur.
848 343 1034 388 Quomodo
1059 343 1156 379 enim
1176 343 1344 390 'separari

296 423 318 450 a
339 410 598 448 ‘sacerdotibus
637 406 765 441 domus
792 409 934 451 potest,
966 413 1047 449 quae
1077 403 1254 440 aedificata
1290 410 1346 441 est

295 482 403 518 supra
430 469 698 505 fundamentum
732 466 978 512 apostolorum
1009 471 1046 502 et
1073 468 1343 513 prophetarum,

295 534 330 569 in
345 540 414 578 qua
427 534 481 565 est
497 529 572 573 ipse
587 526 767 573 angularis
780 526 871 572 lapis
883 525 988 563 Jesus
1001 525 1186 563 Christus?
1199 527 1343 574 (Ephes.

294 593 350 639 ιι.)
364 590 465 636 Quod
479 594 599 625 autem
612 588 727 634 possit
738 588 931 633 aliquando
952 588 1079 625 domus
1093 589 1162 625 ista
1178 589 1342 633 distrahi,

293 654 362 690 hoc
384 656 451 693 est,
474 649 678 695 hujusmodi
699 648 891 684 aedificatio
912 649 1070 686 incidere
1084 650 1121 685 in
1141 655 1343 696 peccatum,

293 712 374 748 audi
406 709 606 756 apostolum
627 709 798 752 Paulum,
833 719 905 754 quo
921 710 1027 745 modo
1051 715 1086 745 et
1112 710 1196 746 alibi
1226 710 1312 745 dicit
1334 721 1341 744 z

295 769 339 805 Ut
365 770 502 816 sapiens
531 769 738 804 architectus
759 767 1038 814 fundamentum,
1066 770 1196 816 inquit,
1228 771 1343 816 posui,

293 831 383 867 alius
411 830 688 877 superoedificat;
707 830 954 876 {unusquisque
977 836 1093 864 autem
1119 830 1231 864 videat
1261 841 1347 875 quo-

291 893 393 928 modo
427 891 682 938 superoedificet
703 900 714 925 .·
733 890 1001 936 fundamentum
1017 891 1107 925 enim
1127 890 1226 925 aliud
1247 901 1346 925 nemo

290 958 398 998 potest
416 963 542 998 ponere
561 957 687 997 praeter
700 951 735 985 ict
748 951 841 995 quod
851 952 1001 997 positum
1019 957 1080 992 est,
1101 951 1158 997 qui
1178 957 1226 986 est
1241 950 1344 986 Chri-

289 1018 363 1046 stus
391 1011 507 1047 Jesus.
540 1011 580 1047 Si
603 1011 678 1058 quis
705 1018 821 1046 autem
854 1022 961 1057 supra
992 1011 1259 1056 fundamentum
1281 1012 1345 1046 hoc

291 1072 441 1116 oedificat
461 1083 599 1114 aurum,
622 1078 819 1117 argentum,
835 1071 968 1117 lapides
994 1072 1176 1117 pretiosos,
1197 1073 1344 1118 liqnum,

290 1118 421 1178 fenum,
441 1133 607 1178 stipulam
629 1132 664 1179 (Ι
688 1133 769 1167 Cor.
792 1133 861 1179 ιιι).
890 1132 999 1168 Vides
1018 1144 1104 1180 ergo
1123 1134 1207 1180 quia
1227 1141 1346 1181 potest

1411 346 1593 391 propriam
1611 347 1758 383 domum
1775 349 1907 394 habet,
1929 350 1992 387 sed
2011 356 2134 387 nostra
2158 352 2403 393 admonitione
2425 362 2463 395 et

1412 404 1573 452 diligenti
1605 407 1842 446 instructione
1873 415 1954 457 eget
1985 416 2026 447 ut
2056 417 2286 459 protegatur,
2318 420 2355 451 et
2389 426 2463 454 non

1412 468 1710 511 quemadmodum
1731 471 1808 506 sine
1839 471 1945 508 domo
1981 473 2052 510 huc
2075 479 2112 509 et
2137 474 2223 511 illuc
2252 481 2376 519 erret;
2410 478 2464 516 sic

1411 536 1499 573 ergo
1516 529 1732 564 auxiliamur
1748 530 1891 567 infirmo
1911 531 2016 567 fratri
2033 538 2073 568 ut
2088 533 2188 569 vivat
2205 536 2409 580 nobiscum,
2427 542 2464 574 et

1412 589 1617 625 nullatenus
1646 590 1836 633 moriatur,
1873 601 1894 626 a
1926 593 2199 630 conversatione
2230 595 2292 631 Dei
2326 596 2463 634 alienus
2523 587 2540 615 ⁷³

1412 648 1574 692 effectus,
1600 650 1725 685 vivens
1744 651 1944 694 nobiscum,
1965 652 2001 688 id
2020 658 2087 695 est,
2107 665 2173 700 per
2189 665 2256 691 nos
2273 663 2310 692 et
2322 667 2386 702 per
2399 667 2464 693 no-

1413 713 1525 744 stram
1554 709 1777 754 doctrinam,
1808 712 2107 756 quemadmodum
2135 715 2348 760 quibusdam
2372 717 2463 754 cibis

1412 767 1517 804 bonis
1547 768 1781 806 confortatus.
1815 771 1964 817 Oportet
1999 779 2119 810 autem
2146 775 2178 810 ei
2203 776 2296 812 sicut
2320 777 2464 814 infirmo

1413 835 1720 878 condescendere,
1744 842 1779 872 et
1798 838 1934 873 mederi
1962 849 2041 884 quae
2071 840 2266 875 secundum
2290 841 2464 877 virtutem

1413 892 1490 937 ejus
1513 900 1607 929 sunt.
1628 895 1822 940 Propterea
1845 898 2017 942 subdidit,
2043 910 2084 934 ne
2105 901 2256 946 accipias
2279 912 2405 936 usuras
2421 901 2464 936 ab

1413 964 1465 994 eo,
1487 965 1547 988 nec
1567 955 1720 1001 amplius
1740 968 1844 1002 quam
1861 958 1999 1001 dedisti,
2020 969 2065 994 ne
2085 959 2177 995 forte
2201 970 2283 996 cum
2300 960 2465 997 infirmus

1414 1011 1530 1048 factus
1547 1014 1604 1056 sit,
1626 1019 1663 1049 et
1678 1025 1697 1050 a
1715 1016 1823 1061 priori
1840 1017 1963 1062 regula
1983 1018 2204 1061 imminutus,
2225 1019 2468 1057 abundantius

1415 1072 1460 1107 ab
1482 1082 1524 1108 eo
1545 1074 1718 1110 virtutum
1745 1076 1989 1120 operationem
2015 1078 2213 1124 exigamus,
2243 1080 2304 1113 sed
2332 1090 2466 1124 provo-

1415 1145 1536 1171 cemus
1554 1145 1633 1170 eum
1662 1147 1877 1182 manumque
1903 1136 1981 1182 ejus
1997 1142 2037 1172 ut
2057 1138 2189 1173 infirmi
2208 1145 2464 1183 sustentemus,

289 1202 399 1238 supra
427 1192 700 1228 fundamentum
721 1193 854 1228 Christi
875 1193 1047 1228 aediticari
1066 1194 1161 1240 ligna
1176 1222 1184 1238 ‚
1208 1194 1343 1240 fenum,
1365 1207 1395 1245 Β
1417 1200 1595 1239 caputque
1620 1205 1701 1231 eum
1720 1196 1966 1231 tantummodo
1984 1197 2072 1243 legis
2091 1203 2127 1231 et
2145 1197 2345 1233 divinorum
2365 1209 2467 1233 man-

290 1252 479 1296 stipulam,
510 1253 578 1288 hoc
599 1258 654 1288 est
680 1262 789 1298 opera
810 1253 963 1297 pcccati,
993 1263 1071 1298 quae
1091 1254 1151 1298 qui
1175 1254 1341 1298 aedificat,

290 1313 366 1348 sine
389 1312 497 1348 dubio
525 1312 686 1347 vendidit
718 1312 862 1347 domum
888 1322 990 1347 suam
1017 1313 1169 1356 emptori
1188 1314 1343 1357 pessimo

290 1373 446 1415 diabolo,
465 1384 483 1407 a
503 1383 574 1419 quo
594 1373 840 1418 unusquisque
857 1373 1083 1418 peccantium
1102 1373 1239 1418 peccati
1260 1384 1344 1418 pre-

290 1434 378 1468 tium
396 1433 629 1479 consequitur
645 1460 654 1476 ,
677 1433 963 1469 satisfactionem
990 1432 1157 1468 desiderii
1178 1433 1248 1475 sui,
1276 1434 1345 1469 hoc

290 1497 317 1531 si
340 1495 431 1531 forte
457 1496 653 1531 incurrerit
678 1495 819 1541 aliquis,
843 1494 937 1539 quod
959 1494 1062 1534 absit,
1085 1494 1156 1529 cito
1177 1494 1344 1538 redimat,

290 1557 359 1592 cito
387 1563 531 1602 reparet
550 1557 635 1592 dum
654 1563 793 1602 tempus
813 1562 867 1591 est
887 1555 1078 1601 reparandi
1092 1582 1102 1597 ,
1123 1555 1205 1590 dum
1226 1555 1344 1600 poeni-

291 1618 411 1652 tentiae
427 1618 524 1653 locus
536 1618 850 1662 est‚deprecantes
869 1618 1119 1659 incommune,
1139 1627 1183 1651 ne
1202 1621 1345 1652 acternae

294 1678 420 1713 domus
441 1678 661 1714 habitatione
687 1678 906 1721 fraudemur,
935 1680 997 1714 sed
1024 1678 1120 1724 digni
1147 1679 1347 1715 habeamur

292 1739 402 1785 recipi
419 1739 455 1774 in
475 1745 608 1775 aeterna
626 1740 870 1776 tabernacula.

695 1799 844 1836 CAPUT
865 1800 936 1835 Vll.

552 1859 604 1895 De
627 1861 743 1896 usuris
765 1872 833 1896 non
857 1860 1081 1907 accipiendis.

340 1918 455 1967 (inm.)
473 1918 511 1955 Si
529 1926 729 1956 attenuatus
750 1921 854 1966 suerit
873 1921 983 1965 frater
1003 1927 1082 1955 tuus
1097 1946 1106 1962 ,
1125 1925 1158 1955 et
1185 1921 1347 1965 infirmus

293 1991 413 2023 manu,
440 1987 471 2016 et
495 1983 685 2028 susceperis
713 1993 791 2017 eum
817 1982 918 2028 quasi
946 1982 1114 2017 advenam
1138 1988 1169 2017 et
1196 1984 1348 2028 pereyo-i-

295 2051 392 2082 num,
416 2046 447 2075 et
467 2041 590 2075 vixerit
614 2047 739 2084 tecum,
767 2053 809 2077 ne
829 2042 978 2087 accipias
999 2053 1125 2078 usuras
1149 2042 1191 2078 ab
1211 2054 1263 2086 eo,
1288 2054 1348 2078 nec

1414 1256 1590 1297 datorum,
1612 1255 1645 1290 id
1663 1260 1732 1298 est,
1749 1262 1872 1291 utnon
1891 1263 2017 1302 peccet
2031 1257 2236 1302 exigentes;
2257 1268 2343 1303 ergo
2358 1259 2467 1294 nimis

1413 1315 1615 1350 necessarie
1639 1316 1787 1358 addidit,
1809 1317 1890 1351 time
1913 1317 2023 1352 Deum
2053 1323 2165 1359 tuum,
2185 1322 2234 1360 et,
2255 1330 2315 1364 eqo
2345 1319 2468 1354 Domi-

1413 1386 1477 1410 nus
1491 1376 1582 1410 Deus
1599 1383 1718 1411 vester.
1734 1376 1843 1422 Cujus
1858 1376 1982 1423 jugum
1998 1387 2106 1413 suave
2119 1384 2187 1421 est,
2207 1379 2267 1423 qui
2282 1379 2467 1414 hominem

1413 1435 1527 1470 modis
1552 1436 1720 1470 omnibus
1749 1437 1893 1480 quidem
1920 1447 1991 1471 non
2017 1447 2170 1482 peccare
2202 1439 2326 1484 exigit,
2354 1439 2467 1474 virtu-

1414 1498 1468 1528 tes
1495 1499 1615 1528 autem
1642 1494 1755 1539 exigit
1780 1495 1976 1529 secundum
1999 1496 2289 1540 possibilitatem.
2316 1497 2468 1542 Propter

1413 1552 1507 1598 quod
1536 1553 1580 1588 de
1607 1553 1813 1599 virginitate
1846 1554 2022 1596 sanciens,
2058 1565 2126 1589 non
2162 1566 2278 1590 omnes
2312 1557 2467 1602 capiunt,

1415 1614 1541 1659 inquit.
1563 1614 1633 1651 Sed
1648 1615 1742 1651 etde
1760 1625 1830 1651 non
1849 1617 2066 1661 possidendo
2085 1618 2219 1653 docens
2239 1631 2246 1653 :
2271 1618 2312 1654 Si
2330 1619 2396 1662 vis,
2412 1620 2469 1654 iu-

1414 1675 1503 1719 quit,
1532 1676 1703 1721 perfectns
1724 1687 1796 1711 esse
1825 1675 1967 1722 (ΜαῖῖΙι.
1999 1676 2096 1724 xix);
2121 1678 2158 1712 in
2176 1679 2345 1714 mandato
2371 1689 2466 1724 prae·-

1414 1737 1505 1772 dixit
1539 1750 1547 1772 :
1575 1737 1614 1774 Si
1645 1749 1725 1784 erqo
1755 1738 1865 1784 frater
1891 1745 1969 1774 tuus
1999 1739 2078 1774 vivit
2106 1740 2199 1785 apud
2217 1746 2264 1782 te,
2283 1741 2466 1785 pecuniam

1414 1805 1510 1834 tuam
1538 1811 1606 1835 non
1631 1800 1729 1835 dabis
1751 1801 1796 1835 ad
1816 1812 1980 1844 usuram,
2011 1806 2043 1836 et
2082 1801 2223 1847 fruqum
2250 1801 2466 1846 superabun-

1412 1861 1571 1896 dantiam
1597 1873 1665 1897 non
1687 1862 1812 1908 exiqes.
1837 1861 1907 1898 Sed
1924 1862 2073 1897 Paulum
2093 1862 2235 1897 imitare
2253 1863 2432 1898 dicentem
2453 1873 2463 1897 ε

1415 1921 1546 1957 Factus
1572 1934 1649 1958 sum
1682 1923 1830 1968 infirmis
1859 1922 2020 1967 infirmus
2038 1921 2073 1970 (I
2094 1922 2175 1958 Cor.
2205 1921 2270 1969 tx).
2289 1922 2385 1957 Nihil
2404 1931 2468 1958 eos

1415 1984 1458 2019 ad
1477 1985 1621 2020 virtutis
1641 1986 1816 2021 rationem
1841 1985 1963 2031 exigas
1980 1984 2061 2030 plus
2081 1995 2101 2020 a
2119 1985 2240 2030 priore
2257 1984 2404 2020 virtute.
2427 1982 2467 2020 Si

1416 2050 1537 2082 autem
1557 2045 1656 2082 dicas
1682 2045 1832 2082 forsitan
1852 2057 1914 2082 eos
1929 2056 2049 2092 posse,
2077 2045 2140 2081 sed
2159 2045 2322 2080 infirmos
2339 2054 2377 2080 se
2400 2043 2468 2080 fin-

294 2100 442 2145 amplius
473 2112 578 2146 quam
609 2102 763 2145 dedisti;
785 2103 864 2137 time
889 2102 997 2137 Deum
1024 2110 1137 2147 tuum,
1174 2111 1211 2139 ut
1238 2105 1346 2140 vivere
1366 2105 1394 2145 C
1416 2114 1519 2150 gere.
1544 2106 1612 2141 hoc
1626 2105 1700 2150 jam
1720 2117 1791 2142 non
1821 2113 1876 2142 est
1904 2112 2017 2148 tuum,
2046 2105 2108 2141 sed
2133 2104 2225 2140 illius
2247 2110 2301 2139 est
2318 2104 2378 2149 qui
2399 2103 2468 2139 scit

295 2159 402 2205 possit
422 2159 532 2204 frater
556 2166 636 2195 tuus
662 2161 755 2206 apud
779 2169 823 2204 te,
843 2163 1023 2207 pecuniam
1049 2169 1144 2198 tuam
1164 2175 1233 2199 non
1247 2165 1345 2200 dabis

295 2221 326 2256 ei
359 2221 404 2256 ad
429 2231 596 2265 usuram,
630 2228 661 2257 et
694 2223 834 2269 fruqnm
863 2234 967 2269 super
994 2224 1245 2260 abundantiam
1277 2237 1347 2261 non

294 2280 409 2326 eoeiyes
430 2290 442 2314 .·
462 2292 522 2327 eqo
546 2282 718 2318 Dominus
749 2283 842 2318 Deus
871 2289 979 2319 vester
1010 2285 1069 2330 qui
1095 2284 1201 2319 eduxi
1224 2296 1281 2320 vos
1305 2286 1347 2321 de

295 2347 388 2377 terra
415 2342 562 2389 AEqypti
578 2370 587 2387 ,
614 2351 652 2379 ut
680 2345 800 2380 darem
828 2346 922 2381 vobis
948 2351 1078 2380 terram
1105 2345 1286 2388 Clzanaan,
1314 2354 1347 2382 et

295 2414 401 2439 essem
411 2410 519 2439 vester
527 2406 634 2441 Deus.
653 2406 723 2453 (Ex
735 2406 937 2453 Hesychia.)
951 2406 990 2442 In
1004 2407 1171 2453 praesenti
1190 2407 1267 2452 lege
1277 2408 1347 2445 duo

296 2470 377 2500 sunt
395 2474 474 2510 qua:
487 2467 613 2501 mirari
623 2467 838 2514 legislatoris
847 2472 1023 2512 oporteat,
1046 2467 1158 2510 idest,
1171 2468 1347 2513 sapientia

297 2528 332 2559 et
348 2530 463 2569 pietas
482 2536 491 2560 ε
513 2526 687 2571 sapientia
704 2526 863 2573 quidem,
880 2527 964 2572 quia
982 2537 1061 2572 quae
1080 2534 1164 2563 sunt
1179 2528 1345 2564 sublimia

295 2592 358 2628 per
377 2594 418 2619 ea
438 2595 516 2630 quae
533 2586 699 2622 videntur
715 2587 864 2622 humilia
891 2588 1055 2632 exponit;
1082 2588 1197 2633 pietas
1226 2593 1346 2624 autem

296 2653 375 2688 quae
392 2649 446 2680 cst
471 2645 507 2680 in
524 2647 685 2682 custodia
705 2647 832 2684 litterae
850 2653 886 2683 et
903 2649 1218 2694 contemplationis
1240 2649 1347 2695 spiri-

297 2703 391 2738 talis.
407 2703 544 2739 Littera
559 2706 588 2740 si
599 2707 740 2750 quidem
755 2709 923 2752 pauperis
933 2709 1044 2753 exigit
1058 2709 1344 2753 subventionem,

298 2767 335 2797 et
358 2772 473 2808 neque
496 2762 611 2800 claudi
630 2775 714 2811 erga
741 2775 823 2801 eum
846 2769 984 2804 viscera
1010 2769 1146 2813 petenti
1168 2775 1344 2814 mutuum,

300 2832 366 2858 nec
406 2824 580 2871 negotiari
617 2826 660 2862 de
695 2834 906 2872 paupertate
944 2828 1020 2873 ejus
1053 2831 1348 2875 superabundan-

296 2883 384 2918 tiam
407 2885 582 2930 exigendo
597 2912 606 2929 ‚
640 2891 678 2922 et
701 2897 847 2923 usuram
870 2889 1116 2940 percipiendo,
1140 2895 1176 2926 et
1205 2890 1347 2927 lucrum

299 2942 341 2976 de
361 2943 494 2986 pietate
512 2945 700 2990 captando.
722 2945 877 2992 Spiritus
895 2953 1014 2983 autem
1025 2958 1184 2994 anagoge
1198 2949 1346 2985 demon-

298 3005 388 3036 strat
411 3003 590 3047 quomodo
615 3010 779 3049 oporteat
811 3007 862 3042 uti
884 3007 936 3043 eis
967 3009 1028 3052 qui
1056 3008 1115 3044 illa
1134 3015 1346 3055 paupertate

296 3071 470 3108 pauperes
485 3063 570 3101 facti
585 3071 680 3108 sunt,
699 3067 743 3103 de
757 3077 826 3113 qua
843 3067 955 3103 David
966 3069 1146 3105 clamabat
1163 3082 1171 3104 :
1189 3069 1264 3105 Cito
1284 3082 1346 3107 nos

297 3123 458 3170 anticipet
479 3126 716 3162 misericordia
739 3134 812 3169 tua,
835 3128 917 3174 quia
933 3139 1100 3174 pauperes
1123 3129 1205 3174 sacti
1226 3141 1345 3166 sumus

298 3186 399 3221 nimis
420 3184 535 3232 (Psat.
563 3186 728 3234 Lxxvut).
762 3187 823 3224 Sic
848 3198 932 3235 ergo
962 3188 1158 3224 secundum
1182 3190 1344 3226 ordinem

298 3247 353 3283 nis
371 3258 451 3293 quae
470 3247 565 3283 dicta
583 3253 667 3284 sunt
686 3248 904 3285 intendimus
926 3259 935 3284 ε
959 3248 998 3284 Si
1016 3254 1215 3284 attenuatus
1238 3249 1345 3295 suerit

298 3307 407 3354 frater
428 3314 508 3343 tuus
522 3314 553 3343 et
570 3308 732 3353 infirmus
746 3319 863 3351 manu,
886 3315 919 3345 et
935 3310 1126 3356 susceperis
1143 3319 1221 3345 eum
1241 3308 1343 3355 quasi

300 3367 464 3403 advenam
493 3374 524 3403 et
551 3369 783 3415 pet-cyrinum,
817 3375 849 3405 et
883 3370 1004 3405 vixerit
1036 3375 1161 3412 tecum,
1194 3368 1342 3404 fratrem

300 3429 574 3476 uuiuscujusque
585 3430 644 3467 hic
656 3430 831 3477 aequalem
845 3431 1018 3478 dignitate
1026 3435 1062 3467 et
1072 3430 1345 3468 conversatione

299 3488 404 3524 dicit:
418 3489 475 3524 bic
493 3490 523 3524 si
541 3490 577 3525 in
591 3492 799 3536 operatione
816 3491 988 3528 virtutum
1003 3491 1206 3527 infirmatus
1223 3490 1345 3534 fuerit,

299 3548 367 3585 hoc
395 3555 448 3585 est
477 3551 573 3586 enim
590 3550 762 3588 infirmari
781 3563 904 3596 mauu,
923 3557 1074 3602 ›mopter
1097 3552 1193 3599 quod
1218 3551 1348 3598 Aquila

300 3611 331 3645 si
349 3610 533 3654 excederit,
557 3611 683 3658 inquit,
710 3614 820 3660 frater
847 3611 930 3650 tuus‘
949 3611 983 3649 et
1004 3612 1194 3661 culpaverit
1221 3623 1347 3648 manns

301 3669 376 3715 ejas
391 3677 513 3714 tecum,
538 3673 703 3710 auxiliari
719 3674 768 3717 ei,
784 3673 982 3710 secundum
998 3673 1094 3710 Lxx
1111 3674 1348 3720 interpretum

303 3739 446 3767 sensum
474 3742 540 3768 nos
571 3737 742 3779 tanquam
762 3734 946 3781 proselyto
980 3739 1018 3770 et
1050 3733 1227 3782 inquilino
1252 3733 1347 3786 vult.¹

302 3787 508 3836 Proeetytus
526 3796 646 3830 autem
668 3798 792 3831 noster
811 3794 887 3831 sive
903 3794 1041 3831 advena
1062 3799 1132 3840 est,
1156 3795 1220 3842 qui
1246 3802 1344 3832 nuuc

1415 2165 1499 2209 quid
1518 2175 1602 2200 vere
1627 2176 1830 2210 possumus,
1850 2167 1910 2212 qui
1929 2167 2017 2202 dixit
2047 2165 2092 2200 ad
2118 2165 2240 2207 illum,
2267 2164 2328 2209 qui
2353 2163 2468 2199 talen-

1414 2230 1489 2259 tum
1510 2225 1696 2261 abscondit
1724 2239 1731 2260 :
1758 2227 1950 2273 Oportebat
1981 2233 2012 2262 te
2039 2227 2122 2261 dare
2145 2226 2327 2271 pecuniam
2352 2235 2467 2260 meam

1415 2284 1673 2328 nummulariis,
1696 2291 1727 2320 et
1745 2297 1805 2332 eqo
1820 2288 1956 2322 veniens
1976 2298 2054 2322 cum
2068 2287 2186 2322 usuris
2201 2286 2319 2332 utique
2334 2285 2466 2331 exeqis-

1414 2357 1484 2381 sem
1511 2357 1587 2381 eam
1606 2345 1707 2393 (Luc.
1737 2348 1828 2394 xlx).
1855 2349 1899 2384 Et
1922 2359 1992 2384 non
2023 2354 2078 2384 est
2107 2348 2365 2384 condemnatus
2382 2346 2466 2392 quia

1414 2414 1559 2439 usuram
1583 2415 1654 2440 non
1673 2407 1833 2450 accepit,
1855 2406 1917 2442 sed
1937 2409 2019 2452 quia
2037 2408 2227 2452 pecuniam
2248 2418 2320 2442 non
2343 2407 2465 2449 dedit;

1414 2465 1624 2509 sibimetipsi
1638 2466 1734 2500 enim
1748 2466 2006 2511 paterfamilias
2022 2468 2248 2503 exactionem
2265 2468 2467 2504 reservavit

1413 2534 1545 2560 usurae.
1572 2525 1661 2561 Vide
1687 2536 1771 2571 ergo
1794 2537 1902 2571 quam
1922 2528 2190 2564 conclusionem
2210 2528 2384 2563 mandato
2401 2528 2467 2564 ad-

1414 2583 1504 2619 didit
1524 2597 1532 2619 :
1555 2584 1630 2630 qu
1658 2586 1830 2622 Dominus
1855 2587 1948 2622 Deus
1980 2594 2106 2629 vester,
2129 2587 2188 2633 qui
2215 2588 2319 2622 eduxi
2347 2598 2405 2623 vos
2422 2588 2466 2624 de

1415 2650 1507 2681 terra
1541 2645 1701 2692 AEqypti,
1723 2654 1759 2682 ut
1789 2648 1908 2682 darem
1940 2648 2031 2683 vobis
2064 2654 2192 2683 terram
2218 2646 2401 2692 Chanaan,
2426 2653 2464 2684 ut

1414 2718 1520 2742 essem
1536 2713 1644 2743 vester
1663 2707 1768 2742 Deus.
1790 2707 1835 2742 Et
1849 2708 1934 2753 quid
1951 2707 1987 2742 in
2004 2707 2171 2753 praesenti
2188 2706 2266 2742 loco
2283 2707 2352 2742 hoc
2365 2717 2464 2742 com-

1413 2777 1615 2803 memorare
1629 2767 1810 2812 legislator
1823 2759 1944 2814 eguit?
1963 2767 2031 2804 Sed
2051 2767 2168 2803 modis
2188 2767 2354 2802 omnibus
2374 2765 2462 2802 illud

1414 2826 1662 2861 demonstrare
1693 2825 1838 2868 volens,
1864 2826 1947 2870 quia
1974 2824 2273 2871 quemadmodum
2291 2823 2461 2870 populum

1414 2884 1457 2919 de
1475 2889 1571 2919 terra
1589 2883 1748 2931 AEgypfi,
1777 2891 1814 2921 et
1843 2886 1887 2921 de
1908 2886 2038 2932 populo
2058 2886 2241 2931 peccatori
2261 2884 2396 2928 eduxit,
2426 2889 2464 2920 et

1415 2943 1452 2978 in
1471 2948 1604 2979 terram
1620 2943 1791 2980 Chanaan
1811 2945 1959 2982 alterius
1977 2945 2098 2992 popuii
2114 2955 2241 2980 rursus
2256 2944 2457 2989 peccatoris

1414 3004 1624 3047 introduxit,
1651 3006 1713 3042 sed
1733 3006 1833 3042 illinc
1852 3007 1997 3052 quidem
2017 3017 2079 3043 eos
2098 3007 2235 3048 eduxit,
2250 3011 2291 3041 ut
2305 3015 2375 3041 non
2392 3006 2460 3042 sub

1414 3063 1662 3110 AEgyptiorum
1673 3066 1702 3100 si
1714 3067 1829 3102 adhuc
1838 3071 1971 3102 terram
1981 3068 2189 3103 habitarent
2198 3066 2354 3102 dominio
2365 3070 2463 3101 tene-

1413 3129 1550 3167 rentur,
1574 3125 1609 3160 in
1635 3130 1768 3160 terram
1796 3130 1913 3161 autem
1938 3125 2222 3162 Chananaeorum
2249 3124 2461 3165 introduxit,

1413 3186 1495 3230 quia
1505 3186 1663 3230 expulsis
1672 3186 1838 3232 gentibus
1856 3197 1928 3222 non
1939 3186 2123 3232 erantjam
2132 3188 2170 3222 in
2182 3196 2307 3223 eorum
2317 3185 2464 3222 servitio

1414 3246 1612 3290 redigendi,
1623 3245 1686 3280 sed
1703 3250 1739 3280 et
1753 3251 1848 3280 terra
1863 3247 2058 3281 emundata
2079 3247 2227 3283 carebat
2240 3246 2346 3282 malis
2363 3244 2465 3281 habi-

1414 3304 1606 3344 tatoribus,
1640 3304 1694 3338 sic
1729 3314 1795 3339 nos
1825 3305 1920 3340 Deus
1943 3305 2010 3340 sub
2036 3304 2282 3340 dominatione
2317 3305 2464 3351 quidem

1414 3364 1527 3411 redigi
1535 3369 1764 3410 peccatorum
1773 3372 1843 3398 non
1853 3363 2003 3409 patitur,
2013 3363 2075 3400 sed
2085 3373 2202 3410 neque
2213 3373 2338 3399 eorum
2350 3364 2465 3399 socie·
2525 3368 2537 3410 γ·

1415 3431 1542 3468 tatem,
1565 3434 1680 3471 usque
1693 3424 1778 3459 dum
1789 3429 1870 3460 sunt
1885 3429 2094 3470 peccatores
2109 3422 2288 3468 amplecti.
2311 3422 2462 3466 Quando

1417 3491 1536 3523 autem
1550 3495 1674 3522 eorum
1691 3491 1790 3522 terra
1806 3484 1997 3522 emundata
2007 3484 2126 3527 fuerit,
2139 3484 2301 3531 praecipit
2310 3494 2393 3520 cum
2409 3483 2463 3522 eis

1417 3557 1511 3595 esse,
1523 3553 1560 3584 et
1573 3546 1679 3583 simul
1690 3546 1867 3588 habitare,
1883 3551 1919 3581 et
1929 3545 2015 3581 dare
2023 3545 2077 3581 eis
2085 3550 2247 3581 nostram
2256 3543 2445 3592 pecuniam

1805 3617 1956 3655 CAPUT
1975 3617 2062 3655 vul.

1417 3679 1575 3726 Qualiter
1589 3680 1734 3717 tractari
1756 3678 1878 3716 debeat
1878 3691 1930 3763 aas
1953 3681 2013 3735 qui
2039 3689 2082 3715 ex
2097 3678 2182 3726 filiis
2200 3679 2314 3718 Israel
2335 3677 2462 3715 serviet

1929 3737 1993 3762 ert.

1462 3786 1582 3838 (lam.)
1607 3787 1648 3826 Si
1674 3791 1877 3836 paupertate
1894 3785 2100 3837 ‚compulsus
2115 3785 2319 3837 ,vuendiderit
2337 3794 2377 3823 se
2395 3781 2463 3822 titt
2508 3775 2510 3778 ’
