2540 4016
690 30 708 46 0

305 159 374 198 ¹oe

297 234 417 276 amit.
453 231 567 268 Tenes
596 233 635 265 tu
663 226 758 274 quod
786 231 894 270 pecus
925 226 996 254 non
1021 218 1126 260 potes

298 297 517 342 aliquantum
546 291 585 328 in
614 286 839 328 continendo,
866 291 937 318 non
957 278 1095 314 laborat
1114 282 1238 319 pecus.
1265 267 1338 305 Sed

295 355 465 406 gaudebis
484 362 624 399 semper
641 352 677 387 in
693 346 902 386 aeternitate,
923 340 968 377 ad
988 347 1096 385 quam
1115 345 1187 371 non
1203 341 1336 380 perve-

296 420 348 454 nit
362 426 484 464 pecus.
502 414 539 451 Si
553 421 641 460 opus
656 409 791 454 fatigat,
809 412 947 441 merces
965 398 1184 436 consoletur.
1200 394 1247 431 Et
1260 394 1338 439 ipsa

295 479 390 515 enim
419 474 587 524 patientia
609 477 663 507 est
687 466 894 505 interiorem
929 467 1067 498 motum
1106 457 1264 499 frenare,
1302 458 1338 490 et

294 540 388 587 quod
408 538 515 575 habes
529 540 713 572 commune
727 538 807 566 cum
827 535 971 573 pecore,
990 533 1064 559 non
1080 526 1254 566 tanquam
1270 527 1336 563 pe-

292 612 355 638 cus
384 601 419 636 in
445 598 539 635 omni
558 606 596 631 re
612 594 719 630 debes
737 591 871 626 laxare.
899 585 1000 631 Quod
1023 585 1053 622 si
1074 580 1336 628 contempseris

292 667 340 703 te,
359 667 395 695 et
411 657 598 703 imaginem
623 653 686 689 Dei
714 652 748 687 in
770 661 838 696 qua
866 648 952 684 fecit
983 652 1018 683 te
1039 643 1264 693 neglexeris,
1286 641 1339 676 vi-

290 726 366 757 ctus
380 718 570 765 cupiditate
585 713 837 761 insignitarum
857 719 993 751 rerum,
1010 713 1184 753 tanquam
1205 702 1338 739 amisso

290 782 429 819 homine
453 779 523 815 eris
545 786 666 824 pecus,
687 785 758 810 non
778 772 882 819 quasi
901 779 1099 808 conversus
1114 768 1150 802 in
1169 771 1338 801 naturam

290 843 441 891 pecoris,
463 840 523 877 scd
545 840 579 875 in
599 837 752 874 hominis
770 835 887 870 sorma
907 832 1045 868 habens
1063 824 1338 864 similitudinem

290 904 449 950 pst-oris&
477 901 536 947 qui
564 911 632 935 uon
657 897 758 933 audis
778 896 983 931 dicentem:
1005 889 1126 925 Nolite
1147 897 1219 922 esse
1247 885 1340 920 sicut

289 976 394 1010 catius
408 971 437 998 ιί
454 961 578 1002 nialus,
598 971 663 995 non
678 957 840 993 habentes
856 952 1071 989 intellectum
1089 947 1204 997 (Psal.
1218 945 1335 992 xxxi).

291 1027 358 1062 Sed
389 1025 479 1061 sorte
505 1022 607 1069 eligis
641 1021 704 1056 tibi
734 1028 813 1054 csse
845 1026 966 1063 pecus,
1001 1019 1038 1049 et
1068 1012 1179 1047 libera
1211 1006 1339 1055 vagari

290 1086 449 1126 libidine,
473 1083 569 1119 nulla
593 1083 668 1127 lege
697 1079 890 1126 appetitum
924 1075 1043 1113 carnis
1075 1073 1119 1109 ad
1150 1071 1339 1108 coutinen-

716 147 757 184 B.
783 139 951 182 RABANI
976 134 1125 175 MAURt
1149 125 1366 170 ARCfltEP.
1393 120 1606 163 MOGUNT.
1633 118 1829 160 OPERUM
1851 114 1976 156 PARS
1996 115 2028 154 l.

1128 216 1154 247 t,
1176 209 1339 246 Laboras
1355 201 1393 243 Α
1407 199 1518 243 dives,
1538 208 1612 236 non
1635 203 1721 237 ante
1735 196 1903 235 homiues
1918 194 2022 231 dives
2034 190 2072 240 (I
2087 187 2187 226 Petr.
2203 184 2277 235 ιιι).
2293 181 2480 224 nameus
2536 215 2540 220 .

2401 106 2476 147 {M

1407 261 1520 306 videt,
1543 260 1595 298 ibi
1614 260 1730 298 dives.
1751 259 1846 304 Quid
1875 267 1962 305 ergo
1989 254 2054 292 tibi
2082 249 2253 300 prodest?
2271 246 2342 285 ubi
2365 246 2478 293 homo
2527 275 2540 309 Ι

1408 337 1483 364 non
1499 325 1613 368 videt,
1638 323 1773 360 furaris
1791 327 1853 359 :et
1875 321 1939 357 ubi
1970 319 2067 356 Deus
2092 315 2204 358 videt,
2228 308 2475 360 grandinaris.
2507 341 2540 378 ἱ

1409 387 1586 425 Octavum
1615 390 1839 432 praeeeptum
1858 395 1868 420 ε
1891 381 2044 418 Falsum
2069 374 2309 415 testimonium
2329 382 2400 409 non
2417 370 2478 408 di-

1409 461 1477 487 ces.
1511 449 1649 487 Octava
1679 447 1801 495 plaga,
1828 446 1982 487 locusta,
2013 439 2150 478 animal
2179 438 2287 475 dente
2312 433 2475 471 noxium.

1409 511 1504 557 Quid
1537 516 1661 547 autem
1692 508 1770 545 vult
1805 507 1918 543 salsus
1954 505 2080 547 testis,
2116 500 2187 538 nisi
2217 507 2350 535 nocere
2379 504 2479 532 mor-

1410 573 1545 616 dendo,
1562 578 1600 608 et
1615 579 1832 608 consumere
1848 564 2083 604 mentiendo?
2102 562 2267 608 Denique
2280 559 2480 596 admonens

1412 633 1580 670 homines
1601 632 1667 668 Dei
1686 629 1882 677 Apostolus
1901 638 1948 664 ne
1972 637 2011 663 se
2038 625 2139 661 salsis
2163 617 2480 659 criminationibus

1411 698 1598 741 appetant,
1622 691 1661 728 Si
1683 690 1868 732 mordetis,
1893 689 2024 734 inquit,
2050 692 2084 722 et
2108 683 2289 722 comeditis
2315 681 2478 722 invicem,

1411 755 1521 792 videte
1551 765 1592 789 ne
1613 752 1655 788 ab
1685 751 1833 787 invicem
1864 746 2121 784 consumamini
2148 742 2245 792 (Gal.
2264 743 2317 788 v).
2336 740 2479 776 Nonum

1409 821 1632 863 praeceptum
1654 826 1662 849 z
1685 813 1769 848 Non
1795 810 2018 857 concupisces
2052 816 2199 843 uxorem
2227 802 2382 851 proximi
2413 800 2478 837 tui.

1411 878 1512 914 Nona
1551 877 1672 924 plaga,
1704 875 1825 911 densae
1859 872 2030 908 tenebrae.
2066 868 2211 905 Etenim
2238 870 2291 902 est
2312 862 2480 911 quaedam

1411 940 1568 976 moechia
1588 944 1715 975 contra
1744 946 1853 982 quam
1880 944 1989 980 supra
2017 935 2240 978 praeceptum
2258 927 2385 963 datum
2408 929 2479 968 est,

1411 1004 1521 1039 etiam
1547 1011 1618 1038 non
1649 998 1850 1047 appetenda
1883 995 2050 1033 castitate
2081 991 2208 1029 uxoris
2230 989 2371 1025 alienae.
2393 985 2482 1022 Μω-

1411 1066 1502 1102 chus
1529 1070 1585 1101 est
1614 1063 1725 1106 enim,
1755 1067 1791 1097 et
1809 1059 1870 1106 qui
1889 1062 2054 1095 movetur
2075 1055 2120 1091 ad
2139 1062 2292 1089 uxorem
2307 1050 2478 1089 alienam,

293 1147 378 1182 tiam
414 1143 679 1181 refrenandum.
708 1140 859 1176 Atteudc
890 1138 1030 1184 plagam
1051 1135 1115 1170 :Si
1150 1141 1261 1178 pecus
1287 1141 1338 1171 es,
1361 1117 1393 1157 Β
1414 1134 1555 1164 tantum
1586 1126 1671 1172 quia
1706 1133 1777 1160 non
1807 1125 1999 1159 contentus
2019 1123 2076 1154 est
2101 1127 2178 1153 sua.
2201 1113 2281 1150 Jam
2301 1121 2388 1148 vero
2408 1119 2481 1146 nou

294 1218 363 1243 nou
388 1206 512 1248 times,
547 1205 609 1240 sed
637 1202 763 1239 saltem
793 1200 883 1236 mori
913 1199 1030 1234 times.
1069 1196 1219 1232 Sextum
1251 1202 1342 1239 prae-

294 1275 450 1314 ceptum,
480 1266 560 1302 Non
579 1265 725 1300 occides.
754 1262 862 1298 Sexta
889 1260 1006 1306 plaga,
1035 1255 1184 1304 pustulat
1203 1254 1239 1290 in
1259 1263 1341 1290 cor-

294 1339 392 1375 pore,
410 1334 444 1364 et
460 1327 586 1363 vesica·
606 1326 792 1362 bullientes
821 1329 855 1358 ct
882 1326 1073 1361 scatentes,
1106 1324 1143 1354 et
1178 1315 1343 1352 incendia

294 1389 491 1431 vulnerum,
511 1395 546 1423 ct
567 1385 694 1422 favilla*
715 1383 883 1419 tornacis.
908 1381 1012 1416 Tales
1029 1384 1111 1414 sunt
1128 1378 1258 1412 anima:
1275 1376 1341 1411 ho-

294 1450 489 1485 micidales.
511 1450 645 1484 Ardent
675 1448 741 1490 ira,
767 1447 851 1493 quia
869 1456 931 1492 per
952 1445 1042 1480 iram
1060 1440 1247 1478 homicidii
1266 1437 1342 1474 sra-

294 1511 441 1547 teruitas
461 1510 609 1556 deperit.
636 1509 772 1544 Ardent
790 1507 953 1543 homines
970 1506 1036 1544 ira,
1059 1503 1190 1539 ardent
1208 1506 1244 1537 et
1261 1510 1344 1547 gra-

294 1577 355 1611 tia.
375 1574 443 1610 Sed
463 1573 552 1609 alius
570 1578 624 1608 est
646 1573 765 1607 servor
791 1570 971 1611 sanitatis,
1000 1567 1090 1602 alius
1111 1566 1233 1601 servor
1248 1563 1346 1598 ulce-

297 1639 358 1673 ris.
389 1637 564 1671 Ardentes
594 1634 731 1681 papula:
762 1643 824 1678 per
855 1637 965 1668 totum
991 1633 1164 1674 concepta
1194 1625 1346 1661 homici-

298 1699 354 1733 dia
386 1702 537 1741 scatent,
566 1701 601 1730 et
630 1704 754 1729 sanum
777 1703 846 1728 non
871 1698 944 1734 est3
975 1691 1101 1733 servet,
1129 1687 1191 1724 sed
1212 1695 1283 1722 non
1303 1684 1346 1719 de

297 1760 422 1805 spiritu
445 1758 519 1794 Dei.
542 1756 628 1792 Nam
655 1763 687 1791 et
709 1756 768 1801 qui
791 1754 867 1790 vult
887 1752 1090 1794 subvenire,
1122 1750 1238 1785 servet
1257 1759 1264 1783 :
1287 1746 1347 1782 ille

298 1826 484 1868 pnccepto‚
511 1819 592 1860 iste,
611 1817 757 1859 morbo,
779 1816 837 1852 illc
864 1816 968 1852 bouis
991 1813 1176 1860 operibus,
1197 1811 1268 1845 iste
1288 1819 1346 1844 sa-

297 1883 365 1918 niei
382 1881 570 1917 ulceribus.
588 1880 623 1915 Si
641 1889 828 1925 possemus
847 1877 971 1912 videre
988 1875 1129 1910 animas
1146 1870 1349 1907 homicida-

297 1954 386 1983 rum,
415 1942 492 1988 plus
520 1941 769 1987 plangeremus
797 1947 907 1982 quam
932 1932 1176 1982 putrescentia
1196 1939 1348 1975 corpora

296 2007 547 2043 ulceratorum.
573 2003 770 2049 Sequitur:

344 2067 424 2102 Νοιι
459 2065 642 2111 furaberis.
679 2062 902 2107 Praeceptum
931 2057 1142 2104 septimum,
1174 2060 1210 2091 ct
1241 2053 1346 2099 plaga

299 2129 461 2174 septima,
490 2127 623 2174 grando
641 2125 677 2161 in
698 2123 898 2165 fructibus;
934 2121 1029 2166 quod
1060 2123 1186 2155 contra
1215 2124 1351 2163 praecc-

299 2195 398 2235 ptum
414 2188 595 2230 subducis,
608 2187 650 2222 de
669 2185 760 2222 coelo
775 2183 909 2230 perdis.
923 2181 1039 2217 Nemo
1053 2179 1149 2216 enim
1170 2178 1279 2214 habet
1297 2176 1352 2211 in-

298 2249 430 2294 justum
448 2248 583 2284 lucrum
609 2248 684 2283 sine
705 2247 800 2292 iusto
817 2246 959 2281 damno.
983 2242 1094 2278 Verbi
1115 2239 1233 2287 gratia
1255 2251 1262 2274 :
1289 2237 1351 2283 qui

299 2310 442 2346 furatur
484 2308 633 2354 acquirit
676 2312 809 2343 vestem
829 2332 838 2349 ‚
875 2304 937 2340 sed
976 2302 1161 2339 coelestem
1214 2298 1351 2346 judicio

301 2372 432 2408 amittit
470 2370 588 2406 fldem.
634 2368 702 2405 Ubi
748 2368 885 2402 lucrum
905 2393 914 2410 ‚
960 2366 1009 2402 ibi
1053 2365 1237 2400 damnum.
1289 2361 1351 2397 vi-

302 2433 452 2469 sibiliter
493 2431 631 2467 lucrum
648 2456 658 2473 ,
697 2428 925 2464 invisibiliter
963 2427 1147 2463 damnum.
1194 2424 1352 2459 Lucrum

303 2494 346 2530 de
378 2503 440 2528 sua
470 2492 645 2534 mccitate,
681 2490 848 2525 damnum
870 2488 914 2524 de
931 2486 1073 2523 Domini
1099 2486 1206 2521 nube.
1229 2483 1354 2528 Neque

304 2554 398 2589 euim
417 2552 550 2599 aliquid
570 2552 647 2588 siue
664 2550 905 2597 providentia,
934 2546 1138 2584 charissimi
1156 2558 1165 2580 2
1182 2550 1246 2580 aut
1269 2553 1355 2579 vere

306 2615 478 2660 reputatis
499 2623 541 2648 ea
559 2623 637 2657 quae
655 2612 840 2656 patiuntur
857 2610 1037 2651 homines,
1056 2607 1260 2644 dormiente
1281 2605 1355 2641 Deo

309 2674 404 2720 pati?
426 2672 564 2707 Passim
582 2670 747 2705 videntur
765 2670 842 2704 lieri
867 2670 956 2710 haec,
991 2669 1105 2704 nubes
1129 2667 1264 2714 colligi,
1290 2666 1357 2701 im-

311 2734 394 2769 bres
421 2730 572 2773 infundi,
596 2729 805 2775 grandinem
822 2726 907 2771 jaci,
929 2727 1097 2762 tonitruis
1116 2732 1251 2762 terram
1271 2735 1357 2761 con-

311 2795 397 2836 cuti.
422 2792 669 2830 coruscatione
689 2788 831 2827 terreri,
857 2786 989 2832 passim
1015 2791 1186 2831 putantur
1204 2785 1297 2826 fieri,
1323 2790 1361 2819 et

314 2854 416 2901 quasi
434 2854 478 2889 ad
495 2853 650 2888 divinam
679 2848 941 2894 providentiam
970 2855 1040 2880 non
1059 2845 1255 2890 pertinere,
1277 2854 1362 2879 con-

317 2920 372 2949 tra
400 2912 488 2948 tales
515 2908 748 2955 cogitationes
767 2906 889 2953 vigilat
909 2905 967 2941 ille
996 2904 1154 2951 psalmus
1177 2916 1184 2939 :
1205 2903 1363 2938 Laudare
1381 2928 1418 2968 D
1435 2910 1542 2947 quam
1555 2901 1652 2946 juste
1666 2898 1862 2944 possidere,
1882 2898 2043 2934 haeredes
2059 2908 2098 2934 se
2112 2901 2279 2943 quoerunt
2293 2895 2372 2932 lieri
2386 2905 2407 2932 a
2420 2902 2496 2930 mo·

316 2973 504 3010 Dominum
518 2971 560 3006 de
574 2976 679 3006 terra.
694 2968 784 3004 Cum
802 2967 926 3003 laudes
941 2966 1046 3003 dietae
1062 2971 1185 3002 essent
1200 2965 1244 3001 de
1258 2965 1363 3008 coelo,

316 3033 484 3069 dracena
503 3038 534 3067 et
553 3041 669 3066 annues
686 3028 816 3075 abyssi,
832 3028 935 3074 ionis,
953 3027 1103 3073 qrando,
1126 3028 1200 3069 nix,
1221 3026 1364 3072 glacies,

315 3094 460 3141 spiritu
480 3090 703 3138 tempestatis,
726 3100 804 3136 quw
828 3087 962 3133 facium
987 3088 1125 3123 verbum
1149 3087 1225 3133 ejus
1248 3085 1363 3134 (Psal.

317 3152 482 3200 exunt).
514 3151 607 3198 Ergo
637 3150 698 3196 qui
733 3159 799 3186 suo
830 3148 924 3184 malo
955 3147 1134 3184 desiderio
1168 3146 1368 3183 forinsecus

317 3213 495 3256 furantur,
510 3211 575 3248 Dei
586 3209 724 3256 judicio
740 3209 958 3245 intrinsecus
974 3208 1248 3255 grandinantur.
1268 3207 1316 3244 ΟΕ
1337 3208 1367 3244 εἰ

318 3277 464 3321 possent
489 3271 667 3319 inspicere
697 3279 823 3317 agrum
853 3268 973 3306 cordis
1000 3268 1069 3310 sui,
1091 3267 1254 3315 profecto
1274 3267 1370 3314 luge-

319 3339 415 3376 rem,
436 3333 521 3369 dum
542 3330 592 3368 ibi
625 3340 698 3368 non
720 3329 940 3374 invenirent,
972 3329 1068 3375 quod
1096 3328 1133 3365 in
1162 3338 1205 3365 os
1239 3328 1371 3365 mentis

321 3392 504 3430 mitterent
521 3404 530 3429 ε
546 3397 584 3429 et
612 3392 644 3429 si
669 3392 706 3428 in
734 3390 832 3428 furto
864 3401 942 3434 suo,
975 3390 1179 3428 invenirent
1211 3389 1309 3436 quod
1333 3390 1371 3427 in

322 3453 529 3492 uatium
547 3455 684 3492 ventris
707 3454 907 3499 mitterent,
925 3446 1178 3500 maior‘rames
1190 3457 1289 3490 esset
1307 3451 1372 3489 ho-

322 3513 432 3552 mint·
453 3513 658 3551 inaertorin
677 3514 792 3562 major
808 3513 924 3552 sames
938 3519 976 3552 et
994 3513 1232 3562 periculosior
1245 3513 1366 3561 plaga,

324 3573 520 3622 eeu-vtor-
540 3583 652 3612 mn·
679 3573 780 3613 Uti
801 3575 936 3613 inormi
960 3574 1162 3620 ambulant,
1193 3580 1232 3612 et
1263 3573 1369 3613 multi

322 3632 519 3674 m
540 3634 589 3672 do
605 3634 710 3672 νεώ
729 3634 865 3673 divitiis
873 3635 1079 3687 stultam.
1109 3633 1372 3686 uniquam&

323 3750 988 3809 mmm-mmm
1002 3738 1368 3809 amanam-
1430 3723 1468 3762 ⁵·

317 3826 404 3854 um
426 3824 494 3854 mi
525 3824 719 3861 ‚morum
753 3831 883 3867 nemun
916 3847 947 3867 a.
981 3850 1010 3866 ..-
1041 3846 1149 3878 ..pala
1179 3846 1351 3877 ,mue-01..
1383 3868 1388 3870 γ
1431 3861 1435 3866 .

1413 1191 1529 1227 solum
1557 1194 1638 1236 post
1658 1198 1762 1224 suam
1788 1193 1954 1232 peccare,
1976 1180 2040 1218 sed
2057 1179 2168 1216 etiam
2187 1177 2344 1212 alienam
2364 1177 2482 1208 atten-

1413 1258 1507 1295 tare,
1528 1260 1612 1287 vere
1633 1250 1754 1286 densae
1771 1252 1854 1283 sunt
1877 1244 2047 1280 tenebrae.
2077 1239 2175 1276 Nihil
2195 1238 2292 1274 enim
2312 1235 2365 1272 sic
2385 1233 2484 1270 dolet

1413 1314 1449 1350 in
1471 1313 1580 1350 corde
1598 1309 1781 1358 patientis,
1810 1313 1847 1344 et
1876 1306 1939 1352 qui
1966 1305 2034 1340 hoc
2056 1301 2144 1338 facit
2169 1298 2291 1341 alteri,
2309 1294 2401 1332 nihil
2427 1294 2482 1330 sic

1411 1375 1489 1411 vult
1510 1374 1605 1420 pati;
1637 1372 1682 1408 ad
1710 1371 1827 1406 aliena
1859 1366 2022 1414 paratior
2041 1369 2098 1400 est
2115 1361 2236 1398 omnis
2258 1359 2381 1395 homo.
2405 1355 2482 1391 Hoc

1412 1443 1535 1473 autem
1572 1434 1696 1471 nescio
1731 1437 1901 1467 utrumne
1934 1432 2002 1470 est,
2029 1425 2091 1471 qui
2121 1419 2362 1459 tolerabiliter
2388 1415 2483 1453 ferat

1413 1499 1541 1535 odiens
1570 1498 1637 1533 has
1665 1495 1838 1532 tenebras
1861 1493 1930 1528 ista
1954 1487 2178 1530 facientium,
2207 1484 2292 1521 talia
2309 1479 2482 1526 concupi-

1415 1560 1608 1600 scentium,
1644 1568 1730 1594 vere
1750 1558 1980 1592 exerceantur
2009 1550 2132 1586 surore
2154 1545 2335 1584 horribili.
2364 1543 2482 1579 Furor

1414 1623 1511 1658 enim
1538 1620 1736 1657 indomitus
1758 1623 1814 1653 est
1847 1613 2063 1652 conculcare
2085 1609 2154 1646 viri
2182 1616 2347 1644 uxorem.
2377 1602 2482 1640 Deci-

1414 1693 1514 1719 mum
1547 1686 1767 1727 praeceptum
1789 1683 1870 1714 est:
1893 1675 1977 1712 Non
2010 1671 2234 1718 concupisces
2266 1667 2376 1703 uuam
2407 1675 2481 1700 rem

1414 1742 1565 1789 proaimi
1582 1741 1632 1774 tui
1649 1748 1659 1772 :
1678 1749 1750 1774 non
1768 1746 1893 1784 pecus,
1911 1745 1983 1770 non
2001 1731 2283 1778 possessionem,
2308 1736 2381 1763 non
2401 1725 2483 1761 sub-

1412 1803 1566 1849 jugium,
1586 1811 1657 1836 non
1674 1798 1810 1844 aliquid
1825 1796 1974 1833 omnino
1990 1792 2146 1840 proximi
2165 1791 2214 1828 tui
2230 1788 2481 1835 concupiscas.
2500 1808 2506 1811 -

1416 1865 1509 1900 Huic
1528 1863 1622 1899 mala
1647 1861 1754 1907 plaga
1774 1857 1959 1894 contraria
1979 1861 2035 1892 est
2055 1854 2210 1896 decima,
2230 1862 2329 1888 mors
2346 1850 2485 1896 primo-

1418 1925 1636 1972 genitorum.
1658 1921 1697 1956 ln
1713 1931 1782 1966 qua
1801 1919 1906 1965 plaga
1926 1927 2008 1953 cum
2025 1913 2337 1961 comparationem
2357 1919 2485 1956 quam-

1418 1987 1501 2023 dam
1532 1995 1669 2031 qusero,
1697 1982 1786 2019 nihil
1812 1982 1900 2018 mihi
1920 1980 2066 2016 interim
2093 1976 2265 2015 occurrit.
2301 1972 2486 2011 Fortassis

1420 2052 1590 2084 occurrat
1623 2044 1752 2081 melius
1783 2042 2063 2089 diligentiusque
2094 2035 2385 2085 inquirentibus,
2417 2033 2486 2070 nisi

1419 2109 1504 2155 quia
1526 2116 1652 2143 omnes
1685 2115 1744 2141 res
1773 2115 1864 2150 quas
1894 2103 2017 2146 habet,
2041 2100 2245 2138 haeredibus
2265 2106 2413 2135 servare
2430 2105 2489 2131 re-

1419 2168 1671 2215 prehenditur.
1690 2166 1757 2202 llic
1776 2171 1896 2201 autem
1913 2164 2059 2205 clamat,
2075 2162 2136 2208 qui
2164 2171 2240 2196 rem
2258 2157 2417 2206 proximi
2432 2155 2488 2192 sui

1422 2228 1659 2275 concupiscit,
1688 2233 1725 2262 et
1754 2226 1815 2272 qui
1838 2225 1936 2261 furto
1962 2224 2093 2266 aufert,
2115 2227 2152 2258 et
2172 2222 2234 2267 qui
2259 2219 2402 2256 furatur
2423 2216 2490 2253 ali-

1422 2292 1508 2338 quid
1526 2291 1703 2338 proximo‚
1727 2299 1798 2325 non
1818 2293 1940 2335 potest
1968 2287 2038 2323 nisi
2070 2296 2145 2322 rem
2171 2283 2329 2331 proximi
2358 2279 2488 2318 furari.

1423 2352 1495 2388 Sed
1531 2352 1575 2387 ‹le
1608 2351 1705 2386 furto
1738 2351 1813 2397 jam
1844 2349 2010 2396 superius
2042 2352 2266 2394 praeceptum
2304 2348 2386 2387 est,
2426 2341 2489 2378 ubi

1424 2412 1604 2458 intelligas
1625 2417 1663 2447 et
1682 2410 1860 2456 rapinam.
1887 2408 1966 2444 Non
1997 2407 2095 2444 enim
2119 2407 2162 2441 de
2184 2406 2280 2440 furto
2310 2400 2490 2450 praecipe·
2536 2436 2540 2437 ⁷

1423 2479 1492 2516 ret,
1523 2477 1559 2508 et
1587 2472 1630 2507 dc
1652 2470 1776 2517 rapina
1808 2474 1948 2505 taceret
1978 2468 2181 2513 Scriptura,
2216 2465 2285 2500 nisi
2306 2470 2340 2500 te
2359 2461 2491 2500 intelli·
2536 2476 2540 2509 ᾗ

1425 2544 1510 2581 gere
1540 2532 1727 2575 voluisset,
1753 2531 1837 2577 quia
1862 2530 1892 2566 si
1911 2529 2053 2576 poenalc
2070 2532 2126 2564 est
2146 2525 2311 2563 clanculo
2331 2523 2490 2566 auferre,

1426 2595 1540 2631 multo
1561 2594 1708 2640 majoris
1735 2603 1853 2640 poenae
1876 2598 1931 2628 est
1953 2591 2130 2627 violenter
2152 2589 2308 2635 eripere.
2335 2585 2492 2622 Auferre

1426 2668 1513 2703 ergo
1541 2657 1679 2699 volens,
1703 2655 1779 2691 sive
1801 2653 1958 2696 occulte,
1989 2653 2066 2688 sive
2099 2650 2232 2698 palam,
2268 2649 2376 2685 habet
2401 2655 2494 2694 prae-
2537 2683 2540 2687 ,

1428 2725 1573 2766 ceptum
1591 2729 1716 2760 suum;
1736 2717 1995 2762 concupiscere
2020 2724 2096 2750 rem
2115 2711 2287 2758 proximi,
2306 2709 2403 2756 quod
2427 2718 2494 2745 no-
2524 2719 2540 2742 1

1430 2787 1483 2815 tat
1503 2780 1599 2815 Deus
1624 2780 1660 2814 in
1690 2778 1814 2820 corde,
1835 2775 1980 2812 etiamsi
1995 2774 2132 2819 justam
2153 2772 2202 2808 ibi
2222 2770 2493 2808 successionem
2525 2758 2540 2805 ri

1432 2850 1588 2885 quaeras,
1598 2849 1670 2874 non
1685 2838 1784 2873 licet.
1798 2836 1960 2882 Denique
1976 2836 2038 2882 qui
2053 2834 2180 2871 volunt
2192 2843 2252 2871 res
2265 2833 2401 2869 alienas
2418 2837 2496 2868 tan·

1436 2958 1626 2994 mentibus.
1646 2957 1738 3001 Quid
1756 2958 1852 2994 enim
1871 2963 1944 2994 tam
1960 2958 2099 3005 justum
2118 2948 2263 2994 videtur
2283 2965 2395 3002 quam
2414 2965 2495 2993 rem
2519 2970 2526 2995 a

1435 3019 1502 3056 sibi
1519 3019 1725 3055 derelictam
1740 3019 1939 3066 possidere,
1965 3025 2001 3055 et
2023 3019 2158 3055 habere
2181 3017 2266 3064 jure
2284 3015 2494 3054 communi?
2522 3038 2526 3039 ν

1436 3079 1528 3123 Quid
1544 3079 1638 3126 apud
1658 3085 1691 3115 te
1711 3077 1798 3116 facit
1812 3080 1944 3116 homo?
1962 3079 2151 3116 dimissum
2171 3084 2228 3116 est
2253 3077 2357 3122 mihi,
2377 3077 2496 3114 baere-
2523 3080 2526 3082 ’

1437 3139 1584 3175 ditatem
1614 3146 1831 3177 consecutus
1861 3150 1955 3184 sum,
1980 3145 2240 3177 testamentum
2268 3138 2372 3187 lego;
2402 3135 2495 3174 nihil
2524 3146 2531 3151 ·

1437 3199 1579 3237 videtur
1596 3199 1728 3246 justius
1758 3202 1827 3238 ista
1854 3211 1944 3238 voce
1963 3203 2140 3238 avaritiae.
2174 3201 2228 3237 Tu
2242 3200 2370 3238 laudas
2388 3197 2498 3247 quasi

1431 3261 1513 3308 jure
1527 3262 1786 3309 possidentem,
1802 3262 1898 3300 Deus
1915 3264 2063 3301 damnat
2082 3262 2220 3310 injuste
2237 3255 2501 3310 concupisce-nc

1438 3327 1524 3359 tem.
1543 3323 1633 3359 vide
1649 3323 1764 3370 qualis
1782 3333 1822 3360 es
1835 3324 1909 3372 qui-
1919 3331 2024 3371 optas
2047 3331 2083 3361 te
2102 3323 2148 3362 ab
2166 3324 2289 3371 aliquo
2310 3309 2505 3360 haerede&

1437 3382 1530 3420 fleri.
1557 3382 1636 3420 Non
1659 3384 1714 3421 vis
1731 3389 1773 3420 ut
1788 3384 1922 3422 habeat
1948 3385 2124 3424 haeredes.
2145 3379 2187 3423 ln'
2203 3381 2412 3423 haeredibus
2438 3397 2441 3411 ³
2463 3396 2466 3410 ·

1436 3451 1512 3484 tem
1535 3445 1626 3484 nibil
1659 3446 1807 3483 charius
1837 3447 2104 3496 primogenito;
2132 3445 2287 3496 proinfle
2302 3430 2382 3491 trip
2404 3443 2413 3452 ‘
2452 3456 2467 3473 1⁵

1438 3509 1570 3560 genitis
1589 3508 1664 3546 tuis
1681 3508 1835 3558 puniris,
1860 3508 1923 3556 qui
1949 3504 2239 3558 concupiscendo
2259 3514 2321 3545 res
2340 3499 2469 3546 alieti.

1437 3570 1475 3608 iu
1493 3569 1590 3626 qim
1602 3569 1763 3618 tinum
1779 3578 1854 3606 non
1874 3568 2086 3615 debebatur,
2115 3565 2222 3618 qaut
2233 3560 2347 3619 affl

1435 3627 1824 3681 ‚emanantia
1849 3635 1906 3668 est
1932 3630 2078 3679 quidem
2104 3622 2248 3691 stauai·
2408 3640 2410 3643 ·

1436 3762 1516 3798 ΙΙ,
1531 3756 1618 3798 Νιῑβ
1631 3754 1804 3801 memo?
1814 3759 1913 3797 m,
1928 3759 2006 3799 sive
2123 3755 2129 3760 ”
2189 3745 2217 3782 ,ᾗ
2239 3761 2287 3796 ᾧ.
2447 3761 2459 3788 ·‚

1418 3830 1427 3836 ·
1828 3799 1829 3803 ¹
1867 3799 1885 3807 '¹
1931 3797 2051 3818 ⁸⁴‚.,.n‚n
2071 3800 2104 3818 ιιι
2148 3795 2251 3836 (ψ.
2278 3810 2284 3817 .
2304 3793 2346 3815 ⁸1¹.
2399 3790 2426 3795 .«

1439 3856 1458 3867 ‘-
1582 3851 1590 3857 '
1707 3854 1756 3872 ιιι
1803 3849 1834 3872 u*
1947 3855 1951 3860 ·
2296 3863 2321 3882 δ
2380 3871 2388 3880 ἱ
