2540 4016
307 208 354 247 59
729 202 772 238 Β.
799 192 969 237 ΒΔΒΑΝΙ
993 194 1140 235 mum
1163 188 1378 231 ARCHOEP.
1404 188 1612 231 uocum.
1638 187 1831 232 mmmm
1856 193 1978 231 PARS
2002 193 2030 231 1.
2423 195 2470 233 60

307 281 478 330 fringens.
507 278 601 325 Quid
625 277 695 315 hoe
724 275 901 324 significet
935 272 1090 310 loannes
1122 269 1351 318 Evangelista
1369 267 1406 310 A
1420 269 1540 306 monis
1554 275 1591 306 et
1608 269 1712 306 bonae
1728 270 1952 316 operationis
1969 270 2202 317 processerit,
2215 268 2300 316 iure
2317 268 2471 310 Douiino

307 349 461 379 narrans
479 339 525 376 de
542 339 709 387 passione
721 335 863 372 Domini
878 334 916 370 in
933 331 1119 379 evangelio
1131 341 1210 375 suo,
1230 336 1352 368 osten-

306 402 360 440 ott
381 401 531 439 dicens:
556 398 675 436 Judaei
696 408 776 444 erqo
801 395 967 442 quoniam
989 403 1174 440 parasceve
1203 398 1292 435 erat,
1311 397 1352 427 ut

306 470 377 500 mm
392 465 606 498 remanerent
626 458 663 494 in
677 467 779 494 cruce
794 464 940 502 corpora
959 453 1104 490 sabbato
1126 452 1217 501 (erat
1235 459 1352 488 atatem

306 532 455 570 maquus
484 521 560 556 dies
599 517 658 554 ille
690 515 838 563 sabbati)
875 521 1082 562 roqauenmt
1116 513 1285 557 Pilatum,
1314 520 1352 550 ut

306 582 549 630 frangerentur
582 588 700 614 eorum
738 585 843 612 crura
878 582 910 611 et
929 574 1143 611 tollerentur.
1180 574 1353 611 Venerunt

305 654 384 690 erqo
402 641 540 683 milites,
562 645 594 675 et
616 638 720 684 primi
740 636 877 684 quidem
909 636 1087 684 sreqcrunt
1107 647 1224 680 crura,
1251 643 1282 671 et
1303 634 1353 671 al-

304 703 422 742 terius,
452 699 510 746 qui
531 698 720 743 crucifixus
753 703 803 732 est
823 707 902 731 cum
923 707 976 732 eo.
997 695 1051 731 Ad
1081 695 1202 731 lesum
1236 702 1352 730 autem

307 770 384 795 cum
402 759 586 800 venissent,
603 764 641 793 ut
675 757 837 792 viderunt
858 766 936 791 eum
966 757 1043 802 ‚iam
1061 762 1254 797 mortuum,
1284 764 1352 788 ηοη

304 819 479 866 freqertmt
496 819 571 865 eius
591 828 694 852 crura
713 826 724 850 .·
748 817 807 852 sed
844 827 934 852 unus
955 815 1105 850 militum
1124 814 1245 850 lancea
1261 815 1354 850 latus

304 879 379 925 ejus
414 879 561 924 aperuit,
585 883 616 912 et
647 877 809 912 contiuuo
829 876 933 911 exivit
956 875 1099 921 sanquis
1120 881 1150 910 et
1183 886 1287 921 aqua.
1309 874 1355 910 Et

303 941 363 987 qui
381 941 464 976 vidit
490 939 722 975 testimonium
739 938 910 985 perhibuit
932 947 943 971 :
965 942 997 972 e‘t
1031 947 1147 972 verum
1181 943 1230 971 est
1261 937 1355 971 testi-

303 1001 461 1036 monium
482 1000 586 1046 ejus,·
620 1005 652 1034 et
669 998 727 1033 ille
753 999 830 1040 scit,
853 997 934 1043 quia
951 1008 1031 1032 reru
1070 997 1167 1039 dicit,
1187 1003 1223 1031 ut
1251 1003 1282 1032 et
1299 1008 1355 1032 ros

307 1061 470 1098 credatis.
492 1059 604 1096 Facta
624 1067 703 1096 sunt
740 1060 830 1095 enim
848 1059 934 1102 ha’c,
973 1066 1009 1094 ut
1031 1059 1214 1105 Scriptura
1236 1059 1357 1106 implea

306 1126 431 1156 retur:
458 1118 507 1155 Os
526 1131 594 1155 non
627 1120 864 1155 comminuetis
899 1131 941 1155 ex
962 1131 1015 1156 eo.
1050 1120 1096 1155 Et
1123 1121 1248 1156 iterum
1283 1121 1355 1157 alia

306 1177 489 1226 Scriptura
522 1180 606 1216 dicit
627 1189 639 1214 .·

309 1238 431 1287 (toan.
462 1250 550 1283 xtx;
579 1239 686 1275 Zach.
716 1239 797 1287 xit).
821 1240 935 1276 Aliter
956 1253 963 1275 :
985 1239 1032 1276 Os
1054 1241 1133 1286 agni
1165 1252 1236 1278 non
1255 1252 1355 1277 com-

308 1303 470 1338 minuere
490 1307 545 1338 est
568 1303 603 1338 in
632 1303 899 1349 dispensatione
927 1302 1186 1339 incarnationis
1206 1302 1354 1346 Christi,

306 1364 415 1400 robur
434 1364 629 1400 divinitatis
649 1375 713 1410 per
724 1365 983 1410 blasphemiam
1000 1376 1070 1400 non
1090 1374 1325 1410 eorrumpere
1343 1375 1352 1400 ε

307 1426 391 1471 quia
408 1426 502 1462 Deus
539 1432 574 1462 et
596 1427 704 1462 bomo
728 1437 820 1462 unus
854 1432 909 1462 est
933 1427 1110 1462 Christus.
1137 1426 1357 1463 Comminuit

307 1496 392 1532 crgo
412 1496 494 1522 ossa
515 1487 611 1534 agni,
635 1487 696 1533 qui
716 1487 899 1523 Christum
917 1487 1004 1523 dicit
1022 1487 1065 1523 de
1087 1487 1199 1524 Maria
1219 1487 1358 1534 virgine

308 1555 437 1591 purum
455 1547 636 1583 hominem
658 1554 797 1590 natum,
816 1554 853 1583 et
890 1558 962 1583 non
997 1558 1125 1582 verum
1157 1547 1356 1583 Christum.

311 1605 432 1642 Omnis
463 1615 568 1643 coetus
605 1608 760 1652 filiorum
793 1608 906 1644 Israel
943 1609 1048 1654 saciet
1082 1607 1184 1643 illud.
1212 1609 1312 1651 Quod
1330 1610 1360 1644 si

309 1667 386 1712 quis
403 1668 664 1713 pereurinorum
699 1669 734 1703 in
758 1674 905 1704 vestram
923 1668 1071 1704 voluerit
1091 1670 1240 1704 transire
1264 1668 1359 1704 colo--

314 1726 425 1770 niam,
449 1732 480 1762 et
498 1726 612 1773 facere
640 1727 746 1773 phase
778 1727 934 1771 Domini,
968 1729 1235 1764 circumcidetur
1263 1729 1360 1775 prius

313 1797 414 1823 omne
434 1786 664 1823 masculinum
697 1787 786 1833 ejus,
804 1793 835 1823 et
851 1793 933 1823 tunc
966 1789 1031 1824 rite
1048 1788 1258 1833 celebratum
1278 1792 1362 1826 erit-

313 1860 379 1895 que
397 1849 486 1883 sicut
507 1848 671 1894 indigena
691 1854 806 1884 terrm.
827 1847 929 1893 Quod
949 1854 1005 1886 est
1021 1856 1146 1897 aperte
1164 1851 1283 1887 dicere
1300 1861 1362 1887 ve-

311 1912 361 1947 ris
382 1910 553 1947 Israelitis
582 1915 619 1947 et
636 1910 766 1957 populo
803 1911 1051 1949 ecclesiastico
1079 1924 1204 1949 verum
1226 1914 1360 1960 pascha

311 1973 578 2010 celebrantibus
597 1984 605 2008 :
629 1971 668 2008 Si
688 1973 769 2018 quis
786 1972 942 2010 infidelis
974 1979 1011 2010 et
1029 1979 1201 2012 externus
1220 1985 1241 2010 a
1262 1975 1360 2010 cultu

309 2031 530 2074 Christiano,
552 2031 596 2068 ad
626 2032 718 2068 hanc
757 2034 1044 2070 communionem
1082 2045 1119 2071 se
1139 2034 1280 2070 sociare
1298 2044 1362 2070 vo-

312 2092 431 2136 luerit,
443 2092 616 2138 exspoliet
628 2093 728 2140 prius
741 2099 901 2130 veterem
921 2094 1103 2131 hominem
1120 2106 1202 2131 cum
1221 2094 1361 2132 actibus

311 2151 403 2198 ejus,
429 2158 466 2190 et
483 2153 605 2190 induat
629 2164 775 2199 novum,
795 2155 857 2201 qui
892 2155 1089 2192 secundum
1114 2156 1227 2192 Deum
1260 2165 1363 2192 crea-

311 2219 370 2251 tus
392 2219 447 2251 est
485 2214 521 2250 in
551 2213 693 2260 justitia
727 2220 763 2251 et
799 2216 991 2253 sanctitate
1029 2217 1206 2254 veritatis.
1231 2216 1363 2263 Sicque

313 2273 419 2322 digne
452 2274 649 2311 sociabitur
684 2276 844 2312 convivis
867 2277 1090 2322 coelestibus,
1125 2283 1364 2324 vesceturque

314 2334 385 2371 rite
402 2334 517 2382 epulis
548 2335 780 2381 spiritalibus.
815 2336 950 2374 Eadem
972 2337 1029 2374 Iex
1047 2338 1112 2374 erit
1142 2338 1317 2386 indiqenoe
1331 2345 1363 2374 et

312 2394 449 2439 colono,
467 2397 526 2444 qui
548 2398 789 2444 pereqrinutur
804 2398 898 2446 apud
920 2411 990 2436 vos.
1015 2399 1106 2444 Quia
1125 2409 1364 2447 personarum

312 2465 384 2491 non
404 2460 460 2492 est
475 2457 648 2503 acceptor
671 2456 766 2494 Deus
789 2470 796 2493 :
820 2458 881 2494 sed
900 2458 936 2494 in
966 2459 1065 2494 omni
1096 2463 1215 2505 gente,
1233 2458 1295 2505 qui
1317 2459 1364 2496 ti-

314 2522 388 2552 met
424 2516 539 2553 Deum
557 2523 594 2554 et
629 2524 799 2564 operatur
823 2519 1016 2566 justitiam,
1037 2526 1205 2567 acceptus
1225 2526 1281 2558 est
1298 2521 1362 2558 illi.

317 2574 400 2611 Non
417 2578 508 2612 enim
525 2584 576 2614 est
594 2579 770 2615 distinctio
787 2580 905 2617 Judoei
929 2588 1032 2629 atque
1048 2582 1203 2629 gentilis,
1223 2583 1314 2619 servi
1332 2589 1364 2619 et

315 2635 442 2679 liberi,·
461 2637 521 2672 sed
561 2639 678 2674 omnia
698 2645 731 2675 et
765 2641 802 2675 in
837 2643 995 2678 omnibus
1015 2642 1173 2680 Christus
1198 2644 1290 2692 (Act.
1310 2643 1363 2693 x).

315 2692 534 2744 Locutusque
549 2704 598 2734 est
615 2697 785 2735 Dominus
804 2701 850 2735 ad
870 2701 1029 2748 Moysen,
1057 2705 1203 2741 dicens:
1226 2705 1368 2743 Sancti-

315 2756 384 2803 fica
404 2757 488 2793 milti
503 2768 604 2795 omne
618 2760 901 2806 primogenitum,
936 2761 1029 2807 quod
1047 2764 1157 2807 aperit
1173 2763 1341 2800 vulvam
1327 2776 1366 2802 m

316 2817 400 2864 filiis
420 2817 548 2862 Israel,
567 2825 639 2854 tam
657 2819 699 2855 de
731 2819 943 2864 hominibus,
975 2831 1079 2867 quam
1098 2822 1140 2857 de
1167 2822 1338 2868 jumentis
1353 2833 1366 2858 .·

316 2874 399 2912 uea
415 2883 495 2913 sunt
529 2878 620 2914 euim
641 2879 758 2916 omnia
792 2879 924 2927 (Exod.
947 2883 1045 2927 xm),
1067 2887 1103 2917 et
1133 2881 1238 2928 reliq.
1260 2881 1367 2918 Com-

316 2936 464 2974 mendat
479 2937 609 2984 populo
626 2948 691 2985 per
709 2937 855 2986 Moysen
875 2939 1049 2976 Dominus
1077 2940 1273 2987 ereptionis
1292 2951 1365 2977 suae

316 2997 527 3034 memoriam
544 2998 760 3042 habendam,
796 3003 833 3035 et
861 2997 1117 3046 AEgyptiorum
1143 2999 1364 3038 intersectio-

314 3055 388 3101 nis,
413 3061 454 3094 ut
488 3057 623 3095 scirent
648 3058 830 3096 debitores
848 3069 887 3096 se
921 3070 1015 3104 esse,
1038 3060 1279 3108 primogenita
1300 3072 1366 3098 sua

317 3122 356 3155 et
369 3118 608 3167 primogenita
622 3119 868 3168 jumentorum
887 3131 1034 3159 suorum
1049 3121 1200 3159 Domino
1219 3122 1364 3168 offerre,

320 3174 382 3226 qui
415 3177 455 3217 in
472 3188 598 3218 eorum
620 3179 834 3218 liberatione
851 3181 972 3219 omnia
994 3182 1235 3230 primogenita
1253 3181 1367 3230 AEgy-

318 3237 478 3285 ptiorum
495 3239 680 3277 exstinxit.
701 3240 804 3278 Unde
836 3241 873 3278 in
890 3241 1123 3288 sequentibus
1153 3241 1230 3290 ipse
1251 3252 1365 3290 popu-

319 3297 376 3336 lus
393 3298 556 3338 dicturus
572 3305 654 3339 nt:
681 3299 816 3339 Occidit
841 3300 1013 3339 Dominus
1033 3312 1134 3338 omne
1151 3301 1366 3350 primogeni-

321 3363 395 3394 tum
411 3359 450 3395 in
466 3365 560 3397 terra
585 3351 748 3418 Empti,
789 3372 813 3398 a
828 3361 1060 3410 primogenito
1090 3361 1240 3398 bominis
1257 3372 1366 3412 usque

322 3416 370 3455 ad
387 3418 654 3468 phenennam
664 3414 924 3470 ,fan-amm..
957 3416 1100 3461 Idcirco
1130 3420 1273 3461 inmoto
1291 3420 1367 3460 Do-

321 3478 533 3520 ninom
561 3483 654 3530 quod
674 3483 787 3533 iverit
815 3482 955 3524 valum
982 3480 1171 3524 maslini
1198 3489 1368 3530 amnt

324 3541 690 3659 amanum
722 3543 879 3594 §berun
903 3544 1063 3598 ’.οη-ιιι
1086 3546 1200 3603 pretio
1234 3544 1373 3609 rodcog,

1421 332 1608 378 competit,
1628 332 1690 378 qui
1708 331 1807 369 dedit
1823 333 1943 380 ipsum
1979 333 2114 370 bonum
2133 333 2225 370 velle
2242 337 2278 370 et
2294 333 2472 381 perlicere

1418 400 1485 438 pro
1499 392 1593 428 bona
1606 390 1804 428 voluntate.
1828 390 2024 440 Quidquid,
2046 394 2176 440 inquit,
2214 394 2378 431 habueris
2395 402 2473 433 ma-

1419 452 1546 488 sculini
1574 463 1691 498 sexus,
1732 453 1950 490 consecrabis
1990 451 2156 491 Domino.
2196 445 2472 503 Primoqeuitum

1420 512 1512 549 asini
1529 514 1679 549 mutabis
1698 524 1772 550 ove.
1796 513 1897 557 Quod
1911 515 1941 550 si
1963 525 2031 550 non
2048 515 2246 560 redemeris,
2267 516 2470 562 interficies.

1420 572 1535 610 Omne
1566 574 1847 622 primogenitum
1882 576 2136 620 masculinum,
2170 577 2207 614 id
2223 582 2289 620 est,
2315 578 2420 614 virile
2436 582 2474 614 et

1389 670 1396 676 ,
1420 633 1621 680 perrectum
1646 643 1752 679 opus,
1785 635 1914 670 divinae
1934 636 2059 682 gratiae
2088 636 2261 674 debemus
2293 638 2474 684 applicare

1422 702 1492 730 non
1510 693 1614 730 nobis
1632 706 1639 728 :
1660 693 1832 739 quidquid
1849 693 2042 732 femineum
2063 703 2098 733 et
2117 697 2223 734 molle
2243 703 2350 744 atque
2368 698 2472 734 intir-

1421 763 1520 789 mum
1541 758 1596 789 est
1614 753 1650 788 in
1669 759 1794 789 nostra
1823 756 2109 800 conversatione,
2145 763 2279 795 nostrae
2302 759 2474 796 debemus

1422 814 1490 849 boc
1508 813 1694 858 fragilitati
1709 813 1894 860 deputare,
1917 825 1987 850 non
2005 815 2170 852 Domino.
2191 815 2474 865 (Excreqorio.)

1423 872 1515 917 Quid
1555 884 1621 919 per
1655 873 1795 910 asinum
1833 875 1902 910 nisi
1943 875 2184 920 immunditia,
2216 882 2253 913 et
2289 878 2376 924 quid
2412 888 2478 925 per

1423 945 1526 971 ovem
1546 935 1615 971 nisi
1652 935 1858 971 innocentia
1894 937 2132 983 designatur?
2165 937 2266 974 Asini
2297 948 2384 985 crgo
2402 938 2479 985 pri·
2535 982 2540 998 1

1424 995 1605 1041 mogenita
1622 1005 1689 1031 ove
1708 1001 1863 1037 mutare,
1884 1001 1938 1031 est
1963 997 2156 1033 immundae
2171 998 2254 1034 vitae
2274 998 2476 1044 primordia

1425 1054 1470 1090 ad
1509 1055 1724 1091 innocentiae
1766 1055 2033 1101 simplicitatem
2075 1063 2298 1103 convertere,
2320 1065 2359 1095 ut
2381 1063 2479 1106 post·
2535 1062 2540 1070 ‘

1425 1125 1533 1161 quam
1553 1116 1611 1151 illa
1631 1122 1802 1162 peccator
1835 1116 1908 1163 egit
1923 1127 2002 1163 quae
2022 1118 2209 1155 immunda
2229 1120 2404 1157 Dominus
2422 1131 2480 1157 re·
2535 1134 2540 1158 ε

679 1179 851 1215 Videbunt
893 1181 929 1215 fn
966 1192 1064 1227 quem
1104 1179 1406 1226 transfi,rer1mtl3
1426 1177 1534 1222 spuit,
1556 1187 1598 1212 ea
1613 1176 1689 1222 jam
1714 1178 1851 1223 agendo
1871 1177 2043 1224 proferat,
2081 1190 2160 1225 quae
2191 1180 2254 1216 Dei
2293 1181 2473 1218 sacrificio
2534 1204 2540 1213 ·

1425 1238 1596 1284 imponat.
1621 1237 1756 1274 Omnes
1775 1238 1870 1274 enim
1890 1239 2055 1275 homines
2073 1240 2148 1275 nati
2181 1240 2216 1275 in
2243 1242 2403 1286 peccatis
2421 1252 2481 1278 su·
2535 1246 2540 1258 ¹

1424 1308 1518 1340 mus,
1538 1303 1647 1344 atque
1664 1309 1709 1334 ex
1745 1299 1866 1334 carnis
1887 1298 2122 1335 delectatione
2154 1301 2328 1346 concepti,
2366 1300 2480 1347 culpoe
2536 1303 2540 1339 s

1425 1360 1611 1396 nobiscum
1650 1360 1825 1406 originem
1853 1361 2041 1396 traximus.
2075 1360 2176 1396 Unde
2195 1360 2233 1396 sit
2252 1366 2290 1397 ut
2308 1362 2416 1398 ctiam
2435 1371 2481 1398 ex
2535 1349 2540 1398 J

1424 1419 1609 1456 voluntate
1626 1426 1748 1455 nostra
1767 1421 1927 1467 peccatis
1964 1421 2202 1467 implicemur.
2230 1421 2300 1457 Sed
2319 1421 2483 1467 quisquis
2536 1413 2540 1418 ’

1425 1481 1565 1517 malitia
1604 1482 1725 1518 carnis
1765 1483 1810 1518 ad
1844 1483 2086 1518 innocentiam
2131 1483 2311 1520 convertit
2346 1484 2481 1528 cordis,

1425 1541 1706 1587 primogenitum
1742 1542 1834 1578 asini
1873 1548 1988 1578 mutat
2020 1552 2100 1586 ove,
2121 1544 2205 1588 quia
2245 1543 2378 1589 prioris
2396 1543 2480 1579 vitae

1427 1602 1693 1637 immunditiam
1721 1602 1766 1637 ad
1806 1602 2049 1638 innocentiam
2071 1603 2263 1639 convertit.
2301 1602 2369 1648 Qui
2387 1603 2483 1640 enim

1427 1660 1546 1706 qualis
1563 1661 1663 1706 prius
1685 1661 1750 1697 suit
1788 1671 1869 1698 esse
1887 1662 2033 1705 desinit,
2061 1667 2095 1698 et
2113 1663 2338 1709 apprehensa
2363 1663 2484 1701 carnis

1428 1719 1605 1754 munditia
1648 1720 1891 1756 innocentiam
1929 1721 2099 1763 custodit,
2119 1721 2154 1756 in
2196 1721 2378 1759 oblatione
2418 1721 2485 1759 Dei

1427 1780 1707 1826 primogenitum
1744 1780 1835 1815 asini
1857 1780 1901 1815 ad
1935 1790 2039 1817 ovem
2079 1782 2244 1816 mutavit.
2278 1781 2359 1817 Erit
2377 1783 2486 1829 iqitur

1428 1841 1528 1887 quasi
1545 1841 1683 1886 siqnum
1702 1840 1738 1875 in
1755 1851 1862 1876 manu
1897 1846 1973 1884 tua,
1996 1847 2028 1877 ct
2056 1842 2157 1888 quasi
2193 1853 2382 1888 appensum
2398 1843 2484 1890 quid

1429 1901 1471 1936 ob
1489 1900 1764 1937 recordationem
1779 1901 1873 1937 intra
1892 1901 2010 1937 oculos
2028 1909 2105 1938 tuos
2123 1911 2134 1936 .·
2155 1914 2196 1938 eo
2214 1903 2307 1950 quod
2321 1904 2357 1939 in
2377 1915 2486 1941 manu

1429 1961 1512 2008 forti
1528 1962 1687 1998 eduxerit
1723 1973 1781 1999 vos
1800 1963 1972 1999 Dominus
1997 1963 2039 1999 de
2074 1963 2244 2011 AEqypto.
2277 1964 2349 2012 (Ex
2366 1964 2487 2013 Augu-

1429 2021 1549 2068 stino.)
1570 2021 1662 2066 Quid
1679 2028 1734 2058 cst
1752 2024 1847 2069 quod
1867 2022 1931 2066 ait,
1967 2033 2048 2059 cum
2086 2023 2130 2060 de
2160 2024 2295 2070 pasc-ba
2313 2025 2486 2072 praecipe-

1431 2087 1500 2126 ret,
1521 2083 1599 2118 Erit
1617 2083 1680 2118 tibi
1700 2083 1802 2129 quasi
1824 2079 1965 2131 signum
1984 2084 2020 2120 in
2036 2095 2145 2122 manu
2172 2091 2233 2122 tua
2257 2099 2264 2122 ε
2292 2087 2368 2123 sive
2380 2087 2487 2134 juxta

1429 2143 1500 2180 alia
1519 2144 1757 2191 exemplaria,
1777 2154 1887 2192 super
1919 2154 2067 2181 manum
2099 2146 2226 2182 tuam?
2254 2146 2487 2194 anintelligi-
2523 2149 2526 2157 ⁴

1430 2211 1490 2242 tur
1507 2216 1616 2252 super
1634 2215 1743 2252 opera
1767 2212 1841 2250 tua,
1877 2206 1913 2243 id
1932 2212 2000 2251 est,
2021 2207 2118 2254 quod
2153 2205 2326 2254 pizererre
2355 2208 2488 2246 debeas

1430 2267 1601 2313 operibus
1621 2266 1692 2303 tuis
1709 2267 1724 2302 ‘3
1743 2265 1906 2304 Pertinet
1924 2267 2021 2304 enim
2055 2268 2193 2314 pascha
2226 2273 2378 2316 propter
2392 2268 2489 2305 occi·
2508 2263 2512 2268 ’

1432 2327 1571 2364 sionem
1589 2328 1667 2365 ovis
1690 2328 1735 2364 ad
1755 2328 1862 2365 fidem
1881 2328 2015 2366 Christi
2036 2334 2072 2366 et
2103 2330 2316 2376 sanguinem
2341 2338 2413 2378 quo
2432 2339 2490 2367 re-
2528 2357 2530 2361 .

1432 2388 1566 2434 dempti
1585 2398 1722 2425 sumus.
1745 2387 1829 2425 Haec
1852 2389 1950 2425 enim
1982 2389 2073 2426 fides
2091 2389 2262 2436 operibus
2277 2399 2490 2438 praeponen·

1433 2447 1478 2485 da
1498 2454 1554 2484 est
1573 2460 1581 2484 ε
1607 2454 1647 2484 ut
1666 2449 1714 2485 sit
1745 2449 2012 2495 quodammodo
2029 2458 2138 2497 super
2151 2460 2299 2487 manum
2316 2451 2490 2488 adversus

1433 2508 1512 2546 illos
1549 2509 1610 2556 qui
1630 2509 1667 2545 in
1700 2510 1869 2556 operibus
1888 2510 1977 2558 legis
2006 2510 2267 2557 gloriabantur.
2288 2512 2340 2549 De
2358 2522 2430 2558 qua
2447 2521 2492 2550 re

1433 2567 1631 2615 Apostolus
1647 2569 1821 2616 loquitur.
1856 2569 1902 2606 Et
1920 2570 2075 2607 multum
2098 2573 2172 2620 agit
2190 2571 2299 2608 fidem
2317 2570 2490 2620 operibus
2536 2598 2540 2602 ·

1435 2635 1668 2676 anteponere,
1685 2635 1727 2667 ut
1746 2641 1793 2668 ex
1812 2631 1872 2668 illa
1892 2632 2073 2679 pendeant
2107 2643 2219 2680 opera
2250 2633 2362 2678 bona,
2382 2637 2493 2682 atque

1435 2690 1480 2727 ab
1500 2701 1543 2727 ea
1561 2691 1841 2738 praeveniantur,
1876 2697 1918 2728 ut
1933 2702 2007 2728 non
2039 2690 2125 2737 ipsa*
2133 2691 2232 2727 velut
2264 2691 2406 2728 meritis
2423 2691 2491 2730 bo-

1434 2758 1563 2786 norum
1583 2756 1734 2795 operum
1769 2749 1922 2785 retribui
1945 2749 2124 2785 videatur.
2150 2749 2213 2785 illa
2231 2749 2329 2786 enim
2348 2751 2392 2788 ad
2408 2761 2486 2800 gra-
2535 2762 2540 2768 ·

1435 2800 1523 2846 tiam
1542 2809 1713 2856 pertinet.
1736 2807 1775 2844 Si
1795 2815 1915 2845 autem
1952 2809 2080 2857 gratia,
2115 2807 2190 2856 jam
2213 2820 2286 2848 non
2307 2819 2353 2848 ex
2366 2811 2482 2858 operi.

1434 2869 1516 2912 bus,
1537 2868 1697 2916 alioquin
1721 2869 1837 2916 gratia
1851 2869 1926 2917 jam
1947 2880 2019 2907 non
2049 2875 2104 2908 est
2123 2870 2242 2919 gratia
2277 2859 2398 2921 (Rom.
2419 2873 2480 2924 n).
2536 2871 2540 2875 “

1437 2929 1554 2977 Igitur
1578 2941 1656 2965 cum
1680 2931 1849 2967 emisisset
1877 2929 2022 2969 Pharao
2041 2935 2221 2981 populum,
2253 2943 2325 2970 non
2342 2945 2401 2972 eos
2422 2932 2483 2973 ἅθ’·
2506 2939 2525 2970 ιλ

1434 2989 1487 3026 xit
1514 2989 1685 3026 Dominus
1705 3002 1767 3038 per
1793 2992 1885 3028 viam
1905 2998 2008 3029 terroe
2024 2991 2253 3039 Philistihim,
2269 2999 2350 3043 quoe
2373 2994 2489 3033 vicina
2517 3014 2523 3020 ·

1435 3057 1499 3096 est,
1524 3058 1688 3099 reputans
1713 3064 1782 3089 non
1799 3053 1890 3100 sorte
1912 3053 2092 3101 poeniteret
2113 3066 2208 3100 eum,
2224 3054 2256 3092 si
2269 3053 2410 3093 vidisset
2425 3055 2490 3093 αὖ·
2524 3095 2526 3100 ,

1434 3122 1569 3149 versum
1587 3123 1623 3149 se
1643 3111 1733 3149 betta
1762 3124 1984 3162 consurgere,
2006 3120 2039 3151 et
2059 3118 2290 3152 reverteretur
2318 3113 2356 3153 iit
2373 3105 2490 3165 599-
2522 3115 2526 3124 “

1433 3179 1562 3222 ptum;
1593 3172 1654 3210 sed
1693 3174 1927 3211 circumduxit
1946 3186 2010 3223 per
2032 3174 2126 3212 viam
2142 3174 2292 3227 deserti,
2323 3182 2404 3225 Μ
2436 3174 2490 3213 &88

1430 3234 1538 3282 juxta
1559 3246 1656 3271 mare
1679 3233 1851 3272 Rubrum.
1882 3235 1955 3285 (Ex
1978 3233 2178 3287 Gregorio.)
2201 3224 2270 3276 Hie
2285 3219 2491 3290 ostentm&

1437 3295 1558 3332 omnia
1570 3293 1649 3332 fleri
1666 3294 1811 3341 debere,
1830 3307 1910 3344 quae
1941 3295 2095 3336 consilio
2110 3293 2210 3337 reete
2224 3285 2305 3335 beri
2314 3279 2497 3350 jiofflfflt

1436 3357 1484 3396 ad
1501 3358 1668 3396 evitanda
1701 3369 1782 3408 quae
1807 3361 1959 3399 adversa
1996 3362 2100 3409 subt,
2129 3343 2241 3401 etiam
2273 3358 2361 3398 eum
2383 3406 2385 3412 Α
2405 3362 2484 3389 ¹2⁸

1437 3419 1664 3468 apertissime
1679 3417 1822 3468 adjutor
1838 3425 1909 3461 est.
1927 3412 2034 3475 Saepe
2049 3406 2229 3474 &aversi
2262 3419 2267 3428 '
2291 3422 2298 3444 ’·
2358 3414 2447 3481 ,³2¹3

569 3601 874 3714 ¹¹er
890 3605 1333 3677 Qum*
