2540 4016
81 143 152 182 375

79 274 160 320 lpse
187 274 346 321 loquetur
379 274 426 310 ad
447 271 611 320 populum
639 278 670 308 et
689 273 761 319 ipse
791 272 857 308 erit
882 283 919 307 os
946 281 1044 307 tuum
1059 284 1072 316 ;
1089 279 1127 309 ιιι

80 342 197 372 antem
215 336 328 371 cieris
345 336 384 371 in
398 335 451 370 Itis
459 345 539 381 quae
553 337 598 370 ad
609 333 719 370 Deum
733 335 904 380 pertinent
916 334 1047 381 (Exod.
1059 334 1124 381 tv).

79 394 173 440 Ergo
190 394 284 440 quod
297 398 375 430 erat
389 393 476 439 legis
496 393 687 436 excelsius,
709 394 777 429 hoc
797 393 842 430 ad
868 393 1013 440 Moysen
1029 394 1127 430 dice-

76 453 184 490 batur
199 482 210 498 ,
231 455 306 500 ipse
323 454 454 500 quippe
473 454 628 490 habebat
647 464 690 490 ea
714 465 794 500 quae
813 456 857 491 ad
876 455 988 491 Deum
1014 457 1127 502 perti-

76 521 173 558 nent,
193 516 230 552 id
245 521 314 559 est,
332 526 376 552 ea
395 527 474 563 quae
494 522 577 552 sunt
593 517 743 562 spiritus
761 527 771 560 ;
797 518 892 562 quod
907 523 1027 553 autem
1046 523 1126 554 erat

76 575 278 620 subiectum
311 581 349 613 et
382 576 564 618 humilius,
590 577 659 612 hoc
678 577 723 612 ad
747 576 867 612 Aaron
883 604 893 620 ,
914 577 991 623 ipse
1028 578 1126 614 enim

74 641 154 671 erat
173 635 284 682 Moysi
303 646 345 672 os
371 637 416 672 ad
435 636 606 682 populum
623 664 633 680 ,
659 635 774 683 legem
797 638 995 674 secundum
1030 638 1126 674 litte-

75 706 153 732 ram
182 697 418 742 accipientem
435 724 444 740 ,
464 707 573 743 quam
591 702 628 733 et
658 698 811 743 primam
844 709 911 735 nos
945 708 1125 744 exponere

72 756 319 802 promisimus.
338 757 462 802 Leprae
480 767 566 804 crgo
584 758 722 803 species
743 766 806 794 aut
824 759 932 794 nimis
956 765 1018 794 aut
1048 770 1124 795 mo-

73 815 198 851 derate
213 817 366 852 obscura
382 823 438 853 est
454 845 463 861 ‚
484 823 519 854 et
539 819 645 854 modo
662 819 815 864 quodam
833 818 1045 854 obumbrata
1058 846 1067 862 ,
1088 826 1123 856 et

70 876 216 912 interim
242 879 383 914 occulta
412 880 477 915 sub
507 879 620 925 pelle,
651 880 802 914 necdum
823 879 989 915 videlieet
1018 880 1122 916 effer-

70 942 240 972 vescente
262 938 447 982 passione;
469 939 700 983 quamobrem
720 943 756 973 et
774 939 883 973 nimia
909 939 1043 986 indiget
1060 942 1122 978 de-

70 994 297 1032 liberatione.
315 996 394 1031 Alia
416 1002 534 1031 autem
559 997 695 1041 species
722 997 798 1043 ejus
818 1003 885 1042 est,
911 1010 991 1045 quae
1013 1001 1120 1038 nimis

67 1054 168 1090 clara
190 1061 245 1091 est
263 1062 299 1090 et
317 1055 420 1090 valde
435 1057 621 1101 perspicua
643 1083 652 1098 ,
676 1057 724 1092 ita
745 1062 783 1093 ut
799 1058 949 1104 simplex
969 1060 1016 1096 sit
1042 1061 1120 1107 ejus

64 1177 261 1212 secundum
289 1187 379 1222 quos
410 1188 500 1223 pene
535 1182 629 1214 totus
663 1179 723 1214 bic
760 1191 888 1217 sensus
921 1185 1119 1222 secuudum

63 1238 222 1274 litteram
250 1241 439 1286 exponitur
457 1268 466 1284 ,
488 1242 684 1277 cicatricem
717 1243 983 1289 siqttificatiottis
1021 1253 1119 1284 recte

63 1298 358 1344 appellaverunt,
380 1300 415 1336 id
433 1307 508 1343 cst,
529 1301 736 1338 cicatricem
754 1304 959 1348 passionem
980 1307 1119 1352 signifi-

65 1363 222 1394 cantem.
244 1359 282 1394 ln
301 1360 390 1396 duas
407 1367 527 1396 autem
553 1367 674 1407 partes
693 1362 800 1405 banc,
821 1363 855 1399 id
874 1369 940 1407 est,
959 1365 992 1400 in
1009 1366 1118 1402 nimis

64 1420 297 1456 dubitabilem
316 1426 352 1457 et
374 1422 410 1456 in
432 1423 550 1458 minus
570 1423 814 1467 dubitandam,
835 1425 1048 1469 diviserunt,
1072 1437 1117 1462 ex

60 1479 192 1524 quibus
221 1490 327 1514 unam
363 1480 492 1526 tetauqt
511 1509 519 1523 ,
554 1481 662 1516 aliam
690 1488 809 1517 autem
845 1485 1116 1529 appellaverunt

64 1529 262 1584 avqasma':
281 1539 410 1585 telaugi
429 1541 573 1585 quidem
587 1568 595 1584 ,
614 1552 692 1587 qua}
710 1542 793 1578 ileet
807 1543 850 1578 de
865 1543 970 1590 longe
990 1545 1114 1581 videa-

61 1603 140 1642 tur;
161 1608 331 1645 augasma
350 1605 468 1635 autem
495 1606 556 1636 aut
587 1602 695 1637 nimis
721 1603 913 1638 obscurum
938 1610 1003 1647 est,
1028 1615 1113 1651 par-

61 1669 213 1705 vamque
247 1660 354 1696 habet
384 1661 564 1706 passionis
597 1662 874 1699 insinuationem
892 1691 901 1706 ,
940 1670 976 1700 ει
1018 1667 1114 1703 hanc

59 1717 308 1762 dubitabilem,
331 1725 371 1754 ut
391 1721 545 1765 proximi
564 1721 825 1767 disceptatione
846 1730 962 1770 egeat,
981 1731 1110 1771 quate-

64 1787 131 1812 nus
150 1782 187 1813 et
206 1777 327 1813 lucore
348 1778 524 1822 passionis
546 1779 582 1813 hi
608 1780 667 1825 qui
684 1779 859 1824 judicant,
879 1784 972 1819 sicut
991 1786 1027 1820 bi
1050 1787 1110 1831 qui

63 1836 201 1881 lapides
219 1837 411 1883 inspiciunt
428 1839 619 1883 pretiosos,
635 1847 777 1886 egeant.
797 1842 835 1877 ln
856 1843 925 1879 hae
942 1844 1111 1890 frequen-

59 1902 114 1932 ter
127 1896 228 1941 jubet
251 1899 473 1934 sacerdotem
493 1901 725 1938 considerare
744 1930 753 1945 ,
787 1910 824 1939 et
854 1914 926 1940 non
961 1909 1109 1944 eredere

59 1956 336 1993 obvenientibus
359 1958 434 1994 sive
454 1961 727 1998 occurrentibus
746 1963 872 2007 primae
887 1966 1108 2010 probationis

47 2016 272 2061 aspectibus.
293 2016 363 2053 Sed
385 2024 421 2054 et
441 2019 469 2054 si
491 2020 730 2057 consideratio
754 2023 932 2061 cicatricis
953 2028 1107 2063 nec-„tum

47 2081 227 2120 vappareat
244 2076 414 2112 humilior
431 2079 534 2124 pelle,
556 2090 673 2126 neque
693 2082 727 2117 in
746 2082 824 2119 loco
837 2084 931 2129 pilus
947 2097 1109 2123 commu-

46 2138 153 2170 status
169 2144 189 2169 a
206 2137 374 2180 passione
397 2138 498 2174 allius
520 2139 635 2176 factus
655 2140 783 2186 fucrit,
820 2150 955 2190 septem
987 2154 1106 2185 tamen

60 2193 138 2228 dies
156 2196 381 2240 separabitur
390 2198 434 2233 ad
448 2198 886 2240 aliamconsiderationem
903 2216 911 2248 ;
932 2211 967 2242 ct
982 2218 1107 2245 rursus

56 2252 147 2289 alios
180 2259 315 2299 septem
335 2256 431 2300 dics;
462 2257 613 2294 forsitan
640 2261 736 2296 enim
762 2262 1019 2303 effervescente
1042 2279 1107 2313 per

47 2315 196 2357 »tempus
235 2315 401 2358 passione
414 2343 423 2359 ,
469 2319 694 2356 manifestior
733 2323 880 2360 morbus
921 2325 1103 2372 efficitur;

44 2382 288 2418 qpcrmanente
307 2382 426 2413 autem
445 2380 597 2416 obscura
625 2383 793 2420 cicatrice
809 2411 818 2428 ,
837 2391 873 2422 ct
896 2387 991 2424 nulla
1011 2389 1104 2427 facta

44 2431 90 2466 tin
117 2433 206 2478 pelle
235 2437 497 2480 permutatione
519 2467 528 2483 ‚
566 2441 867 2487 significationem
897 2447 1008 2490 (lixit,
1033 2460 1104 2486 non

44 2496 172 2527 :autem
191 2493 326 2538 lepram
347 2497 585 2534 manifestam.
607 2500 694 2536 Cum
717 2513 785 2547 qua
805 2504 1104 2549 significationem

43 2560 123 2586 uton
147 2553 303 2588 subdidit
324 2557 527 2593 custodiens
543 2569 637 2601 eam,
660 2561 716 2596 liis
734 2563 794 2607 qui
812 2566 1009 2600 secundum
1031 2567 1104 2612 spi-

44 2610 163 2644 ·ritum
182 2612 363 2657 accipiunt
392 2614 519 2661 legem,
539 2622 576 2652 et
601 2619 662 2663 qui
691 2621 787 2664 quod
815 2623 932 2659 minus
959 2631 1015 2660 est
1047 2627 1104 2663 vel

55 2670 169 2716 magis
188 2671 274 2708 latet
298 2674 459 2711 revelare
484 2681 591 2722 atque
612 2679 746 2716 addere
771 2688 920 2726 possunt
939 2691 1102 2723 contem-

42 2728 196 2775 tplativis
243 2732 598 2778 interpretationibus
642 2739 789 2784 spiritus
803 2768 812 2785 ,
849 2751 1102 2783 verumtamen

42 2799 124 2825 mon
144 2790 276 2827 malum
295 2802 374 2828 esse
392 2794 500 2832 nimis
518 2797 817 2843 significationem
848 2805 1102 2844 manifestave-

43 2855 151 2886 trunt.
173 2851 262 2887 Nam
286 2855 466 2898 quomodo
489 2858 725 2897 mundaturus
746 2867 824 2898 crat
848 2867 1018 2904 sacerdos
1034 2895 1044 2912 ‚
1066 2870 1100 2905 id

40 2915 120 2954 eost,
141 2911 331 2948 habentem
350 2916 521 2952 mundum
542 2918 816 2959 denuntiaturus
833 2951 843 2967 ,
874 2927 935 2971 qui
966 2939 1100 2975 nequa·
1120 2912 1154 2951 D

40 2979 159 3015 equam
178 2971 285 3016 hujus
302 2980 426 3020 egeret
445 2977 476 3012 si
498 2987 542 3013 ex
568 2983 643 3015 toto
663 2980 791 3018 fuisset
816 2984 907 3021 liber
923 3014 932 3030 ,
954 2997 1101 3036 propter

39 3031 149 3076 tquod
177 3041 258 3068 eam
281 3034 473 3071 obscuram
511 3039 723 3085 appellavit3
752 3053 819 3080 nee
850 3056 978 3086 rursus
1006 3051 1102 3087 inter

39 3092 183 3128 munda
199 3099 280 3139 post
292 3094 482 3140 judicium,
500 3098 529 3134 si
550 3100 652 3136 malae
667 3100 796 3139 fuisset
808 3106 994 3151 cujusdam
1013 3120 1099 3155 pas-

37 3148 163 3207 Quis
182 3154 278 3191 facta
298 3156 528 3202 significatio.
555 3159 593 3196 Si
626 3167 745 3199 autem
763 3165 871 3201 etiam
891 3168 943 3204 sie
963 3169 1100 3209 habens

37 3202 213 3256 lineidens
231 3216 446 3262 significatio
458 3219 495 3254 in
512 3220 689 3265 pellicula,
709 3223 744 3260 id
763 3230 830 3267 est,
849 3227 880 3262 si
896 3228 1007 3265 effusa
1024 3230 1100 3268 fue-

37 3258 117 3324 ispi,
126 3278 165 3311 et
179 3275 368 3323 plusquam
381 3279 497 3324 prius,
516 3280 622 3318 latior
637 3283 673 3320 in
688 3285 853 3331 pellicula
866 3293 1096 3337 processerit,

112 3336 121 3372 ῥ.
143 3347 169 3363 τι
196 3333 407 3373 immutatus
424 3336 535 3376 fuerit
550 3340 660 3386 pilus,
682 3343 751 3381 hoc
764 3346 859 3382 enim
875 3348 934 3385 bie
948 3360 1020 3387 non
1039 3362 1099 3388 re-

150 3391 262 3438 -·(11ι,
291 3396 419 3442 polluit
442 3409 527 3436 eum
554 3403 734 3448 sacerdos,
756 3405 896 3452 lepram
912 3420 993 3448 esse
1011 3423 1096 3458 pas-

115 3450 129 3499 j
154 3470 157 3479 2·
178 3478 193 3502 3
215 3451 403 3500 iudicans,
421 3458 535 3504 ipsius
557 3462 701 3507 quidem
722 3467 927 3511 cognitione
954 3471 1097 3508 dubita-

67 3522 71 3533 ·
126 3522 170 3576 [ξ
191 3518 287 3559 em
302 3515 458 3557 obseura
471 3521 649 3560 existente
667 3524 859 3571 cicatrice3
877 3530 956 3566 alba
974 3537 1097 3570 autem

66 3574 70 3578 ’
167 3583 210 3615 ·2.''
232 3576 293 3629 je}
307 3572 461 3614 similem
476 3579 678 3619 mittentem
700 3585 812 3631 pilum
830 3587 913 3633 pelli
928 3615 939 3632 ,
970 3590 1098 3635 polluit

80 3634 81 3643 ¹
165 3625 201 3666 Γ
225 3640 396 3688 :nat-ev
410 3635 633 3679 immundum
650 3640 732 3687 ejici
756 3646 932 3692 praecipit,
953 3648 1095 3686 etiamsi

134 3700 137 3707 ·
395 3732 402 3739 .
431 3703 605 3742 sennar,
630 3703 676 3753 ¹⁶²?
692 3702 840 3739 carnem
866 3705 1005 3743 liabens
1038 3708 1092 3744 vi-

632 148 637 149 ’
687 116 1091 178 EXPOSlTlONES-lN
1118 137 1384 175 Lssvtttctttt.
1412 156 1460 166 —
1482 139 1570 175 LlB.
1597 139 1656 176 lv.

80 216 215 258 littera,
236 214 314 261 ipso
331 215 404 252 Deo
418 214 558 252 dicente
572 213 619 250 tle
629 213 750 249 Aaron
770 212 815 248 ad
834 213 997 259 Moysen,
1013 213 1126 256 disce,
1149 217 1182 254 A
1198 217 1357 255 ventem,
1380 212 1415 248 id
1432 217 1504 255 est,
1523 214 1592 249 sub
1604 213 1772 259 passione
1786 214 1894 261 lepras
1908 226 1979 254 non
1994 223 2250 268 constitutam:

2010 80 2050 115 Οἵ

2181 147 2260 184 574·

1199 271 1300 318 cujus
1314 278 1435 308 autem
1457 272 1510 308 rei
1533 281 1642 308 causa
1656 273 1672 307 ⁶?
1688 273 1772 319 quia
1791 273 1904 319 lepra,
1918 276 2046 321 inquit,
2063 282 2255 320 inveterata

1197 331 1530 369 est.Admirandum
1543 338 1664 369 autem
1680 341 1736 370 est
1750 335 1830 376 boc,
1865 335 2084 383 nimiamque
2109 343 2256 388 imperi..

1198 393 1283 428 tiam
1302 393 1358 428 vel
1370 394 1483 440 magis
1493 394 1811 440 reprehensionem
1822 394 1927 442 legali
1937 395 2102 442 ingerens
2110 399 2250 438 litterae.

1197 453 1301 490 Unde
1321 454 1417 489 euim
1439 455 1564 491 debuit
1586 455 1757 492 sanabilis
1771 456 1943 492 arbitrari
1965 458 2102 504 passio,
2119 460 2251 504 idest,

1195 522 1240 549 ex
1273 512 1354 548 vivo
1382 516 1534 559 corpore
1563 515 1718 560 vivaque
1751 526 1884 560 earne,
1916 517 1990 553 illic
2021 518 2117 554 illam
2139 523 2255 567 magis

1195 574 1374 620 desperat,
1394 574 1603 621 lepramque
1623 576 1863 612 inveteratam
1884 577 1972 614 dicit
1999 588 2092 623 esse,
2129 580 2166 616 id
2183 587 2253 626 est,

1195 645 1264 671 uon
1288 635 1503 679 sanabilem,
1524 636 1587 672 sed
1609 637 1818 673 diuturnam
1837 665 1846 681 ‚
1873 644 1910 674 et
1935 640 2040 685 quasi
2072 641 2254 686 passionis

1195 701 1442 731 senescentem
1468 695 1560 732 loco.
1596 696 1647 732 De
1679 697 1749 733 bae
1773 708 1812 734 re
1844 709 1970 735 rursus
1994 700 2064 736 hoc
2082 701 2179 746 quod
2197 711 2253 737 εε-

1194 756 1317 802 quitur
1329 756 1492 793 invenies
1506 757 1695 793 obscurius
1709 758 1810 804 :quia
1826 769 1906 794 cum
1923 760 1984 805 qui
2003 765 2078 796 toto
2089 760 2252 807 leprosus

1193 820 1248 851 est
1279 825 1430 861 corpore
1451 843 1460 859 ,
1494 822 1531 852 ct
1550 827 1570 852 a
1588 817 1741 862 pedibus
1760 828 1874 863 usque
1900 818 1946 854 ad
1966 824 2074 864 caput
2102 826 2252 866 opertus

1192 875 1331 918 morbo,
1351 876 1483 911 munda
1502 877 1615 911 teneri
1632 876 1744 922 lepra,
1764 877 1833 913 boc
1852 878 1896 913 de
1913 887 1956 913 eo
1982 877 2171 923 judicante
2188 890 2250 916 sa,

1190 934 1349 976 eet-dote,
1368 936 1461 978 vult3
1479 937 1534 971 sin
1550 941 1670 972 autem
1690 937 1725 972 in
1741 947 1784 972 eo
1800 938 1916 973 visum
1931 938 2039 974 fuerit
2056 940 2252 985 aliquando

1190 1003 1321 1038 corpus
1338 995 1479 1038 vivens,
1501 1002 1646 1032 revocat
1682 999 1852 1034 sacerdos
1884 998 2059 1043 judicium
2087 1011 2191 1037 suum
2213 1009 2249 1037 et

1189 1054 1316 1099 polluit
1347 1064 1428 1088 cnut
1450 1066 1457 1089 ε
1479 1054 1507 1089 si
1534 1060 1735 1092 remutatus
1769 1056 1878 1092 suerit
1900 1059 1934 1093 iu
1957 1059 2098 1102 album,
2120 1066 2154 1096 et
2175 1068 2248 1096 tota

66 1121 103 1151 ει
122 1120 245 1161 ψει-ω
264 1117 435 1162 cognitio,
457 1117 508 1152 Ex
535 1117 591 1153 ως,
623 1118 776 1163 primam
811 1121 967 1166 speciem
994 1122 1089 1158 Lxx
1107 1151 1116 1167 ‚
1140 1116 1170 1154 Β
1190 1113 1292 1158 pellis
1311 1114 1355 1149 ad
1372 1113 1577 1158 passionem
1597 1115 1704 1160 leprae
1732 1117 1906 1151 translata
1945 1117 2066 1161 fucrit,
2097 1120 2248 1155 mundat

1189 1184 1270 1211 eum
1291 1176 1460 1211 sacerdos
1478 1202 1487 1219 ,
1508 1176 1567 1211 cui
1582 1175 1750 1221 judicare
1768 1184 1988 1223 praeceptum
2008 1186 2077 1215 est.
2107 1179 2146 1215 Si
2179 1191 2245 1215 au-

1188 1240 1313 1271 temet
1339 1235 1416 1272 haec
1442 1242 1542 1272 recte
1567 1237 1671 1273 dictae
1711 1238 1783 1273 sint
1802 1265 1811 1281 ,
1841 1240 2005 1284 quamvis
2037 1241 2105 1276 boe
2139 1251 2249 1276 nemo

1187 1301 1304 1343 dicat,
1336 1311 1445 1346 quam
1467 1306 1587 1338 tamen
1616 1302 1902 1339 satisfactionem
1937 1305 1981 1340 ad
2011 1305 2117 1341 aliam
2151 1307 2246 1342 lianc

1187 1362 1503 1406 reprehensionem
1521 1363 1744 1409 reperiemus
1760 1393 1768 1407 ,
1791 1366 1875 1411 quia
1897 1366 2060 1412 leprosus
2088 1379 2158 1404 non
2178 1380 2243 1405 vo-

1184 1419 1349 1455 luntarirc
1366 1422 1559 1466 passionis,
1572 1423 1635 1459 sed
1653 1434 1760 1469 quam
1782 1425 1914 1461 invitus
1931 1427 2097 1470 sustinet,
2117 1438 2244 1474 poenas

1184 1481 1301 1524 solvit,
1333 1487 1369 1518 et
1393 1483 1451 1527 qui
1473 1483 1604 1519 debeat
1622 1495 1641 1519 a
1662 1485 1739 1532 lege
1763 1488 1896 1523 mereri
1923 1489 2207 1525 miscricordiam
2232 1518 2241 1533 ,

1182 1545 1331 1590 punitur
1350 1556 1358 1587 ;
1383 1556 1537 1592 cumque
1560 1547 1690 1593 dignus
1710 1554 1806 1584 esset
1839 1551 1974 1586 auxilio
1989 1579 1998 1594 ,
2019 1558 2167 1598 propter
2187 1554 2242 1588 in-

1182 1605 1391 1641 firmitatem
1412 1607 1480 1642 boc
1513 1612 1636 1649 earet,
1675 1607 1938 1655 subjiciturque
1971 1621 2073 1646 noxae
2090 1639 2098 1655 ,
2121 1613 2183 1658 qui
2209 1613 2238 1648 si

1180 1666 1356 1710 potuisset
1386 1667 1556 1702 resistere
1575 1694 1584 1710 ,
1619 1678 1806 1713 nunquam
1823 1670 1853 1704 ei
1874 1671 2120 1716 praevaluisset
2138 1672 2239 1707 infir-

1181 1725 1310 1768 mitas;
1348 1726 1482 1772 quique
1518 1728 1748 1772 reprehendit
1776 1736 1942 1765 naturam
1962 1758 1970 1773 ‚
2010 1732 2112 1778 cnjus
2143 1740 2241 1769 essct

1180 1786 1378 1822 artati-atus
1403 1787 1599 1824 accedente
1625 1789 1790 1824 molestia
1813 1802 1821 1824 ε
1851 1796 1888 1826 ει
1918 1802 1988 1827 non
2026 1793 2237 1831 intentionis

1179 1852 1240 1881 aut
1260 1848 1455 1884 veluntatis
1472 1859 1545 1885 suae
1566 1862 1573 1884 :
1595 1850 1681 1895 quid
1697 1851 1793 1886 enim
1818 1858 1940 1898 ageret
1959 1859 1998 1889 ut
2015 1855 2050 1890 in
2072 1855 2141 1892 boc
2166 1867 2236 1892 uon

1179 1905 1353 1942 incideret
1381 1909 1537 1944 morbo?
1570 1909 1642 1945 Sed
1677 1911 1728 1945 ait
1752 1913 1930 1958 quispiam
1951 1926 1959 1947 ε
1985 1913 2127 1951 Peccati
2159 1916 2238 1952 vin-

1178 1967 1310 2002 dictam
1326 1968 1381 2003 vel
1401 1979 1545 2014 poenam
1562 1980 1640 2006 csse
1663 1971 1757 2007 hane
1777 1974 1981 2018 passionem
1999 2003 2007 2018 ,
2026 1981 2062 2011 et
2081 1978 2235 2022 primam

1178 2027 1322 2072 quidem
1356 2028 1521 2073 Mariam,
1557 2031 1684 2067 deinde
1717 2032 1841 2068 Oziam
1870 2036 2051 2080 proponit,
2080 2048 2233 2083 quorum

1177 2087 1235 2123 illa
1255 2089 1399 2134 quidem
1433 2090 1536 2126 fratri
1570 2092 1727 2128 detraxit
1758 2106 1766 2128 :
1797 2094 1854 2130 ille
1877 2101 2011 2139 autem,
2033 2097 2116 2132 dum
2139 2105 2236 2134 esset

1176 2158 1237 2184 rex
1251 2175 1259 2191 ,
1281 2149 1468 2185 incensum
1488 2151 1622 2187 inferre
1655 2155 1885 2200 praesumpsit
1906 2156 1941 2191 in
1967 2158 2111 2200 sanetis,
2148 2160 2234 2196 solis

1175 2208 1304 2253 quiiipe
1324 2210 1392 2246 boc
1409 2212 1656 2248 sacerdotibus
1675 2213 1816 2250 licebat.
1838 2215 1956 2262 Atque
1979 2218 2058 2254 ideo
2076 2230 2148 2255 non
2165 2221 2234 2256 dif-

1174 2267 1313 2305 ferente
1343 2269 1418 2306 Dco
1455 2283 1601 2317 poenam
1637 2285 1779 2318 eorum,
1811 2277 1943 2323 leprosi
1971 2279 2088 2316 effecti
2134 2288 2230 2318 sunt.

1173 2329 1266 2376 Ergo
1286 2332 1476 2376 oportebat
1495 2339 1533 2368 ut
1562 2334 1630 2370 hoc
1656 2342 1780 2381 aperte
1812 2337 1868 2373 lex
1890 2339 2027 2375 diceret
2060 2341 2105 2376 ad
2122 2352 2231 2376 excu-

1174 2391 1325 2426 sandum
1348 2392 1592 2438 legislatorem
1617 2402 1743 2432 eontra
1765 2409 1827 2434 eos
1847 2400 1908 2444 qui
1926 2411 2007 2435 eum
2028 2407 2156 2446 putant
2177 2402 2230 2437 in-

1168 2450 1264 2495 juste
1285 2451 1327 2486 de
1347 2452 1497 2497 leprosis
1512 2456 1664 2491 sancire.
1681 2457 1724 2491 Et
1744 2469 1814 2493 non
1836 2459 1950 2494 solum
1968 2460 2036 2496 boc
2055 2462 2099 2496 de
2114 2461 2232 2507 lepro-

1173 2510 1236 2552 sis,
1258 2511 1319 2546 scd
1342 2517 1376 2546 ct
1396 2512 1440 2548 de
1472 2514 1526 2550 bis
1543 2516 1604 2560 qui
1630 2517 1840 2554 vulneratos
1867 2520 2000 2556 habent
2020 2522 2142 2558 oculos
2164 2533 2229 2559 seu

1173 2571 1328 2614 auditus,
1350 2578 1412 2607 aut
1434 2574 1593 2620 reliquos
1609 2567 1751 2620 sensus,
1773 2579 1926 2625 aliisque
1945 2581 2099 2618 infirmis
2115 2588 2151 2619 ct
2165 2593 2230 2629 pa-

1172 2632 1322 2668 raliticis
1342 2634 1612 2672 existimabitur
1642 2650 1649 2673 :
1672 2639 1767 2684 quod
1787 2641 2020 2679 manifestum
2041 2650 2160 2680 estex
2183 2655 2228 2683 eo

1172 2693 1266 2738 quod
1295 2694 1458 2740 discipuli
1480 2707 1614 2734 ciccum
1643 2710 1662 2735 a
1684 2701 1872 2739 nativitate
1895 2704 2076 2749 videntes,
2103 2708 2226 2743 Domi·-

1172 2764 1256 2789 num
1277 2754 1542 2803 interrogantes
1558 2769 1655 2803 eum,
1678 2761 1846 2799 dicebant
1864 2776 1872 2800 z
1895 2763 2023 2810 Batti,
2044 2769 2121 2814 quis
2141 2781 2223 2816 pec·-

1171 2813 1276 2856 cavit,
1314 2814 1382 2857 ln‘c,
1404 2822 1466 2851 ant
1503 2826 1664 2863 parentes
1690 2821 1781 2868 ejus,
1813 2829 1852 2859 ut
1879 2836 1992 2862 coecus
2026 2835 2225 2864 nasceretur

1173 2871 1294 2918 (Joan.
1315 2874 1392 2919 ix)?
1419 2876 1470 2911 Tu
1491 2884 1610 2914 autem
1639 2881 1727 2917 mihi
1747 2893 1820 2920 non
1842 2885 1977 2922 relidas
2009 2886 2142 2924 Christi
2169 2899 2225 2926 re-

1171 2934 1398 2978 sponsionem
1420 2937 1548 2972 scienti
1573 2940 1732 2984 quidem,
1753 2944 1815 2979 scd
1843 2946 2024 2989 quomodo
2042 2948 2145 2983 multi
2161 2949 2225 2984 ha-

1170 2991 1275 3027 beant
1294 2992 1339 3029 de
1356 2996 1584 3039 passionibus
1610 3010 1689 3046 quae
1710 3002 1813 3039 nobis
1832 3005 2001 3042 eveniunt
2022 3011 2219 3053 quaerenti;

1170 3053 1231 3088 scd
1269 3058 1306 3088 ct
1344 3054 1422 3100 ipse
1461 3057 1636 3096 Dominus
1669 3073 1677 3095 τ
1720 3062 1953 3102 Dimittuntur
1986 3067 2048 3102 tibi
2082 3077 2227 3115 peccata

1170 3111 1314 3157 (Mateta.
1342 3115 1434 3162 xix),
1454 3118 1580 3156 volens
1598 3122 1739 3168 erigere
1757 3126 1986 3170 paraliticum
2006 3129 2109 3164 dixit.
2143 3129 2222 3166 Sic-

1169 3176 1209 3206 ut
1241 3182 1327 3219 ergo
1343 3175 1417 3212 Dee
1438 3178 1591 3216 odibiles
1610 3182 1721 3218 etiam
1749 3185 1815 3221 hos
1832 3186 1877 3221 de
1906 3187 2138 3223 tabernaculo
2155 3198 2220 3224 ex-

1171 3231 1256 3277 pelli
1277 3237 1481 3280 oportebat,
1504 3244 1542 3274 et
1575 3239 1749 3285 injustitia
1768 3242 1858 3280 levis
1871 3250 2076 3290 putaretur,
2095 3246 2127 3282 si
2156 3247 2222 3284 alii

1171 3291 1278 3328 simul
1307 3294 1520 3340 injustitiam
1538 3305 1761 3344 paterentur.
1787 3302 1827 3338 Si
1854 3309 1974 3339 autem
2007 3304 2097 3341 dicis
2133 3306 2216 3351 quia

1169 3352 1376 3390 omnimodo
1404 3355 1441 3391 in
1473 3357 1531 3392 bis
1562 3359 1790 3403 passionibus
1824 3368 1974 3408 peccata
2007 3365 2218 3411 puniuntur,

1169 3420 1253 3447 nam
1274 3418 1311 3448 ει
1329 3424 1412 3450 cum
1430 3417 1491 3461 qui
1514 3417 1648 3454 fluxum
1665 3421 1814 3458 seminis
1831 3424 1983 3471 patitur,
2012 3436 2034 3463 a
2055 3428 2218 3467 taberna·

1170 3471 1252 3506 culo
1269 3474 1447 3518 probibet,
1465 3482 1501 3512 et
1513 3466 1594 3513 eam
1609 3488 1689 3523 quae
1706 3478 1841 3518 fluxum
1854 3485 1992 3530 patitur
2002 3491 2189 3536 sanguinis
2207 3506 2215 3530 ε

1170 3537 1259 3565 vera.
1271 3532 1415 3576 quidem
1432 3533 1537 3578 dicis,
1559 3537 1622 3572 sed
1646 3549 1717 3575 non
1735 3540 1804 3578 lioc
1829 3548 1905 3582 tam
1925 3547 2125 3589 satisfactio
2146 3560 2216 3598 est,

1169 3597 1277 3633 quam
1298 3599 1425 3628 rursus
1443 3593 1514 3628 alia
1533 3595 1724 3642 scriptoris
1740 3605 1940 3650 accusatio,
1970 3609 2032 3655 qui
2060 3613 2219 3651 necessa

1169 3651 1263 3689 tates
1283 3653 1420 3685 naturoe
1446 3653 1686 3700 condemnat,
1717 3668 1809 3705 quas
1826 3661 2016 3704 defensare
2042 3668 2222 3710 debuerat

1169 3714 1229 3744 aut
1259 3721 1333 3746 non
1355 3711 1529 3751 faetorem
1549 3715 1585 3754 in
1605 3721 1830 3762 naturalibus
1848 3729 2139 3770 accusationibus
2158 3734 2213 3771 in-
