2540 4016
65 185 134 227 ⁴97

662 186 999 234 EXPOSITIONES
1024 189 1070 227 IN
1097 190 1359 231 LEVITICUM.
1385 213 1432 220 —
1455 194 1540 231 LIB.
1569 196 1626 232 VI.

2166 210 2238 250 498

64 263 155 301 didit
174 274 182 299 :
204 263 332 300 Bovem
373 268 405 300 et
441 273 556 307 ouem,
576 273 661 298 aure
685 269 719 298 et
751 263 867 299 cauda
900 265 1111 310 amputatis,
1131 266 1167 305 A
1183 271 1240 303 est
1259 279 1267 303 :
1291 267 1424 314 Scripsi
1451 268 1544 304 vobis
1563 269 1599 304 in
1621 268 1767 316 epistola
1793 281 1805 307 .·
1827 270 1910 310 Non
1930 280 2144 319 commisceri
2160 285 2238 330 sor..

63 324 257 362 voluntarie
283 325 408 372 offerrc
428 329 559 371 potest,
586 328 703 358 votum
727 328 843 359 autem
869 334 912 359 ex
943 323 996 359 tiis
1030 323 1117 359 solvi

0 369 3 416 ἶ
62 397 134 422 non
151 391 275 433 potest.
296 385 406 422 Omne
425 384 556 421 animal
568 412 578 428 ‚
599 384 691 431 quod
709 383 759 420 vel
781 385 952 428 contritis,
974 386 1024 420 ve!
1043 390 1117 420 ton-

61 446 134 489 sis,
158 446 211 482 vel
234 446 335 482 sectis
353 444 545 491 ablatisque
569 444 737 481 testiculis
769 450 842 488 est,
867 455 937 480 non
964 445 1118 490 offeretis

61 504 225 541 Domino.
258 505 453 552 Disciplina
482 515 567 552 ergo
594 505 727 549 multa,
771 511 808 542 et
848 515 928 552 quae
967 505 1119 543 decebat

62 564 308 611 legislatorem
334 566 380 602 ad
405 565 513 612 hujus
534 567 804 603 distinctionem
829 566 1007 603 sermonis
1029 577 1117 604 usus

61 634 139 671 est,
175 639 284 673 quam
318 634 355 664 et
387 629 426 665 in
461 630 709 677 superioribus
745 631 920 667 custodiri
957 636 1115 677 oportet.

60 685 193 721 Aurem
218 692 338 722 autem
365 694 588 734 amputatam
611 690 738 734 habet,
774 691 835 736 qui
865 690 1118 727 inobedientiae
1142 729 1147 733 ,

59 745 186 781 morbo
211 745 379 792 languet,
405 748 466 793 qui
489 748 774 788 detractionibus
798 751 950 798 gaudet,
971 750 1031 796 qui
1055 751 1116 786 de—

59 805 214 841 lectatur
249 808 414 853 turpibus
449 811 630 847 auditibus
650 839 659 855 ,
698 812 759 858 qui
790 812 905 848 bonos
931 821 1116 848 sermones

59 874 260 904 aversatur.
287 869 444 906 Caudam
476 879 698 918 amputatam
727 873 853 916 habet,
885 874 946 919 qui
974 873 1018 909 de
1051 885 1115 910 no-

57 927 216 965 vissimis
243 941 314 966 non
338 933 494 978 cogitat,
522 935 606 979 quIa
630 934 744 969 cauda
766 938 822 970 est
844 939 1007 970 extrema
1031 945 1116 980 pars

58 988 233 1033 corporis.
278 989 370 1024 Sunt
404 1000 489 1035 ergo
526 991 671 1035 proprie
704 992 855 1027 caudam
891 998 1114 1037 amputatam

56 1046 249 1090 habentes,
276 1049 337 1093 qui
363 1059 405 1083 ea
431 1059 511 1094 quae
537 1055 621 1085 sunt
644 1051 842 1087 novissima
858 1079 867 1095 ,
896 1052 1037 1098 abjecta
1073 1063 1116 1089 ac

54 1107 138 1142 vilia
164 1113 200 1143 et
222 1108 372 1145 minima
395 1111 581 1155 pendunt;
618 1113 678 1157 qui
703 1113 792 1148 nihil
817 1114 962 1150 sibimet
993 1115 1029 1150 in
1059 1116 1115 1150 su-

1190 326 1334 362 nicariis
1358 338 1370 363 :
1402 339 1472 364 non
1499 329 1618 376 utique
1648 329 1849 375 fornicariis
1878 335 2000 370 mundi
2024 338 2149 384 hujus,
2178 351 2240 382 am

1186 387 1325 430 avaris,
1358 394 1420 423 aut
1451 389 1660 436 rapacibus,
1688 397 1749 426 aut
1777 392 1883 429 idolis
1906 395 2154 443 servientibus,
2181 403 2243 440 de..

1186 443 1340 482 bueratis
1372 448 1465 483 enim
1497 460 1540 485 etc
1572 450 1636 486 hoc
1662 451 1796 486 mundo
1828 454 1952 489 exisse.
1993 454 2099 491 Nunc
2127 465 2243 496 autem

1184 506 1310 554 scripsi
1332 508 1427 544 vobis
1456 510 1495 545 in
1517 510 1692 557 epistola.-
1720 512 1804 548 Non
1830 516 2059 552 commisceri.
2096 517 2135 554 Si
2169 522 2244 567 quis

1186 565 1299 611 frater
1321 568 1527 605 nominatur
1548 577 1611 607 aut
1637 572 1831 618 fornicator
1853 581 1902 610 est
1921 603 1930 620 ,
1959 582 2020 612 aut
2043 577 2147 614 idolis
2171 591 2243 615 ser-

1185 627 1303 672 vietis,
1330 635 1392 664 aut
1415 641 1565 674 avarus,
1592 639 1654 668 aut
1678 633 1867 680 detractor,
1895 643 1956 672 aut
1978 638 2158 683 ebriosus,
2183 648 2245 677 aut

1186 699 1318 735 rapax,
1343 702 1422 727 cum
1442 693 1647 739 hujusmodi
1667 707 1729 732 nec
1747 697 1863 733 cibum
1883 710 2020 736 sumere
2036 700 2072 748 (I
2092 701 2172 737 Cor.
2190 702 2242 751 v).

1154 782 1157 785 .
1185 746 1334 785 Fratres
1357 752 1549 789 nominans
1573 754 1646 790 illic
1672 765 1735 792 eos
1760 757 1822 802 qui
1855 758 1988 796 altario
2010 761 2243 806 ministrant,

1186 808 1268 852 quia
1292 811 1450 847 maxime
1473 822 1537 848 eos
1555 814 1616 859 qui
1639 814 1812 852 doctrinm
1834 819 1954 854 sortiti
1977 825 2062 856 sunt
2080 821 2237 867 dignita-

1185 874 1258 904 tem
1273 897 1282 913 ‚
1306 877 1341 907 et
1362 873 1494 917 quibus
1514 885 1671 920 praeesse
1691 877 1832 922 populis
1853 879 2031 916 creditum
2053 886 2121 917 est.

1233 930 1277 965 Hi
1307 933 1404 967 enim
1426 934 1558 979 siquid
1586 936 1656 972 tale
1686 937 1898 982 habuerint,
1930 941 2047 978 modis
2076 944 2244 982 omnibus

1184 994 1328 1034 oportet
1355 992 1566 1028 societatem
1594 1005 1719 1031 eorum
1740 1000 1924 1043 aversari,
1948 1002 2032 1046 quia
2053 1013 2161 1049 super
2180 1015 2243 1051 po-

1182 1052 1306 1097 pulum
1334 1054 1518 1090 abundare
1548 1056 1741 1093 virtutibus
1769 1059 1805 1094 hi
1833 1061 1894 1105 qui
1914 1069 2074 1107 praesunt
2094 1075 2243 1102 necesse

1186 1111 1340 1155 habent,
1361 1121 1396 1148 et
1415 1114 1482 1160 ipsi
1501 1117 1657 1152 maxime
1676 1127 1755 1154 esse
1775 1120 1852 1155 siue
1872 1123 2024 1157 macula.
2046 1123 2134 1159 Nam
2154 1136 2243 1171 quo-

54 1168 146 1203 turis
177 1168 316 1204 saeculjs
340 1170 606 1214 thesaurizant,
633 1173 693 1216 qui
720 1173 851 1209 futuris
883 1185 953 1210 non
988 1176 1110 1220 provi-
1132 1165 1163 1203 B
1185 1172 1290 1207 modo
1317 1173 1407 1208 alios
1435 1176 1632 1211 emundare
1661 1188 1680 1212 a
1706 1178 1962 1224 pollutionibus
1992 1186 2171 1228 possunt?
2192 1186 2242 1222 De

56 1230 158 1274 dent,
194 1232 255 1277 qui
290 1232 442 1268 dieunt:
482 1233 738 1269 Manducemus
763 1242 795 1270 ct
819 1236 999 1281 bibamus,
1034 1249 1112 1273 cras

53 1290 142 1326 enim
174 1292 365 1327 moriemur
388 1292 489 1340 (Isa.
510 1294 625 1340 xxti).
649 1295 824 1332 Contritis
853 1297 1029 1333 testiculis
1058 1304 1114 1335 est

53 1350 114 1396 qui
144 1351 537 1398 paulatimcrescente
573 1355 712 1390 malitia
745 1357 901 1391 conterit
936 1367 1037 1392 suam
1076 1358 1110 1392 in

54 1411 248 1448 virtutihus
282 1414 441 1459 prolem,
481 1421 517 1450 et
553 1416 654 1462 signa
690 1427 755 1462 per
790 1428 870 1462 quae
905 1418 961 1452 vir
998 1418 1112 1463 possit

52 1473 219 1518 agnosci,
241 1474 302 1518 qui
332 1480 367 1509 et
395 1481 494 1511 recte
522 1477 752 1520 reprobatur,
783 1477 867 1521 quia
897 1477 1111 1522 sibimetipsi

52 1531 89 1567 in
121 1532 252 1568 talibus
281 1534 418 1569 nocuit.
439 1535 569 1571 Tonsis
601 1537 778 1573 testiculis
806 1542 880 1580 est,
910 1538 971 1583 qui
1003 1538 1111 1576 illatis

52 1592 123 1628 sibi
163 1594 424 1630 tentationibus
465 1595 831 1643 tribulationibusque
871 1599 999 1642 cessit,
1033 1599 1111 1635 ani-

51 1662 192 1698 maeque
217 1663 289 1689 suae
313 1653 561 1691 fortitudinem
588 1657 746 1701 perdidit
770 1657 853 1704 [At.
869 1686 878 1702 ‚
904 1659 1062 1705 prodidit
1079 1659 1107 1706 ].

49 1713 128 1750 Non
153 1716 248 1750 enim
274 1722 416 1762 oportet
441 1718 509 1753 hoe
535 1719 696 1764 perpeti,
718 1729 785 1755 nec
809 1721 957 1756 omnino
980 1721 1109 1757 cedere

50 1773 252 1811 imminenti
278 1776 372 1811 hosti
400 1782 508 1821 atque
538 1777 722 1824 affligenti.
752 1779 870 1816 Sectis
905 1782 1109 1828 ablatisque

48 1835 224 1871 testiculis
243 1840 321 1878 est,
342 1836 403 1881 qui
424 1847 493 1871 una
527 1839 669 1874 actione
692 1850 805 1885 prava
838 1842 1018 1888 nimisque
1043 1844 1109 1879 im-

47 1896 127 1942 pia,
153 1902 189 1932 et
212 1901 330 1932 stante
355 1897 451 1933 sicut
475 1898 631 1934 cultrum
652 1905 688 1936 et
706 1900 907 1945 auferente,
934 1905 1107 1948 quemad-

46 1956 192 1991 modum
213 1956 319 1992 nimis
338 1956 447 1992 effera
468 1963 504 1993 et
522 1959 697 2005 direptrix
714 1971 856 2004 manus,
873 1964 1103 2009 semetipsum

48 2015 256 2059 abscidens,
292 2022 328 2052 et
363 2017 531 2055 auterens
564 2030 585 2054 a
619 2020 874 2066 conjunctione
906 2023 994 2067 Dei,
1026 2035 1105 2070 quae

1183 1232 1314 1277 quibus
1335 1234 1443 1269 etiam
1465 1236 1541 1271 haec
1562 1236 1746 1283 legislator
1766 1243 1950 1287 praecepit.

1228 1294 1273 1328 Et
1293 1296 1328 1330 in
1347 1301 1440 1331 terra
1461 1304 1575 1333 vestra
1604 1300 1668 1334 ltoc
1699 1303 1838 1338 omnino
1864 1315 1931 1339 uon
1961 1306 2121 1352 faciatis,
2144 1316 2177 1344 et
2196 1311 2239 1346 dc

1180 1365 1288 1389 manu
1320 1356 1524 1403 alienislence
1557 1371 1625 1395 non
1657 1363 1814 1407 offeratis
1848 1377 1954 1410 panes
1980 1367 2132 1405 Domino
2163 1371 2238 1407 Deo

1181 1424 1307 1461 vestro,
1325 1425 1356 1453 et
1374 1420 1543 1467 quidquid
1563 1422 1660 1458 uliud
1681 1424 1765 1460 darc
1782 1426 1951 1462 volueriut
1971 1430 2053 1475 quia
2072 1439 2237 1478 corrupta

1180 1484 1211 1512 et
1232 1479 1408 1515 maculata
1427 1488 1509 1516 sunt
1526 1484 1644 1518 omnia
1664 1496 1732 1519 non
1759 1487 1960 1533 suscipiatis
1991 1501 2044 1525 ea.
2073 1491 2148 1528 Nee
2171 1503 2239 1530 nos

1180 1549 1265 1586 ergo
1295 1540 1331 1575 in
1353 1545 1451 1577 terra
1478 1549 1602 1579 nostra
1623 1545 1837 1590 quibusdam
1861 1548 1987 1585 talium
2011 1552 2238 1590 macularum

1180 1602 1337 1638 studium
1364 1603 1504 1641 demus.
1532 1606 1598 1642 Est
1621 1612 1742 1643 autem
1769 1614 1865 1645 terra
1895 1616 2016 1647 nostra
2036 1613 2129 1649 bona
2153 1625 2240 1652 con-

1179 1664 1337 1699 versatio
1351 1692 1359 1707 ,
1382 1675 1462 1710 quse
1489 1672 1668 1713 praecepta
1686 1674 1742 1704 est
1761 1679 1826 1715 per
1847 1670 1988 1708 divinas
2014 1671 2238 1720 Scripturas,

1178 1733 1287 1768 quam
1307 1735 1326 1759 a
1346 1726 1419 1761 Deo
1437 1726 1554 1762 colere
1570 1730 1810 1775 percepimus.
1833 1730 1903 1767 Sed
1921 1743 1990 1769 nec
2007 1734 2231 1782 alienigenae,

1178 1783 1346 1820 videlicet
1362 1786 1422 1830 qui
1444 1786 1571 1824 doetus
1595 1794 1650 1824 est
1672 1795 1708 1825 et
1734 1790 1893 1835 adJ’ectus
1917 1799 1972 1829 est
1991 1794 2125 1832 deforis
2147 1798 2234 1836 talia

1178 1843 1271 1878 dona
1280 1844 1455 1881 offerente
1471 1848 1580 1883 medii
1598 1849 1724 1893 simus,
1744 1852 1826 1897 quia
1846 1855 2028 1900 corruptio
2043 1856 2080 1891 in
2094 1857 2147 1894 eis
2165 1865 2237 1903 est,

1176 1913 1242 1939 nos
1262 1911 1382 1940 autem
1402 1906 1475 1942 Deo
1499 1908 1709 1956 incorrupto
1738 1913 1936 1958 servimus;
1960 1918 2139 1954 maculam
2170 1920 2236 1955 ha-

1175 1966 1273 2010 hent,
1296 1978 1362 2004 nos
1378 1975 1498 2005 autem
1514 1971 1549 2006 in
1570 1971 1731 2009 Ecclesia
1744 1976 2008 2021 ministramus,
2022 1980 2081 2015 cui
2098 1980 2236 2018 dictum

1175 2032 1232 2063 est
1251 2027 1295 2063 ab
1315 2027 1455 2074 Sponso
1474 2042 1481 2065 :
1505 2029 1592 2066 Tota
1608 2032 1754 2078 pulchra
1768 2046 1818 2077 cs,
1837 2038 1998 2082 proxima
2010 2051 2102 2083 mea,
2115 2046 2147 2076 et
2165 2053 2240 2078 nta-

46 2083 101 2114 est
123 2079 157 2114 in
185 2080 401 2124 virtutibus,
427 2082 626 2118 secundum
654 2084 750 2128 quod
778 2084 936 2121 diximus
951 2113 959 2129 ‚
980 2086 1102 2132 priva-
1124 2080 1153 2122 C
1175 2090 1254 2126 cula
1274 2103 1344 2127 non
1362 2098 1413 2128 est
1431 2094 1468 2128 in
1484 2100 1515 2129 te
1536 2094 1653 2141 (Cant.
1673 2096 1736 2144 lv).
1768 2098 1812 2134 Et
1833 2099 1876 2134 ‹le
1892 2111 1962 2146 qua
1984 2102 2117 2139 Paulus
2135 2104 2233 2141 dice-

46 2144 105 2177 tus
130 2140 229 2186 prole
243 2169 252 2185 ,
274 2148 309 2177 et
335 2143 363 2178 si
386 2143 467 2189 quis
487 2143 602 2179 virilis
621 2145 840 2191 cognitionis
862 2148 1103 2192 quorumdam

46 2201 123 2247 ipse
155 2211 192 2238 se
220 2203 384 2248 subjecit.
418 2204 520 2240 Alter
552 2210 608 2241 est
640 2206 821 2252 siquidem
845 2208 906 2254 qui
927 2209 1103 2254 paulatim

45 2262 264 2305 conteritur,
298 2268 334 2298 et
363 2263 454 2300 alter
480 2265 541 2310 qui
575 2266 695 2302 subito
727 2267 960 2314 semetipsum
995 2274 1105 2315 atque

45 2333 118 2358 una
139 2324 232 2359 mala
253 2325 395 2361 actione
414 2326 515 2371 prole
543 2326 719 2363 virtutum
748 2329 868 2375 privat
887 2341 895 2373 ;
930 2331 1104 2375 quemad-

42 2381 188 2417 modum
223 2382 346 2418 Simon
375 2385 540 2430 peeuniis
573 2396 695 2423 emere
723 2388 857 2425 donum
886 2389 950 2425 Dei
977 2391 1105 2427 existi-

42 2451 166 2485 mans,
196 2448 232 2478 et
256 2443 404 2480 effectus
429 2455 449 2481 a
474 2451 574 2483 sorte
602 2447 680 2493 ejus
709 2448 862 2487 alienus.
896 2450 968 2488 Sed
991 2463 1102 2488 unam

41 2500 168 2537 harum
198 2504 421 2541 macularum
447 2507 628 2553 quispiam
646 2509 703 2544 vel
722 2521 820 2547 nunc
839 2512 1023 2547 dictarum
1046 2513 1103 2549 vel

41 2571 122 2608 quae
138 2563 278 2607 pridem
296 2565 606 2604 dinumeravimus
624 2570 776 2613 habens,
798 2572 893 2607 haud
912 2573 1101 2608 mandato-

41 2632 121 2657 rum
141 2628 197 2658 est
210 2629 379 2668 operator
396 2637 405 2660 2
425 2631 462 2662 et
481 2632 673 2673 propterea
693 2629 827 2666 vitulus
841 2657 851 2673 ,
874 2637 914 2666 ut
948 2633 1101 2678 simplex

41 2687 78 2718 et
103 2683 179 2718 ovis
199 2694 244 2719 ex
262 2685 330 2720 hoc
351 2686 563 2731 appellatur,
594 2689 790 2725 secundum
821 2691 917 2736 quod
949 2691 1101 2738 Septua-

41 2740 138 2788 ginta
158 2743 288 2786 edunt‚
304 2753 370 2788 pro
387 2755 431 2779 eo
449 2746 543 2790 quod
561 2751 685 2783 nostra
705 2748 895 2785 translatio
913 2750 1023 2787 habet
1040 2763 1100 2787 vo-

41 2799 190 2838 luntarie
207 2803 331 2848 offerre
346 2810 471 2849 potest.
489 2805 640 2843 Occides
657 2817 699 2843 ea
719 2807 929 2854 tibimetipsi
945 2837 954 2852 ,
970 2815 1009 2845 ut
1027 2821 1098 2847 non

41 2861 247 2897 omnimodo
265 2862 344 2898 illos
362 2874 586 2909 aversemur,
609 2877 677 2903 nec
698 2866 736 2902 in
757 2873 861 2913 parte
881 2869 1020 2907 inimici
1039 2872 1100 2908 de-

39 2925 227 2966 putemus,
259 2922 322 2958 sed
349 2924 542 2962 doceamus
563 2936 626 2963 eos
647 2932 683 2963 et
703 2928 966 2966 exhortemur:
990 2932 1026 2968 N
1030 2944 1098 2968 un-

39 2980 122 3026 quid
141 2981 199 3028 qui
219 2982 313 3017 cadit
340 2995 410 3020 non
430 2985 572 3031 adjiciet
590 2993 628 3022 ut
650 2990 838 3035 resurqat?
860 2990 987 3038 (Psal.
1007 2994 1094 3042 xt..)
1119 2977 1149 3016 D

39 3043 100 3075 aut
118 3040 179 3086 qui
201 3051 350 3078 aversus
369 3049 446 3088 est,
467 3056 540 3081 non
566 3050 796 3084 revertetur?
815 3050 939 3088 Occidi
971 3059 1092 3091 autem

39 3099 206 3137 dicuntur
226 3104 438 3140 mortificari
454 3112 627 3151 peccato,
649 3119 714 3154 per
741 3110 1025 3150 admonitionem
1054 3121 1095 3152 ut

34 3158 183 3208 iustitiae
209 3162 345 3199 vivant.
376 3164 439 3200 11ae
466 3171 587 3203 autem
617 3169 818 3208 occisiones
848 3173 952 3209 nobis
984 3174 1089 3211 fiunt.

37 3218 146 3258 Nobis
166 3223 262 3259 enim
281 3224 352 3261 illis
372 3225 456 3263 lIcet
476 3229 726 3274 commisceri,
747 3232 810 3268 sed
830 3243 897 3279 pro
917 3240 1002 3271 voto
1022 3246 1093 3273 non

38 3281 228 3322 offeramus
261 3296 304 3324 ea
337 3287 440 3332 Deo,
477 3290 513 3326 id
544 3296 626 3334 est,
661 3293 704 3329 ad
739 3294 984 3332 ministerium
1016 3296 1094 3342 ejus

38 3347 228 3392 mysticum
266 3359 338 3386 non
372 3360 435 3387 eos
474 3352 697 3391 ordinemus.
750 3355 846 3403 Ergo
893 3358 1095 3404 quamlibet

37 3404 288 3448 praedictarum
313 3410 534 3448 macularum
557 3413 756 3460 habentes,
781 3417 812 3453 si
839 3419 1093 3463 poenitentiam

37 3463 176 3509 egerint
200 3477 308 3515 super
333 3479 397 3515 ea,
430 3476 467 3508 et
486 3473 598 3510 occisi
626 3474 780 3519 suerint,
809 3478 1092 3518 mortificatione

36 3525 194 3571 pemati,
224 3531 462 3578 suscipiamus
490 3535 636 3581 quidem
653 3547 728 3581 eos,
759 3545 796 3576 et
826 3545 866 3576 ut
890 3541 1093 3578 membrum

39 3582 238 3646 communis
256 3593 420 3638 corporis
446 3595 668 3642 habeamus,
696 3600 782 3646 quia
810 3599 970 3637 Christus
999 3603 1092 3639 venit

37 3642 77 3678 in
94 3642 187 3680 hunc
203 3650 372 3688 mundum
389 3662 586 3700 peccatores
607 3658 720 3695 salvos
742 3660 858 3706 facere
880 3662 915 3710 (Ι
934 3661 1024 3699 Tim.
1046 3663 1088 3711 1).

36 3703 178 3742 Altario
202 3714 323 3748 autem
346 3713 468 3752 offerri
495 3728 558 3755 eos
584 3721 774 3759 nonlicet.
795 3722 892 3766 Hac,
913 3731 954 3760 ut
974 3730 1086 3771 puto,

26 3762 270 3827 *istinctione
286 3774 324 3806 et
340 3770 474 3813 Paulus
490 3778 654 3818 seruiens
682 3780 728 3818 ad
761 3781 970 3822 Corinthios
1002 3796 1100 3824 usus¹

0 3937 5 3961 ἆ

2 3966 5 3979 1

0 3987 7 4016 i
24 3919 62 4016 ί

1173 2150 1256 2186 hat:
1274 2150 1319 2186 Ut
1334 2153 1583 2189 eoelziberetsibi
1597 2155 1787 2201 (Jloriosam
1805 2158 1999 2196 Ecclesimn
2016 2174 2084 2198 non
2102 2164 2235 2201 liaben-

1174 2218 1241 2247 tem
1272 2214 1448 2250 maculam
1482 2223 1542 2252 out
1577 2229 1726 2264 ruffam,
1761 2227 1822 2256 aut
1859 2222 1992 2270 aliquid
2027 2226 2233 2271 hujusmodi

1174 2270 1317 2317 (Ephes.
1347 2274 1397 2319 v).
1426 2275 1578 2322 Propter
1606 2279 1702 2324 quod
1723 2280 1814 2316 nihil
1841 2283 2020 2320 maculam
2043 2285 2181 2323 habens
2209 2298 2231 2324 a

1172 2332 1276 2367 nohis
1296 2333 1458 2370 offertur.

1579 2397 1731 2435 CAPUT
1756 2400 1836 2435 XX.

1171 2465 1255 2507 Bos,
1278 2467 1350 2501 ovis
1373 2474 1404 2501 et
1426 2479 1532 2514 capra
1552 2476 1681 2515 septem
1702 2483 1723 2506 a
1742 2479 1846 2517 partu
1873 2475 1994 2511 diebus
2016 2488 2095 2512 cum
2119 2485 2230 2515 matre

1217 2513 1308 2553 sint:
1327 2513 1447 2558 offerri
1466 2522 1610 2555 possunt
1627 2517 1683 2551 die
1707 2525 1840 2561 octavo,
1871 2522 1995 2558 hostire
2014 2535 2077 2569 pro
2098 2527 2231 2571 qratia-

1218 2570 1296 2593 rum
1315 2560 1452 2594 actione
1469 2561 1589 2596 eodem
1608 2562 1664 2597 die
1685 2566 1820 2600 comedi
1839 2567 1972 2610 debent,
1989 2576 2058 2606 etc.

1218 2631 1568 2681 (1mn.)Locutusque
1587 2643 1635 2672 est
1653 2638 1824 2676 Dominus
1843 2643 1888 2677 ad
1907 2643 2067 2691 Moysen,
2081 2647 2199 2684 dicens
2218 2661 2228 2684 .-

1169 2690 1251 2735 Bos,
1271 2693 1342 2728 oris
1360 2699 1391 2728 et
1410 2706 1516 2741 capra
1540 2708 1618 2731 cum
1642 2700 1757 2744 qenita
1777 2701 1928 2746 suerint,
1960 2711 2088 2751 septem
2108 2707 2230 2743 diebus

1168 2758 1268 2788 erunt
1277 2754 1339 2788 sub
1356 2754 1457 2790 ubere
1468 2757 1589 2792 matris
1598 2769 1687 2801 sung
1698 2759 1754 2794 <tte
1765 2767 1881 2796 autem
1897 2769 2015 2799 octavo
2026 2772 2056 2800 et
2067 2765 2228 2813 deinceps

1168 2813 1288 2858 offerri
1297 2815 1422 2860 poterit
1437 2815 1601 2852 Domino.
1614 2818 1760 2855 Siveille
1771 2821 1842 2865 bos,
1854 2824 1995 2859 siveilla
2009 2826 2080 2860 oris
2091 2828 2231 2862 nonim-

1167 2874 1402 2919 motabantur,
1430 2889 1500 2913 una
1515 2878 1586 2922 die,
1608 2892 1686 2916 cum
1706 2881 1843 2927 soetibus
1867 2886 1953 2920 suis.
1972 2885 2086 2922 Mater
2110 2888 2230 2924 omnis

1167 2935 1332 2972 animalis
1348 2937 1471 2983 utique
1488 2944 1618 2976 natura
1638 2946 1706 2985 est,
1729 2943 1795 2979 sub
1813 2944 1880 2980 hac
1897 2955 2005 2981 omne
2025 2957 2137 2994 genus
2160 2948 2229 2984 ho-

1167 2996 1304 3032 minum
1336 3004 1570 3043 peecatorum
1595 3007 1631 3038 et
1649 3001 1830 3046 justorum
1858 3011 1996 3052 septem
2014 3008 2140 3046 diebus
2158 3015 2227 3052 est,

1167 3058 1211 3093 ab
1225 3062 1353 3095 octavo
1371 3064 1491 3096 autem
1508 3061 1585 3107 jam
1601 3073 1686 3098 non.
1706 3063 1794 3100 Nam
1811 3066 1877 3101 etsi
1898 3072 2069 3112 operator
2085 3068 2166 3114 quis
2182 3069 2228 3104 sit

1166 3120 1419 3156 mandatorum
1441 3122 1498 3158 vel
1526 3123 1676 3169 simplex
1697 3126 1958 3172 vel'peceator‚
1989 3134 2050 3164 aut
2070 3139 2114 3165 ex
2139 3139 2225 3175 pcc-

1166 3186 1303 3225 catore‚
1341 3189 1478 3229 septem
1513 3185 1654 3230 diebus,
1678 3187 1713 3222 id
1739 3192 1808 3229 est,
1838 3198 1903 3233 per
1929 3199 2035 3224 omne
2061 3199 2222 3234 praesens

1167 3243 1356 3287 saeeulum‚
1386 3251 1528 3291 oportet
1552 3257 1635 3282 eum
1656 3248 1833 3282 sustinere
1853 3257 2074 3293 quaecunque
2091 3254 2219 3285 natura

1165 3303 1364 3349 desiderat;
1393 3307 1695 3351 quemadmodum
1728 3312 1763 3342 et
1799 3307 1842 3341 de
1881 3306 2066 3343 Salvatore
2099 3307 2223 3366 dicere

1163 3366 1392 3411 praesumpsit
1417 3366 1560 3409 Paulus,
1577 3366 1773 3401 ostendens
1789 3366 1870 3411 quia
1886 3376 1928 3401 ex
1948 3367 2070 3402 nostra
2087 3373 2219 3404 natura

1164 3416 1360 3461 seeundum
1374 3435 1521 3462 carnem
1537 3425 1651 3461 sactus
1668 3426 1804 3468 absque
1819 3430 1981 3470 pecca-to,
1997 3427 2119 3464 omnia
2134 3439 2219 3475 pas-

1163 3495 1224 3521 sus
1247 3491 1303 3521 est
1324 3496 1403 3530 quae
1427 3491 1531 3521 erant
1553 3491 1703 3520 naturae.
1732 3484 1821 3528 Quia
1848 3491 1968 3523 autem
1992 3489 2094 3534 pueri
2119 3499 2219 3527 com·

1163 3543 1438 3579 municaverunt
1454 3543 1619 3589 sanguini
1637 3547 1672 3578 et
1690 3543 1790 3579 carni
1813 3544 1992 3591 similiter,
2008 3553 2046 3584 et
2062 3547 2122 3585 ille
2132 3559 2219 3595 para

1160 3602 1322 3648 tieipavit
1334 3602 1472 3638 iisdem.
1489 3602 1560 3638 Sed
1573 3602 1715 3647 quando
1729 3602 1839 3639 vitam
1848 3611 2065 3649 praesentem
2078 3608 2218 3654 egressi

1160 3662 1356 3705 fuerimus,
1387 3668 1423 3698 et
1444 3663 1479 3698 iu
1507 3662 1563 3698 die
1580 3663 1674 3699 bona
1691 3669 1915 3701 mortuorum
1937 3667 2214 3706 resurrectionis

1160 3724 1346 3761 constituti
1360 3723 1548 3768 fuerimus,
1566 3730 1709 3760 extunc
1726 3730 1762 3761 et
1781 3725 1950 3773 deinceps
1967 3738 2074 3765 omne
2090 3729 2216 3766 videli-

1160 3793 1218 3824 cet
1241 3784 1412 3823 saeculum
1430 3783 1590 3822 futurum
1618 3795 1688 3822 non
1705 3784 1780 3832 jam
1797 3787 1863 3825 sub
1882 3793 1997 3827 matre
2020 3799 2099 3836 quae
2115 3789 2214 3829 dicta
