<?xml version="1.0" encoding="UTF-8"?>
<!DOCTYPE html PUBLIC "-//W3C//DTD XHTML 1.0 Transitional//EN"
    "http://www.w3.org/TR/xhtml1/DTD/xhtml1-transitional.dtd">
<html xmlns="http://www.w3.org/1999/xhtml" xml:lang="en" lang="en">
 <head>
  <title>
</title>
<meta http-equiv="Content-Type" content="text/html;charset=utf-8" />
  <meta name='ocr-system' content='tesseract 3.04.00' />
  <meta name='ocr-capabilities' content='ocr_page ocr_carea ocr_par ocr_line ocrx_word'/>
</head>
<body>
  <div class='ocr_page' id='page_1' title='image "./patrologiae00unknuoft_0182.png"; bbox 0 0 2540 4016; ppageno 0'>
   <div class='ocr_carea' id='block_1_1' title="bbox 0 3786 54 4016">
    <p class='ocr_par' dir='ltr' id='par_1_1' title="bbox 0 3786 54 4016">
     <span class='ocr_line' id='line_1_1' title="bbox 0 3786 54 4016; baseline 0 0"><span class='ocrx_word' id='word_1_1' title='bbox 0 3786 54 4016; x_wconf 95' lang='lat' dir='ltr'><strong><em> </em></strong></span> 
     </span>
    </p>
   </div>
   <div class='ocr_carea' id='block_1_2' title="bbox 353 179 418 219">
    <p class='ocr_par' dir='ltr' id='par_1_2' title="bbox 353 179 418 219">
     <span class='ocr_line' id='line_1_2' title="bbox 353 179 418 219; baseline -0.046 0"><span class='ocrx_word' id='word_1_2' title='bbox 353 179 418 219; x_wconf 74' lang='lat'><strong><em>35¹</em></strong></span> 
     </span>
    </p>
   </div>
   <div class='ocr_carea' id='block_1_3' title="bbox 343 302 1380 535">
    <p class='ocr_par' dir='ltr' id='par_1_3' title="bbox 343 302 1380 535">
     <span class='ocr_line' id='line_1_3' title="bbox 343 302 1380 356; baseline -0.012 -7"><span class='ocrx_word' id='word_1_3' title='bbox 343 314 414 350; x_wconf 85' lang='lat' dir='ltr'><strong><em>ciat</em></strong></span> <span class='ocrx_word' id='word_1_4' title='bbox 443 316 478 346; x_wconf 91' lang='lat' dir='ltr'><strong><em>et</em></strong></span> <span class='ocrx_word' id='word_1_5' title='bbox 503 314 624 356; x_wconf 84' lang='lat' dir='ltr'><strong><em>pascat</em></strong></span> <span class='ocrx_word' id='word_1_6' title='bbox 651 307 840 343; x_wconf 79' lang='lat' dir='ltr'><strong><em>obnoxium</em></strong></span> <span class='ocrx_word' id='word_1_7' title='bbox 860 308 1019 342; x_wconf 88' lang='lat' dir='ltr'><strong><em>animum</em></strong></span> <span class='ocrx_word' id='word_1_8' title='bbox 1047 304 1269 352; x_wconf 88' lang='lat' dir='ltr'><strong><em>poenitentia.</em></strong></span> <span class='ocrx_word' id='word_1_9' title='bbox 1297 302 1380 338; x_wconf 87' lang='lat' dir='ltr'><strong><em>Ideo</em></strong></span> 
     </span>
     <span class='ocr_line' id='line_1_4' title="bbox 343 363 1379 417; baseline -0.01 -10"><span class='ocrx_word' id='word_1_10' title='bbox 343 381 427 417; x_wconf 85' lang='lat' dir='ltr'><strong><em>ergo</em></strong></span> <span class='ocrx_word' id='word_1_11' title='bbox 449 369 527 405; x_wconf 86' lang='lat' dir='ltr'><strong><em>talis</em></strong></span> <span class='ocrx_word' id='word_1_12' title='bbox 541 367 698 408; x_wconf 84' lang='lat' dir='ltr'><strong><em>affectus,</em></strong></span> <span class='ocrx_word' id='word_1_13' title='bbox 724 366 802 400; x_wconf 90' lang='lat' dir='ltr'><strong><em>talis</em></strong></span> <span class='ocrx_word' id='word_1_14' title='bbox 819 366 958 411; x_wconf 87' lang='lat' dir='ltr'><strong><em>petitio,</em></strong></span> <span class='ocrx_word' id='word_1_15' title='bbox 980 366 1060 401; x_wconf 82' lang='lat' dir='ltr'><strong><em>taliS</em></strong></span> <span class='ocrx_word' id='word_1_16' title='bbox 1077 363 1286 410; x_wconf 84' lang='lat' dir='ltr'><strong><em>poenitentia</em></strong></span> <span class='ocrx_word' id='word_1_17' title='bbox 1307 373 1379 398; x_wconf 90' lang='lat' dir='ltr'><strong><em>non</em></strong></span> 
     </span>
     <span class='ocr_line' id='line_1_5' title="bbox 344 423 1380 470; baseline -0.009 -3"><span class='ocrx_word' id='word_1_18' title='bbox 344 436 400 467; x_wconf 88' lang='lat' dir='ltr'><strong><em>est</em></strong></span> <span class='ocrx_word' id='word_1_19' title='bbox 419 430 498 465; x_wconf 84' lang='lat' dir='ltr'><strong><em>usui</em></strong></span> <span class='ocrx_word' id='word_1_20' title='bbox 525 433 584 463; x_wconf 83' lang='lat' dir='ltr'><strong><em>aut</em></strong></span> <span class='ocrx_word' id='word_1_21' title='bbox 602 425 770 470; x_wconf 85' lang='lat' dir='ltr'><strong><em>voluptati</em></strong></span> <span class='ocrx_word' id='word_1_22' title='bbox 792 425 1056 468; x_wconf 86' lang='lat' dir='ltr'><strong><em>sacerdotibus,</em></strong></span> <span class='ocrx_word' id='word_1_23' title='bbox 1079 425 1281 469; x_wconf 87' lang='lat' dir='ltr'><strong><em>meritoque</em></strong></span> <span class='ocrx_word' id='word_1_24' title='bbox 1305 423 1380 459; x_wconf 89' lang='lat' dir='ltr'><strong><em>hir-</em></strong></span> 
     </span>
     <span class='ocr_line' id='line_1_6' title="bbox 345 485 1375 535; baseline -0.01 -6"><span class='ocrx_word' id='word_1_25' title='bbox 345 501 406 530; x_wconf 85' lang='lat' dir='ltr'><strong><em>cus</em></strong></span> <span class='ocrx_word' id='word_1_26' title='bbox 425 490 482 526; x_wconf 90' lang='lat' dir='ltr'><strong><em>ille</em></strong></span> <span class='ocrx_word' id='word_1_27' title='bbox 499 489 557 534; x_wconf 89' lang='lat' dir='ltr'><strong><em>qui</em></strong></span> <span class='ocrx_word' id='word_1_28' title='bbox 575 497 639 535; x_wconf 91' lang='lat' dir='ltr'><strong><em>pro</em></strong></span> <span class='ocrx_word' id='word_1_29' title='bbox 656 491 800 532; x_wconf 83' lang='lat' dir='ltr'><strong><em>peccato</em></strong></span> <span class='ocrx_word' id='word_1_30' title='bbox 818 486 957 522; x_wconf 86' lang='lat' dir='ltr'><strong><em>oblatus</em></strong></span> <span class='ocrx_word' id='word_1_31' title='bbox 977 491 1032 523; x_wconf 89' lang='lat' dir='ltr'><strong><em>est</em></strong></span> <span class='ocrx_word' id='word_1_32' title='bbox 1049 487 1084 522; x_wconf 92' lang='lat' dir='ltr'><strong><em>in</em></strong></span> <span class='ocrx_word' id='word_1_33' title='bbox 1111 485 1375 527; x_wconf 85' lang='lat' dir='ltr'><strong><em>holocaustum,</em></strong></span> 
     </span>
    </p>
   </div>
   <div class='ocr_carea' id='block_1_4' title="bbox 347 571 2496 600">
    <p class='ocr_par' dir='ltr' id='par_1_4' title="bbox 347 571 2496 600">
     <span class='ocr_line' id='line_1_7' title="bbox 347 571 2496 600; baseline -0.004 -4"><span class='ocrx_word' id='word_1_34' title='bbox 347 571 2496 600; x_wconf 44' lang='grc' dir='ltr'><em>Μ</em></span> 
     </span>
    </p>
   </div>
   <div class='ocr_carea' id='block_1_5' title="bbox 1136 658 1698 718">
    <p class='ocr_par' dir='ltr' id='par_1_5' title="bbox 1136 658 1698 718">
     <span class='ocr_line' id='line_1_8' title="bbox 1136 658 1698 718; baseline -0.014 0"><span class='ocrx_word' id='word_1_35' title='bbox 1136 665 1332 718; x_wconf 80' lang='lat' dir='ltr'>LIBER</span> <span class='ocrx_word' id='word_1_36' title='bbox 1381 658 1698 713; x_wconf 86' lang='lat' dir='ltr'><strong>TERTIUS.</strong></span> 
     </span>
    </p>
   </div>
   <div class='ocr_carea' id='block_1_6' title="bbox 676 844 1041 882">
    <p class='ocr_par' dir='ltr' id='par_1_6' title="bbox 676 844 1041 882">
     <span class='ocr_line' id='line_1_9' title="bbox 676 844 1041 882; baseline -0.005 0"><span class='ocrx_word' id='word_1_37' title='bbox 676 844 825 882; x_wconf 89' lang='lat' dir='ltr'><strong>CAPUT</strong></span> <span class='ocrx_word' id='word_1_38' title='bbox 850 845 1041 882; x_wconf 84' lang='lat' dir='ltr'><strong>PRIMUM.</strong></span> 
     </span>
    </p>
   </div>
   <div class='ocr_carea' id='block_1_7' title="bbox 344 900 1383 989">
    <p class='ocr_par' dir='ltr' id='par_1_7' title="bbox 344 900 1383 989">
     <span class='ocr_line' id='line_1_10' title="bbox 344 900 1383 952; baseline -0.005 -10"><span class='ocrx_word' id='word_1_39' title='bbox 344 905 395 942; x_wconf 87' lang='lat' dir='ltr'><strong><em>Dc</em></strong></span> <span class='ocrx_word' id='word_1_40' title='bbox 426 905 629 941; x_wconf 80' lang='lat' dir='ltr'><strong><em>animalibus</em></strong></span> <span class='ocrx_word' id='word_1_41' title='bbox 664 918 740 952; x_wconf 83' lang='lat' dir='ltr'><strong><em>quoe</em></strong></span> <span class='ocrx_word' id='word_1_42' title='bbox 767 907 897 942; x_wconf 83' lang='lat' dir='ltr'><strong><em>comedi</em></strong></span> <span class='ocrx_word' id='word_1_43' title='bbox 931 906 1066 948; x_wconf 87' lang='lat' dir='ltr'><strong><em>debent,</em></strong></span> <span class='ocrx_word' id='word_1_44' title='bbox 1097 910 1219 951; x_wconf 80' lang='lat' dir='ltr'><strong><em>etquoe</em></strong></span> <span class='ocrx_word' id='word_1_45' title='bbox 1251 900 1383 938; x_wconf 85' lang='lat' dir='ltr'><strong><em>munda</em></strong></span> 
     </span>
     <span class='ocr_line' id='line_1_11' title="bbox 685 953 1055 989; baseline 0.003 -1"><span class='ocrx_word' id='word_1_46' title='bbox 685 964 745 988; x_wconf 79' lang='lat' dir='ltr'><strong><em>seu</em></strong></span> <span class='ocrx_word' id='word_1_47' title='bbox 766 953 944 989; x_wconf 83' lang='lat' dir='ltr'><strong><em>immunda</em></strong></span> <span class='ocrx_word' id='word_1_48' title='bbox 974 954 1055 989; x_wconf 82' lang='lat' dir='ltr'><strong><em>sint.</em></strong></span> 
     </span>
    </p>
   </div>
   <div class='ocr_carea' id='block_1_8' title="bbox 389 1024 1382 1074">
    <p class='ocr_par' dir='ltr' id='par_1_8' title="bbox 389 1024 1382 1074">
     <span class='ocr_line' id='line_1_12' title="bbox 389 1024 1382 1074; baseline -0.003 -12"><span class='ocrx_word' id='word_1_49' title='bbox 389 1028 527 1074; x_wconf 72' lang='lat' dir='ltr'><strong><em>(Levtr.</em></strong></span> <span class='ocrx_word' id='word_1_50' title='bbox 538 1028 603 1074; x_wconf 84' lang='lat' dir='ltr'><strong><em>xl.)</em></strong></span> <span class='ocrx_word' id='word_1_51' title='bbox 616 1028 763 1063; x_wconf 79' lang='lat' dir='ltr'><em>Locutus</em></span> <span class='ocrx_word' id='word_1_52' title='bbox 776 1034 823 1063; x_wconf 84' lang='lat' dir='ltr'><strong><em>est</em></strong></span> <span class='ocrx_word' id='word_1_53' title='bbox 834 1028 1002 1063; x_wconf 84' lang='lat' dir='ltr'><strong><em>Dominus</em></strong></span> <span class='ocrx_word' id='word_1_54' title='bbox 1014 1028 1057 1062; x_wconf 83' lang='lat' dir='ltr'><strong><em>ad</em></strong></span> <span class='ocrx_word' id='word_1_55' title='bbox 1071 1027 1213 1072; x_wconf 81' lang='lat' dir='ltr'><strong><em>Moysen</em></strong></span> <span class='ocrx_word' id='word_1_56' title='bbox 1224 1031 1255 1061; x_wconf 86' lang='lat' dir='ltr'><strong><em>et</em></strong></span> <span class='ocrx_word' id='word_1_57' title='bbox 1267 1024 1382 1060; x_wconf 82' lang='lat' dir='ltr'><strong><em>Aaron</em></strong></span> 
     </span>
    </p>
   </div>
   <div class='ocr_carea' id='block_1_9' title="bbox 342 1078 2510 1133">
    <p class='ocr_par' dir='ltr' id='par_1_9' title="bbox 342 1078 2510 1133">
     <span class='ocr_line' id='line_1_13' title="bbox 342 1078 2510 1133; baseline -0.005 -11"><span class='ocrx_word' id='word_1_58' title='bbox 342 1089 601 1123; x_wconf 81' lang='lat' dir='ltr'><strong><em>dicens:Dicile</em></strong></span> <span class='ocrx_word' id='word_1_59' title='bbox 615 1089 698 1133; x_wconf 82' lang='lat' dir='ltr'><strong><em>filiis</em></strong></span> <span class='ocrx_word' id='word_1_60' title='bbox 719 1088 852 1124; x_wconf 78' lang='lat' dir='ltr'><strong><em>Israel:</em></strong></span> <span class='ocrx_word' id='word_1_61' title='bbox 865 1088 948 1123; x_wconf 75' lang='grc' dir='ltr'><strong><em>11(ιέ</em></strong></span> <span class='ocrx_word' id='word_1_62' title='bbox 964 1094 1040 1122; x_wconf 82' lang='lat' dir='ltr'><strong><em>sunt</em></strong></span> <span class='ocrx_word' id='word_1_63' title='bbox 1057 1087 1223 1122; x_wconf 83' lang='lat' dir='ltr'><strong><em>animalia</em></strong></span> <span class='ocrx_word' id='word_1_64' title='bbox 1237 1097 1311 1133; x_wconf 76' lang='lat' dir='ltr'><strong><em>quw</em></strong></span> <span class='ocrx_word' id='word_1_65' title='bbox 1330 1096 1384 1120; x_wconf 90' lang='lat' dir='ltr'><strong><em>co·</em></strong></span> <span class='ocrx_word' id='word_1_66' title='bbox 1401 1094 1432 1132; x_wconf 80' lang='grc' dir='ltr'>Β</span> <span class='ocrx_word' id='word_1_67' title='bbox 1453 1082 1697 1117; x_wconf 83' lang='lat' dir='ltr'><strong><em>animantibus</em></strong></span> <span class='ocrx_word' id='word_1_68' title='bbox 1716 1086 1821 1116; x_wconf 80' lang='lat' dir='ltr'><strong><em>terrae</em></strong></span> <span class='ocrx_word' id='word_1_69' title='bbox 1837 1080 1983 1121; x_wconf 87' lang='lat' dir='ltr'><strong><em>diceret,</em></strong></span> <span class='ocrx_word' id='word_1_70' title='bbox 2017 1079 2087 1114; x_wconf 90' lang='lat' dir='ltr'><strong><em>nisi</em></strong></span> <span class='ocrx_word' id='word_1_71' title='bbox 2102 1078 2338 1113; x_wconf 88' lang='lat' dir='ltr'><strong><em>intentionem</em></strong></span> <span class='ocrx_word' id='word_1_72' title='bbox 2358 1078 2510 1113; x_wconf 80' lang='lat' dir='ltr'><strong><em>haberet</em></strong></span> 
     </span>
    </p>
   </div>
   <div class='ocr_carea' id='block_1_10' title="bbox 341 1146 1390 1976">
    <p class='ocr_par' dir='ltr' id='par_1_10' title="bbox 341 1146 1390 1976">
     <span class='ocr_line' id='line_1_14' title="bbox 341 1146 1387 1184; baseline -0.002 -2"><span class='ocrx_word' id='word_1_73' title='bbox 341 1149 475 1183; x_wconf 79' lang='lat' dir='ltr'><strong><em>medere</em></strong></span> <span class='ocrx_word' id='word_1_74' title='bbox 497 1148 623 1184; x_wconf 80' lang='lat' dir='ltr'><strong><em>debetis</em></strong></span> <span class='ocrx_word' id='word_1_75' title='bbox 649 1149 690 1184; x_wconf 82' lang='lat' dir='ltr'><strong><em>de</em></strong></span> <span class='ocrx_word' id='word_1_76' title='bbox 710 1150 839 1184; x_wconf 79' lang='lat' dir='ltr'><strong><em>cunctis</em></strong></span> <span class='ocrx_word' id='word_1_77' title='bbox 866 1149 1097 1184; x_wconf 82' lang='lat' dir='ltr'><strong><em>animantibus</em></strong></span> <span class='ocrx_word' id='word_1_78' title='bbox 1125 1154 1224 1183; x_wconf 74' lang='lat' dir='ltr'><strong><em>ter-rw</em></strong></span> <span class='ocrx_word' id='word_1_79' title='bbox 1247 1159 1254 1181; x_wconf 91' lang='lat'>:</span> <span class='ocrx_word' id='word_1_80' title='bbox 1278 1146 1387 1182; x_wconf 84' lang='lat' dir='ltr'><strong><em>Omne</em></strong></span> 
     </span>
     <span class='ocr_line' id='line_1_15' title="bbox 342 1207 1386 1254; baseline -0.001 -12"><span class='ocrx_word' id='word_1_81' title='bbox 342 1207 431 1254; x_wconf 82' lang='lat' dir='ltr'><strong><em>qnod</em></strong></span> <span class='ocrx_word' id='word_1_82' title='bbox 456 1207 555 1243; x_wconf 80' lang='lat' dir='ltr'><strong><em>habet</em></strong></span> <span class='ocrx_word' id='word_1_83' title='bbox 575 1208 721 1243; x_wconf 83' lang='lat' dir='ltr'><strong><em>divisam</em></strong></span> <span class='ocrx_word' id='word_1_84' title='bbox 738 1209 902 1254; x_wconf 70' lang='lat' dir='ltr'><strong><em>unyulam</em></strong></span> <span class='ocrx_word' id='word_1_85' title='bbox 921 1216 951 1244; x_wconf 87' lang='lat' dir='ltr'><strong><em>et</em></strong></span> <span class='ocrx_word' id='word_1_86' title='bbox 978 1210 1127 1244; x_wconf 83' lang='lat' dir='ltr'><strong><em>ruminat</em></strong></span> <span class='ocrx_word' id='word_1_87' title='bbox 1149 1209 1183 1243; x_wconf 85' lang='lat' dir='ltr'><strong><em>in</em></strong></span> <span class='ocrx_word' id='word_1_88' title='bbox 1209 1207 1386 1253; x_wconf 81' lang='lat' dir='ltr'><strong><em>pecoribus</em></strong></span> 
     </span>
     <span class='ocr_line' id='line_1_16' title="bbox 343 1267 1386 1315; baseline 0 -13"><span class='ocrx_word' id='word_1_89' title='bbox 343 1267 525 1302; x_wconf 82' lang='lat' dir='ltr'><strong><em>comedetis</em></strong></span> <span class='ocrx_word' id='word_1_90' title='bbox 548 1277 558 1301; x_wconf 91' lang='lat'><em>:</em></span> <span class='ocrx_word' id='word_1_91' title='bbox 578 1268 744 1314; x_wconf 83' lang='lat' dir='ltr'><strong><em>quidquid</em></strong></span> <span class='ocrx_word' id='word_1_92' title='bbox 773 1275 885 1304; x_wconf 71' lang='lat' dir='ltr'><strong><em>(uitem</em></strong></span> <span class='ocrx_word' id='word_1_93' title='bbox 906 1270 1055 1304; x_wconf 76' lang='lat' dir='ltr'><strong><em>ruminat</em></strong></span> <span class='ocrx_word' id='word_1_94' title='bbox 1069 1269 1219 1315; x_wconf 83' lang='lat' dir='ltr'><strong><em>quidem,</em></strong></span> <span class='ocrx_word' id='word_1_95' title='bbox 1237 1274 1267 1302; x_wconf 83' lang='lat' dir='ltr'><strong><em>et</em></strong></span> <span class='ocrx_word' id='word_1_96' title='bbox 1286 1268 1386 1302; x_wconf 81' lang='lat' dir='ltr'><strong><em>habet</em></strong></span> 
     </span>
     <span class='ocr_line' id='line_1_17' title="bbox 346 1325 1387 1371; baseline 0.004 -12"><span class='ocrx_word' id='word_1_97' title='bbox 346 1325 513 1371; x_wconf 69' lang='lat' dir='ltr'><strong><em>imqulam</em></strong></span> <span class='ocrx_word' id='word_1_98' title='bbox 539 1326 597 1361; x_wconf 83' lang='lat' dir='ltr'><strong><em>sed</em></strong></span> <span class='ocrx_word' id='word_1_99' title='bbox 627 1338 694 1361; x_wconf 89' lang='lat' dir='ltr'><strong><em>non</em></strong></span> <span class='ocrx_word' id='word_1_100' title='bbox 715 1327 832 1362; x_wconf 74' lang='lat' dir='ltr'><strong><em>dividit</em></strong></span> <span class='ocrx_word' id='word_1_101' title='bbox 862 1340 949 1370; x_wconf 75' lang='lat' dir='ltr'><strong><em>etun,</em></strong></span> <span class='ocrx_word' id='word_1_102' title='bbox 979 1329 1065 1363; x_wconf 83' lang='lat' dir='ltr'><strong><em>sicut</em></strong></span> <span class='ocrx_word' id='word_1_103' title='bbox 1093 1327 1243 1362; x_wconf 78' lang='lat' dir='ltr'><strong><em>camelus</em></strong></span> <span class='ocrx_word' id='word_1_104' title='bbox 1273 1334 1304 1362; x_wconf 84' lang='lat' dir='ltr'><strong><em>ct</em></strong></span> <span class='ocrx_word' id='word_1_105' title='bbox 1322 1339 1387 1362; x_wconf 85' lang='lat' dir='ltr'><strong><em>coe-</em></strong></span> 
     </span>
     <span class='ocr_line' id='line_1_18' title="bbox 343 1388 1386 1436; baseline 0.005 -17"><span class='ocrx_word' id='word_1_106' title='bbox 343 1391 433 1427; x_wconf 81' lang='lat' dir='ltr'><strong><em>tera,</em></strong></span> <span class='ocrx_word' id='word_1_107' title='bbox 467 1398 533 1421; x_wconf 86' lang='lat' dir='ltr'><strong><em>non</em></strong></span> <span class='ocrx_word' id='word_1_108' title='bbox 563 1388 743 1423; x_wconf 81' lang='lat' dir='ltr'><strong><em>comedetis</em></strong></span> <span class='ocrx_word' id='word_1_109' title='bbox 758 1389 844 1423; x_wconf 87' lang='lat' dir='ltr'><strong><em>illnd</em></strong></span> <span class='ocrx_word' id='word_1_110' title='bbox 864 1395 894 1423; x_wconf 83' lang='lat' dir='ltr'><strong><em>et</em></strong></span> <span class='ocrx_word' id='word_1_111' title='bbox 924 1390 1012 1424; x_wconf 79' lang='lat' dir='ltr'><strong><em>inter</em></strong></span> <span class='ocrx_word' id='word_1_112' title='bbox 1034 1390 1212 1425; x_wconf 83' lang='lat' dir='ltr'><strong><em>immunda</em></strong></span> <span class='ocrx_word' id='word_1_113' title='bbox 1244 1396 1386 1436; x_wconf 81' lang='lat' dir='ltr'><strong><em>reputa-</em></strong></span> 
     </span>
     <span class='ocr_line' id='line_1_19' title="bbox 346 1443 1386 1495; baseline 0.006 -18"><span class='ocrx_word' id='word_1_114' title='bbox 346 1443 436 1478; x_wconf 81' lang='lat' dir='ltr'><strong><em>bitis.</em></strong></span> <span class='ocrx_word' id='word_1_115' title='bbox 455 1443 666 1491; x_wconf 70' lang='lat' dir='ltr'><strong><em>Cyroqrillus</em></strong></span> <span class='ocrx_word' id='word_1_116' title='bbox 683 1448 742 1492; x_wconf 85' lang='lat' dir='ltr'><strong><em>qni</em></strong></span> <span class='ocrx_word' id='word_1_117' title='bbox 760 1448 924 1490; x_wconf 81' lang='lat' dir='ltr'><strong><em>ruminat,</em></strong></span> <span class='ocrx_word' id='word_1_118' title='bbox 950 1447 1178 1495; x_wconf 77' lang='lat' dir='ltr'><strong><em>unqulamque</em></strong></span> <span class='ocrx_word' id='word_1_119' title='bbox 1205 1460 1273 1483; x_wconf 91' lang='lat' dir='ltr'><strong><em>non</em></strong></span> <span class='ocrx_word' id='word_1_120' title='bbox 1299 1448 1386 1483; x_wconf 77' lang='lat' dir='ltr'><strong><em>diri-</em></strong></span> 
     </span>
     <span class='ocr_line' id='line_1_20' title="bbox 345 1503 1384 1556; baseline 0.008 -19"><span class='ocrx_word' id='word_1_121' title='bbox 345 1503 408 1546; x_wconf 87' lang='lat' dir='ltr'><strong><em>dit,</em></strong></span> <span class='ocrx_word' id='word_1_122' title='bbox 427 1505 623 1541; x_wconf 81' lang='lat' dir='ltr'><strong><em>immundus</em></strong></span> <span class='ocrx_word' id='word_1_123' title='bbox 649 1514 709 1542; x_wconf 83' lang='lat' dir='ltr'><strong><em>est.</em></strong></span> <span class='ocrx_word' id='word_1_124' title='bbox 737 1508 848 1554; x_wconf 79' lang='lat' dir='ltr'><strong><em>Lepus</em></strong></span> <span class='ocrx_word' id='word_1_125' title='bbox 870 1520 1015 1555; x_wconf 79' lang='lat' dir='ltr'><strong><em>quoqne,</em></strong></span> <span class='ocrx_word' id='word_1_126' title='bbox 1036 1521 1115 1544; x_wconf 81' lang='lat' dir='ltr'><strong><em>narn</em></strong></span> <span class='ocrx_word' id='word_1_127' title='bbox 1135 1510 1252 1556; x_wconf 82' lang='lat' dir='ltr'><strong><em>etipse</em></strong></span> <span class='ocrx_word' id='word_1_128' title='bbox 1275 1510 1384 1545; x_wconf 83' lang='lat' dir='ltr'><strong><em>rumi-</em></strong></span> 
     </span>
     <span class='ocr_line' id='line_1_21' title="bbox 348 1565 1385 1615; baseline 0.008 -18"><span class='ocrx_word' id='word_1_129' title='bbox 348 1570 420 1606; x_wconf 81' lang='lat' dir='ltr'><strong><em>nat,</em></strong></span> <span class='ocrx_word' id='word_1_130' title='bbox 438 1565 495 1600; x_wconf 80' lang='lat' dir='ltr'><strong><em>sed</em></strong></span> <span class='ocrx_word' id='word_1_131' title='bbox 514 1566 678 1611; x_wconf 71' lang='lat' dir='ltr'><strong><em>unyulom</em></strong></span> <span class='ocrx_word' id='word_1_132' title='bbox 699 1579 766 1603; x_wconf 89' lang='lat' dir='ltr'><strong><em>non</em></strong></span> <span class='ocrx_word' id='word_1_133' title='bbox 784 1569 918 1603; x_wconf 71' lang='lat' dir='ltr'><strong><em>dividit.</em></strong></span> <span class='ocrx_word' id='word_1_134' title='bbox 936 1569 980 1603; x_wconf 84' lang='lat' dir='ltr'><strong><em>Et</em></strong></span> <span class='ocrx_word' id='word_1_135' title='bbox 1005 1581 1076 1612; x_wconf 83' lang='lat' dir='ltr'><strong><em>sus,</em></strong></span> <span class='ocrx_word' id='word_1_136' title='bbox 1092 1571 1150 1615; x_wconf 81' lang='lat' dir='ltr'><strong><em>qni</em></strong></span> <span class='ocrx_word' id='word_1_137' title='bbox 1172 1581 1249 1604; x_wconf 85' lang='lat' dir='ltr'><strong><em>cum</em></strong></span> <span class='ocrx_word' id='word_1_138' title='bbox 1271 1581 1385 1615; x_wconf 72' lang='lat' dir='ltr'><strong><em>unqu-</em></strong></span> 
     </span>
     <span class='ocr_line' id='line_1_22' title="bbox 348 1623 1388 1669; baseline 0.007 -11"><span class='ocrx_word' id='word_1_139' title='bbox 348 1623 417 1659; x_wconf 80' lang='lat' dir='ltr'><strong><em>lam</em></strong></span> <span class='ocrx_word' id='word_1_140' title='bbox 454 1626 609 1669; x_wconf 78' lang='lat' dir='ltr'><strong><em>dividat,</em></strong></span> <span class='ocrx_word' id='word_1_141' title='bbox 642 1639 710 1662; x_wconf 85' lang='lat' dir='ltr'><strong><em>non</em></strong></span> <span class='ocrx_word' id='word_1_142' title='bbox 743 1630 906 1663; x_wconf 80' lang='lat' dir='ltr'><strong><em>ruminat.</em></strong></span> <span class='ocrx_word' id='word_1_143' title='bbox 949 1629 1085 1664; x_wconf 87' lang='lat' dir='ltr'><strong><em>Horum</em></strong></span> <span class='ocrx_word' id='word_1_144' title='bbox 1123 1630 1286 1665; x_wconf 78' lang='lat' dir='ltr'><strong><em>carnibus</em></strong></span> <span class='ocrx_word' id='word_1_145' title='bbox 1321 1641 1388 1665; x_wconf 86' lang='lat' dir='ltr'><strong><em>non</em></strong></span> 
     </span>
     <span class='ocr_line' id='line_1_23' title="bbox 348 1684 1389 1736; baseline 0.009 -19"><span class='ocrx_word' id='word_1_146' title='bbox 348 1684 542 1728; x_wconf 79' lang='lat' dir='ltr'><strong><em>vescemini,</em></strong></span> <span class='ocrx_word' id='word_1_147' title='bbox 564 1697 631 1720; x_wconf 88' lang='lat' dir='ltr'><strong><em>non</em></strong></span> <span class='ocrx_word' id='word_1_148' title='bbox 657 1688 824 1722; x_wconf 80' lang='lat' dir='ltr'><strong><em>cadavera</em></strong></span> <span class='ocrx_word' id='word_1_149' title='bbox 852 1689 1067 1734; x_wconf 70' lang='lat' dir='ltr'><strong><em>continqetis,</em></strong></span> <span class='ocrx_word' id='word_1_150' title='bbox 1096 1691 1177 1736; x_wconf 80' lang='lat' dir='ltr'><strong><em>quia</em></strong></span> <span class='ocrx_word' id='word_1_151' title='bbox 1208 1691 1389 1726; x_wconf 80' lang='lat' dir='ltr'><strong><em>immunda</em></strong></span> 
     </span>
     <span class='ocr_line' id='line_1_24' title="bbox 348 1744 1387 1796; baseline 0.011 -19"><span class='ocrx_word' id='word_1_152' title='bbox 348 1750 426 1778; x_wconf 82' lang='lat' dir='ltr'><strong><em>sunt</em></strong></span> <span class='ocrx_word' id='word_1_153' title='bbox 458 1744 563 1780; x_wconf 84' lang='lat' dir='ltr'><strong><em>vobis.</em></strong></span> <span class='ocrx_word' id='word_1_154' title='bbox 595 1745 676 1792; x_wconf 72' lang='lat' dir='ltr'><strong><em>(Ex</em></strong></span> <span class='ocrx_word' id='word_1_155' title='bbox 705 1747 919 1794; x_wconf 76' lang='lat' dir='ltr'><strong><em>Hesyclzio.)</em></strong></span> <span class='ocrx_word' id='word_1_156' title='bbox 954 1749 1037 1786; x_wconf 70' lang='lat' dir='ltr'><strong><em>Hzec</em></strong></span> <span class='ocrx_word' id='word_1_157' title='bbox 1062 1751 1104 1786; x_wconf 87' lang='lat' dir='ltr'><strong><em>dc</em></strong></span> <span class='ocrx_word' id='word_1_158' title='bbox 1136 1752 1264 1796; x_wconf 86' lang='lat' dir='ltr'><strong><em>quibus</em></strong></span> <span class='ocrx_word' id='word_1_159' title='bbox 1293 1763 1387 1789; x_wconf 92' lang='lat' dir='ltr'><strong><em>nunc</em></strong></span> 
     </span>
     <span class='ocr_line' id='line_1_25' title="bbox 348 1806 1389 1855; baseline 0.012 -18"><span class='ocrx_word' id='word_1_160' title='bbox 348 1813 465 1838; x_wconf 86' lang='lat' dir='ltr'><strong><em>sermo</em></strong></span> <span class='ocrx_word' id='word_1_161' title='bbox 480 1810 532 1840; x_wconf 91' lang='lat' dir='ltr'><strong><em>est</em></strong></span> <span class='ocrx_word' id='word_1_162' title='bbox 553 1806 679 1851; x_wconf 84' lang='lat' dir='ltr'><strong><em>etipsa</em></strong></span> <span class='ocrx_word' id='word_1_163' title='bbox 705 1808 821 1843; x_wconf 88' lang='lat' dir='ltr'><strong><em>divina</em></strong></span> <span class='ocrx_word' id='word_1_164' title='bbox 844 1809 982 1855; x_wconf 86' lang='lat' dir='ltr'><strong><em>eloquia</em></strong></span> <span class='ocrx_word' id='word_1_165' title='bbox 1006 1812 1199 1847; x_wconf 82' lang='lat' dir='ltr'>maximam</span> <span class='ocrx_word' id='word_1_166' title='bbox 1223 1813 1389 1849; x_wconf 88' lang='lat' dir='ltr'><strong><em>videntur</em></strong></span> 
     </span>
     <span class='ocr_line' id='line_1_26' title="bbox 349 1861 1387 1914; baseline 0.013 -18"><span class='ocrx_word' id='word_1_167' title='bbox 349 1861 479 1898; x_wconf 88' lang='lat' dir='ltr'><strong><em>habere</em></strong></span> <span class='ocrx_word' id='word_1_168' title='bbox 511 1867 812 1904; x_wconf 77' lang='lat' dir='ltr'><strong><em>contrarietatem.</em></strong></span> <span class='ocrx_word' id='word_1_169' title='bbox 855 1869 923 1914; x_wconf 85' lang='lat' dir='ltr'><strong><em>Qui</em></strong></span> <span class='ocrx_word' id='word_1_170' title='bbox 958 1871 1055 1906; x_wconf 89' lang='lat' dir='ltr'><strong><em>enim</em></strong></span> <span class='ocrx_word' id='word_1_171' title='bbox 1087 1873 1131 1907; x_wconf 89' lang='lat' dir='ltr'><strong><em>ad</em></strong></span> <span class='ocrx_word' id='word_1_172' title='bbox 1164 1872 1240 1908; x_wconf 91' lang='lat' dir='ltr'><strong><em>Noe</em></strong></span> <span class='ocrx_word' id='word_1_173' title='bbox 1272 1873 1387 1909; x_wconf 77' lang='lat' dir='ltr'><strong><em>dixit:</em></strong></span> 
     </span>
     <span class='ocr_line' id='line_1_27' title="bbox 349 1921 1390 1976; baseline 0.011 -18"><span class='ocrx_word' id='word_1_174' title='bbox 349 1921 457 1958; x_wconf 87' lang='lat' dir='ltr'><strong><em>Omne</em></strong></span> <span class='ocrx_word' id='word_1_175' title='bbox 481 1925 570 1970; x_wconf 83' lang='lat' dir='ltr'><strong><em>quod</em></strong></span> <span class='ocrx_word' id='word_1_176' title='bbox 603 1934 754 1963; x_wconf 79' lang='lat' dir='ltr'><strong><em>movetur</em></strong></span> <span class='ocrx_word' id='word_1_177' title='bbox 772 1935 804 1964; x_wconf 78' lang='lat' dir='ltr'><strong><em>et</em></strong></span> <span class='ocrx_word' id='word_1_178' title='bbox 822 1929 913 1972; x_wconf 83' lang='lat' dir='ltr'><strong><em>vivit,</em></strong></span> <span class='ocrx_word' id='word_1_179' title='bbox 943 1932 1007 1964; x_wconf 81' lang='lat' dir='ltr'><strong><em>erit</em></strong></span> <span class='ocrx_word' id='word_1_180' title='bbox 1027 1931 1120 1966; x_wconf 80' lang='lat' dir='ltr'><strong><em>vobis</em></strong></span> <span class='ocrx_word' id='word_1_181' title='bbox 1148 1933 1184 1966; x_wconf 85' lang='lat' dir='ltr'><strong><em>in</em></strong></span> <span class='ocrx_word' id='word_1_182' title='bbox 1203 1933 1329 1976; x_wconf 88' lang='lat' dir='ltr'><strong><em>cibum,</em></strong></span> <span class='ocrx_word' id='word_1_183' title='bbox 1357 1940 1390 1969; x_wconf 83' lang='lat' dir='ltr'><strong><em>et</em></strong></span> 
     </span>
    </p>
   </div>
   <div class='ocr_carea' id='block_1_11' title="bbox 348 1984 2497 2037">
    <p class='ocr_par' dir='ltr' id='par_1_11' title="bbox 348 1984 2497 2037">
     <span class='ocr_line' id='line_1_28' title="bbox 348 1984 2497 2037; baseline 0.001 -19"><span class='ocrx_word' id='word_1_184' title='bbox 348 1985 447 2029; x_wconf 74' lang='lat' dir='ltr'><strong><em>quasi</em></strong></span> <span class='ocrx_word' id='word_1_185' title='bbox 469 1984 563 2020; x_wconf 86' lang='lat' dir='ltr'><strong><em>olera</em></strong></span> <span class='ocrx_word' id='word_1_186' title='bbox 588 1987 733 2022; x_wconf 78' lang='lat' dir='ltr'><strong><em>virentia</em></strong></span> <span class='ocrx_word' id='word_1_187' title='bbox 762 1988 891 2023; x_wconf 83' lang='lat' dir='ltr'><strong><em>tradidi</em></strong></span> <span class='ocrx_word' id='word_1_188' title='bbox 920 1989 1013 2024; x_wconf 81' lang='lat' dir='ltr'><strong><em>vobis</em></strong></span> <span class='ocrx_word' id='word_1_189' title='bbox 1046 1992 1176 2034; x_wconf 86' lang='lat' dir='ltr'><strong><em>omnia,</em></strong></span> <span class='ocrx_word' id='word_1_190' title='bbox 1211 1994 1389 2037; x_wconf 89' lang='lat' dir='ltr'><strong><em>quomodo</em></strong></span> <span class='ocrx_word' id='word_1_191' title='bbox 1409 1996 1438 2036; x_wconf 81' lang='lat' dir='ltr'>C</span> <span class='ocrx_word' id='word_1_192' title='bbox 1461 1987 1681 2023; x_wconf 84' lang='lat' dir='ltr'><strong><em>Animalium</em></strong></span> <span class='ocrx_word' id='word_1_193' title='bbox 1710 1989 1868 2024; x_wconf 84' lang='lat' dir='ltr'><strong><em>maxima</em></strong></span> <span class='ocrx_word' id='word_1_194' title='bbox 1890 1988 2007 2024; x_wconf 89' lang='lat' dir='ltr'><strong><em>virtus</em></strong></span> <span class='ocrx_word' id='word_1_195' title='bbox 2031 1987 2067 2023; x_wconf 89' lang='lat' dir='ltr'><strong><em>in</em></strong></span> <span class='ocrx_word' id='word_1_196' title='bbox 2090 1986 2269 2032; x_wconf 87' lang='lat' dir='ltr'><strong><em>unguibus</em></strong></span> <span class='ocrx_word' id='word_1_197' title='bbox 2297 1995 2378 2021; x_wconf 90' lang='lat' dir='ltr'><strong><em>esse</em></strong></span> <span class='ocrx_word' id='word_1_198' title='bbox 2398 1984 2497 2021; x_wconf 89' lang='lat' dir='ltr'><strong><em>credi</em></strong></span> 
     </span>
    </p>
   </div>
   <div class='ocr_carea' id='block_1_12' title="bbox 349 2045 1409 2873">
    <p class='ocr_par' dir='ltr' id='par_1_12' title="bbox 349 2045 1409 2873">
     <span class='ocr_line' id='line_1_29' title="bbox 349 2045 1393 2096; baseline 0.01 -18"><span class='ocrx_word' id='word_1_199' title='bbox 349 2054 445 2079; x_wconf 85' lang='lat' dir='ltr'><strong><em>nunc</em></strong></span> <span class='ocrx_word' id='word_1_200' title='bbox 476 2045 637 2089; x_wconf 83' lang='lat' dir='ltr'><strong><em>quaedam</em></strong></span> <span class='ocrx_word' id='word_1_201' title='bbox 668 2048 806 2082; x_wconf 87' lang='lat' dir='ltr'><strong><em>comedi</em></strong></span> <span class='ocrx_word' id='word_1_202' title='bbox 832 2049 874 2083; x_wconf 89' lang='lat' dir='ltr'><strong><em>de</em></strong></span> <span class='ocrx_word' id='word_1_203' title='bbox 899 2048 955 2084; x_wconf 93' lang='lat' dir='ltr'><strong><em>his</em></strong></span> <span class='ocrx_word' id='word_1_204' title='bbox 982 2060 1060 2094; x_wconf 87' lang='lat' dir='ltr'><strong><em>quae</em></strong></span> <span class='ocrx_word' id='word_1_205' title='bbox 1085 2050 1185 2096; x_wconf 87' lang='lat' dir='ltr'><strong><em>prius</em></strong></span> <span class='ocrx_word' id='word_1_206' title='bbox 1220 2062 1393 2090; x_wconf 88' lang='lat' dir='ltr'><strong><em>concessa</em></strong></span> 
     </span>
     <span class='ocr_line' id='line_1_30' title="bbox 351 2103 1397 2154; baseline 0.012 -19"><span class='ocrx_word' id='word_1_207' title='bbox 351 2107 434 2136; x_wconf 86' lang='lat' dir='ltr'><strong><em>sunt</em></strong></span> <span class='ocrx_word' id='word_1_208' title='bbox 469 2103 678 2146; x_wconf 84' lang='lat' dir='ltr'><strong><em>prohibuit?</em></strong></span> <span class='ocrx_word' id='word_1_209' title='bbox 711 2107 888 2150; x_wconf 88' lang='lat' dir='ltr'><strong><em>quomodo</em></strong></span> <span class='ocrx_word' id='word_1_210' title='bbox 923 2108 1030 2144; x_wconf 89' lang='lat' dir='ltr'><strong><em>etiam</em></strong></span> <span class='ocrx_word' id='word_1_211' title='bbox 1067 2111 1208 2154; x_wconf 84' lang='lat' dir='ltr'><strong><em>quando</em></strong></span> <span class='ocrx_word' id='word_1_212' title='bbox 1241 2111 1397 2148; x_wconf 78' lang='lat' dir='ltr'><strong><em>faciebat</em></strong></span> 
     </span>
     <span class='ocr_line' id='line_1_31' title="bbox 356 2161 1399 2216; baseline 0.013 -22"><span class='ocrx_word' id='word_1_213' title='bbox 356 2161 492 2196; x_wconf 85' lang='lat' dir='ltr'><strong><em>bestias</em></strong></span> <span class='ocrx_word' id='word_1_214' title='bbox 510 2167 615 2198; x_wconf 80' lang='lat' dir='ltr'><strong><em>terrae</em></strong></span> <span class='ocrx_word' id='word_1_215' title='bbox 645 2166 838 2201; x_wconf 88' lang='lat' dir='ltr'><strong><em>secundum</em></strong></span> <span class='ocrx_word' id='word_1_216' title='bbox 859 2177 970 2212; x_wconf 81' lang='lat' dir='ltr'><strong><em>genus</em></strong></span> <span class='ocrx_word' id='word_1_217' title='bbox 992 2179 1093 2204; x_wconf 89' lang='lat' dir='ltr'><strong><em>suum</em></strong></span> <span class='ocrx_word' id='word_1_218' title='bbox 1107 2197 1116 2212; x_wconf 92' lang='lat'>‚</span> <span class='ocrx_word' id='word_1_219' title='bbox 1139 2176 1174 2206; x_wconf 90' lang='lat' dir='ltr'><strong><em>et</em></strong></span> <span class='ocrx_word' id='word_1_220' title='bbox 1193 2181 1337 2216; x_wconf 87' lang='lat' dir='ltr'><strong><em>pecora,</em></strong></span> <span class='ocrx_word' id='word_1_221' title='bbox 1362 2178 1399 2208; x_wconf 85' lang='lat' dir='ltr'><strong><em>et</em></strong></span> 
     </span>
     <span class='ocr_line' id='line_1_32' title="bbox 354 2221 1399 2275; baseline 0.013 -21"><span class='ocrx_word' id='word_1_222' title='bbox 354 2221 507 2265; x_wconf 81' lang='lat' dir='ltr'><strong><em>reptilia,</em></strong></span> <span class='ocrx_word' id='word_1_223' title='bbox 531 2223 664 2259; x_wconf 87' lang='lat' dir='ltr'><strong><em>dictum</em></strong></span> <span class='ocrx_word' id='word_1_224' title='bbox 684 2230 738 2260; x_wconf 86' lang='lat' dir='ltr'><strong><em>est</em></strong></span> <span class='ocrx_word' id='word_1_225' title='bbox 758 2237 766 2260; x_wconf 77' lang='lat' dir='ltr'>z</span> <span class='ocrx_word' id='word_1_226' title='bbox 783 2225 828 2260; x_wconf 82' lang='lat' dir='ltr'><strong><em>Et</em></strong></span> <span class='ocrx_word' id='word_1_227' title='bbox 848 2228 930 2262; x_wconf 83' lang='lat' dir='ltr'><strong><em>vidit</em></strong></span> <span class='ocrx_word' id='word_1_228' title='bbox 952 2227 1046 2264; x_wconf 82' lang='lat' dir='ltr'><strong><em>Deus</em></strong></span> <span class='ocrx_word' id='word_1_229' title='bbox 1063 2230 1155 2275; x_wconf 83' lang='lat' dir='ltr'><strong><em>quod</em></strong></span> <span class='ocrx_word' id='word_1_230' title='bbox 1177 2238 1288 2267; x_wconf 81' lang='lat' dir='ltr'><strong><em>essent</em></strong></span> <span class='ocrx_word' id='word_1_231' title='bbox 1308 2232 1399 2268; x_wconf 87' lang='lat' dir='ltr'><strong><em>bona</em></strong></span> 
     </span>
     <span class='ocr_line' id='line_1_33' title="bbox 358 2280 1400 2339; baseline 0.013 -23"><span class='ocrx_word' id='word_1_232' title='bbox 358 2280 458 2327; x_wconf 89' lang='lat' dir='ltr'><strong><em>(Gen.</em></strong></span> <span class='ocrx_word' id='word_1_233' title='bbox 478 2282 525 2329; x_wconf 91' lang='lat'><strong><em>1);</em></strong></span> <span class='ocrx_word' id='word_1_234' title='bbox 546 2290 581 2319; x_wconf 87' lang='lat' dir='ltr'><strong><em>et</em></strong></span> <span class='ocrx_word' id='word_1_235' title='bbox 600 2296 739 2328; x_wconf 88' lang='lat' dir='ltr'><strong><em>rursus,</em></strong></span> <span class='ocrx_word' id='word_1_236' title='bbox 759 2288 908 2335; x_wconf 82' lang='lat' dir='ltr'><strong><em>viditque</em></strong></span> <span class='ocrx_word' id='word_1_237' title='bbox 920 2289 1014 2325; x_wconf 85' lang='lat' dir='ltr'><strong><em>Deus</em></strong></span> <span class='ocrx_word' id='word_1_238' title='bbox 1036 2298 1159 2327; x_wconf 80' lang='lat' dir='ltr'><strong><em>cuncta</em></strong></span> <span class='ocrx_word' id='word_1_239' title='bbox 1174 2304 1251 2338; x_wconf 84' lang='lat' dir='ltr'><strong><em>quae</em></strong></span> <span class='ocrx_word' id='word_1_240' title='bbox 1270 2294 1353 2339; x_wconf 79' lang='lat' dir='ltr'><strong><em>fecit</em></strong></span> <span class='ocrx_word' id='word_1_241' title='bbox 1368 2300 1400 2329; x_wconf 75' lang='lat' dir='ltr'><strong><em>el</em></strong></span> 
     </span>
     <span class='ocr_line' id='line_1_34' title="bbox 355 2341 1399 2389; baseline 0.013 -14"><span class='ocrx_word' id='word_1_242' title='bbox 355 2351 429 2376; x_wconf 88' lang='lat' dir='ltr'><strong><em>ecce</em></strong></span> <span class='ocrx_word' id='word_1_243' title='bbox 449 2341 537 2377; x_wconf 87' lang='lat' dir='ltr'><strong><em>bona</em></strong></span> <span class='ocrx_word' id='word_1_244' title='bbox 562 2343 671 2380; x_wconf 84' lang='lat' dir='ltr'><strong><em>valde.</em></strong></span> <span class='ocrx_word' id='word_1_245' title='bbox 704 2345 911 2384; x_wconf 89' lang='lat' dir='ltr'><strong><em>Nullatenus</em></strong></span> <span class='ocrx_word' id='word_1_246' title='bbox 938 2355 1056 2386; x_wconf 90' lang='lat' dir='ltr'><strong><em>autem</em></strong></span> <span class='ocrx_word' id='word_1_247' title='bbox 1085 2351 1218 2387; x_wconf 89' lang='lat' dir='ltr'><strong><em>bonum</em></strong></span> <span class='ocrx_word' id='word_1_248' title='bbox 1242 2353 1399 2389; x_wconf 78' lang='lat' dir='ltr'><strong><em>maxime</em></strong></span> 
     </span>
     <span class='ocr_line' id='line_1_35' title="bbox 357 2400 1401 2456; baseline 0.014 -22"><span class='ocrx_word' id='word_1_249' title='bbox 357 2404 392 2435; x_wconf 88' lang='lat' dir='ltr'><strong><em>et</em></strong></span> <span class='ocrx_word' id='word_1_250' title='bbox 410 2400 512 2437; x_wconf 87' lang='lat' dir='ltr'><strong><em>valde</em></strong></span> <span class='ocrx_word' id='word_1_251' title='bbox 540 2403 607 2438; x_wconf 88' lang='lat' dir='ltr'><strong><em>hoc</em></strong></span> <span class='ocrx_word' id='word_1_252' title='bbox 627 2405 720 2449; x_wconf 91' lang='lat' dir='ltr'><strong><em>quod</em></strong></span> <span class='ocrx_word' id='word_1_253' title='bbox 743 2406 963 2444; x_wconf 91' lang='lat' dir='ltr'><strong><em>immundum</em></strong></span> <span class='ocrx_word' id='word_1_254' title='bbox 983 2415 1037 2445; x_wconf 87' lang='lat' dir='ltr'><strong><em>est</em></strong></span> <span class='ocrx_word' id='word_1_255' title='bbox 1056 2420 1133 2446; x_wconf 89' lang='lat' dir='ltr'><strong><em>esse</em></strong></span> <span class='ocrx_word' id='word_1_256' title='bbox 1153 2416 1285 2456; x_wconf 89' lang='lat' dir='ltr'><strong><em>potest,</em></strong></span> <span class='ocrx_word' id='word_1_257' title='bbox 1304 2423 1401 2449; x_wconf 87' lang='lat' dir='ltr'><strong><em>nunc</em></strong></span> 
     </span>
     <span class='ocr_line' id='line_1_36' title="bbox 358 2466 1402 2516; baseline 0.013 -21"><span class='ocrx_word' id='word_1_258' title='bbox 358 2466 476 2496; x_wconf 85' lang='lat' dir='ltr'><strong><em>autem</em></strong></span> <span class='ocrx_word' id='word_1_259' title='bbox 506 2469 674 2510; x_wconf 80' lang='lat' dir='ltr'><strong><em>tanquam</em></strong></span> <span class='ocrx_word' id='word_1_260' title='bbox 691 2466 822 2503; x_wconf 87' lang='lat' dir='ltr'><strong><em>oblitus</em></strong></span> <span class='ocrx_word' id='word_1_261' title='bbox 841 2479 947 2513; x_wconf 87' lang='lat' dir='ltr'><strong><em>quam</em></strong></span> <span class='ocrx_word' id='word_1_262' title='bbox 972 2469 1016 2506; x_wconf 91' lang='lat' dir='ltr'><strong><em>de</em></strong></span> <span class='ocrx_word' id='word_1_263' title='bbox 1035 2471 1086 2506; x_wconf 87' lang='lat' dir='ltr'><strong><em>eis</em></strong></span> <span class='ocrx_word' id='word_1_264' title='bbox 1103 2472 1304 2516; x_wconf 84' lang='lat' dir='ltr'><strong><em>protulerat</em></strong></span> <span class='ocrx_word' id='word_1_265' title='bbox 1320 2484 1402 2509; x_wconf 89' lang='lat' dir='ltr'><strong><em>sen-</em></strong></span> 
     </span>
     <span class='ocr_line' id='line_1_37' title="bbox 357 2521 1403 2577; baseline 0.013 -22"><span class='ocrx_word' id='word_1_266' title='bbox 357 2521 516 2564; x_wconf 76' lang='lat' dir='ltr'><strong><em>tentiam,</em></strong></span> <span class='ocrx_word' id='word_1_267' title='bbox 540 2525 701 2568; x_wconf 83' lang='lat' dir='ltr'><strong><em>quaedam</em></strong></span> <span class='ocrx_word' id='word_1_268' title='bbox 725 2526 867 2571; x_wconf 90' lang='lat' dir='ltr'><strong><em>quidem</em></strong></span> <span class='ocrx_word' id='word_1_269' title='bbox 897 2528 1103 2564; x_wconf 92' lang='lat' dir='ltr'><strong><em>animalium</em></strong></span> <span class='ocrx_word' id='word_1_270' title='bbox 1127 2531 1273 2575; x_wconf 84' lang='lat' dir='ltr'><strong><em>munda,</em></strong></span> <span class='ocrx_word' id='word_1_271' title='bbox 1306 2542 1403 2577; x_wconf 84' lang='lat' dir='ltr'><strong><em>quae-</em></strong></span> 
     </span>
     <span class='ocr_line' id='line_1_38' title="bbox 358 2579 1401 2635; baseline 0.013 -21"><span class='ocrx_word' id='word_1_272' title='bbox 358 2579 439 2614; x_wconf 91' lang='lat' dir='ltr'><strong><em>dam</em></strong></span> <span class='ocrx_word' id='word_1_273' title='bbox 473 2581 561 2617; x_wconf 87' lang='lat' dir='ltr'><strong><em>dixit</em></strong></span> <span class='ocrx_word' id='word_1_274' title='bbox 597 2584 792 2620; x_wconf 90' lang='lat' dir='ltr'><strong><em>immunda.</em></strong></span> <span class='ocrx_word' id='word_1_275' title='bbox 828 2586 921 2634; x_wconf 75' lang='lat' dir='ltr'><strong><em>Ergo</em></strong></span> <span class='ocrx_word' id='word_1_276' title='bbox 953 2589 1116 2634; x_wconf 71' lang='lat' dir='ltr'><strong><em>quaedam</em></strong></span> <span class='ocrx_word' id='word_1_277' title='bbox 1150 2596 1258 2626; x_wconf 82' lang='lat' dir='ltr'><strong><em>erunt</em></strong></span> <span class='ocrx_word' id='word_1_278' title='bbox 1294 2592 1401 2635; x_wconf 90' lang='lat' dir='ltr'><strong><em>hona,</em></strong></span> 
     </span>
     <span class='ocr_line' id='line_1_39' title="bbox 358 2640 1404 2692; baseline 0.013 -19"><span class='ocrx_word' id='word_1_279' title='bbox 358 2640 519 2683; x_wconf 83' lang='lat' dir='ltr'><strong><em>quaedam</em></strong></span> <span class='ocrx_word' id='word_1_280' title='bbox 551 2653 622 2678; x_wconf 89' lang='lat' dir='ltr'><strong><em>non</em></strong></span> <span class='ocrx_word' id='word_1_281' title='bbox 652 2644 757 2680; x_wconf 87' lang='lat' dir='ltr'><strong><em>hona.</em></strong></span> <span class='ocrx_word' id='word_1_282' title='bbox 783 2645 852 2682; x_wconf 88' lang='lat' dir='ltr'><strong><em>Sed</em></strong></span> <span class='ocrx_word' id='word_1_283' title='bbox 873 2658 942 2682; x_wconf 91' lang='lat' dir='ltr'><strong><em>non</em></strong></span> <span class='ocrx_word' id='word_1_284' title='bbox 967 2654 1023 2684; x_wconf 90' lang='lat' dir='ltr'><strong><em>est</em></strong></span> <span class='ocrx_word' id='word_1_285' title='bbox 1041 2649 1105 2692; x_wconf 89' lang='lat' dir='ltr'><strong><em>ita,</em></strong></span> <span class='ocrx_word' id='word_1_286' title='bbox 1123 2660 1206 2685; x_wconf 88' lang='lat' dir='ltr'><strong><em>nam</em></strong></span> <span class='ocrx_word' id='word_1_287' title='bbox 1237 2656 1274 2686; x_wconf 90' lang='lat' dir='ltr'><strong><em>et</em></strong></span> <span class='ocrx_word' id='word_1_288' title='bbox 1302 2651 1333 2686; x_wconf 86' lang='lat' dir='ltr'><strong><em>si</em></strong></span> <span class='ocrx_word' id='word_1_289' title='bbox 1359 2652 1404 2686; x_wconf 90' lang='lat' dir='ltr'><strong><em>ad</em></strong></span> 
     </span>
     <span class='ocr_line' id='line_1_40' title="bbox 362 2698 1405 2754; baseline 0.014 -23"><span class='ocrx_word' id='word_1_290' title='bbox 362 2698 540 2733; x_wconf 85' lang='lat' dir='ltr'><strong><em>modicum</em></strong></span> <span class='ocrx_word' id='word_1_291' title='bbox 561 2702 737 2747; x_wconf 86' lang='lat' dir='ltr'><strong><em>castigare</em></strong></span> <span class='ocrx_word' id='word_1_292' title='bbox 763 2703 966 2741; x_wconf 81' lang='lat' dir='ltr'><strong><em>Judaeorum</em></strong></span> <span class='ocrx_word' id='word_1_293' title='bbox 1000 2709 1288 2754; x_wconf 81' lang='lat' dir='ltr'><strong><em>gastrimargiam</em></strong></span> <span class='ocrx_word' id='word_1_294' title='bbox 1307 2710 1405 2747; x_wconf 90' lang='lat' dir='ltr'><strong><em>vole·</em></strong></span> 
     </span>
     <span class='ocr_line' id='line_1_41' title="bbox 362 2757 1409 2808; baseline 0.015 -17"><span class='ocrx_word' id='word_1_295' title='bbox 362 2757 436 2799; x_wconf 81' lang='lat' dir='ltr'><strong><em>hat,</em></strong></span> <span class='ocrx_word' id='word_1_296' title='bbox 462 2763 579 2794; x_wconf 88' lang='lat' dir='ltr'><strong><em>tamen</em></strong></span> <span class='ocrx_word' id='word_1_297' title='bbox 597 2770 682 2795; x_wconf 85' lang='lat' dir='ltr'><strong><em>vera</em></strong></span> <span class='ocrx_word' id='word_1_298' title='bbox 711 2761 800 2808; x_wconf 82' lang='lat' dir='ltr'><strong><em>legis</em></strong></span> <span class='ocrx_word' id='word_1_299' title='bbox 815 2765 1053 2802; x_wconf 85' lang='lat' dir='ltr'><strong><em>consideratio</em></strong></span> <span class='ocrx_word' id='word_1_300' title='bbox 1078 2769 1264 2805; x_wconf 79' lang='lat' dir='ltr'><strong><em>manifesta</em></strong></span> <span class='ocrx_word' id='word_1_301' title='bbox 1286 2776 1342 2806; x_wconf 89' lang='lat' dir='ltr'><strong><em>est</em></strong></span> <span class='ocrx_word' id='word_1_302' title='bbox 1370 2771 1409 2806; x_wconf 80' lang='lat' dir='ltr'><strong><em>et&#39;</em></strong></span> 
     </span>
     <span class='ocr_line' id='line_1_42' title="bbox 363 2815 1405 2873; baseline 0.013 -24"><span class='ocrx_word' id='word_1_303' title='bbox 363 2815 533 2860; x_wconf 87' lang='lat' dir='ltr'><strong><em>spiritalis</em></strong></span> <span class='ocrx_word' id='word_1_304' title='bbox 549 2825 805 2864; x_wconf 62' lang='lat' dir='ltr'><strong><em>przcceptorum</em></strong></span> <span class='ocrx_word' id='word_1_305' title='bbox 827 2824 1015 2867; x_wconf 86' lang='lat' dir='ltr'><strong><em>expositio,</em></strong></span> <span class='ocrx_word' id='word_1_306' title='bbox 1046 2826 1240 2871; x_wconf 82' lang='lat' dir='ltr'><strong><em>qualesque</em></strong></span> <span class='ocrx_word' id='word_1_307' title='bbox 1265 2834 1405 2873; x_wconf 87' lang='lat' dir='ltr'><strong><em>oportet</em></strong></span> 
     </span>
    </p>
   </div>
   <div class='ocr_carea' id='block_1_13' title="bbox 364 2878 2499 2933">
    <p class='ocr_par' dir='ltr' id='par_1_13' title="bbox 364 2878 2499 2933">
     <span class='ocr_line' id='line_1_43' title="bbox 364 2878 2499 2933; baseline 0.006 -21"><span class='ocrx_word' id='word_1_308' title='bbox 364 2887 442 2912; x_wconf 85' lang='lat' dir='ltr'><strong><em>esse</em></strong></span> <span class='ocrx_word' id='word_1_309' title='bbox 461 2878 703 2924; x_wconf 81' lang='lat' dir='ltr'><strong><em>legi&#39;studium</em></strong></span> <span class='ocrx_word' id='word_1_310' title='bbox 722 2881 847 2917; x_wconf 83' lang='lat' dir='ltr'><strong><em>dantes</em></strong></span> <span class='ocrx_word' id='word_1_311' title='bbox 869 2883 1018 2918; x_wconf 89' lang='lat' dir='ltr'><strong><em>docendi</em></strong></span> <span class='ocrx_word' id='word_1_312' title='bbox 1042 2885 1277 2920; x_wconf 88' lang='lat' dir='ltr'><strong><em>intentionem</em></strong></span> <span class='ocrx_word' id='word_1_313' title='bbox 1294 2887 1402 2931; x_wconf 84' lang='lat' dir='ltr'><strong><em>legis-</em></strong></span> <span class='ocrx_word' id='word_1_314' title='bbox 1420 2881 1456 2919; x_wconf 89' lang='lat' dir='ltr'>D</span> <span class='ocrx_word' id='word_1_315' title='bbox 1473 2886 1579 2931; x_wconf 84' lang='lat' dir='ltr'><strong><em>Legis</em></strong></span> <span class='ocrx_word' id='word_1_316' title='bbox 1607 2891 1642 2922; x_wconf 90' lang='lat' dir='ltr'><strong><em>et</em></strong></span> <span class='ocrx_word' id='word_1_317' title='bbox 1667 2886 1956 2933; x_wconf 85' lang='lat' dir='ltr'><strong><em>Evangeliorum,</em></strong></span> <span class='ocrx_word' id='word_1_318' title='bbox 1983 2888 2186 2932; x_wconf 76' lang='lat' dir='ltr'><strong><em>credentes,</em></strong></span> <span class='ocrx_word' id='word_1_319' title='bbox 2215 2897 2254 2924; x_wconf 89' lang='lat' dir='ltr'><strong><em>se</em></strong></span> <span class='ocrx_word' id='word_1_320' title='bbox 2270 2887 2375 2923; x_wconf 86' lang='lat' dir='ltr'><strong><em>firmo</em></strong></span> <span class='ocrx_word' id='word_1_321' title='bbox 2397 2895 2499 2933; x_wconf 84' lang='lat' dir='ltr'><strong><em>gress</em></strong></span> 
     </span>
    </p>
   </div>
   <div class='ocr_carea' id='block_1_14' title="bbox 364 2934 1412 3774">
    <p class='ocr_par' dir='ltr' id='par_1_14' title="bbox 364 2934 1411 3516">
     <span class='ocr_line' id='line_1_44' title="bbox 364 2934 1404 2988; baseline 0.011 -19"><span class='ocrx_word' id='word_1_322' title='bbox 364 2934 456 2970; x_wconf 88' lang='lat' dir='ltr'><strong><em>lator</em></strong></span> <span class='ocrx_word' id='word_1_323' title='bbox 469 2937 586 2972; x_wconf 85' lang='lat' dir='ltr'><strong><em>habet.</em></strong></span> <span class='ocrx_word' id='word_1_324' title='bbox 609 2937 646 2987; x_wconf 86' lang='lat' dir='ltr'><strong><em>Si</em></strong></span> <span class='ocrx_word' id='word_1_325' title='bbox 665 2939 760 2973; x_wconf 89' lang='lat' dir='ltr'><strong><em>enim</em></strong></span> <span class='ocrx_word' id='word_1_326' title='bbox 783 2950 852 2974; x_wconf 82' lang='lat' dir='ltr'><strong><em>non</em></strong></span> <span class='ocrx_word' id='word_1_327' title='bbox 870 2941 906 2976; x_wconf 77' lang='lat' dir='ltr'><strong><em>in</em></strong></span> <span class='ocrx_word' id='word_1_328' title='bbox 923 2941 996 2976; x_wconf 82' lang='lat' dir='ltr'><strong><em>solo</em></strong></span> <span class='ocrx_word' id='word_1_329' title='bbox 1012 2953 1100 2987; x_wconf 85' lang='lat' dir='ltr'><strong><em>pane</em></strong></span> <span class='ocrx_word' id='word_1_330' title='bbox 1117 2944 1197 2978; x_wconf 79' lang='lat' dir='ltr'><strong><em>vivit</em></strong></span> <span class='ocrx_word' id='word_1_331' title='bbox 1211 2945 1326 2988; x_wconf 81' lang='lat' dir='ltr'><strong><em>homo,</em></strong></span> <span class='ocrx_word' id='word_1_332' title='bbox 1346 2946 1404 2980; x_wconf 86' lang='lat' dir='ltr'><strong><em>sed</em></strong></span> 
     </span>
     <span class='ocr_line' id='line_1_45' title="bbox 365 2993 1404 3051; baseline 0.011 -24"><span class='ocrx_word' id='word_1_333' title='bbox 365 2993 403 3028; x_wconf 78' lang='lat' dir='ltr'><strong><em>in</em></strong></span> <span class='ocrx_word' id='word_1_334' title='bbox 419 2995 512 3029; x_wconf 83' lang='lat' dir='ltr'><strong><em>omni</em></strong></span> <span class='ocrx_word' id='word_1_335' title='bbox 536 2995 633 3030; x_wconf 87' lang='lat' dir='ltr'><strong><em>verbo</em></strong></span> <span class='ocrx_word' id='word_1_336' title='bbox 652 2997 743 3042; x_wconf 86' lang='lat' dir='ltr'><strong><em>quod</em></strong></span> <span class='ocrx_word' id='word_1_337' title='bbox 760 2999 911 3043; x_wconf 79' lang='lat' dir='ltr'><strong><em>procedit</em></strong></span> <span class='ocrx_word' id='word_1_338' title='bbox 934 3000 976 3035; x_wconf 87' lang='lat' dir='ltr'><strong><em>de</em></strong></span> <span class='ocrx_word' id='word_1_339' title='bbox 999 3012 1057 3036; x_wconf 86' lang='lat' dir='ltr'><strong><em>ore</em></strong></span> <span class='ocrx_word' id='word_1_340' title='bbox 1076 3001 1142 3036; x_wconf 81' lang='lat' dir='ltr'><strong><em>Dei</em></strong></span> <span class='ocrx_word' id='word_1_341' title='bbox 1164 3002 1311 3048; x_wconf 63' lang='lat' dir='ltr'><strong><em>(Manli.</em></strong></span> <span class='ocrx_word' id='word_1_342' title='bbox 1339 3003 1404 3051; x_wconf 81' lang='lat' dir='ltr'><strong><em>lv),</em></strong></span> 
     </span>
     <span class='ocr_line' id='line_1_46' title="bbox 367 3053 1406 3104; baseline 0.01 -16"><span class='ocrx_word' id='word_1_343' title='bbox 367 3053 460 3088; x_wconf 89' lang='lat' dir='ltr'><strong><em>sicut</em></strong></span> <span class='ocrx_word' id='word_1_344' title='bbox 490 3055 594 3099; x_wconf 88' lang='lat' dir='ltr'><strong><em>panis</em></strong></span> <span class='ocrx_word' id='word_1_345' title='bbox 629 3057 885 3092; x_wconf 87' lang='lat' dir='ltr'><strong><em>nutrimentum</em></strong></span> <span class='ocrx_word' id='word_1_346' title='bbox 913 3060 1094 3104; x_wconf 85' lang='lat' dir='ltr'><strong><em>corporis,</em></strong></span> <span class='ocrx_word' id='word_1_347' title='bbox 1126 3061 1178 3096; x_wconf 91' lang='lat' dir='ltr'><strong><em>sic</em></strong></span> <span class='ocrx_word' id='word_1_348' title='bbox 1205 3067 1241 3097; x_wconf 90' lang='lat' dir='ltr'><strong><em>et</em></strong></span> <span class='ocrx_word' id='word_1_349' title='bbox 1264 3061 1321 3097; x_wconf 79' lang='lat' dir='ltr'><strong><em>lex</em></strong></span> <span class='ocrx_word' id='word_1_350' title='bbox 1341 3062 1406 3098; x_wconf 91' lang='lat' dir='ltr'><strong><em>Dei</em></strong></span> 
     </span>
     <span class='ocr_line' id='line_1_47' title="bbox 366 3110 1407 3164; baseline 0.011 -17"><span class='ocrx_word' id='word_1_351' title='bbox 366 3110 624 3154; x_wconf 86' lang='lat' dir='ltr'><strong><em>nutrimentum</em></strong></span> <span class='ocrx_word' id='word_1_352' title='bbox 657 3121 712 3152; x_wconf 86' lang='lat' dir='ltr'><strong><em>est</em></strong></span> <span class='ocrx_word' id='word_1_353' title='bbox 734 3117 876 3160; x_wconf 85' lang='lat' dir='ltr'><strong><em>animae,</em></strong></span> <span class='ocrx_word' id='word_1_354' title='bbox 899 3123 939 3153; x_wconf 90' lang='lat' dir='ltr'><strong><em>ut</em></strong></span> <span class='ocrx_word' id='word_1_355' title='bbox 964 3125 1047 3164; x_wconf 86' lang='lat' dir='ltr'><strong><em>pote</em></strong></span> <span class='ocrx_word' id='word_1_356' title='bbox 1063 3120 1262 3161; x_wconf 55' lang='lat' dir='ltr'><strong><em>,rationalis</em></strong></span> <span class='ocrx_word' id='word_1_357' title='bbox 1297 3122 1407 3158; x_wconf 88' lang='lat' dir='ltr'><strong><em>ratio-</em></strong></span> 
     </span>
     <span class='ocr_line' id='line_1_48' title="bbox 366 3171 1406 3224; baseline 0.01 -18"><span class='ocrx_word' id='word_1_358' title='bbox 366 3171 439 3207; x_wconf 85' lang='lat' dir='ltr'><strong><em>nali</em></strong></span> <span class='ocrx_word' id='word_1_359' title='bbox 457 3173 570 3209; x_wconf 86' lang='lat' dir='ltr'><strong><em>virtus</em></strong></span> <span class='ocrx_word' id='word_1_360' title='bbox 586 3179 622 3210; x_wconf 87' lang='lat' dir='ltr'><strong><em>et</em></strong></span> <span class='ocrx_word' id='word_1_361' title='bbox 635 3175 846 3211; x_wconf 87' lang='lat' dir='ltr'><strong><em>substantia.</em></strong></span> <span class='ocrx_word' id='word_1_362' title='bbox 868 3177 912 3213; x_wconf 87' lang='lat' dir='ltr'><strong><em>Et</em></strong></span> <span class='ocrx_word' id='word_1_363' title='bbox 932 3178 1024 3213; x_wconf 89' lang='lat' dir='ltr'><strong><em>sicut</em></strong></span> <span class='ocrx_word' id='word_1_364' title='bbox 1039 3178 1076 3213; x_wconf 92' lang='lat' dir='ltr'><strong><em>in</em></strong></span> <span class='ocrx_word' id='word_1_365' title='bbox 1093 3180 1337 3224; x_wconf 87' lang='lat' dir='ltr'><strong><em>superioribus</em></strong></span> <span class='ocrx_word' id='word_1_366' title='bbox 1361 3191 1406 3216; x_wconf 82' lang='lat' dir='ltr'><strong><em>ex</em></strong></span> 
     </span>
     <span class='ocr_line' id='line_1_49' title="bbox 366 3231 1408 3285; baseline 0.009 -18"><span class='ocrx_word' id='word_1_367' title='bbox 366 3231 422 3268; x_wconf 92' lang='lat' dir='ltr'><strong><em>his</em></strong></span> <span class='ocrx_word' id='word_1_368' title='bbox 453 3243 532 3278; x_wconf 82' lang='lat' dir='ltr'><strong><em>quae</em></strong></span> <span class='ocrx_word' id='word_1_369' title='bbox 562 3234 806 3278; x_wconf 82' lang='lat' dir='ltr'><strong><em>immolantur,</em></strong></span> <span class='ocrx_word' id='word_1_370' title='bbox 827 3236 956 3282; x_wconf 82' lang='lat' dir='ltr'><strong><em>figurat</em></strong></span> <span class='ocrx_word' id='word_1_371' title='bbox 984 3248 1046 3274; x_wconf 90' lang='lat' dir='ltr'><strong><em>eos</em></strong></span> <span class='ocrx_word' id='word_1_372' title='bbox 1076 3239 1138 3284; x_wconf 89' lang='lat' dir='ltr'><strong><em>qui</em></strong></span> <span class='ocrx_word' id='word_1_373' title='bbox 1162 3238 1326 3282; x_wconf 78' lang='lat' dir='ltr'><strong><em>offerunt,</em></strong></span> <span class='ocrx_word' id='word_1_374' title='bbox 1345 3251 1408 3285; x_wconf 91' lang='lat' dir='ltr'><strong><em>per</em></strong></span> 
     </span>
     <span class='ocr_line' id='line_1_50' title="bbox 367 3293 1410 3344; baseline 0.008 -17"><span class='ocrx_word' id='word_1_375' title='bbox 367 3302 471 3328; x_wconf 84' lang='lat' dir='ltr'><strong><em>ovem</em></strong></span> <span class='ocrx_word' id='word_1_376' title='bbox 497 3293 703 3339; x_wconf 83' lang='lat' dir='ltr'><strong><em>significans</em></strong></span> <span class='ocrx_word' id='word_1_377' title='bbox 730 3296 944 3342; x_wconf 83' lang='lat' dir='ltr'><strong><em>simplicem,</em></strong></span> <span class='ocrx_word' id='word_1_378' title='bbox 974 3308 1038 3344; x_wconf 89' lang='lat' dir='ltr'><strong><em>per</em></strong></span> <span class='ocrx_word' id='word_1_379' title='bbox 1054 3298 1205 3334; x_wconf 84' lang='lat' dir='ltr'><strong><em>vitulum</em></strong></span> <span class='ocrx_word' id='word_1_380' title='bbox 1225 3299 1410 3335; x_wconf 87' lang='lat' dir='ltr'><strong><em>mandato-</em></strong></span> 
     </span>
     <span class='ocr_line' id='line_1_51' title="bbox 372 3357 1411 3404; baseline 0.01 -18"><span class='ocrx_word' id='word_1_381' title='bbox 372 3361 451 3388; x_wconf 84' lang='lat' dir='ltr'><strong><em>rum</em></strong></span> <span class='ocrx_word' id='word_1_382' title='bbox 467 3359 704 3398; x_wconf 86' lang='lat' dir='ltr'><strong><em>operatorem,</em></strong></span> <span class='ocrx_word' id='word_1_383' title='bbox 725 3366 790 3402; x_wconf 89' lang='lat' dir='ltr'><strong><em>per</em></strong></span> <span class='ocrx_word' id='word_1_384' title='bbox 814 3357 956 3394; x_wconf 80' lang='lat' dir='ltr'><strong><em>haedum</em></strong></span> <span class='ocrx_word' id='word_1_385' title='bbox 970 3368 1057 3395; x_wconf 84' lang='lat' dir='ltr'><strong><em>vero</em></strong></span> <span class='ocrx_word' id='word_1_386' title='bbox 1079 3359 1336 3404; x_wconf 86' lang='lat' dir='ltr'><strong><em>poenitentem;</em></strong></span> <span class='ocrx_word' id='word_1_387' title='bbox 1359 3360 1411 3396; x_wconf 89' lang='lat' dir='ltr'><strong><em>sic</em></strong></span> 
     </span>
     <span class='ocr_line' id='line_1_52' title="bbox 371 3411 1411 3467; baseline 0.013 -22"><span class='ocrx_word' id='word_1_388' title='bbox 371 3411 480 3447; x_wconf 82' lang='lat' dir='ltr'><strong><em>etiam</em></strong></span> <span class='ocrx_word' id='word_1_389' title='bbox 510 3424 604 3451; x_wconf 83' lang='lat' dir='ltr'><strong><em>nuuc</em></strong></span> <span class='ocrx_word' id='word_1_390' title='bbox 629 3416 806 3462; x_wconf 73' lang='lat' dir='ltr'><strong><em>significat</em></strong></span> <span class='ocrx_word' id='word_1_391' title='bbox 827 3428 892 3465; x_wconf 86' lang='lat' dir='ltr'><strong><em>per</em></strong></span> <span class='ocrx_word' id='word_1_392' title='bbox 914 3419 1083 3456; x_wconf 86' lang='lat' dir='ltr'><strong><em>animalia</em></strong></span> <span class='ocrx_word' id='word_1_393' title='bbox 1109 3429 1170 3458; x_wconf 88' lang='lat' dir='ltr'><strong><em>eos</em></strong></span> <span class='ocrx_word' id='word_1_394' title='bbox 1196 3421 1258 3467; x_wconf 85' lang='lat' dir='ltr'><strong><em>qui</em></strong></span> <span class='ocrx_word' id='word_1_395' title='bbox 1273 3421 1326 3459; x_wconf 87' lang='lat' dir='ltr'><strong><em>eis</em></strong></span> <span class='ocrx_word' id='word_1_396' title='bbox 1350 3431 1411 3458; x_wconf 87' lang='lat' dir='ltr'><strong><em>ve-</em></strong></span> 
     </span>
     <span class='ocr_line' id='line_1_53' title="bbox 372 3476 800 3516; baseline 0.021 -9"><span class='ocrx_word' id='word_1_397' title='bbox 372 3478 532 3516; x_wconf 72' lang='lat' dir='ltr'><strong><em>scuntur-3</em></strong></span> <span class='ocrx_word' id='word_1_398' title='bbox 547 3476 597 3511; x_wconf 88' lang='lat' dir='ltr'><strong><em>ait</em></strong></span> <span class='ocrx_word' id='word_1_399' title='bbox 615 3478 710 3514; x_wconf 88' lang='lat' dir='ltr'><strong><em>enim</em></strong></span> <span class='ocrx_word' id='word_1_400' title='bbox 726 3479 800 3516; x_wconf 87' lang='lat' dir='ltr'><strong><em>sic:</em></strong></span> 
     </span>
    </p>

    <p class='ocr_par' dir='ltr' id='par_1_15' title="bbox 366 3533 1412 3774">
     <span class='ocr_line' id='line_1_54' title="bbox 418 3533 1410 3590; baseline 0.011 -22"><span class='ocrx_word' id='word_1_401' title='bbox 418 3533 568 3571; x_wconf 74' lang='lat' dir='ltr'><strong><em>Locutus</em></strong></span> <span class='ocrx_word' id='word_1_402' title='bbox 587 3543 636 3572; x_wconf 75' lang='lat' dir='ltr'><strong><em>est</em></strong></span> <span class='ocrx_word' id='word_1_403' title='bbox 650 3538 818 3578; x_wconf 71' lang='lat' dir='ltr'><strong><em>Dominus</em></strong></span> <span class='ocrx_word' id='word_1_404' title='bbox 838 3542 884 3578; x_wconf 82' lang='lat' dir='ltr'><strong><em>ad</em></strong></span> <span class='ocrx_word' id='word_1_405' title='bbox 902 3542 1047 3590; x_wconf 76' lang='lat' dir='ltr'><strong><em>Moysen</em></strong></span> <span class='ocrx_word' id='word_1_406' title='bbox 1063 3549 1096 3580; x_wconf 80' lang='lat' dir='ltr'><strong><em>et</em></strong></span> <span class='ocrx_word' id='word_1_407' title='bbox 1121 3542 1240 3579; x_wconf 81' lang='lat' dir='ltr'><strong><em>Aaron</em></strong></span> <span class='ocrx_word' id='word_1_408' title='bbox 1261 3542 1380 3579; x_wconf 78' lang='lat' dir='ltr'><strong><em>dicens</em></strong></span> <span class='ocrx_word' id='word_1_409' title='bbox 1397 3552 1410 3579; x_wconf 89' lang='lat'><em>:</em></span> 
     </span>
     <span class='ocr_line' id='line_1_55' title="bbox 374 3593 1412 3651; baseline 0.011 -22"><span class='ocrx_word' id='word_1_410' title='bbox 374 3593 486 3631; x_wconf 75' lang='lat' dir='ltr'><strong><em>Dicite</em></strong></span> <span class='ocrx_word' id='word_1_411' title='bbox 510 3595 592 3640; x_wconf 73' lang='lat' dir='ltr'><strong><em>filiis</em></strong></span> <span class='ocrx_word' id='word_1_412' title='bbox 618 3596 731 3634; x_wconf 72' lang='lat' dir='ltr'><strong><em>Israel</em></strong></span> <span class='ocrx_word' id='word_1_413' title='bbox 748 3610 760 3634; x_wconf 89' lang='lat'><em>:</em></span> <span class='ocrx_word' id='word_1_414' title='bbox 781 3600 866 3637; x_wconf 79' lang='lat' dir='ltr'><strong><em>Hoec</em></strong></span> <span class='ocrx_word' id='word_1_415' title='bbox 888 3609 967 3639; x_wconf 75' lang='lat' dir='ltr'><strong><em>sunt</em></strong></span> <span class='ocrx_word' id='word_1_416' title='bbox 992 3603 1161 3640; x_wconf 81' lang='lat' dir='ltr'><strong><em>animalia</em></strong></span> <span class='ocrx_word' id='word_1_417' title='bbox 1191 3614 1269 3651; x_wconf 83' lang='lat' dir='ltr'><strong><em>quoe</em></strong></span> <span class='ocrx_word' id='word_1_418' title='bbox 1285 3602 1412 3639; x_wconf 66' lang='lat' dir='ltr'><strong><em>&#39;come&#39;-</em></strong></span> 
     </span>
     <span class='ocr_line' id='line_1_56' title="bbox 376 3653 1412 3702; baseline 0.012 -14"><span class='ocrx_word' id='word_1_419' title='bbox 376 3653 455 3689; x_wconf 74' lang='lat' dir='ltr'><strong><em>dere</em></strong></span> <span class='ocrx_word' id='word_1_420' title='bbox 473 3655 599 3692; x_wconf 70' lang='lat' dir='ltr'><strong><em>debetis</em></strong></span> <span class='ocrx_word' id='word_1_421' title='bbox 612 3658 654 3693; x_wconf 78' lang='lat' dir='ltr'><strong><em>de</em></strong></span> <span class='ocrx_word' id='word_1_422' title='bbox 671 3661 802 3696; x_wconf 74' lang='lat' dir='ltr'><strong><em>cunctis</em></strong></span> <span class='ocrx_word' id='word_1_423' title='bbox 821 3663 1055 3700; x_wconf 79' lang='lat' dir='ltr'><strong><em>animantibus</em></strong></span> <span class='ocrx_word' id='word_1_424' title='bbox 1073 3670 1188 3702; x_wconf 74' lang='lat' dir='ltr'><strong><em>terroe.</em></strong></span> <span class='ocrx_word' id='word_1_425' title='bbox 1203 3664 1412 3702; x_wconf 80' lang='lat' dir='ltr'><strong><em>Communis</em></strong></span> 
     </span>
     <span class='ocr_line' id='line_1_57' title="bbox 366 3713 1412 3774; baseline 0.011 -22"><span class='ocrx_word' id='word_1_426' title='bbox 366 3715 541 3754; x_wconf 57' lang='lat' dir='ltr'><strong><em>mles--</em></strong></span> <span class='ocrx_word' id='word_1_427' title='bbox 555 3713 765 3759; x_wconf 60' lang='lat' dir='ltr'><strong><em>‘mandatum</em></strong></span> <span class='ocrx_word' id='word_1_428' title='bbox 787 3723 855 3760; x_wconf 84' lang='lat' dir='ltr'><strong><em>hoe</em></strong></span> <span class='ocrx_word' id='word_1_429' title='bbox 870 3725 925 3763; x_wconf 79' lang='lat' dir='ltr'><strong><em>-ad</em></strong></span> <span class='ocrx_word' id='word_1_430' title='bbox 941 3735 1066 3764; x_wconf 86' lang='lat' dir='ltr'><strong><em>omnes</em></strong></span> <span class='ocrx_word' id='word_1_431' title='bbox 1087 3727 1256 3774; x_wconf 77' lang='lat' dir='ltr'><strong><em>pertinet,</em></strong></span> <span class='ocrx_word' id='word_1_432' title='bbox 1280 3725 1412 3764; x_wconf 79' lang='lat' dir='ltr'><strong><em>totius-</em></strong></span> 
     </span>
    </p>
   </div>
   <div class='ocr_carea' id='block_1_15' title="bbox 765 160 2051 211">
    <p class='ocr_par' dir='ltr' id='par_1_16' title="bbox 765 160 2051 211">
     <span class='ocr_line' id='line_1_58' title="bbox 765 160 2051 211; baseline -0.01 -2"><span class='ocrx_word' id='word_1_433' title='bbox 765 174 806 209; x_wconf 91' lang='lat' dir='ltr'><strong><em>B.</em></strong></span> <span class='ocrx_word' id='word_1_434' title='bbox 835 173 1003 210; x_wconf 85' lang='lat' dir='ltr'><strong><em>RABANl</em></strong></span> <span class='ocrx_word' id='word_1_435' title='bbox 1029 172 1173 211; x_wconf 85' lang='lat' dir='ltr'><strong>MAURI</strong></span> <span class='ocrx_word' id='word_1_436' title='bbox 1196 166 1407 207; x_wconf 82' lang='lat' dir='ltr'><strong><em>ARCHlEP.</em></strong></span> <span class='ocrx_word' id='word_1_437' title='bbox 1435 163 1640 204; x_wconf 83' lang='lat' dir='ltr'><strong><em>MOGUNT.</em></strong></span> <span class='ocrx_word' id='word_1_438' title='bbox 1667 161 1857 201; x_wconf 78' lang='lat' dir='ltr'>OPERUM</span> <span class='ocrx_word' id='word_1_439' title='bbox 1879 161 1999 199; x_wconf 82' lang='lat' dir='ltr'>PARS</span> <span class='ocrx_word' id='word_1_440' title='bbox 2024 160 2051 196; x_wconf 88' lang='lat' dir='ltr'><strong><em>l.</em></strong></span> 
     </span>
    </p>
   </div>
   <div class='ocr_carea' id='block_1_16' title="bbox 345 235 2501 466">
    <p class='ocr_par' dir='ltr' id='par_1_17' title="bbox 345 235 2501 466">
     <span class='ocr_line' id='line_1_59' title="bbox 345 235 2499 293; baseline -0.007 -3"><span class='ocrx_word' id='word_1_441' title='bbox 345 260 416 290; x_wconf 83' lang='lat' dir='ltr'><strong><em>tem</em></strong></span> <span class='ocrx_word' id='word_1_442' title='bbox 433 249 586 292; x_wconf 88' lang='lat' dir='ltr'><strong><em>obducit,</em></strong></span> <span class='ocrx_word' id='word_1_443' title='bbox 608 258 672 284; x_wconf 88' lang='lat' dir='ltr'><strong><em>nec</em></strong></span> <span class='ocrx_word' id='word_1_444' title='bbox 694 247 865 293; x_wconf 85' lang='lat' dir='ltr'><strong><em>permittit</em></strong></span> <span class='ocrx_word' id='word_1_445' title='bbox 894 247 986 283; x_wconf 87' lang='lat' dir='ltr'><strong><em>mala</em></strong></span> <span class='ocrx_word' id='word_1_446' title='bbox 1004 245 1222 283; x_wconf 86' lang='lat' dir='ltr'><strong><em>couscientia</em></strong></span> <span class='ocrx_word' id='word_1_447' title='bbox 1242 249 1282 278; x_wconf 90' lang='lat' dir='ltr'><strong><em>ut</em></strong></span> <span class='ocrx_word' id='word_1_448' title='bbox 1299 242 1381 277; x_wconf 80' lang='lat' dir='ltr'><strong><em>reli·</em></strong></span> <span class='ocrx_word' id='word_1_449' title='bbox 1399 244 1434 282; x_wconf 84' lang='lat' dir='ltr'>A</span> <span class='ocrx_word' id='word_1_450' title='bbox 1449 241 1533 286; x_wconf 89' lang='lat' dir='ltr'><strong><em>quia</em></strong></span> <span class='ocrx_word' id='word_1_451' title='bbox 1567 251 1640 276; x_wconf 85' lang='lat' dir='ltr'><strong><em>non</em></strong></span> <span class='ocrx_word' id='word_1_452' title='bbox 1671 240 1739 276; x_wconf 84' lang='lat' dir='ltr'><strong><em>suit</em></strong></span> <span class='ocrx_word' id='word_1_453' title='bbox 1764 240 1903 275; x_wconf 89' lang='lat' dir='ltr'><strong><em>sincera</em></strong></span> <span class='ocrx_word' id='word_1_454' title='bbox 1926 235 2057 279; x_wconf 87' lang='lat' dir='ltr'><strong><em>hostia,</em></strong></span> <span class='ocrx_word' id='word_1_455' title='bbox 2085 240 2233 272; x_wconf 80' lang='lat' dir='ltr'><strong><em>exustus</em></strong></span> <span class='ocrx_word' id='word_1_456' title='bbox 2258 240 2327 280; x_wconf 86' lang='lat' dir='ltr'><strong><em>est,</em></strong></span> <span class='ocrx_word' id='word_1_457' title='bbox 2357 238 2442 283; x_wconf 86' lang='lat' dir='ltr'><strong><em>quia</em></strong></span> <span class='ocrx_word' id='word_1_458' title='bbox 2461 238 2499 275; x_wconf 84' lang='lat' dir='ltr'><strong><em>iu</em></strong></span> 
     </span>
     <span class='ocr_line' id='line_1_60' title="bbox 1450 295 2501 346; baseline -0.003 -9"><span class='ocrx_word' id='word_1_459' title='bbox 1450 300 1527 346; x_wconf 86' lang='lat' dir='ltr'><strong><em>ejus</em></strong></span> <span class='ocrx_word' id='word_1_460' title='bbox 1559 300 1737 337; x_wconf 86' lang='lat' dir='ltr'><strong><em>sacrificio</em></strong></span> <span class='ocrx_word' id='word_1_461' title='bbox 1767 299 1859 344; x_wconf 82' lang='lat' dir='ltr'><strong><em>iguis</em></strong></span> <span class='ocrx_word' id='word_1_462' title='bbox 1889 297 2025 332; x_wconf 87' lang='lat' dir='ltr'><strong><em>alienus</em></strong></span> <span class='ocrx_word' id='word_1_463' title='bbox 2055 299 2220 340; x_wconf 87' lang='lat' dir='ltr'><strong><em>repertus</em></strong></span> <span class='ocrx_word' id='word_1_464' title='bbox 2250 300 2319 332; x_wconf 89' lang='lat' dir='ltr'><strong><em>est.</em></strong></span> <span class='ocrx_word' id='word_1_465' title='bbox 2343 295 2423 333; x_wconf 87' lang='lat' dir='ltr'><strong><em>Non</em></strong></span> <span class='ocrx_word' id='word_1_466' title='bbox 2443 302 2501 334; x_wconf 83' lang='lat' dir='ltr'><strong><em>est</em></strong></span> 
     </span>
     <span class='ocr_line' id='line_1_61' title="bbox 1449 356 2498 412; baseline -0.004 -14"><span class='ocrx_word' id='word_1_467' title='bbox 1449 363 1572 408; x_wconf 90' lang='lat' dir='ltr'><strong><em>itaque</em></strong></span> <span class='ocrx_word' id='word_1_468' title='bbox 1607 360 1858 412; x_wconf 77' lang='lat' dir='ltr'><strong><em>complacitum</em></strong></span> <span class='ocrx_word' id='word_1_469' title='bbox 1878 362 1915 394; x_wconf 84' lang='lat' dir='ltr'><strong><em>et</em></strong></span> <span class='ocrx_word' id='word_1_470' title='bbox 1946 361 2131 402; x_wconf 87' lang='lat' dir='ltr'><strong><em>acceptum</em></strong></span> <span class='ocrx_word' id='word_1_471' title='bbox 2163 356 2380 392; x_wconf 86' lang='lat' dir='ltr'><strong><em>sacrificium</em></strong></span> <span class='ocrx_word' id='word_1_472' title='bbox 2408 357 2498 402; x_wconf 85' lang='lat' dir='ltr'><strong><em>Deo,</em></strong></span> 
     </span>
     <span class='ocr_line' id='line_1_62' title="bbox 1450 415 2500 466; baseline -0.003 -8"><span class='ocrx_word' id='word_1_473' title='bbox 1450 433 1523 459; x_wconf 90' lang='lat' dir='ltr'><strong><em>non</em></strong></span> <span class='ocrx_word' id='word_1_474' title='bbox 1538 427 1592 457; x_wconf 89' lang='lat' dir='ltr'><strong><em>est</em></strong></span> <span class='ocrx_word' id='word_1_475' title='bbox 1611 426 1798 466; x_wconf 86' lang='lat' dir='ltr'><strong><em>acceptum</em></strong></span> <span class='ocrx_word' id='word_1_476' title='bbox 1812 445 1821 462; x_wconf 92' lang='lat'>‚</span> <span class='ocrx_word' id='word_1_477' title='bbox 1849 418 1918 452; x_wconf 88' lang='lat' dir='ltr'><strong><em>nisi</em></strong></span> <span class='ocrx_word' id='word_1_478' title='bbox 1938 416 2033 462; x_wconf 88' lang='lat' dir='ltr'><strong><em>quod</em></strong></span> <span class='ocrx_word' id='word_1_479' title='bbox 2047 415 2157 452; x_wconf 80' lang='lat' dir='ltr'><strong><em>suerit</em></strong></span> <span class='ocrx_word' id='word_1_480' title='bbox 2175 416 2212 452; x_wconf 89' lang='lat' dir='ltr'><strong><em>iu</em></strong></span> <span class='ocrx_word' id='word_1_481' title='bbox 2229 416 2364 453; x_wconf 83' lang='lat' dir='ltr'><strong><em>divitiis</em></strong></span> <span class='ocrx_word' id='word_1_482' title='bbox 2383 417 2500 455; x_wconf 85' lang='lat' dir='ltr'><strong><em>siuce-</em></strong></span> 
     </span>
    </p>
   </div>
   <div class='ocr_carea' id='block_1_17' title="bbox 2403 0 2540 3806">
    <p class='ocr_par' dir='ltr' id='par_1_18' title="bbox 2403 0 2540 3806">
     <span class='ocr_line' id='line_1_63' title="bbox 2495 0 2540 270; baseline 0 -56"><span class='ocrx_word' id='word_1_483' title='bbox 2495 0 2540 270; x_wconf 95' lang='lat' dir='ltr'><strong><em>    </em></strong></span> 
     </span>
     <span class='ocr_line' id='line_1_64' title="bbox 2498 270 2540 390; baseline 0 0"><span class='ocrx_word' id='word_1_484' title='bbox 2498 270 2540 390; x_wconf 95' lang='lat' dir='ltr'><strong><em>   </em></strong></span> 
     </span>
     <span class='ocr_line' id='line_1_65' title="bbox 2500 390 2540 434; baseline 0 3582"><span class='ocrx_word' id='word_1_485' title='bbox 2500 390 2540 434; x_wconf 95' lang='lat' dir='ltr'><strong><em> </em></strong></span> 
     </span>
     <span class='ocr_line' id='line_1_66' title="bbox 2495 434 2540 614; baseline 0 -57"><span class='ocrx_word' id='word_1_486' title='bbox 2495 434 2540 614; x_wconf 95' lang='lat' dir='ltr'><strong><em>   </em></strong></span> 
     </span>
     <span class='ocr_line' id='line_1_67' title="bbox 2495 614 2540 994; baseline 0 -121"><span class='ocrx_word' id='word_1_487' title='bbox 2495 614 2540 994; x_wconf 95' lang='lat' dir='ltr'><strong><em>    </em></strong></span> 
     </span>
     <span class='ocr_line' id='line_1_68' title="bbox 2507 994 2540 1051; baseline 0 0"><span class='ocrx_word' id='word_1_488' title='bbox 2507 994 2540 1051; x_wconf 95' lang='lat' dir='ltr'><strong><em>  </em></strong></span> 
     </span>
     <span class='ocr_line' id='line_1_69' title="bbox 2510 1051 2540 1208; baseline 0 -121"><span class='ocrx_word' id='word_1_489' title='bbox 2510 1051 2540 1208; x_wconf 95' lang='lat' dir='ltr'><strong><em>     </em></strong></span> 
     </span>
     <span class='ocr_line' id='line_1_70' title="bbox 2509 1208 2540 1383; baseline 0 -88"><span class='ocrx_word' id='word_1_490' title='bbox 2509 1208 2540 1383; x_wconf 95' lang='lat' dir='ltr'><strong><em>     </em></strong></span> 
     </span>
     <span class='ocr_line' id='line_1_71' title="bbox 2495 1383 2540 1641; baseline 0 -112"><span class='ocrx_word' id='word_1_491' title='bbox 2495 1383 2540 1641; x_wconf 95' lang='lat' dir='ltr'><strong><em>     </em></strong></span> 
     </span>
     <span class='ocr_line' id='line_1_72' title="bbox 2495 1661 2540 1940; baseline 0 -100"><span class='ocrx_word' id='word_1_492' title='bbox 2495 1661 2540 1940; x_wconf 95' lang='lat' dir='ltr'><strong><em>    </em></strong></span> 
     </span>
     <span class='ocr_line' id='line_1_73' title="bbox 2497 1940 2540 2119; baseline 0 -119"><span class='ocrx_word' id='word_1_493' title='bbox 2497 1940 2540 2119; x_wconf 95' lang='lat' dir='ltr'><strong><em>      </em></strong></span> 
     </span>
     <span class='ocr_line' id='line_1_74' title="bbox 2495 2119 2540 2358; baseline 0 -96"><span class='ocrx_word' id='word_1_494' title='bbox 2495 2119 2540 2358; x_wconf 95' lang='lat' dir='ltr'><strong><em>   </em></strong></span> 
     </span>
     <span class='ocr_line' id='line_1_75' title="bbox 2495 2474 2540 2623; baseline 0 -88"><span class='ocrx_word' id='word_1_495' title='bbox 2495 2474 2540 2623; x_wconf 95' lang='lat' dir='ltr'><strong><em>  </em></strong></span> 
     </span>
     <span class='ocr_line' id='line_1_76' title="bbox 2500 2623 2540 2682; baseline 0 1334"><span class='ocrx_word' id='word_1_496' title='bbox 2500 2623 2540 2682; x_wconf 95' lang='lat' dir='ltr'><strong><em> </em></strong></span> 
     </span>
     <span class='ocr_line' id='line_1_77' title="bbox 2486 2765 2540 2922; baseline 0 -71"><span class='ocrx_word' id='word_1_497' title='bbox 2486 2765 2540 2922; x_wconf 95' lang='lat' dir='ltr'><strong><em>   </em></strong></span> 
     </span>
     <span class='ocr_line' id='line_1_78' title="bbox 2494 2922 2540 3040; baseline 0 0"><span class='ocrx_word' id='word_1_498' title='bbox 2494 2922 2540 3040; x_wconf 95' lang='lat' dir='ltr'><strong><em>   </em></strong></span> 
     </span>
     <span class='ocr_line' id='line_1_79' title="bbox 2485 3040 2540 3161; baseline 0 0"><span class='ocrx_word' id='word_1_499' title='bbox 2485 3040 2540 3161; x_wconf 95' lang='lat' dir='ltr'><strong><em>   </em></strong></span> 
     </span>
     <span class='ocr_line' id='line_1_80' title="bbox 2490 3161 2540 3200; baseline 0 816"><span class='ocrx_word' id='word_1_500' title='bbox 2490 3161 2540 3200; x_wconf 95' lang='lat' dir='ltr'><strong><em> </em></strong></span> 
     </span>
     <span class='ocr_line' id='line_1_81' title="bbox 2482 3200 2540 3377; baseline 0 0"><span class='ocrx_word' id='word_1_501' title='bbox 2482 3200 2540 3377; x_wconf 95' lang='lat' dir='ltr'><strong><em>   </em></strong></span> 
     </span>
     <span class='ocr_line' id='line_1_82' title="bbox 2403 3377 2540 3455; baseline 0 -20"><span class='ocrx_word' id='word_1_502' title='bbox 2403 3377 2540 3455; x_wconf 95' lang='lat' dir='ltr'><strong><em>  </em></strong></span> 
     </span>
     <span class='ocr_line' id='line_1_83' title="bbox 2416 3455 2540 3806; baseline -0.016 -125"><span class='ocrx_word' id='word_1_503' title='bbox 2416 3455 2540 3806; x_wconf 95' lang='lat' dir='ltr'><strong><em>      </em></strong></span> 
     </span>
    </p>
   </div>
   <div class='ocr_carea' id='block_1_18' title="bbox 2427 159 2500 198">
    <p class='ocr_par' dir='ltr' id='par_1_19' title="bbox 2427 159 2500 198">
     <span class='ocr_line' id='line_1_84' title="bbox 2427 159 2500 198; baseline 0 0"><span class='ocrx_word' id='word_1_504' title='bbox 2427 159 2500 198; x_wconf 72' lang='lat'><strong><em>552</em></strong></span> 
     </span>
    </p>
   </div>
   <div class='ocr_carea' id='block_1_19' title="bbox 1451 477 2027 524">
    <p class='ocr_par' dir='ltr' id='par_1_20' title="bbox 1451 477 2027 524">
     <span class='ocr_line' id='line_1_85' title="bbox 1451 477 2027 524; baseline -0.012 -6"><span class='ocrx_word' id='word_1_505' title='bbox 1451 482 1570 518; x_wconf 88' lang='lat' dir='ltr'><strong><em>ritatis</em></strong></span> <span class='ocrx_word' id='word_1_506' title='bbox 1590 486 1627 517; x_wconf 90' lang='lat' dir='ltr'><strong><em>et</em></strong></span> <span class='ocrx_word' id='word_1_507' title='bbox 1644 479 1807 515; x_wconf 85' lang='lat' dir='ltr'><strong><em>veritatis</em></strong></span> <span class='ocrx_word' id='word_1_508' title='bbox 1822 477 2027 524; x_wconf 90' lang='lat' dir='ltr'><strong><em>probatum.</em></strong></span> 
     </span>
    </p>
   </div>
   <div class='ocr_carea' id='block_1_20' title="bbox 1452 833 2507 1064">
    <p class='ocr_par' dir='ltr' id='par_1_21' title="bbox 1452 833 2507 1064">
     <span class='ocr_line' id='line_1_86' title="bbox 1454 833 2504 886; baseline -0.002 -11"><span class='ocrx_word' id='word_1_509' title='bbox 1454 850 1523 886; x_wconf 90' lang='lat' dir='ltr'><strong><em>que</em></strong></span> <span class='ocrx_word' id='word_1_510' title='bbox 1544 839 1663 885; x_wconf 91' lang='lat' dir='ltr'><strong><em>populi</em></strong></span> <span class='ocrx_word' id='word_1_511' title='bbox 1685 844 1740 875; x_wconf 93' lang='lat' dir='ltr'><strong><em>est</em></strong></span> <span class='ocrx_word' id='word_1_512' title='bbox 1761 837 1994 883; x_wconf 69' lang='lat' dir='ltr'><strong><em>iustificati03</em></strong></span> <span class='ocrx_word' id='word_1_513' title='bbox 2024 835 2123 882; x_wconf 88' lang='lat' dir='ltr'><strong><em>loqui</em></strong></span> <span class='ocrx_word' id='word_1_514' title='bbox 2150 837 2246 873; x_wconf 90' lang='lat' dir='ltr'><strong><em>enim</em></strong></span> <span class='ocrx_word' id='word_1_515' title='bbox 2273 836 2356 872; x_wconf 83' lang='lat' dir='ltr'><strong><em>liliis</em></strong></span> <span class='ocrx_word' id='word_1_516' title='bbox 2377 833 2504 881; x_wconf 83' lang='lat' dir='ltr'><strong><em>Israel,</em></strong></span> 
     </span>
     <span class='ocr_line' id='line_1_87' title="bbox 1453 896 2504 943; baseline 0 -9"><span class='ocrx_word' id='word_1_517' title='bbox 1453 899 1552 935; x_wconf 90' lang='lat' dir='ltr'><strong><em>omni</em></strong></span> <span class='ocrx_word' id='word_1_518' title='bbox 1567 898 1734 935; x_wconf 87' lang='lat' dir='ltr'><strong><em>videlicet</em></strong></span> <span class='ocrx_word' id='word_1_519' title='bbox 1747 898 1894 943; x_wconf 90' lang='lat' dir='ltr'><strong><em>populo,</em></strong></span> <span class='ocrx_word' id='word_1_520' title='bbox 1912 897 2096 943; x_wconf 83' lang='lat' dir='ltr'><strong><em>praecepit.</em></strong></span> <span class='ocrx_word' id='word_1_521' title='bbox 2118 896 2209 941; x_wconf 85' lang='lat' dir='ltr'><strong><em>Quid</em></strong></span> <span class='ocrx_word' id='word_1_522' title='bbox 2229 901 2348 933; x_wconf 89' lang='lat' dir='ltr'><strong><em>autem</em></strong></span> <span class='ocrx_word' id='word_1_523' title='bbox 2365 907 2504 943; x_wconf 82' lang='lat' dir='ltr'><strong><em>praece-</em></strong></span> 
     </span>
     <span class='ocr_line' id='line_1_88' title="bbox 1452 958 2506 1006; baseline -0.001 -11"><span class='ocrx_word' id='word_1_524' title='bbox 1452 960 1507 1006; x_wconf 85' lang='lat' dir='ltr'><strong><em>pit</em></strong></span> <span class='ocrx_word' id='word_1_525' title='bbox 1533 960 1654 1005; x_wconf 87' lang='lat' dir='ltr'><strong><em>loqui?</em></strong></span> <span class='ocrx_word' id='word_1_526' title='bbox 1679 959 1766 995; x_wconf 83' lang='lat' dir='ltr'><strong><em>Hoec</em></strong></span> <span class='ocrx_word' id='word_1_527' title='bbox 1789 966 1869 995; x_wconf 81' lang='lat' dir='ltr'><strong><em>sunt</em></strong></span> <span class='ocrx_word' id='word_1_528' title='bbox 1890 958 2059 994; x_wconf 87' lang='lat' dir='ltr'><strong><em>animalia</em></strong></span> <span class='ocrx_word' id='word_1_529' title='bbox 2079 970 2156 1004; x_wconf 81' lang='lat' dir='ltr'><strong><em>quoe</em></strong></span> <span class='ocrx_word' id='word_1_530' title='bbox 2178 958 2355 993; x_wconf 84' lang='lat' dir='ltr'><strong><em>comedere</em></strong></span> <span class='ocrx_word' id='word_1_531' title='bbox 2375 958 2506 994; x_wconf 74' lang='lat' dir='ltr'><strong><em>debetis</em></strong></span> 
     </span>
     <span class='ocr_line' id='line_1_89' title="bbox 1454 1017 2507 1064; baseline -0.001 -9"><span class='ocrx_word' id='word_1_532' title='bbox 1454 1021 1496 1056; x_wconf 90' lang='lat' dir='ltr'><strong><em>de</em></strong></span> <span class='ocrx_word' id='word_1_533' title='bbox 1512 1021 1642 1056; x_wconf 82' lang='lat' dir='ltr'><strong><em>cunctis</em></strong></span> <span class='ocrx_word' id='word_1_534' title='bbox 1665 1019 1899 1055; x_wconf 84' lang='lat' dir='ltr'><strong><em>animanlibus</em></strong></span> <span class='ocrx_word' id='word_1_535' title='bbox 1919 1025 2033 1055; x_wconf 86' lang='lat' dir='ltr'><strong><em>terroe.</em></strong></span> <span class='ocrx_word' id='word_1_536' title='bbox 2065 1018 2300 1064; x_wconf 84' lang='lat' dir='ltr'><strong><em>Nequaquam</em></strong></span> <span class='ocrx_word' id='word_1_537' title='bbox 2326 1023 2445 1052; x_wconf 88' lang='lat' dir='ltr'><strong><em>autem</em></strong></span> <span class='ocrx_word' id='word_1_538' title='bbox 2462 1017 2507 1054; x_wconf 86' lang='lat' dir='ltr'><strong><em>de</em></strong></span> 
     </span>
    </p>
   </div>
   <div class='ocr_carea' id='block_1_21' title="bbox 1455 1136 2514 1975">
    <p class='ocr_par' dir='ltr' id='par_1_22' title="bbox 1455 1136 2514 1975">
     <span class='ocr_line' id='line_1_90' title="bbox 1457 1136 2511 1184; baseline -0.006 -6"><span class='ocrx_word' id='word_1_539' title='bbox 1457 1143 1501 1178; x_wconf 92' lang='lat' dir='ltr'><strong><em>ab</em></strong></span> <span class='ocrx_word' id='word_1_540' title='bbox 1519 1141 1735 1177; x_wconf 89' lang='lat' dir='ltr'><strong><em>animalibus</em></strong></span> <span class='ocrx_word' id='word_1_541' title='bbox 1749 1141 1956 1176; x_wconf 86' lang='lat' dir='ltr'><strong><em>coelestibus</em></strong></span> <span class='ocrx_word' id='word_1_542' title='bbox 1976 1137 2232 1184; x_wconf 87' lang='lat' dir='ltr'><strong><em>distinguendi.</em></strong></span> <span class='ocrx_word' id='word_1_543' title='bbox 2254 1137 2306 1172; x_wconf 89' lang='lat' dir='ltr'><strong><em>lbi</em></strong></span> <span class='ocrx_word' id='word_1_544' title='bbox 2325 1137 2421 1172; x_wconf 89' lang='lat' dir='ltr'><strong><em>enim</em></strong></span> <span class='ocrx_word' id='word_1_545' title='bbox 2437 1136 2511 1172; x_wconf 91' lang='lat' dir='ltr'><strong><em>leo-</em></strong></span> 
     </span>
     <span class='ocr_line' id='line_1_91' title="bbox 1455 1196 2511 1243; baseline -0.007 -5"><span class='ocrx_word' id='word_1_546' title='bbox 1455 1203 1512 1238; x_wconf 89' lang='lat' dir='ltr'><strong><em>nis</em></strong></span> <span class='ocrx_word' id='word_1_547' title='bbox 1528 1212 1606 1238; x_wconf 84' lang='lat' dir='ltr'><strong><em>esse</em></strong></span> <span class='ocrx_word' id='word_1_548' title='bbox 1633 1201 1785 1242; x_wconf 90' lang='lat' dir='ltr'><strong><em>vultum,</em></strong></span> <span class='ocrx_word' id='word_1_549' title='bbox 1814 1205 1850 1235; x_wconf 88' lang='lat' dir='ltr'><strong><em>et</em></strong></span> <span class='ocrx_word' id='word_1_550' title='bbox 1868 1199 1983 1242; x_wconf 88' lang='lat' dir='ltr'><strong><em>vituli,</em></strong></span> <span class='ocrx_word' id='word_1_551' title='bbox 2012 1204 2048 1234; x_wconf 86' lang='lat' dir='ltr'><strong><em>et</em></strong></span> <span class='ocrx_word' id='word_1_552' title='bbox 2066 1198 2206 1243; x_wconf 75' lang='lat' dir='ltr'><strong><em>aquilae,</em></strong></span> <span class='ocrx_word' id='word_1_553' title='bbox 2234 1197 2327 1233; x_wconf 86' lang='lat' dir='ltr'><strong><em>sicut</em></strong></span> <span class='ocrx_word' id='word_1_554' title='bbox 2343 1202 2380 1232; x_wconf 88' lang='lat' dir='ltr'><strong><em>et</em></strong></span> <span class='ocrx_word' id='word_1_555' title='bbox 2393 1196 2511 1232; x_wconf 89' lang='lat' dir='ltr'><strong><em>homi-</em></strong></span> 
     </span>
     <span class='ocr_line' id='line_1_92' title="bbox 1455 1254 2509 1307; baseline -0.009 -8"><span class='ocrx_word' id='word_1_556' title='bbox 1455 1264 1524 1307; x_wconf 90' lang='lat' dir='ltr'><strong><em>nis,</em></strong></span> <span class='ocrx_word' id='word_1_557' title='bbox 1545 1264 1630 1298; x_wconf 88' lang='lat' dir='ltr'><strong><em>dum</em></strong></span> <span class='ocrx_word' id='word_1_558' title='bbox 1649 1261 1818 1297; x_wconf 87' lang='lat' dir='ltr'><strong><em>Ezechiel</em></strong></span> <span class='ocrx_word' id='word_1_559' title='bbox 1841 1259 1942 1307; x_wconf 87' lang='lat' dir='ltr'><strong><em>(Cap.</em></strong></span> <span class='ocrx_word' id='word_1_560' title='bbox 1959 1258 1986 1306; x_wconf 85' lang='grc' dir='ltr'><strong><em>ι)</em></strong></span> <span class='ocrx_word' id='word_1_561' title='bbox 2003 1257 2171 1293; x_wconf 88' lang='lat' dir='ltr'><strong><em>animalia</em></strong></span> <span class='ocrx_word' id='word_1_562' title='bbox 2191 1256 2366 1292; x_wconf 89' lang='lat' dir='ltr'><strong><em>cherubin</em></strong></span> <span class='ocrx_word' id='word_1_563' title='bbox 2385 1254 2509 1300; x_wconf 84' lang='lat' dir='ltr'><strong><em>tradit,</em></strong></span> 
     </span>
     <span class='ocr_line' id='line_1_93' title="bbox 1456 1316 2512 1369; baseline -0.009 -9"><span class='ocrx_word' id='word_1_564' title='bbox 1456 1325 1618 1366; x_wconf 88' lang='lat' dir='ltr'><strong><em>edocuit;</em></strong></span> <span class='ocrx_word' id='word_1_565' title='bbox 1639 1333 1724 1369; x_wconf 88' lang='lat' dir='ltr'><strong><em>ergo</em></strong></span> <span class='ocrx_word' id='word_1_566' title='bbox 1744 1323 1782 1357; x_wconf 92' lang='lat' dir='ltr'><strong><em>in</em></strong></span> <span class='ocrx_word' id='word_1_567' title='bbox 1801 1320 2009 1358; x_wconf 86' lang='lat' dir='ltr'><strong><em>coelestibus</em></strong></span> <span class='ocrx_word' id='word_1_568' title='bbox 2029 1318 2245 1355; x_wconf 86' lang='lat' dir='ltr'><strong><em>animalibus</em></strong></span> <span class='ocrx_word' id='word_1_569' title='bbox 2263 1316 2425 1352; x_wconf 91' lang='lat' dir='ltr'><strong><em>custodia</em></strong></span> <span class='ocrx_word' id='word_1_570' title='bbox 2449 1319 2512 1351; x_wconf 82' lang='lat' dir='ltr'><strong><em>aut</em></strong></span> 
     </span>
     <span class='ocr_line' id='line_1_94' title="bbox 1456 1383 2512 1429; baseline -0.007 -8"><span class='ocrx_word' id='word_1_571' title='bbox 1456 1386 1524 1421; x_wconf 86' lang='lat' dir='ltr'><strong><em>alia</em></strong></span> <span class='ocrx_word' id='word_1_572' title='bbox 1556 1384 1879 1429; x_wconf 85' lang='lat' dir='ltr'><strong><em>circumspectione</em></strong></span> <span class='ocrx_word' id='word_1_573' title='bbox 1902 1392 1974 1418; x_wconf 92' lang='lat' dir='ltr'><strong><em>non</em></strong></span> <span class='ocrx_word' id='word_1_574' title='bbox 2001 1390 2147 1426; x_wconf 85' lang='lat' dir='ltr'><strong><em>egemus</em></strong></span> <span class='ocrx_word' id='word_1_575' title='bbox 2180 1383 2220 1414; x_wconf 85' lang='lat' dir='ltr'><strong><em>ut</em></strong></span> <span class='ocrx_word' id='word_1_576' title='bbox 2251 1387 2512 1424; x_wconf 76' lang='lat' dir='ltr'><strong><em>cognoscamus</em></strong></span> 
     </span>
     <span class='ocr_line' id='line_1_95' title="bbox 1457 1438 2513 1491; baseline -0.009 -10"><span class='ocrx_word' id='word_1_577' title='bbox 1457 1456 1535 1491; x_wconf 82' lang='lat' dir='ltr'><strong><em>quae</em></strong></span> <span class='ocrx_word' id='word_1_578' title='bbox 1561 1445 1634 1481; x_wconf 88' lang='lat' dir='ltr'><strong><em>sint</em></strong></span> <span class='ocrx_word' id='word_1_579' title='bbox 1658 1444 1792 1480; x_wconf 90' lang='lat' dir='ltr'><strong><em>munda</em></strong></span> <span class='ocrx_word' id='word_1_580' title='bbox 1809 1470 1818 1487; x_wconf 95' lang='lat'><strong><em>,</em></strong></span> <span class='ocrx_word' id='word_1_581' title='bbox 1846 1443 1966 1479; x_wconf 92' lang='lat' dir='ltr'><strong><em>omnia</em></strong></span> <span class='ocrx_word' id='word_1_582' title='bbox 1993 1441 2090 1478; x_wconf 88' lang='lat' dir='ltr'><strong><em>enim</em></strong></span> <span class='ocrx_word' id='word_1_583' title='bbox 2123 1438 2292 1476; x_wconf 83' lang='lat' dir='ltr'><strong><em>similiter</em></strong></span> <span class='ocrx_word' id='word_1_584' title='bbox 2319 1438 2452 1473; x_wconf 91' lang='lat' dir='ltr'><strong><em>munda</em></strong></span> <span class='ocrx_word' id='word_1_585' title='bbox 2475 1442 2513 1472; x_wconf 86' lang='lat' dir='ltr'><strong><em>et</em></strong></span> 
     </span>
     <span class='ocr_line' id='line_1_96' title="bbox 1457 1497 2488 1548; baseline -0.009 -7"><span class='ocrx_word' id='word_1_586' title='bbox 1457 1511 1581 1542; x_wconf 87' lang='lat' dir='ltr'><strong><em>sancta</em></strong></span> <span class='ocrx_word' id='word_1_587' title='bbox 1600 1510 1697 1548; x_wconf 91' lang='lat' dir='ltr'><strong><em>sunt,</em></strong></span> <span class='ocrx_word' id='word_1_588' title='bbox 1719 1504 1812 1540; x_wconf 88' lang='lat' dir='ltr'><strong><em>sicut</em></strong></span> <span class='ocrx_word' id='word_1_589' title='bbox 1834 1508 1960 1539; x_wconf 87' lang='lat' dir='ltr'><strong><em>sancto</em></strong></span> <span class='ocrx_word' id='word_1_590' title='bbox 1978 1502 2065 1545; x_wconf 89' lang='lat' dir='ltr'><strong><em>Deo,</em></strong></span> <span class='ocrx_word' id='word_1_591' title='bbox 2086 1507 2123 1537; x_wconf 87' lang='lat' dir='ltr'><strong><em>et</em></strong></span> <span class='ocrx_word' id='word_1_592' title='bbox 2145 1511 2188 1537; x_wconf 88' lang='lat' dir='ltr'><strong><em>ea</em></strong></span> <span class='ocrx_word' id='word_1_593' title='bbox 2205 1510 2284 1546; x_wconf 80' lang='lat' dir='ltr'><strong><em>quae</em></strong></span> <span class='ocrx_word' id='word_1_594' title='bbox 2301 1499 2338 1534; x_wconf 91' lang='lat' dir='ltr'><strong><em>in</em></strong></span> <span class='ocrx_word' id='word_1_595' title='bbox 2357 1497 2488 1534; x_wconf 89' lang='lat' dir='ltr'><strong><em>circuit</em></strong></span> 
     </span>
     <span class='ocr_line' id='line_1_97' title="bbox 1457 1557 2513 1613; baseline -0.009 -10"><span class='ocrx_word' id='word_1_596' title='bbox 1457 1568 1535 1613; x_wconf 89' lang='lat' dir='ltr'><strong><em>ejus</em></strong></span> <span class='ocrx_word' id='word_1_597' title='bbox 1562 1572 1645 1603; x_wconf 88' lang='lat' dir='ltr'><strong><em>sunt</em></strong></span> <span class='ocrx_word' id='word_1_598' title='bbox 1676 1565 1856 1613; x_wconf 82' lang='lat' dir='ltr'><strong><em>significat</em></strong></span> <span class='ocrx_word' id='word_1_599' title='bbox 1888 1564 2055 1600; x_wconf 88' lang='lat' dir='ltr'><strong><em>astantia.</em></strong></span> <span class='ocrx_word' id='word_1_600' title='bbox 2084 1562 2206 1598; x_wconf 82' lang='lat' dir='ltr'><strong><em>Terrae</em></strong></span> <span class='ocrx_word' id='word_1_601' title='bbox 2231 1570 2317 1597; x_wconf 89' lang='lat' dir='ltr'><strong><em>vero</em></strong></span> <span class='ocrx_word' id='word_1_602' title='bbox 2343 1557 2513 1595; x_wconf 87' lang='lat' dir='ltr'><strong><em>animalia</em></strong></span> 
     </span>
     <span class='ocr_line' id='line_1_98' title="bbox 1457 1625 2487 1668; baseline -0.01 -5"><span class='ocrx_word' id='word_1_603' title='bbox 1457 1638 1526 1663; x_wconf 92' lang='lat' dir='ltr'><strong><em>non</em></strong></span> <span class='ocrx_word' id='word_1_604' title='bbox 1552 1627 1672 1662; x_wconf 90' lang='lat' dir='ltr'><strong><em>omnia</em></strong></span> <span class='ocrx_word' id='word_1_605' title='bbox 1693 1631 1775 1662; x_wconf 92' lang='lat' dir='ltr'><strong><em>sunt</em></strong></span> <span class='ocrx_word' id='word_1_606' title='bbox 1803 1625 1948 1667; x_wconf 90' lang='lat' dir='ltr'><strong><em>munda,</em></strong></span> <span class='ocrx_word' id='word_1_607' title='bbox 1973 1634 2044 1659; x_wconf 90' lang='lat' dir='ltr'><strong><em>non</em></strong></span> <span class='ocrx_word' id='word_1_608' title='bbox 2070 1627 2216 1668; x_wconf 89' lang='lat' dir='ltr'><strong><em>propter</em></strong></span> <span class='ocrx_word' id='word_1_609' title='bbox 2242 1626 2422 1662; x_wconf 88' lang='lat' dir='ltr'><strong><em>naturam,</em></strong></span> <span class='ocrx_word' id='word_1_610' title='bbox 2447 1627 2487 1654; x_wconf 91' lang='lat' dir='ltr'><strong><em>se</em></strong></span> 
     </span>
     <span class='ocr_line' id='line_1_99' title="bbox 1458 1680 2512 1734; baseline -0.006 -11"><span class='ocrx_word' id='word_1_611' title='bbox 1458 1693 1604 1734; x_wconf 88' lang='lat' dir='ltr'><strong><em>propter</em></strong></span> <span class='ocrx_word' id='word_1_612' title='bbox 1623 1692 1785 1723; x_wconf 90' lang='lat' dir='ltr'><strong><em>nostrum</em></strong></span> <span class='ocrx_word' id='word_1_613' title='bbox 1807 1695 2011 1727; x_wconf 84' lang='lat' dir='ltr'><strong><em>excessum,</em></strong></span> <span class='ocrx_word' id='word_1_614' title='bbox 2035 1689 2072 1719; x_wconf 88' lang='lat' dir='ltr'><strong><em>et</em></strong></span> <span class='ocrx_word' id='word_1_615' title='bbox 2095 1682 2179 1728; x_wconf 87' lang='lat' dir='ltr'><strong><em>quia</em></strong></span> <span class='ocrx_word' id='word_1_616' title='bbox 2199 1692 2264 1728; x_wconf 90' lang='lat' dir='ltr'><strong><em>per</em></strong></span> <span class='ocrx_word' id='word_1_617' title='bbox 2283 1680 2512 1726; x_wconf 83' lang='lat' dir='ltr'><strong><em>iniquitatem</em></strong></span> 
     </span>
     <span class='ocr_line' id='line_1_100' title="bbox 1458 1742 2511 1793; baseline -0.006 -10"><span class='ocrx_word' id='word_1_618' title='bbox 1458 1756 1626 1783; x_wconf 88' lang='lat' dir='ltr'><strong><em>naturam</em></strong></span> <span class='ocrx_word' id='word_1_619' title='bbox 1644 1747 1930 1793; x_wconf 83' lang='lat' dir='ltr'><strong><em>depravavimus.</em></strong></span> <span class='ocrx_word' id='word_1_620' title='bbox 1960 1744 2031 1781; x_wconf 90' lang='lat' dir='ltr'><strong><em>Sed</em></strong></span> <span class='ocrx_word' id='word_1_621' title='bbox 2055 1743 2355 1790; x_wconf 88' lang='lat' dir='ltr'><strong><em>quemadmodum</em></strong></span> <span class='ocrx_word' id='word_1_622' title='bbox 2370 1742 2511 1778; x_wconf 90' lang='lat' dir='ltr'><strong><em>mundi-</em></strong></span> 
     </span>
     <span class='ocr_line' id='line_1_101' title="bbox 1458 1802 2491 1855; baseline -0.007 -10"><span class='ocrx_word' id='word_1_623' title='bbox 1458 1810 1547 1844; x_wconf 86' lang='lat' dir='ltr'><strong><em>tiam</em></strong></span> <span class='ocrx_word' id='word_1_624' title='bbox 1570 1819 1695 1845; x_wconf 86' lang='lat' dir='ltr'><strong><em>eorum</em></strong></span> <span class='ocrx_word' id='word_1_625' title='bbox 1722 1817 1982 1855; x_wconf 84' lang='lat' dir='ltr'><strong><em>cognoscamus</em></strong></span> <span class='ocrx_word' id='word_1_626' title='bbox 2004 1806 2060 1842; x_wconf 84' lang='lat' dir='ltr'><strong><em>vel</em></strong></span> <span class='ocrx_word' id='word_1_627' title='bbox 2089 1804 2366 1847; x_wconf 89' lang='lat' dir='ltr'><strong><em>immunditiam,</em></strong></span> <span class='ocrx_word' id='word_1_628' title='bbox 2390 1813 2435 1839; x_wconf 87' lang='lat' dir='ltr'><strong><em>ex</em></strong></span> <span class='ocrx_word' id='word_1_629' title='bbox 2453 1802 2491 1839; x_wconf 89' lang='lat' dir='ltr'><strong><em>hi</em></strong></span> 
     </span>
     <span class='ocr_line' id='line_1_102' title="bbox 1460 1865 2512 1915; baseline -0.006 -9"><span class='ocrx_word' id='word_1_630' title='bbox 1460 1880 1540 1915; x_wconf 84' lang='lat' dir='ltr'><strong><em>quac</em></strong></span> <span class='ocrx_word' id='word_1_631' title='bbox 1573 1875 1772 1915; x_wconf 90' lang='lat' dir='ltr'><strong><em>sequuntur</em></strong></span> <span class='ocrx_word' id='word_1_632' title='bbox 1799 1868 2011 1905; x_wconf 89' lang='lat' dir='ltr'><strong><em>intuendum</em></strong></span> <span class='ocrx_word' id='word_1_633' title='bbox 2044 1871 2125 1903; x_wconf 90' lang='lat' dir='ltr'><strong><em>est:</em></strong></span> <span class='ocrx_word' id='word_1_634' title='bbox 2149 1865 2258 1902; x_wconf 87' lang='lat' dir='ltr'><strong><em>Omne</em></strong></span> <span class='ocrx_word' id='word_1_635' title='bbox 2287 1866 2380 1912; x_wconf 84' lang='lat' dir='ltr'><strong><em>quod</em></strong></span> <span class='ocrx_word' id='word_1_636' title='bbox 2409 1865 2512 1901; x_wconf 77' lang='lat' dir='ltr'><strong><em>habet</em></strong></span> 
     </span>
     <span class='ocr_line' id='line_1_103' title="bbox 1461 1924 2514 1975; baseline -0.004 -11"><span class='ocrx_word' id='word_1_637' title='bbox 1461 1929 1606 1964; x_wconf 82' lang='lat' dir='ltr'><strong><em>divisam</em></strong></span> <span class='ocrx_word' id='word_1_638' title='bbox 1621 1929 1788 1975; x_wconf 65' lang='lat' dir='ltr'><strong><em>ungulam</em></strong></span> <span class='ocrx_word' id='word_1_639' title='bbox 1805 1935 1837 1964; x_wconf 84' lang='lat' dir='ltr'><strong><em>ec</em></strong></span> <span class='ocrx_word' id='word_1_640' title='bbox 1857 1928 2011 1964; x_wconf 82' lang='lat' dir='ltr'><strong><em>ruminat</em></strong></span> <span class='ocrx_word' id='word_1_641' title='bbox 2029 1928 2067 1963; x_wconf 86' lang='lat' dir='ltr'><strong><em>in</em></strong></span> <span class='ocrx_word' id='word_1_642' title='bbox 2089 1925 2284 1974; x_wconf 79' lang='lat' dir='ltr'><strong><em>pecoribus,</em></strong></span> <span class='ocrx_word' id='word_1_643' title='bbox 2313 1924 2514 1960; x_wconf 77' lang='lat' dir='ltr'><strong><em>comedetis.</em></strong></span> 
     </span>
    </p>
   </div>
   <div class='ocr_carea' id='block_1_22' title="bbox 1463 2044 2540 2872">
    <p class='ocr_par' dir='ltr' id='par_1_23' title="bbox 1463 2044 2540 2872">
     <span class='ocr_line' id='line_1_104' title="bbox 1463 2044 2512 2094; baseline -0.003 -12"><span class='ocrx_word' id='word_1_644' title='bbox 1463 2052 1535 2089; x_wconf 76' lang='lat' dir='ltr'><strong><em>tur,</em></strong></span> <span class='ocrx_word' id='word_1_645' title='bbox 1556 2058 1634 2092; x_wconf 80' lang='lat' dir='ltr'><strong><em>quae</em></strong></span> <span class='ocrx_word' id='word_1_646' title='bbox 1655 2048 1763 2083; x_wconf 85' lang='lat' dir='ltr'><strong><em>etiam</em></strong></span> <span class='ocrx_word' id='word_1_647' title='bbox 1793 2048 2042 2094; x_wconf 86' lang='lat' dir='ltr'><strong><em>cognationem</em></strong></span> <span class='ocrx_word' id='word_1_648' title='bbox 2064 2047 2198 2083; x_wconf 87' lang='lat' dir='ltr'><strong><em>habent</em></strong></span> <span class='ocrx_word' id='word_1_649' title='bbox 2222 2055 2303 2082; x_wconf 90' lang='lat' dir='ltr'><strong><em>cum</em></strong></span> <span class='ocrx_word' id='word_1_650' title='bbox 2332 2044 2512 2088; x_wconf 84' lang='lat' dir='ltr'><strong><em>dentibus,</em></strong></span> 
     </span>
     <span class='ocr_line' id='line_1_105' title="bbox 1463 2103 2518 2153; baseline -0.001 -12"><span class='ocrx_word' id='word_1_651' title='bbox 1463 2108 1636 2153; x_wconf 84' lang='lat' dir='ltr'><strong><em>unguium</em></strong></span> <span class='ocrx_word' id='word_1_652' title='bbox 1660 2108 1835 2153; x_wconf 88' lang='lat' dir='ltr'><strong><em>siquidem</em></strong></span> <span class='ocrx_word' id='word_1_653' title='bbox 1852 2115 1907 2145; x_wconf 89' lang='lat' dir='ltr'><strong><em>est</em></strong></span> <span class='ocrx_word' id='word_1_654' title='bbox 1935 2120 1977 2146; x_wconf 84' lang='lat' dir='ltr'><strong><em>ea</em></strong></span> <span class='ocrx_word' id='word_1_655' title='bbox 2003 2109 2205 2153; x_wconf 88' lang='lat' dir='ltr'><strong><em>discerpere</em></strong></span> <span class='ocrx_word' id='word_1_656' title='bbox 2219 2117 2299 2152; x_wconf 86' lang='lat' dir='ltr'><strong><em>quae</em></strong></span> <span class='ocrx_word' id='word_1_657' title='bbox 2328 2110 2411 2151; x_wconf 87' lang='lat' dir='ltr'><strong><em>apta</em></strong></span> <span class='ocrx_word' id='word_1_658' title='bbox 2437 2103 2518 2141; x_wconf 67' lang='lat' dir='ltr'><strong><em>esui·</em></strong></span> 
     </span>
     <span class='ocr_line' id='line_1_106' title="bbox 1464 2163 2480 2214; baseline -0.002 -13"><span class='ocrx_word' id='word_1_659' title='bbox 1464 2176 1529 2211; x_wconf 89' lang='lat' dir='ltr'><strong><em>per</em></strong></span> <span class='ocrx_word' id='word_1_660' title='bbox 1560 2167 1684 2202; x_wconf 85' lang='lat' dir='ltr'><strong><em>dentes</em></strong></span> <span class='ocrx_word' id='word_1_661' title='bbox 1717 2166 1819 2203; x_wconf 84' lang='lat' dir='ltr'><strong><em>fiunt.</em></strong></span> <span class='ocrx_word' id='word_1_662' title='bbox 1853 2168 1935 2214; x_wconf 75' lang='lat' dir='ltr'><strong><em>(Ex</em></strong></span> <span class='ocrx_word' id='word_1_663' title='bbox 1973 2166 2192 2214; x_wconf 78' lang='lat' dir='ltr'><strong><em>Hesychia.)</em></strong></span> <span class='ocrx_word' id='word_1_664' title='bbox 2224 2166 2386 2201; x_wconf 87' lang='lat' dir='ltr'><strong><em>Primum</em></strong></span> <span class='ocrx_word' id='word_1_665' title='bbox 2417 2163 2480 2202; x_wconf 87' lang='lat' dir='ltr'><strong><em>eni</em></strong></span> 
     </span>
     <span class='ocr_line' id='line_1_107' title="bbox 1467 2224 2474 2272; baseline 0 -13"><span class='ocrx_word' id='word_1_666' title='bbox 1467 2224 1651 2260; x_wconf 87' lang='lat' dir='ltr'><strong><em>sciendum</em></strong></span> <span class='ocrx_word' id='word_1_667' title='bbox 1680 2230 1750 2269; x_wconf 84' lang='lat' dir='ltr'><strong><em>est,</em></strong></span> <span class='ocrx_word' id='word_1_668' title='bbox 1781 2227 1955 2272; x_wconf 84' lang='lat' dir='ltr'><strong><em>quidquid</em></strong></span> <span class='ocrx_word' id='word_1_669' title='bbox 1972 2238 1991 2262; x_wconf 92' lang='lat' dir='ltr'><strong><em>a</em></strong></span> <span class='ocrx_word' id='word_1_670' title='bbox 2011 2228 2084 2263; x_wconf 92' lang='lat' dir='ltr'><strong><em>Deo</em></strong></span> <span class='ocrx_word' id='word_1_671' title='bbox 2112 2226 2315 2263; x_wconf 89' lang='lat' dir='ltr'><strong><em>institutum</em></strong></span> <span class='ocrx_word' id='word_1_672' title='bbox 2339 2231 2394 2262; x_wconf 83' lang='lat' dir='ltr'><strong><em>est</em></strong></span> <span class='ocrx_word' id='word_1_673' title='bbox 2414 2234 2474 2260; x_wconf 92' lang='lat' dir='ltr'><strong><em>mu</em></strong></span> 
     </span>
     <span class='ocr_line' id='line_1_108' title="bbox 1469 2286 2497 2334; baseline 0.001 -14"><span class='ocrx_word' id='word_1_674' title='bbox 1469 2286 1551 2321; x_wconf 89' lang='lat' dir='ltr'><strong><em>dum</em></strong></span> <span class='ocrx_word' id='word_1_675' title='bbox 1572 2296 1664 2329; x_wconf 89' lang='lat' dir='ltr'><strong><em>esse,</em></strong></span> <span class='ocrx_word' id='word_1_676' title='bbox 1685 2294 1721 2323; x_wconf 84' lang='lat' dir='ltr'><strong><em>et</em></strong></span> <span class='ocrx_word' id='word_1_677' title='bbox 1738 2288 1774 2323; x_wconf 91' lang='lat' dir='ltr'><strong><em>in</em></strong></span> <span class='ocrx_word' id='word_1_678' title='bbox 1790 2288 1866 2334; x_wconf 90' lang='lat' dir='ltr'><strong><em>ipsa</em></strong></span> <span class='ocrx_word' id='word_1_679' title='bbox 1884 2289 2120 2325; x_wconf 86' lang='lat' dir='ltr'><strong><em>institutionis</em></strong></span> <span class='ocrx_word' id='word_1_680' title='bbox 2139 2289 2354 2325; x_wconf 87' lang='lat' dir='ltr'><strong><em>auctoritate</em></strong></span> <span class='ocrx_word' id='word_1_681' title='bbox 2383 2295 2497 2333; x_wconf 89' lang='lat' dir='ltr'><strong><em>purga</em></strong></span> 
     </span>
     <span class='ocr_line' id='line_1_109' title="bbox 1469 2345 2481 2393; baseline 0.002 -14"><span class='ocrx_word' id='word_1_682' title='bbox 1469 2350 1557 2380; x_wconf 91' lang='lat' dir='ltr'><strong><em>tum.</em></strong></span> <span class='ocrx_word' id='word_1_683' title='bbox 1589 2345 1681 2388; x_wconf 85' lang='lat' dir='ltr'><strong><em>Quid</em></strong></span> <span class='ocrx_word' id='word_1_684' title='bbox 1713 2357 1799 2393; x_wconf 86' lang='lat' dir='ltr'><strong><em>ergo</em></strong></span> <span class='ocrx_word' id='word_1_685' title='bbox 1832 2349 1909 2384; x_wconf 82' lang='lat' dir='ltr'><strong><em>est?</em></strong></span> <span class='ocrx_word' id='word_1_686' title='bbox 1943 2349 1979 2383; x_wconf 90' lang='lat' dir='ltr'><strong><em>in</em></strong></span> <span class='ocrx_word' id='word_1_687' title='bbox 2011 2348 2226 2383; x_wconf 87' lang='lat' dir='ltr'><strong><em>animalibus</em></strong></span> <span class='ocrx_word' id='word_1_688' title='bbox 2255 2347 2366 2392; x_wconf 89' lang='lat' dir='ltr'><strong><em>igitur</em></strong></span> <span class='ocrx_word' id='word_1_689' title='bbox 2400 2355 2481 2382; x_wconf 88' lang='lat' dir='ltr'><strong><em>mor</em></strong></span> 
     </span>
     <span class='ocr_line' id='line_1_110' title="bbox 1467 2406 2503 2452; baseline 0.001 -12"><span class='ocrx_word' id='word_1_690' title='bbox 1467 2406 1665 2452; x_wconf 85' lang='lat' dir='ltr'><strong><em>pinguntur</em></strong></span> <span class='ocrx_word' id='word_1_691' title='bbox 1694 2407 1853 2450; x_wconf 89' lang='lat' dir='ltr'><strong><em>humani,</em></strong></span> <span class='ocrx_word' id='word_1_692' title='bbox 1872 2414 1909 2444; x_wconf 91' lang='lat' dir='ltr'><strong><em>et</em></strong></span> <span class='ocrx_word' id='word_1_693' title='bbox 1937 2414 2050 2450; x_wconf 91' lang='lat' dir='ltr'><strong><em>actus,</em></strong></span> <span class='ocrx_word' id='word_1_694' title='bbox 2071 2413 2107 2443; x_wconf 89' lang='lat' dir='ltr'><strong><em>et</em></strong></span> <span class='ocrx_word' id='word_1_695' title='bbox 2123 2407 2341 2449; x_wconf 85' lang='lat' dir='ltr'><strong><em>voluntates,</em></strong></span> <span class='ocrx_word' id='word_1_696' title='bbox 2371 2417 2417 2442; x_wconf 86' lang='lat' dir='ltr'><strong><em>ex</em></strong></span> <span class='ocrx_word' id='word_1_697' title='bbox 2441 2406 2503 2451; x_wconf 89' lang='lat' dir='ltr'><strong><em>qui</em></strong></span> 
     </span>
     <span class='ocr_line' id='line_1_111' title="bbox 1469 2465 2499 2512; baseline 0 -12"><span class='ocrx_word' id='word_1_698' title='bbox 1469 2465 1536 2501; x_wconf 88' lang='lat' dir='ltr'><strong><em>bus</em></strong></span> <span class='ocrx_word' id='word_1_699' title='bbox 1570 2466 1637 2511; x_wconf 91' lang='lat' dir='ltr'><strong><em>ipsi</em></strong></span> <span class='ocrx_word' id='word_1_700' title='bbox 1670 2466 1760 2502; x_wconf 86' lang='lat' dir='ltr'><strong><em>fiunt</em></strong></span> <span class='ocrx_word' id='word_1_701' title='bbox 1794 2467 1916 2503; x_wconf 88' lang='lat' dir='ltr'><strong><em>mundi</em></strong></span> <span class='ocrx_word' id='word_1_702' title='bbox 1947 2467 2004 2503; x_wconf 86' lang='lat' dir='ltr'><strong><em>vel</em></strong></span> <span class='ocrx_word' id='word_1_703' title='bbox 2051 2466 2240 2502; x_wconf 88' lang='lat' dir='ltr'><strong><em>immundi.</em></strong></span> <span class='ocrx_word' id='word_1_704' title='bbox 2279 2466 2364 2501; x_wconf 82' lang='lat' dir='ltr'><strong><em>Haec</em></strong></span> <span class='ocrx_word' id='word_1_705' title='bbox 2399 2466 2499 2512; x_wconf 86' lang='lat' dir='ltr'><strong><em>itaqu</em></strong></span> 
     </span>
     <span class='ocr_line' id='line_1_112' title="bbox 1469 2525 2483 2572; baseline 0.001 -11"><span class='ocrx_word' id='word_1_706' title='bbox 1469 2525 1603 2562; x_wconf 90' lang='lat' dir='ltr'><strong><em>munda</em></strong></span> <span class='ocrx_word' id='word_1_707' title='bbox 1622 2536 1702 2562; x_wconf 89' lang='lat' dir='ltr'><strong><em>esse</em></strong></span> <span class='ocrx_word' id='word_1_708' title='bbox 1721 2527 1807 2562; x_wconf 90' lang='lat' dir='ltr'><strong><em>dicit</em></strong></span> <span class='ocrx_word' id='word_1_709' title='bbox 1828 2536 1837 2562; x_wconf 75' lang='lat' dir='ltr'><em>z</em></span> <span class='ocrx_word' id='word_1_710' title='bbox 1857 2526 1979 2570; x_wconf 88' lang='lat' dir='ltr'><strong><em>Omne,</em></strong></span> <span class='ocrx_word' id='word_1_711' title='bbox 1997 2526 2125 2572; x_wconf 86' lang='lat' dir='ltr'><strong><em>inquit,</em></strong></span> <span class='ocrx_word' id='word_1_712' title='bbox 2141 2526 2233 2572; x_wconf 81' lang='lat' dir='ltr'><strong><em>quod</em></strong></span> <span class='ocrx_word' id='word_1_713' title='bbox 2255 2526 2358 2561; x_wconf 79' lang='lat' dir='ltr'><strong><em>habet</em></strong></span> <span class='ocrx_word' id='word_1_714' title='bbox 2373 2525 2483 2562; x_wconf 80' lang='lat' dir='ltr'><strong><em>divisa</em></strong></span> 
     </span>
     <span class='ocr_line' id='line_1_113' title="bbox 1470 2578 2525 2631; baseline 0.003 -12"><span class='ocrx_word' id='word_1_715' title='bbox 1470 2584 1636 2630; x_wconf 65' lang='lat' dir='ltr'><strong><em>ungulam</em></strong></span> <span class='ocrx_word' id='word_1_716' title='bbox 1651 2590 1683 2620; x_wconf 82' lang='lat' dir='ltr'><strong><em>et</em></strong></span> <span class='ocrx_word' id='word_1_717' title='bbox 1699 2586 1850 2621; x_wconf 80' lang='lat' dir='ltr'><strong><em>ruminat</em></strong></span> <span class='ocrx_word' id='word_1_718' title='bbox 1863 2586 1900 2620; x_wconf 83' lang='lat' dir='ltr'><strong><em>in</em></strong></span> <span class='ocrx_word' id='word_1_719' title='bbox 1915 2586 2108 2631; x_wconf 85' lang='lat' dir='ltr'><strong><em>pecoribus,</em></strong></span> <span class='ocrx_word' id='word_1_720' title='bbox 2119 2585 2314 2621; x_wconf 81' lang='lat' dir='ltr'><strong><em>comedetis.</em></strong></span> <span class='ocrx_word' id='word_1_721' title='bbox 2325 2584 2427 2630; x_wconf 84' lang='lat' dir='ltr'><strong><em>Quod</em></strong></span> <span class='ocrx_word' id='word_1_722' title='bbox 2440 2595 2460 2622; x_wconf 89' lang='lat' dir='ltr'><strong><em>c</em></strong></span> <span class='ocrx_word' id='word_1_723' title='bbox 2511 2578 2525 2589; x_wconf 49' lang='lat'><strong><em>*¹</em></strong></span> 
     </span>
     <span class='ocr_line' id='line_1_114' title="bbox 1471 2646 2500 2692; baseline 0.001 -11"><span class='ocrx_word' id='word_1_724' title='bbox 1471 2646 1620 2689; x_wconf 89' lang='lat' dir='ltr'><strong><em>diceret,</em></strong></span> <span class='ocrx_word' id='word_1_725' title='bbox 1641 2655 1713 2682; x_wconf 90' lang='lat' dir='ltr'><strong><em>non</em></strong></span> <span class='ocrx_word' id='word_1_726' title='bbox 1729 2656 1861 2692; x_wconf 88' lang='lat' dir='ltr'><strong><em>pecora</em></strong></span> <span class='ocrx_word' id='word_1_727' title='bbox 1887 2647 1950 2682; x_wconf 88' lang='lat' dir='ltr'><strong><em>sed</em></strong></span> <span class='ocrx_word' id='word_1_728' title='bbox 1976 2656 2097 2682; x_wconf 87' lang='lat' dir='ltr'><strong><em>mores</em></strong></span> <span class='ocrx_word' id='word_1_729' title='bbox 2124 2646 2310 2682; x_wconf 91' lang='lat' dir='ltr'><strong><em>hominum</em></strong></span> <span class='ocrx_word' id='word_1_730' title='bbox 2336 2646 2500 2682; x_wconf 86' lang='lat' dir='ltr'><strong><em>discerne</em></strong></span> 
     </span>
     <span class='ocr_line' id='line_1_115' title="bbox 1470 2704 2540 2751; baseline -0.002 -10"><span class='ocrx_word' id='word_1_731' title='bbox 1470 2705 1545 2741; x_wconf 90' lang='lat' dir='ltr'><strong><em>bat.</em></strong></span> <span class='ocrx_word' id='word_1_732' title='bbox 1567 2705 1728 2750; x_wconf 89' lang='lat' dir='ltr'><strong><em>Denique</em></strong></span> <span class='ocrx_word' id='word_1_733' title='bbox 1749 2706 1786 2741; x_wconf 93' lang='lat' dir='ltr'><strong><em>hi</em></strong></span> <span class='ocrx_word' id='word_1_734' title='bbox 1804 2705 1969 2742; x_wconf 89' lang='lat' dir='ltr'><strong><em>homines</em></strong></span> <span class='ocrx_word' id='word_1_735' title='bbox 1997 2706 2122 2742; x_wconf 89' lang='lat' dir='ltr'><strong><em>mundi</em></strong></span> <span class='ocrx_word' id='word_1_736' title='bbox 2142 2711 2225 2742; x_wconf 91' lang='lat' dir='ltr'><strong><em>sunt</em></strong></span> <span class='ocrx_word' id='word_1_737' title='bbox 2246 2705 2307 2751; x_wconf 89' lang='lat' dir='ltr'><strong><em>qui</em></strong></span> <span class='ocrx_word' id='word_1_738' title='bbox 2322 2704 2540 2748; x_wconf 77' lang='lat' dir='ltr'><strong><em>ruminant‚;</em></strong></span> 
     </span>
     <span class='ocr_line' id='line_1_116' title="bbox 1472 2763 2501 2812; baseline -0.001 -13"><span class='ocrx_word' id='word_1_739' title='bbox 1472 2765 1531 2810; x_wconf 88' lang='lat' dir='ltr'><strong><em>qui</em></strong></span> <span class='ocrx_word' id='word_1_740' title='bbox 1548 2764 1586 2799; x_wconf 90' lang='lat' dir='ltr'><strong><em>in</em></strong></span> <span class='ocrx_word' id='word_1_741' title='bbox 1602 2774 1666 2801; x_wconf 86' lang='lat' dir='ltr'><strong><em>ore</em></strong></span> <span class='ocrx_word' id='word_1_742' title='bbox 1681 2774 1823 2810; x_wconf 88' lang='lat' dir='ltr'><strong><em>semper</em></strong></span> <span class='ocrx_word' id='word_1_743' title='bbox 1842 2771 1989 2810; x_wconf 89' lang='lat' dir='ltr'><strong><em>portant</em></strong></span> <span class='ocrx_word' id='word_1_744' title='bbox 2006 2765 2110 2812; x_wconf 86' lang='lat' dir='ltr'><strong><em>quasi</em></strong></span> <span class='ocrx_word' id='word_1_745' title='bbox 2133 2765 2252 2801; x_wconf 88' lang='lat' dir='ltr'><strong><em>cibum</em></strong></span> <span class='ocrx_word' id='word_1_746' title='bbox 2267 2768 2446 2810; x_wconf 78' lang='lat' dir='ltr'><strong><em>praecepta</em></strong></span> <span class='ocrx_word' id='word_1_747' title='bbox 2465 2763 2501 2799; x_wconf 90' lang='lat' dir='ltr'><strong><em>di</em></strong></span> 
     </span>
     <span class='ocr_line' id='line_1_117' title="bbox 1471 2825 2484 2872; baseline -0.001 -12"><span class='ocrx_word' id='word_1_748' title='bbox 1471 2825 1568 2868; x_wconf 87' lang='lat' dir='ltr'><strong><em>vina,</em></strong></span> <span class='ocrx_word' id='word_1_749' title='bbox 1598 2826 1636 2860; x_wconf 88' lang='lat' dir='ltr'><strong><em>hi</em></strong></span> <span class='ocrx_word' id='word_1_750' title='bbox 1655 2830 1692 2861; x_wconf 85' lang='lat' dir='ltr'><strong><em>et</em></strong></span> <span class='ocrx_word' id='word_1_751' title='bbox 1707 2826 1878 2872; x_wconf 82' lang='lat' dir='ltr'><strong><em>ungulam</em></strong></span> <span class='ocrx_word' id='word_1_752' title='bbox 1900 2826 2059 2870; x_wconf 83' lang='lat' dir='ltr'><strong><em>findunt,</em></strong></span> <span class='ocrx_word' id='word_1_753' title='bbox 2080 2826 2164 2872; x_wconf 89' lang='lat' dir='ltr'><strong><em>quia</em></strong></span> <span class='ocrx_word' id='word_1_754' title='bbox 2186 2826 2257 2862; x_wconf 91' lang='lat' dir='ltr'><strong><em>duo</em></strong></span> <span class='ocrx_word' id='word_1_755' title='bbox 2275 2825 2484 2862; x_wconf 88' lang='lat' dir='ltr'><strong><em>Testament</em></strong></span> 
     </span>
    </p>
   </div>
   <div class='ocr_carea' id='block_1_23' title="bbox 1475 2946 2504 3775">
    <p class='ocr_par' dir='ltr' id='par_1_24' title="bbox 1475 2946 2504 3775">
     <span class='ocr_line' id='line_1_118' title="bbox 1475 2946 2504 2995; baseline 0.002 -14"><span class='ocrx_word' id='word_1_756' title='bbox 1475 2947 1688 2982; x_wconf 82' lang='lat' dir='ltr'><strong><em>innocentiae</em></strong></span> <span class='ocrx_word' id='word_1_757' title='bbox 1701 2948 1922 2995; x_wconf 80' lang='lat' dir='ltr'><strong><em>justitiaeque</em></strong></span> <span class='ocrx_word' id='word_1_758' title='bbox 1946 2955 2120 2986; x_wconf 88' lang='lat' dir='ltr'><strong><em>statuunt.</em></strong></span> <span class='ocrx_word' id='word_1_759' title='bbox 2150 2950 2239 2986; x_wconf 90' lang='lat' dir='ltr'><strong><em>ltem</em></strong></span> <span class='ocrx_word' id='word_1_760' title='bbox 2263 2946 2377 2984; x_wconf 80' lang='lat' dir='ltr'><strong><em>Judaei</em></strong></span> <span class='ocrx_word' id='word_1_761' title='bbox 2408 2946 2504 2984; x_wconf 80' lang='lat' dir='ltr'><strong><em>rumt</em></strong></span> 
     </span>
     <span class='ocr_line' id='line_1_119' title="bbox 1476 3006 2491 3056; baseline 0.002 -16"><span class='ocrx_word' id='word_1_762' title='bbox 1476 3011 1564 3041; x_wconf 90' lang='lat' dir='ltr'><strong><em>nant</em></strong></span> <span class='ocrx_word' id='word_1_763' title='bbox 1576 3007 1722 3052; x_wconf 90' lang='lat' dir='ltr'><strong><em>quidem</em></strong></span> <span class='ocrx_word' id='word_1_764' title='bbox 1735 3009 1842 3045; x_wconf 86' lang='lat' dir='ltr'><strong><em>verba</em></strong></span> <span class='ocrx_word' id='word_1_765' title='bbox 1863 3009 1982 3056; x_wconf 86' lang='lat' dir='ltr'><strong><em>Legis,</em></strong></span> <span class='ocrx_word' id='word_1_766' title='bbox 2004 3011 2068 3046; x_wconf 89' lang='lat' dir='ltr'><strong><em>sed</em></strong></span> <span class='ocrx_word' id='word_1_767' title='bbox 2085 3009 2256 3056; x_wconf 84' lang='lat' dir='ltr'><strong><em>ungulam</em></strong></span> <span class='ocrx_word' id='word_1_768' title='bbox 2273 3018 2344 3044; x_wconf 91' lang='lat' dir='ltr'><strong><em>non</em></strong></span> <span class='ocrx_word' id='word_1_769' title='bbox 2367 3006 2491 3043; x_wconf 84' lang='lat' dir='ltr'><strong><em>findun</em></strong></span> 
     </span>
     <span class='ocr_line' id='line_1_120' title="bbox 1475 3065 2498 3116; baseline 0.003 -16"><span class='ocrx_word' id='word_1_770' title='bbox 1475 3065 1545 3101; x_wconf 88' lang='lat' dir='ltr'><strong><em>hoc</em></strong></span> <span class='ocrx_word' id='word_1_771' title='bbox 1562 3071 1630 3110; x_wconf 89' lang='lat' dir='ltr'><strong><em>est,</em></strong></span> <span class='ocrx_word' id='word_1_772' title='bbox 1649 3069 1741 3112; x_wconf 90' lang='lat' dir='ltr'><strong><em>quod</em></strong></span> <span class='ocrx_word' id='word_1_773' title='bbox 1760 3078 1827 3105; x_wconf 88' lang='lat' dir='ltr'><strong><em>nec</em></strong></span> <span class='ocrx_word' id='word_1_774' title='bbox 1849 3070 1919 3107; x_wconf 89' lang='lat' dir='ltr'><strong><em>duo</em></strong></span> <span class='ocrx_word' id='word_1_775' title='bbox 1936 3070 2168 3107; x_wconf 86' lang='lat' dir='ltr'><strong><em>Testamenta</em></strong></span> <span class='ocrx_word' id='word_1_776' title='bbox 2191 3069 2380 3116; x_wconf 84' lang='lat' dir='ltr'><strong><em>recipiunt,</em></strong></span> <span class='ocrx_word' id='word_1_777' title='bbox 2401 3076 2468 3103; x_wconf 87' lang='lat' dir='ltr'><strong><em>nec</em></strong></span> <span class='ocrx_word' id='word_1_778' title='bbox 2486 3066 2498 3103; x_wconf 90' lang='lat' dir='ltr'><strong><em>i</em></strong></span> 
     </span>
     <span class='ocr_line' id='line_1_121' title="bbox 1476 3124 2485 3175; baseline 0.002 -15"><span class='ocrx_word' id='word_1_779' title='bbox 1476 3124 1621 3161; x_wconf 88' lang='lat' dir='ltr'><strong><em>Patrem</em></strong></span> <span class='ocrx_word' id='word_1_780' title='bbox 1635 3132 1672 3162; x_wconf 88' lang='lat' dir='ltr'><strong><em>et</em></strong></span> <span class='ocrx_word' id='word_1_781' title='bbox 1698 3127 1828 3164; x_wconf 86' lang='lat' dir='ltr'><strong><em>Filium</em></strong></span> <span class='ocrx_word' id='word_1_782' title='bbox 1851 3129 1933 3165; x_wconf 82' lang='lat' dir='ltr'><strong><em>fidei</em></strong></span> <span class='ocrx_word' id='word_1_783' title='bbox 1962 3140 2036 3166; x_wconf 86' lang='lat' dir='ltr'><strong><em>suae</em></strong></span> <span class='ocrx_word' id='word_1_784' title='bbox 2054 3139 2219 3175; x_wconf 88' lang='lat' dir='ltr'><strong><em>gressum</em></strong></span> <span class='ocrx_word' id='word_1_785' title='bbox 2239 3131 2416 3170; x_wconf 85' lang='lat' dir='ltr'><strong><em>statuunt,</em></strong></span> <span class='ocrx_word' id='word_1_786' title='bbox 2440 3135 2485 3172; x_wconf 83' lang='lat' dir='ltr'><strong><em>pr</em></strong></span> 
     </span>
     <span class='ocr_line' id='line_1_122' title="bbox 1476 3185 2487 3234; baseline 0.012 -15"><span class='ocrx_word' id='word_1_787' title='bbox 1476 3189 1599 3229; x_wconf 89' lang='lat' dir='ltr'><strong><em>pterea</em></strong></span> <span class='ocrx_word' id='word_1_788' title='bbox 1622 3186 1796 3223; x_wconf 87' lang='lat' dir='ltr'><strong><em>immundi</em></strong></span> <span class='ocrx_word' id='word_1_789' title='bbox 1825 3188 2017 3225; x_wconf 86' lang='lat' dir='ltr'><strong><em>habentur.</em></strong></span> <span class='ocrx_word' id='word_1_790' title='bbox 2053 3188 2219 3226; x_wconf 82' lang='lat' dir='ltr'><strong><em>Haeretici</em></strong></span> <span class='ocrx_word' id='word_1_791' title='bbox 2247 3196 2411 3234; x_wconf 67' lang='lat' dir='ltr'><strong><em>quoque,</em></strong></span> <span class='ocrx_word' id='word_1_792' title='bbox 2439 3185 2487 3222; x_wconf 68' lang='grc' dir='ltr'><strong><em>ΠΟ</em></strong></span> 
     </span>
     <span class='ocr_line' id='line_1_123' title="bbox 1477 3244 2469 3289; baseline 0.004 -11"><span class='ocrx_word' id='word_1_793' title='bbox 1477 3244 1647 3289; x_wconf 85' lang='lat' dir='ltr'><strong><em>ungulam</em></strong></span> <span class='ocrx_word' id='word_1_794' title='bbox 1667 3244 1818 3289; x_wconf 84' lang='lat' dir='ltr'><strong><em>findant,</em></strong></span> <span class='ocrx_word' id='word_1_795' title='bbox 1842 3247 1879 3282; x_wconf 92' lang='lat' dir='ltr'><strong><em>in</em></strong></span> <span class='ocrx_word' id='word_1_796' title='bbox 1895 3248 2040 3284; x_wconf 88' lang='lat' dir='ltr'><strong><em>Patrem</em></strong></span> <span class='ocrx_word' id='word_1_797' title='bbox 2061 3253 2099 3285; x_wconf 87' lang='lat' dir='ltr'><strong><em>et</em></strong></span> <span class='ocrx_word' id='word_1_798' title='bbox 2113 3247 2247 3284; x_wconf 87' lang='lat' dir='ltr'><strong><em>Filium</em></strong></span> <span class='ocrx_word' id='word_1_799' title='bbox 2266 3245 2469 3288; x_wconf 57' lang='lat' dir='ltr'><strong><em>credente&amp;</em></strong></span> 
     </span>
     <span class='ocr_line' id='line_1_124' title="bbox 1478 3301 2482 3354; baseline 0.01 -19"><span class='ocrx_word' id='word_1_800' title='bbox 1478 3301 1549 3336; x_wconf 85' lang='lat' dir='ltr'><strong><em>duo</em></strong></span> <span class='ocrx_word' id='word_1_801' title='bbox 1566 3301 1796 3339; x_wconf 87' lang='lat' dir='ltr'><strong><em>Testamenta</em></strong></span> <span class='ocrx_word' id='word_1_802' title='bbox 1812 3306 2040 3351; x_wconf 80' lang='lat' dir='ltr'><strong><em>recipientes,</em></strong></span> <span class='ocrx_word' id='word_1_803' title='bbox 2060 3306 2124 3343; x_wconf 87' lang='lat' dir='ltr'><strong><em>sed</em></strong></span> <span class='ocrx_word' id='word_1_804' title='bbox 2139 3306 2224 3352; x_wconf 87' lang='lat' dir='ltr'><strong><em>quia</em></strong></span> <span class='ocrx_word' id='word_1_805' title='bbox 2241 3303 2444 3354; x_wconf 51' lang='lat' dir='ltr'><strong><em>doctrinam</em></strong></span> <span class='ocrx_word' id='word_1_806' title='bbox 2459 3310 2482 3338; x_wconf 77' lang='lat' dir='ltr'>V</span> 
     </span>
     <span class='ocr_line' id='line_1_125' title="bbox 1478 3355 2494 3418; baseline 0.003 -23"><span class='ocrx_word' id='word_1_807' title='bbox 1478 3360 1596 3397; x_wconf 73' lang='lat' dir='ltr'><strong><em>ritatis</em></strong></span> <span class='ocrx_word' id='word_1_808' title='bbox 1611 3360 1648 3396; x_wconf 90' lang='lat' dir='ltr'><strong><em>in</em></strong></span> <span class='ocrx_word' id='word_1_809' title='bbox 1661 3371 1723 3397; x_wconf 89' lang='lat' dir='ltr'><strong><em>ore</em></strong></span> <span class='ocrx_word' id='word_1_810' title='bbox 1747 3373 1818 3398; x_wconf 91' lang='lat' dir='ltr'><strong><em>non</em></strong></span> <span class='ocrx_word' id='word_1_811' title='bbox 1842 3365 2038 3410; x_wconf 88' lang='lat' dir='ltr'><strong><em>ruminant,</em></strong></span> <span class='ocrx_word' id='word_1_812' title='bbox 2056 3355 2292 3403; x_wconf 78' lang='lat' dir='ltr'><strong><em>nihilominus</em></strong></span> <span class='ocrx_word' id='word_1_813' title='bbox 2312 3366 2350 3398; x_wconf 84' lang='lat' dir='ltr'><strong><em>et</em></strong></span> <span class='ocrx_word' id='word_1_814' title='bbox 2367 3360 2436 3408; x_wconf 83' lang='lat' dir='ltr'><strong><em>ipsi</em></strong></span> <span class='ocrx_word' id='word_1_815' title='bbox 2456 3359 2468 3396; x_wconf 91' lang='lat' dir='ltr'><strong><em>i</em></strong></span> <span class='ocrx_word' id='word_1_816' title='bbox 2491 3414 2494 3418; x_wconf 19' lang='grc' dir='ltr'><em>Α</em></span> 
     </span>
     <span class='ocr_line' id='line_1_126' title="bbox 1478 3418 2474 3478; baseline 0.004 -24"><span class='ocrx_word' id='word_1_817' title='bbox 1478 3418 1602 3455; x_wconf 87' lang='lat' dir='ltr'><strong><em>mundi</em></strong></span> <span class='ocrx_word' id='word_1_818' title='bbox 1618 3424 1715 3456; x_wconf 85' lang='lat' dir='ltr'><strong><em>sunt.</em></strong></span> <span class='ocrx_word' id='word_1_819' title='bbox 1735 3419 1932 3468; x_wconf 78' lang='lat' dir='ltr'><strong><em>Quidquid,</em></strong></span> <span class='ocrx_word' id='word_1_820' title='bbox 1965 3427 2036 3468; x_wconf 83' lang='lat' dir='ltr'><strong><em>ait,</em></strong></span> <span class='ocrx_word' id='word_1_821' title='bbox 2061 3423 2214 3461; x_wconf 80' lang='lat' dir='ltr'><strong><em>ruminat</em></strong></span> <span class='ocrx_word' id='word_1_822' title='bbox 2231 3430 2264 3467; x_wconf 75' lang='lat' dir='ltr'><strong><em>et</em></strong></span> <span class='ocrx_word' id='word_1_823' title='bbox 2282 3421 2384 3458; x_wconf 76' lang='lat' dir='ltr'><strong><em>habet</em></strong></span> <span class='ocrx_word' id='word_1_824' title='bbox 2470 3473 2474 3478; x_wconf 25' lang='grc' dir='ltr'><strong>Δ</strong></span> 
     </span>
     <span class='ocr_line' id='line_1_127' title="bbox 1479 3479 2426 3528; baseline 0.005 -13"><span class='ocrx_word' id='word_1_825' title='bbox 1479 3479 1563 3523; x_wconf 83' lang='lat' dir='ltr'><strong><em>lam,</em></strong></span> <span class='ocrx_word' id='word_1_826' title='bbox 1593 3479 1653 3517; x_wconf 81' lang='lat' dir='ltr'><strong><em>sed</em></strong></span> <span class='ocrx_word' id='word_1_827' title='bbox 1678 3491 1748 3516; x_wconf 82' lang='lat' dir='ltr'><strong><em>non</em></strong></span> <span class='ocrx_word' id='word_1_828' title='bbox 1762 3481 1884 3517; x_wconf 79' lang='lat' dir='ltr'><strong><em>dividit</em></strong></span> <span class='ocrx_word' id='word_1_829' title='bbox 1908 3495 1998 3528; x_wconf 87' lang='lat' dir='ltr'><strong><em>eam,</em></strong></span> <span class='ocrx_word' id='word_1_830' title='bbox 2025 3486 2115 3522; x_wconf 77' lang='lat' dir='ltr'><strong><em>sicut</em></strong></span> <span class='ocrx_word' id='word_1_831' title='bbox 2143 3483 2311 3528; x_wconf 72' lang='lat' dir='ltr'><strong><em>camelus,</em></strong></span> <span class='ocrx_word' id='word_1_832' title='bbox 2337 3487 2409 3520; x_wconf 80' lang='lat' dir='ltr'><strong><em>etc.</em></strong></span> <span class='ocrx_word' id='word_1_833' title='bbox 2398 3507 2426 3527; x_wconf 88' lang='lat'><strong><em>.‚</em></strong></span> 
     </span>
     <span class='ocr_line' id='line_1_128' title="bbox 1479 3539 2429 3596; baseline 0.004 -21"><span class='ocrx_word' id='word_1_834' title='bbox 1479 3541 1662 3577; x_wconf 70' lang='lat' dir='ltr'><strong><em>comedetis</em></strong></span> <span class='ocrx_word' id='word_1_835' title='bbox 1680 3539 1786 3584; x_wconf 80' lang='lat' dir='ltr'><strong><em>illud,-</em></strong></span> <span class='ocrx_word' id='word_1_836' title='bbox 1806 3541 1865 3578; x_wconf 76' lang='lat' dir='ltr'><strong><em>sed</em></strong></span> <span class='ocrx_word' id='word_1_837' title='bbox 1890 3543 1980 3579; x_wconf 79' lang='lat' dir='ltr'><strong><em>inter</em></strong></span> <span class='ocrx_word' id='word_1_838' title='bbox 2009 3545 2190 3582; x_wconf 75' lang='lat' dir='ltr'><strong><em>immunda</em></strong></span> <span class='ocrx_word' id='word_1_839' title='bbox 2213 3539 2429 3596; x_wconf 65' lang='lat' dir='ltr'><strong><em>reputabitis.</em></strong></span> 
     </span>
     <span class='ocr_line' id='line_1_129' title="bbox 1478 3596 2454 3667; baseline 0.006 -32"><span class='ocrx_word' id='word_1_840' title='bbox 1478 3599 1593 3636; x_wconf 84' lang='lat' dir='ltr'><strong><em>melus</em></strong></span> <span class='ocrx_word' id='word_1_841' title='bbox 1620 3603 1676 3636; x_wconf 80' lang='lat' dir='ltr'><strong><em>est</em></strong></span> <span class='ocrx_word' id='word_1_842' title='bbox 1707 3598 1850 3636; x_wconf 80' lang='lat' dir='ltr'><strong><em>Judaeus</em></strong></span> <span class='ocrx_word' id='word_1_843' title='bbox 1881 3605 2021 3640; x_wconf 86' lang='lat' dir='ltr'><strong><em>tumens</em></strong></span> <span class='ocrx_word' id='word_1_844' title='bbox 2047 3614 2112 3650; x_wconf 89' lang='lat' dir='ltr'><strong><em>per</em></strong></span> <span class='ocrx_word' id='word_1_845' title='bbox 2143 3597 2371 3667; x_wconf 69' lang='lat' dir='ltr'><strong><em>superbiam3¹</em></strong></span> <span class='ocrx_word' id='word_1_846' title='bbox 2380 3596 2454 3655; x_wconf 50' lang='lat' dir='ltr'><strong><em>[qu</em></strong></span> 
     </span>
     <span class='ocr_line' id='line_1_130' title="bbox 1481 3652 2459 3717; baseline 0.008 -19"><span class='ocrx_word' id='word_1_847' title='bbox 1481 3661 1617 3699; x_wconf 82' lang='lat' dir='ltr'><strong><em>Scribae</em></strong></span> <span class='ocrx_word' id='word_1_848' title='bbox 1630 3665 1765 3698; x_wconf 80' lang='lat' dir='ltr'><strong><em>suntet</em></strong></span> <span class='ocrx_word' id='word_1_849' title='bbox 1781 3661 1971 3707; x_wconf 81' lang='lat' dir='ltr'><strong><em>Pharisaei,</em></strong></span> <span class='ocrx_word' id='word_1_850' title='bbox 1988 3665 2034 3700; x_wconf 90' lang='lat' dir='ltr'><strong><em>ad</em></strong></span> <span class='ocrx_word' id='word_1_851' title='bbox 2057 3675 2148 3711; x_wconf 83' lang='lat' dir='ltr'><strong><em>quos</em></strong></span> <span class='ocrx_word' id='word_1_852' title='bbox 2165 3652 2309 3717; x_wconf 65' lang='lat' dir='ltr'><strong><em>dicebat¹</em></strong></span> <span class='ocrx_word' id='word_1_853' title='bbox 2321 3654 2430 3710; x_wconf 57' lang='lat' dir='ltr'><strong><em>ffimj</em></strong></span> <span class='ocrx_word' id='word_1_854' title='bbox 2456 3704 2459 3706; x_wconf 78' lang='grc'><strong><em>,</em></strong></span> 
     </span>
     <span class='ocr_line' id='line_1_131' title="bbox 1479 3704 2458 3775; baseline 0.006 -15"><span class='ocrx_word' id='word_1_855' title='bbox 1479 3720 1666 3772; x_wconf 69' lang='lat' dir='ltr'><strong><em>mquames</em></strong></span> <span class='ocrx_word' id='word_1_856' title='bbox 1685 3720 1844 3768; x_wconf 69' lang='lat' dir='ltr'><strong><em>culicem,</em></strong></span> <span class='ocrx_word' id='word_1_857' title='bbox 1864 3721 2034 3760; x_wconf 74' lang='lat' dir='ltr'><strong><em>camelum</em></strong></span> <span class='ocrx_word' id='word_1_858' title='bbox 2050 3728 2167 3762; x_wconf 80' lang='lat' dir='ltr'><strong><em>autem</em></strong></span> <span class='ocrx_word' id='word_1_859' title='bbox 2182 3704 2439 3775; x_wconf 61' lang='lat' dir='ltr'><strong><em>qmffuimffl&#39;</em></strong></span> <span class='ocrx_word' id='word_1_860' title='bbox 2446 3711 2458 3766; x_wconf 56' lang='grc'><strong><em>’.</em></strong></span> 
     </span>
    </p>
   </div>
  </div>
 </body>
</html>
