2540 4016
297 174 364 215 ¹1⁵⁵

294 251 372 287 dae:
393 246 441 283 ibi
459 246 629 291 perpetuo
653 238 960 283 eleemosynarum
990 234 1046 266 cst
1071 226 1206 262 fructus
1235 218 1327 256 reci-

294 306 454 355 piendus.
473 303 566 340 Sunt
581 302 666 338 item
688 298 758 334 alia
774 306 853 343 quat
873 299 1031 337 tempore
1052 283 1189 322 Veteris
1207 280 1329 316 Testa-

293 365 402 404 menti
423 350 623 410 diligenter,
649 358 795 405 jubente
814 353 963 391 Domino
977 350 1131 386 servata,
1154 350 1249 377 nutic
1269 348 1330 375 co-

293 431 459 465 rusoente
484 434 549 472 per
572 422 693 459 orbem
716 414 924 460 Evangelio,
953 419 1022 445 nou
1037 406 1138 452 juxta
1154 403 1328 444 litteram,

291 487 354 525 se'd
381 486 484 533 juxta
513 491 655 520 sensum
677 477 877 524 mysticum,
906 472 941 506 in
969 466 1126 504 Ecclesia
1157 463 1330 509 jubentur

293 546 492 586 observari,
525 548 564 578 ιιι
588 546 642 576 est
668 535 825 574 custodia
851 529 1004 571 sabbati,
1024 533 1063 563 ιιι
1087 526 1178 562 ritus
1193 523 1329 560 bostia-

291 616 385 647 rum,
406 610 442 640 et
460 599 604 646 sanguis
620 596 699 643 agni
720 591 918 640 paschalis,
938 593 1140 632 caeteraque
1161 584 1329 630 hujusce-

290 667 385 703 modi
402 673 480 710 quae
496 671 562 698 suo
586 657 729 704 quidem
760 660 918 698 tempore
945 649 1097 686 solerter
1115 644 1294 682 custodita
1311 652 1331 677 a

289 725 416 773 populo
435 722 520 763 Dei.
545 720 675 766 quibus
692 714 869 763 ellychnia
892 714 927 748 in
951 710 1107 747 lucernis
1125 705 1332 745 candelabri

289 786 473 825 ardebant,
495 781 609 817 infusa
627 779 705 814 oleo
725 778 791 824 piae
810 773 1025 814 devotionis,
1040 777 1076 807 ct
1091 771 1235 806 incensa
1251 768 1332 814 igne

290 846 387 881 verbi
422 842 591 879 coelcstis.
622 835 711 875 Cum
739 847 824 872 vero
842 835 887 870 ab
914 831 1085 879 apostolis
1108 835 1216 874 atquc
1243 836 1332 873 apo-

289 904 425 941 stolicis
459 903 544 938 viris
571 896 857 946 praedicaturliis
886 900 920 930 et
938 890 1139 937 hujusmodi
1164 890 1334 925 observa-

292 964 444 1000 tionibus
464 962 567 997 iincm
586 971 606 995 a
623 958 772 994 Domino
792 954 1011 1001 impositum,
1024 948 1336 995 cunctaquespiri-

292 1025 434 1061 tualiter
450 1023 563 1069 magis
588 1022 622 1056 in
644 1019 803 1056 Ecclesia
830 1026 939 1062 quam
959 1014 1061 1059 juxta
1078 1012 1235 1047 litteram
1257 1019 1336 1045 csse

291 1086 464 1122 servanda
480 1111 489 1126 ,
524 1082 653 1129 quibus
686 1078 956 1125 emulgebantur
975 1073 1152 1120 ellychnia
1173 1070 1337 1107 candela-

293 1146 362 1187 bri,
384 1151 421 1180 ut
442 1149 606 1189 reparata
628 1141 752 1176 melius
772 1139 950 1178 lucerent,
979 1135 1062 1180 quia
1080 1133 1268 1169 sublimius
1287 1132 1337 1166 in-

295 1206 432 1241 tellecta
453 1214 516 1250 per
535 1202 699 1247 spiritum
726 1204 857 1234 sancta:
884 1195 1050 1231 Ecclesia:
1073 1194 1186 1228 lucem
1206 1192 1337 1227 doctri·

295 1276 350 1301 nae
365 1264 530 1300 salutaris
547 1261 762 1308 p1··.rb‹'·l›ant.
790 1257 1018 1294 Etuunetoria
1038 1266 1124 1300 ergo
1143 1259 1178 1289 et
1198 1263 1281 1298 vasa
1301 1252 1336 1287 in

295 1326 423 1371 quibus
444 1334 521 1370 qua:
549 1328 712 1357 ‹eitiunt-ta
741 1326 823 1356 sunt
855 1319 1145 1364 exstinguuntur,
1179 1315 1267 1350 liunt
1295 1314 1338 1349 de

295 1395 384 1420 auro
401 1383 603 1430 purissimo,
638 1381 718 1426 quia
747 1385 783 1415 et
815 1378 933 1413 divina
959 1382 1040 1412 sunt
1059 1376 1180 1418 verba,
1210 1373 1339 1420 quibus

299 1445 451 1479 cessatio
469 1441 759 1477 caeremoniarum
780 1438 943 1484 legalium
970 1436 1197 1482 przeditatur,
1221 1442 1256 1469 et
1277 1434 1339 1469 Dei

296 1505 407 1549 gratia
428 1509 510 1538 suut
525 1502 698 1537 illustrata
719 1510 844 1534 eorum
865 1498 988 1539 corda,
1011 1497 1045 1531 in
1067 1496 1196 1541 quibus
1214 1496 1342 1531 cadem

299 1569 446 1610 tigurata
479 1565 568 1608 legis
603 1563 828 1599 adumbratio
861 1561 965 1595 linem
986 1559 1140 1605 accipit,
1163 1564 1199 1593 ιιι
1219 1567 1344 1593 suece-

298 1627 383 1660 dvus
406 1624 584 1670 Evangelii
607 1624 739 1658 veritas
757 1622 888 1656 clarius
916 1619 1047 1654 mundo
1069 1620 1216 1653 luceret.
1256 1617 1344 1652 ltcm

299 1687 382 1732 quia
403 1686 500 1720 linita
522 1684 675 1724 mortali,
696 1688 731 1717 et
743 1682 954 1717 succedente
965 1678 1347 1719 vitaimmortali,ces-

302 1747 432 1782 sabunt
452 1746 604 1781 maxima
630 1755 671 1780 ex
692 1749 792 1789 parte
812 1753 919 1788 opera
945 1741 1000 1776 vel
1028 1742 1118 1776 dona
1139 1741 1242 1781 lucis,
1269 1740 1348 1785 qui-

305 1806 370 1842 bus
385 1818 476 1842 nuuc
495 1807 639 1847 utimur,
661 1811 698 1839 ιιι
715 1809 910 1849 sequantur
923 1809 1066 1837 aeternae
1081 1802 1226 1847 praemia
1243 1801 1348 1843 lucis,

305 1869 339 1903 in
364 1868 551 1913 praesentia
572 1867 698 1902 divinae
721 1866 888 1906 visionis,
915 1865 973 1900 illa
1003 1864 1273 1908 Scripturarum
1296 1868 1350 1897 te-

306 1928 487 1969 stimonia,
509 1937 586 1972 qua„¹
604 1927 680 1961 baee
701 1925 817 1960 sutura
843 1935 922 1959 esse
944 1929 1136 1964 testantur,
1162 1926 1350 1957 emuncto-

305 1990 355 2024 ria
375 1989 542 2023 nimirum
565 1993 647 2023 sunt
667 1997 775 2022 aurea
794 1999 802 2021 ε
822 1986 906 2030 quia
931 1985 1005 2029 ipse
1024 1984 1152 2019 saturae
1172 1982 1349 2019 claritatis

304 2051 432 2085 eximia
452 2055 546 2084 sunt.
567 2049 656 2083 Vasa
671 2056 812 2092 quoque
831 2046 866 2080 in
885 2045 1014 2090 quibus
1028 2054 1070 2079 ca
1088 2053 1166 2089 quae
1182 2047 1350 2079 emuncta

306 2116 390 2145 suut
408 2108 704 2153 exstinguuntur,
734 2115 886 2151 corpora
911 2105 1033 2150 utiquc
1058 2109 1160 2146 sunt,
1181 2109 1218 2139 ct
1241 2102 1350 2139 corda

307 2168 467 2202 omnium
491 2166 666 2211 justorum
699 2164 927 2201 innnortalia.
971 2164 1014 2199 Et
1042 2163 1121 2199 ideo
1149 2162 1352 2198 rectissime

308 2239 396 2263 auro
417 2227 624 2269 assimilata,
649 2226 827 2271 inquibus
842 2224 1110 2269 exoptatissima
1130 2223 1205 2259 liaec
1221 2223 1351 2258 immu-

310 2288 399 2323 tatio
425 2287 499 2329 sict,
521 2293 558 2321 ιιι
576 2293 656 2332 post
677 2285 883 2332 temporalia
904 2285 966 2320 Dei
983 2284 1175 2326 bem-ficta,
1193 2284 1236 2319 ad
1250 2288 1355 2318 aetcr-

311 2359 354 2383 na
371 2347 592 2393 perveniant.
619 2346 730 2384 ‘inane
749 2345 883 2391 pondus
906 2344 1107 2379 candelabri
1126 2355 1202 2379 cum
1222 2344 1355 2378 iniicer-

311 2407 357 2441 ιὶε
394 2407 481 2441 rasis
507 2406 604 2448 auis,
641 2406 775 2440 habebit
810 2404 978 2439 toletalum
1006 2404 1085 2438 auri
1116 2403 1351 2438 rraundv’ssimi.

311 2470 422 2504 Omuc
440 2468 579 2513 pondus
607 2468 810 2503 candelabri
837 2477 917 2502 cum
943 2467 1120 2502 universis
1142 2466 1238 2502 vasis
1264 2465 1353 2508 suis,

312 2539 419 2565 omne
450 2528 583 2564 Clu-isti
612 2538 742 2573 corpus
771 2533 854 2570 est,
889 2527 1066 2572 cumipse
1085 2526 1201 2572 capite
1231 2531 1355 2562 nostro

314 2589 524 2625 mediatore·
539 2589 601 2624 Dei
631 2594 667 2624 et
690 2588 896 2629 bominum,
925 2598 1006 2623 eum
1033 2586 1211 2622 universis
1230 2586 1355 2623 electis

312 2649 399 2690 suis,
417 2658 437 2682 a
456 2648 605 2683 summis
625 2657 735 2692 usquc
752 2648 797 2682 ad
815 2646 970 2689 intimos,
987 2646 1032 2682 ab
1049 2647 1105 2682 bis
1125 2646 1255 2692 quibus
1275 2657 1355 2682 ma-

314 2707 366 2752 jor
384 2708 475 2742 inter
494 2712 596 2742 natos
620 2706 806 2741 mulierum
827 2717 932 2742 nemo
948 2713 1023 2749 est,
1043 2717 1155 2752 usquc
1173 2708 1217 2743 ad
1232 2718 1295 2743 cos
1311 2706 1356 2743 de

315 2767 444 2812 quibus
460 2766 558 2801 dicit.
588 2766 726 2808 Videte,
747 2777 791 2800 nc
820 2766 1065 2802 condemnatis
1093 2778 1203 2802 unum
1223 2768 1268 2803 de
1293 2778 1358 2812 pu-

316 2828 406 2862 s‘llis
426 2828 504 2864 istis
529 2827 589 2873 qui
611 2827 647 2862 in
665 2837 722 2862 mc
740 2826 904 2862 credunt.
938 2826 1004 2869 Qui
1024 2826 1194 2862 nimirum
1217 2837 1355 2869 omncs,

715 158 760 195 -Β,
784 152 952 194 tunam
978 147 1122 186 ttaunt
1146 138 1358 180 ARCHIEP.
1387 135 1595 174 MOGUNT.
1620 134 1813 197 OPERUM
1839 133 1960 172 PARS
1984 133 2012 170 1.

1345 216 1380 257 Α
1395 214 1544 262 ainqulis
1558 213 1750 251 secundnm
1767 222 1871 256 opera
1889 211 2044 258 ipsorum
2065 208 2182 255 (Psoi.
2203 206 2292 255 cxi).
2313 206 2456 244 Utrum·

1397 286 1468 324 que
1485 281 1604 312 tamen
1617 280 1655 312 et
1671 273 1859 321 plumbum
1874 271 2014 309 scilicet
2028 275 2066 306 et
2082 278 2225 312 aurum,
2246 266 2372 304 talenti
2390 266 2454 303 ba·

1395 336 1459 373 bet
1474 345 1681 373 mensuram
1696 361 1706 378 ,
1739 334 1823 380 quia
1852 338 1889 370 et
1912 332 1949 368 in
1970 330 2173 368 damnando
2191 328 2342 374 impios,
2361 331 2397 364 et
2417 326 2455 364 in

1398 396 1571 434 salvando
1590 406 1634 432 ac
1656 394 1864 432 coronando
1886 393 2037 436 electos,
2054 391 2150 438 justa
2167 397 2224 426 est
2241 388 2357 425 nostri
2375 397 2457 424 sen-

1398 457 1510 493 tentia
1530 456 1730 493 conditoris
1742 467 1750 490 :
1762 454 1900 501 Inspice
1918 459 1950 489 et
1971 452 2029 499 sac
2049 450 2242 488 secundum
2261 445 2452 494 exemplar,

1397 518 1489 565 quod
1504 517 1566 553 tibi
1583 518 1620 552 in
1637 521 1753 552 ηιοηιε
1767 519 1998 550 monstratum
2017 518 2081 549 est.
2103 511 2218 558 Hujus
2242 506 2458 555 mysterium

1398 577 1583 623 praecepti,
1599 575 1768 612 facillime
1781 584 1825 610 ex
1835 574 1888 610 eis
1901 582 1982 620 quae
1994 571 2163 618 superius
2177 569 2341 616 exposita
2357 571 2456 610 sunt,

1399 642 1510 684 patet.
1532 636 1725 673 Ostensum
1744 644 1902 680 namque
1922 638 1979 670 est
1996 632 2109 679 Moysi
2135 631 2172 668 in
2197 635 2318 666 monte
2336 637 2459 664 exem-

1399 698 1479 744 plar
1496 695 1705 733 candelabri
1721 695 1816 741 quod
1836 693 1995 736 faceret,
2024 693 2109 738 quia
2137 691 2173 726 in
2193 689 2383 726 altitudine
2401 688 2458 724 in-

1401 758 1498 793 tima:
1539 754 1855 801 contemplationis
1872 780 1882 796 ,
1925 752 2053 789 didicit
2091 757 2218 798 aperte
2261 748 2458 785 multifaria

1400 819 1535 856 Christi
1562 824 1598 854 et
1629 817 1799 853 Ecclesiae
1830 818 2058 851 sacramenta
2084 825 2093 848 ι
2125 822 2206 858 qua:
2233 817 2355 846 tamen
2386 819 2459 846 non

1401 883 1525 924 aperte
1540 876 1671 923 populo
1687 885 1793 921 quem
1811 873 2021 915 erudiebat,
2041 870 2205 918 proferre
2222 869 2375 911 valebat,
2397 868 2461 904 sed

1403 939 1521 986 typice
1540 938 1660 984 potius
1680 946 1744 982 per
1763 934 1915 981 liguram
1934 939 1971 969 et
1995 943 2087 978 opus
2105 929 2313 968 candelabri
2335 939 2379 964 ac
2398 938 2462 963 va-

1403 1009 1526 1036 sorum
1545 999 1641 1045 ejus,
1663 997 1852 1044 signabat,
1886 996 2000 1031 donec
2025 994 2166 1029 veniret
2193 992 2270 1037 ipse
2287 990 2461 1026 Dominus

1405 1071 1448 1097 ac
1463 1060 1682 1106 Redemptor
1706 1063 1830 1094 noster
1849 1057 1885 1092 in
1905 1055 2108 1106 earne-qui
2138 1053 2345 1089 interiorem
2364 1049 2463 1096 ejus·

1356 1115 1386 1153 B
1406 1123 1487 1158 dem
1507 1121 1630 1168 figurae
1646 1129 1805 1162 sensum,
1825 1116 1995 1153 Ecclesiae
2014 1126 2088 1151 suae
2113 1115 2196 1150 data
2213 1113 2330 1149 sancti
2349 1111 2463 1158 Spiri-

2383 131 2453 168 ¹56
2516 134 2518 139 “
2538 127 2540 133 ’

1406 1190 1463 1218 tus
1480 1182 1595 1228 gratia
1617 1185 1812 1216 reseraret.
1850 1175 2136 1213 Tabernaculum
2162 1174 2256 1219 quod
2285 1172 2370 1208 fecit
2395 1172 2464 1207 Do·
2516 1214 2528 1224 ἱ

1406 1246 1503 1282 ιιιίιιο
1526 1244 1666 1290 Moyses
1694 1243 1729 1277 in
1759 1239 1973 1282 solitudine,
2003 1238 2098 1273 sieut
2117 1242 2153 1272 ct
2177 1235 2351 1281 templum
2370 1233 2464 1280 quod

1407 1307 1490 1342 fecit
1511 1304 1681 1340 Salomon
1705 1303 1739 1338 in
1759 1299 1961 1337 Jerusalem
1975 1325 1985 1342 ,
2008 1302 2141 1334 statum
2170 1301 2305 1332 sanctae
2322 1294 2466 1329 univer-

1407 1367 1493 1403 salis
1519 1365 1690 1401 Ecclesiae
1714 1363 1899 1408 designat,
1925 1370 2006 1407 quae
2034 1358 2165 1404 partim
2193 1356 2268 1401 jam
2296 1365 2377 1391 cum
2395 1353 2466 1388 Do·-

1409 1430 1507 1465 mino
1526 1432 1654 1473 regnat
1669 1426 1703 1460 in
1724 1423 1841 1466 coelis,
1863 1422 1995 1468 partim
2017 1421 2051 1456 in
2069 1418 2238 1466 praesenti
2258 1416 2377 1452 adbuc
2391 1414 2466 1450 vita

1409 1488 1666 1526 decedentibus
1704 1495 1747 1521 ac
1778 1482 2056 1520 suceedentibus
2086 1479 2152 1516 sibi
2183 1477 2356 1514 membris
2376 1475 2465 1516 suis,

1410 1549 1663 1596 peregrinatur
1697 1556 1717 1580 a
1746 1543 1913 1581 Domino.
1959 1541 2004 1577 Et
2038 1540 2183 1587 quidem
2214 1540 2250 1574 in
2279 1537 2469 1581 utriusque

1412 1607 1683 1646 construetione
1704 1605 1846 1646 domus,
1867 1603 1943 1638 baec
1964 1599 2174 1647 principalis
2194 1598 2286 1633 solet
2310 1606 2390 1632 csse
2417 1594 2471 1631 di-

1414 1667 1546 1703 stantia
1580 1665 1778 1711 figurarum
1795 1690 1804 1706 ,
1838 1660 1932 1707 quod
1971 1658 2243 1695 tabernaculum
2283 1654 2472 1703 praescutis

1414 1726 1605 1763 aedilicium
1620 1723 1805 1764 Ecclesiae,
1829 1732 1901 1767 quo
1918 1720 2079 1766 quotidie
2099 1719 2133 1754 in
2155 1718 2339 1754 laboribus
2364 1725 2470 1752 exer-

1415 1792 1530 1827 cetur,
1549 1783 1720 1828 templum
1743 1781 1872 1816 suturae
1894 1780 2055 1824 requiem
2077 1779 2261 1824 designet,
2281 1787 2360 1822 quae
2380 1785 2471 1822 quo-

1416 1846 1551 1881 tidiana
1582 1843 1785 1878 animarum
1817 1840 1902 1875 binc
1924 1844 2005 1883 post
2024 1838 2165 1873 labores
2192 1837 2400 1872 exeuntium
2418 1845 2474 1870 rc-

1417 1906 1583 1951 cept10ne
1624 1902 1825 1949 perlicitur.
1871 1900 1962 1944 Quia
1995 1899 2167 1934 nimirum
2202 1897 2474 1933 tabernaculum

1419 1966 1559 2011 Moyses
1577 1974 1658 2000 cum
1677 1962 1807 2008 populo
1828 1961 1890 1996 Dei
1909 1961 1943 1996 in
1962 1962 2018 1995 via
2032 1960 2150 1995 adbuc
2165 1959 2316 2004 positus,
2338 1968 2408 2003 qua
2429 1958 2475 1994 ad

1422 2031 1557 2061 terram
1579 2021 1877 2068 repromissionis
1890 2020 2075 2066 pergebat,
2094 2019 2252 2055 condidit
2271 2031 2278 2054 :
2301 2019 2473 2054 Salomon

1420 2092 1541 2121 autem
1570 2084 1742 2130 templum
1776 2083 1851 2128 ipsa
1881 2082 1956 2128 jam
1982 2087 2077 2117 terra
2107 2080 2419 2126 repromissionis,
2440 2084 2478 2116 et

1420 2157 1531 2193 regno
1552 2146 1588 2181 in
1609 2155 1651 2181 ea
1678 2144 1811 2190 potitus
1830 2170 1838 2186 ,
1858 2142 2071 2179 construxit.
2107 2141 2247 2188 Moyses
2266 2142 2478 2176 tabernacu-

1422 2207 1494 2242 lum
1526 2206 1562 2241 in
1595 2203 1801 2245 solitudine,
1826 2202 1995 2238 Salomon
2023 2201 2193 2247 templum
2212 2201 2247 2236 in
2262 2200 2475 2242 Jerusalem,

1422 2277 1501 2313 qua}
1522 2266 1784 2311 iuterpretatur
1811 2263 1894 2299 visio
1920 2263 2029 2308 pacis.
2057 2262 2233 2305 Quoniam
2256 2262 2312 2296 liic
2332 2260 2477 2306 quidem

1422 2329 1582 2364 Ecclesia
1603 2328 1639 2363 in
1658 2327 1778 2362 labore
1806 2331 1842 2361 et
1870 2336 2030 2360 :erumna
2056 2325 2138 2360 vita}
2166 2324 2320 2360 labentis
2335 2351 2344 2366 ,
2366 2323 2400 2358 iu
2419 2322 2478 2359 siti

1422 2396 1458 2425 et
1483 2388 1602 2424 esurie
1623 2388 1722 2434 regni
1751 2386 1920 2433 perennis
1951 2386 2151 2421 :edificatur
2171 2395 2180 2420 :
2199 2385 2272 2420 illic
2297 2389 2416 2419 tamen
2443 2383 2478 2418 iu

1423 2449 1562 2485 visione
1594 2459 1636 2484 ac
1671 2448 1900 2494 perceptione
1933 2457 2029 2482 vcra:
2061 2447 2161 2492 pacis
2191 2450 2476 2482 consummatur.

1426 2510 1526 2546 Unde
1547 2510 1636 2545 bene
1653 2508 1688 2543 in
1713 2508 1836 2553 templi
1856 2508 2125 2544 constructione
2144 2507 2279 2542 dictum
2298 2511 2367 2548 est,
2383 2504 2480 2551 quod

1424 2571 1575 2606 malleus
1594 2575 1630 2606 et
1645 2570 1795 2612 securis,
1815 2575 1851 2605 et
1868 2579 1975 2605 omne
1997 2568 2272 2611 ferramentum,
2306 2578 2378 2603 non
2394 2571 2479 2602 sunt

1425 2633 1545 2669 audita
1566 2633 1599 2668 in
1609 2643 1653 2668 eo
1668 2643 1747 2668 eum
1764 2631 2017 2667 aedificaretur.
2033 2630 2249 2676 Praeparatis
2262 2634 2365 2664 extra
2378 2626 2482 2663 Jeru-

1425 2694 1536 2731 salem
1553 2693 1693 2729 cunctis
1707 2693 1887 2739 lapidibus
1904 2702 1946 2728 ac
1960 2691 2244 2738 lignis,atquein
2263 2689 2480 2737 positionem

1425 2757 1564 2794 ordinis
1583 2756 1638 2792 sui
1654 2755 1824 2791 decenter
1845 2755 1978 2800 aptatis
2003 2763 2084 2798 quae
2115 2753 2164 2788 ibi
2185 2751 2355 2788 facillime
2373 2756 2482 2796 atque

1428 2817 1691 2858 indubitanter,
1706 2824 1771 2849 suo
1785 2823 1936 2859 quaeque
1952 2812 2031 2848 loeo
2051 2811 2206 2854 reddita,
2225 2816 2286 2847 aut
2306 2813 2484 2847 caemento

318 2887 353 2922 iu
371 2886 519 2922 diversis
539 2886 619 2921 licet
636 2885 818 2931 gradibus,
837 2885 1021 2928 aetattbus,
1041 2885 1186 2921 sexibus
1199 2913 1208 2928 ,
1231 2886 1335 2922 condi
1347 2906 1357 2911 -
1375 2910 1411 2949 D
1428 2882 1659 2914 necterentur
1677 2879 1740 2910 aut
1754 2874 1878 2910 clavis.
1905 2873 1996 2916 Quia
2015 2873 2181 2909 videlicet
2196 2873 2232 2908 ἰιι
2247 2881 2338 2918 pace
2357 2879 2484 2917 super-

319 2948 488 2990 tionibus,
506 2948 669 2993 ingeniis,
685 2947 919 2991 temporibus,
935 2947 995 2981 uni
1015 2946 1204 2991 eidemque
1220 2947 1359 2982 auctori

320 3019 363 3044 ac
389 3007 504 3044 datori
535 3013 715 3054 perpetuae
735 3007 845 3047 lucis,
880 3016 945 3042 suo
975 3006 1108 3052 quique
1135 3011 1295 3052 tempore
1318 3016 1362 3042 ae

321 3069 400 3105 loeo
415 3068 544 3114 quibus
568 3067 782 3104 candelabro
802 3076 911 3102 aureo
933 3066 1002 3102 lixa
1021 3066 1141 3102 radice
1161 3066 1291 3102 mentis
1309 3067 1364 3102 in-

321 3129 473 3170 haerent,
502 3137 574 3173 quo
591 3126 748 3173 ejusdem
774 3126 966 3172 participes
995 3125 1086 3162 lucis
1112 3125 1190 3162 lieri
1211 3126 1360 3172 possint.

321 3188 423 3233 Quod
457 3187 624 3224 videlicet
652 3185 928 3228 caudelabrum,
962 3192 1060 3222 recte
1088 3186 1259 3222 talentum
1285 3187 1364 3223 auri

322 3246 547 3284 mundissimi
578 3246 712 3283 babere
740 3245 874 3281 debere
904 3251 1137 3280 memoratur.
1175 3245 1364 3282 Talentum

324 3317 478 3354 namque
508 3305 648 3354 pondus
678 3305 822 3352 plenum
853 3315 897 3341 ac
927 3304 1128 3352 perrectum
1164 3310 1242 3349 est.
1279 3306 1364 3352 quia

320 3366 439 3412 justus
455 3367 628 3404 Dominus
649 3367 687 3403 in
713 3366 882 3403 omnibus
903 3365 972 3402 viis
994 3365 1084 3402 suis.
1110 3365 1156 3401 Et
1177 3366 1239 3412 qui
1264 3375 1367 3402 suam

325 3427 476 3473 gratiam
494 3427 531 3462 in
547 3427 616 3464 bac
630 3426 704 3463 vita
721 3425 886 3463 fidelibus
903 3431 945 3462 ιιι
968 3425 1061 3462 bene
1083 3431 1278 3472 operentur
1299 3426 1366 3462 tri·

327 3485 419 3528 buit,
436 3485 512 3530 ipse
529 3495 696 3523 comam
714 3485 864 3533 justitiae
883 3485 920 3522 in
940 3485 1002 3523 illa
1024 3485 1098 3522 vita
1118 3485 1223 3522 bonis
1241 3494 1367 3522 cortun

329 3544 498 3590 operibns
528 3544 658 3582 reddit.
693 3546 759 3583 Cui
780 3551 909 3583 contra
935 3545 1132 3582 Zacharias
1164 3544 1341 3592 propbeta
1355 3571 1368 3589 ,

331 3603 545 3650 iniquitaten
574 3614 677 3651 anper
703 3603 870 3643 mentum
897 3605 1029 3654 plantabi
1053 3605 1175 3643 sedere
1198 3604 1373 3643 describit

333 3659 456 3727 ςΖαιΙι.
469 3662 508 3711 v)
523 3673 535 3700 ε
550 3663 636 3711 quia
646 3670 685 3702 ct
697 3665 860 3712 reprobis
871 3665 910 3703 in
927 3665 1055 3704 codem
1073 3666 1173 3714 iusto
1187 3664 1372 3711 examine,

333 3722 718 3772 'nummorum
730 3725 905 3774 restit-1113
922 3726 1005 3777 quia
1018 3731 1059 3764 ιιι
1077 3725 1222 3772 redden,
1237 3723 1371 3774 inquit,

1431 2947 1486 2973 nae
1503 2934 1757 2975 beatitudinis,
1781 2944 1852 2969 non
1874 2939 1930 2970 cst
1945 2934 2237 2970 tribulationibus
2253 2938 2378 2969 nostra
2397 2940 2483 2968 exa-

1431 2996 1600 3034 minanda
1629 2995 1718 3031 tides
1746 3000 1808 3030 aut
1824 2995 1897 3030 vita
1917 2994 2101 3041 probanda
2120 3022 2130 3038 ,
2151 2995 2215 3031 sed
2234 3003 2315 3041 quae
2332 2993 2369 3030 iu
2387 3001 2482 3039 prae-

1434 3058 1526 3095 senti
1554 3056 1687 3093 saeculo
1715 3056 1915 3102 castigata,
1942 3062 1978 3091 et
2009 3056 2217 3092 coelcstibes
2236 3060 2316 3092 erat
2338 3054 2485 3092 sedibus

1435 3119 1650 3166 regulariter
1683 3123 1804 3164 aptata
1823 3144 1833 3160 ,
1866 3116 1914 3152 ibi
1950 3116 2084 3164 glutine
2111 3123 2149 3154 et
2173 3117 2325 3154 vinculis
2349 3121 2485 3153 mutua}
2538 3117 2540 3121 ⁴

1435 3180 1636 3223 charitatis,
1656 3188 1701 3214 ne
1723 3183 1897 3224 perpetuo
1913 3177 2061 3213 dissolvi
2089 3183 2212 3224 queat,
2234 3178 2269 3214 in
2290 3179 2485 3224 conspeetu

1434 3241 1543 3277 etiam
1569 3240 1624 3276 sui
1646 3238 1844 3275 conditoris
1874 3247 1916 3274 ac
1940 3237 2050 3284 regis,
2076 3238 2121 3274 ad
2143 3237 2296 3275 invicem
2313 3235 2488 3284 copulan-

1435 3300 1495 3336 da.
1516 3299 1605 3335 ltem
1627 3298 1741 3344 ligura
1760 3297 1950 3342 utriusque
1974 3297 2170 3333 sanctuarii
2191 3302 2314 3342 potest
2335 3306 2488 3345 genera-
2537 3298 2540 3345 ζ

1438 3359 1522 3395 liter
1540 3359 1588 3395 ita
1603 3356 1789 3404 distingui,
1807 3362 1848 3393 ut
1869 3366 1959 3403 opus
1979 3357 2202 3394 tabernaculi
2222 3361 2365 3403 tempus
2379 3367 2488 3405 syna·
2535 3380 2540 3405 ;

1438 3430 1552 3468 gogac,
1574 3419 1643 3455 boc
1659 3423 1717 3455 est
1730 3418 1887 3465 autiquae
1905 3417 1968 3454 Dei
1991 3416 2120 3464 plebis,
2135 3427 2225 3464 opus
2243 3428 2331 3455 vero
2350 3417 2488 3467 templi,
2538 3417 2540 3427 '

1439 3477 1664 3520 Ecclesiam,
1693 3477 1728 3513 id
1753 3481 1829 3518 est.
1850 3476 1948 3513 illam
1972 3476 2168 3513 electorum
2203 3476 2488 3525 multitudinem,

1440 3550 1520 3588 quae
1535 3545 1619 3588 post
1629 3538 1916 3577 incantationem
1935 3537 2159 3574 Dominicam
2183 3539 2229 3575 ad
2246 3537 2356 3591 tidem
2368 3526 2487 3593 ῖφξβ,

1440 3600 1644 3649 signillcet:
1669 3597 1849 3647 quomodo
1868 3596 2036 3634 videlicet
2056 3596 2329 3636 tabernaculum
2346 3595 2493 3651 Hom

1440 3671 1526 3700 cum
1542 3659 1619 3699 sola
1637 3658 1871 3701 Hebraei-um
1889 3656 1995 3705 plebe
2012 3652 2498 3767 consummaviffi.

1441 3731 1530 3761 vcro
1564 3719 1736 3758 sntomon
1776 3716 1929 3757 collecta
1966 3716 2231 3767 proselytorum
2310 3760 2313 3762 q
2381 3719 2410 3722 “’
2459 3719 2462 3721 ’
2495 3729 2500 3735 ·
