2540 4016
314 202 384 239 559

313 345 394 372 cum
416 331 584 368 adulteris
603 325 794 372 aliquando
811 328 847 358 et
862 333 941 358 eum
958 320 1157 367 publicanis
1175 318 1352 361 habitent,

314 401 349 433 et
365 399 484 430 tamen
498 387 687 427 immundis
700 394 824 420 eorum
835 393 906 418 non
924 382 1227 418 commisceantur
1245 379 1355 414 aetio-

315 456 418 492 nibus
435 465 443 488 :
463 450 624 487 resiliunt
655 445 748 481 enim
771 444 816 479 ab
835 443 887 478 eis
906 447 942 478 et
969 441 1125 484 avolant,
1141 445 1178 477 et
1197 451 1278 476 cum
1297 450 1355 476 so—

314 513 479 549 cietatem
509 506 645 554 peccati
682 504 840 548 ipsorum
874 501 1067 546 refugiant,
1104 499 1355 547 peccatoribus

314 579 445 612 tamen,
463 573 502 604 u't
518 576 579 603 eos
599 575 620 600 a
635 568 865 610 peccatorum
887 562 1054 597 sordibus
1072 561 1228 596 liberent
1248 564 1355 604 atque

313 633 491 671 revocent,
530 626 740 673 plerumque
767 622 994 665 cohabitant;
1030 621 1124 657 sicut
1147 620 1319 656 Dominus
1342 629 1352 652 :

313 690 382 734 Qui
403 693 576 735 peceatum
594 695 661 720 non
687 683 779 729 feeit,
809 681 924 717 necin
952 692 1010 716 ore
1042 681 1117 726 eJ’us
1155 678 1256 714 dolus
1289 677 1355 722 suit

313 752 349 800 (Ι
367 749 461 786 Petr.
479 747 533 795 ιι),
555 756 633 782 cum
652 743 902 791 peccatoribus
919 742 1129 778 comedebat
1147 745 1184 775 et
1195 738 1353 778 bibebat,

315 811 476 848 doctrina
509 817 570 844 eos
604 804 900 847 institutioneque
927 800 1148 846 justificans,
1182 797 1283 832 etad
1301 795 1354 831 sui

315 877 511 918 provocans
528 864 804 905 aemulationem,
823 860 912 896 nihil
946 868 1070 894 eorum
1099 858 1174 903 ipse
1196 855 1354 898 imitans,

314 939 380 965 nec
392 928 436 963 ab
451 927 502 963 eis
525 924 748 970 inquinatus;
785 925 931 967 propter
958 918 1053 964 quod
1072 917 1242 952 dixerunt
1268 914 1357 950 Can·

312 989 383 1024 tica
411 986 629 1023 cantieorum
654 995 662 1018 ε
697 982 787 1017 Ecce
811 981 874 1015 iste
902 980 991 1014 venit
1016 975 1144 1012 saliens
1170 976 1207 1010 in
1232 974 1357 1009 monti-

315 1048 390 1090 bus,
409 1043 603 1080 transiliens
626 1051 729 1087 super
751 1038 854 1074 colles
879 1034 1060 1084 (Cant.11).

362 1106 512 1153 Oportet
529 1112 614 1149 ergo
633 1110 698 1137 nos
725 1099 859 1135 habere
894 1106 1001 1133 crura
1030 1094 1239 1131 sublimiora
1257 1092 1358 1139 pedi-

315 1169 397 1211 bus,
434 1175 506 1202 non
543 1162 660 1209 qualia
689 1161 891 1196 Judaeorum
920 1157 1028 1203 pedes
1064 1156 1208 1197 habent,
1242 1153 1358 1199 quiin
1378 1155 1409 1194 B

317 1227 478 1272 utrisque
498 1222 657 1269 vestigiis
671 1220 758 1262 suis,
774 1219 809 1254 in
825 1218 902 1263 lege
922 1216 1087 1252 videlicet
1104 1219 1139 1249 ct
1159 1212 1355 1259 prophetis,

315 1285 531 1327 claudicant,
553 1283 616 1318 sed
636 1280 754 1326 qualia
776 1279 909 1313 habent
923 1286 965 1312 ea
989 1285 1067 1321 quae
1094 1274 1261 1309 dicuntur
1276 1272 1359 1307 che-

316 1346 433 1382 rubin.
454 1344 504 1379 De
521 1342 648 1387 quibus
670 1339 802 1375 dietum
818 1341 872 1372 est
894 1348 901 1370 ;
928 1335 973 1370 Et
991 1345 1095 1370 crura
1118 1343 1236 1368 eorum
1255 1342 1359 1366 crura

316 1412 423 1448 recta,
462 1409 493 1439 et
524 1400 658 1448 pinnati
697 1398 798 1444 pedes
823 1406 940 1431 eorum
968 1394 1109 1442 (Ezecle.
1129 1394 1168 1439 ι).
1195 1392 1304 1427 Recte
1324 1396 1360 1426 et

314 1463 609 1503 indeclinabiliter
637 1461 673 1496 in
709 1458 923 1505 evangelicis
954 1457 1119 1503 pedibus,
1152 1455 1195 1490 de
1229 1454 1359 1499 quibus

315 1528 446 1564 dictum
469 1529 525 1561 est
549 1536 558 1558 :
585 1521 736 1558 Calccati
762 1519 861 1566 pedes
885 1519 921 1552 in
952 1516 1205 1563 prcrparatione
1239 1514 1359 1549 Evan-

315 1587 392 1633 gelii
424 1586 519 1632 pacis
554 1582 697 1629 (Eplies.
719 1580 792 1626 vl);
817 1579 876 1614 hie
903 1577 1066 1623 quamvis
1092 1584 1199 1620 super
1225 1581 1358 1610 terram

316 1647 487 1688 ambulet,
507 1643 671 1690 quamvis
698 1652 778 1676 cum
798 1639 1062 1685 peccatoribus,
1081 1635 1360 1681 dispensationis

317 1707 500 1753 cujusdam
531 1704 644 1750 gratia
672 1699 957 1746 juvaminisque,
988 1701 1240 1738 conversetur,
1273 1694 1359 1729 illud

317 1767 466 1812 implens
504 1762 733 1808 apostolicum
756 1773 763 1794 :
789 1759 824 1794 Si
855 1759 930 1804 quis
958 1768 1013 1793 vos
1038 1762 1133 1792 vocat
1166 1755 1360 1799 infidelium

315 1826 361 1863 ad
375 1834 515 1866 coenam,
526 1830 556 1858 et
573 1821 672 1857 vullis
684 1822 746 1863 ire,
762 1830 859 1854 omne
874 1818 963 1865 quod
978 1817 1069 1853 vobis
1081 1816 1274 1862 appositum
1285 1814 1360 1859 fue-

316 1888 359 1921 rit
377 1884 540 1920 comedite
555 1910 564 1927 ,
587 1881 671 1917 nihil
689 1882 938 1926 interi-oqantes
962 1883 1099 1924 propter
1114 1875 1358 1911 conscientiam

316 1944 351 1991 (Ι
366 1943 447 1979 Cor.
462 1942 512 1990 x),
534 1948 655 1978 tamen
675 1939 819 1975 volatile
850 1941 1038 1983 permanet
1054 1940 1088 1970 et
1106 1935 1259 1970 mundus
1290 1938 1358 1976 est,

317 2006 434 2042 sciens
451 2015 472 2039 a
489 2009 586 2039 terra
620 2001 776 2037 emicare
794 2004 900 2043 atque
926 1996 1083 2039 exsilire,
1102 2001 1139 2031 et
1160 2005 1231 2030 non
1246 1994 1360 2029 adhae-

316 2074 397 2101 rere
421 2062 650 2099 saecularibus
666 2058 878 2094 actionibus.
892 2058 987 2092 Bene
1002 2063 1121 2091 autem
1137 2055 1261 2090 talium
1280 2055 1358 2090 ani-
1377 2051 1406 2092 C

318 2124 464 2160 malium
481 2122 590 2157 etiam
605 2117 778 2155 vocabula
797 2117 945 2163 protulit
964 2116 1159 2162 legislator,
1180 2115 1357 2150 bruchum

317 2190 354 2221 et
370 2185 559 2225 locustum,
575 2186 732 2216 attacum
754 2184 861 2224 atque
876 2178 1125 2222 ophiomacum
1154 2176 1356 2211 nominans.

317 2246 425 2291 Cujus
435 2250 553 2279 autem
565 2241 780 2287 operationis
792 2240 863 2275 sint
875 2239 950 2274 sive
959 2237 1115 2280 virtutis,
1126 2236 1265 2271 Nahum
1281 2245 1360 2281 pro-

315 2307 423 2351 pheta
442 2304 529 2340 satis
550 2303 731 2347 explanat,
767 2300 817 2335 ait
850 2299 945 2335 enim
966 2310 973 2333 :
1006 2297 1166 2332 Brucltus
1187 2307 1358 2342 expansus

315 2371 364 2401 est
379 2370 410 2400 et
425 2363 595 2404 avolavit;
611 2360 768 2396 custodes
788 2360 838 2394 tui
856 2359 955 2405 quasi
970 2357 1111 2392 locusta?
1132 2355 1357 2398 locustarum,

315 2436 392 2472 quoe
423 2422 607 2459 considunt
638 2421 674 2454 in
697 2419 831 2466 sepibus
864 2419 900 2458 in
933 2417 988 2452 die
1014 2416 1156 2462 [riyoris
1177 2414 1358 2462 (Nahum,

315 2484 377 2531 ιιι)
409 2482 495 2519 :vel
526 2482 620 2517 sicut
650 2479 883 2524 Septuaginta
916 2487 924 2511 :
963 2476 1132 2511 Emicavit
1157 2476 1246 2510 sicat
1272 2480 1359 2510 atte-

315 2545 392 2580 laus
417 2543 621 2579 commixtus
641 2540 722 2583 tibi,
747 2540 835 2574 sicut
867 2538 1000 2573 locusta
1033 2547 1111 2583 quoe
1147 2536 1358 2572 transcendit

316 2603 502 2640 maceriam
525 2603 561 2636 in
584 2601 639 2635 die
669 2599 823 2645 frigoris,
848 2598 902 2633 Ex
918 2597 1046 2643 quibus
1065 2597 1184 2632 cernis
1214 2597 1298 2642 quia
1323 2601 1360 2631 et

318 2662 348 2696 si
366 2660 617 2706 peecatoribus
654 2658 966 2699 commisceamur,
1001 2660 1036 2691 et
1067 2656 1096 2691 si
1132 2657 1168 2690 in
1189 2654 1246 2690 die
1279 2653 1358 2702 gelu

318 2720 394 2755 sive
416 2718 564 2763 pruinae,
585 2717 622 2752 id
636 2721 704 2758 est,
720 2716 945 2751 abundantiae
961 2716 1099 2761 peccati
1118 2725 1127 2750 z
1149 2713 1235 2750 Cum
1253 2716 1357 2758 enim,

319 2778 454 2824 inquit,
495 2776 718 2812 abundaverit
751 2781 940 2821 peccatum,
977 2775 1172 2820 refriqescet
1206 2775 1359 2809 charitas

317 2840 529 2881 multorum,
563 2836 804 2872 transiliamus
826 2835 1036 2877 maceriam,
1065 2836 1246 2879 spinosam
1262 2836 1359 2871 vide-

319 2899 403 2935 licet
433 2901 662 2943 peccatorum
692 2894 1014 2936 coacervationem,
1039 2903 1112 2929 non
1136 2894 1271 2930 similes
1307 2895 1358 2929 el'-

318 2957 404 2994 fecti
427 2957 502 2999 eis,
535 2955 597 2990 sed
635 2952 864 2998 subjicientes
889 2962 950 2988 eos
975 2953 1090 2996 nobis,
1115 2958 1154 2987 ut
1180 2952 1267 2987 fiant
1296 2954 1359 2988 do·
1375 2943 1411 2981 D

318 3017 444 3063 ctrinae
459 3014 680 3058 obedientes,
701 3018 823 3059 aperte
853 3013 1034 3047 salvamus
1056 3017 1092 3048 et
1127 3013 1356 3049 salvabimur.

319 3078 422 3115 Unde
435 3076 488 3112 ait
506 3075 638 3111 Paulus
656 3084 666 3110 :
685 3073 817 3109 Factus
832 3083 907 3108 sum
923 3072 1058 3108 Judoeis
1079 3073 1168 3108 sicut
1187 3072 1212 3107 J
1215 3073 1359 3116 admits,-

318 3139 372 3174 his
379 3137 439 3184 qui
453 3137 517 3173 sub
529 3135 601 3182 leqe
617 3140 712 3178 sunt,
721 3134 822 3181 quasi
832 3133 894 3168 sub
905 3132 978 3178 leqe
991 3142 1112 3175 essem,
1125 3133 1288 3179 cumipse
1297 3133 1359 3168 sub

317 3198 390 3244 leqe
407 3207 478 3232 non
488 3205 619 3237 essem:
634 3195 687 3230 liis
706 3195 766 3241 qui
785 3194 858 3229 sine
876 3192 948 3239 leqe
965 3198 1060 3234 sunt,
1080 3193 1180 3239 quasi
1200 3193 1273 3228 sine
1289 3192 1361 3238 leqe

317 3267 439 3300 essem,
449 3254 612 3301 cumipse
620 3254 695 3290 sine
716 3252 788 3300 leqe
797 3252 863 3288 Dei
881 3262 951 3288 non
962 3262 1086 3295 essem,
1102 3252 1162 3288 sed
1173 3251 1236 3287 sub
1253 3251 1361 3298 legem

318 3327 391 3354 esse
403 3314 723 3353 Christimmm'bus
738 3313 855 3349 omnia
872 3312 985 3358 sactus
1004 3322 1096 3356 sum,
1117 3316 1156 3347 ut
1171 3322 1288 3347 omnes
1308 3311 1363 3347 lu-

320 3377 519 3422 crifacerem
535 3374 571 3423 (Ι
591 3373 672 3411 Cor.
699 3372 766 3422 rx).
789 3372 860 3409 Sed
876 3378 998 3409 tamen
1020 3373 1058 3409 in
1074 3382 1212 3410 morem
1234 3371 1364 3409 bruchi

322 3436 492 3481 impetum
504 3436 624 3472 facere
637 3439 675 3471 et
687 3434 832 3472 evolare
849 3443 999 3470 necesse
1013 3433 1202 3478 habemus,
1211 3437 1252 3475 ut
1270 3433 1364 3469 sicut

321 3495 458 3534 locusta
471 3495 546 3532 sive
566 3501 704 3532 attacus
718 3505 799 3532 esse
816 3494 878 3541 qui
898 3503 964 3540 pro
981 3492 1041 3539 huj
1046 3493 1187 3530 usmodi
1203 3497 1364 3528 attacum

322 3554 458 3599 dicunt,
480 3555 623 3591 exsilire
638 3555 816 3601 possimus
833 3560 872 3591 et
889 3554 1046 3591 emicare
1068 3564 1077 3588 z
1099 3553 1152 3590 sic
1171 3552 1269 3589 enim
1281 3557 1364 3598 apte

322 3615 523 3660 conveniet,
542 3616 638 3662 quod
654 3616 692 3652 in
725 3617 854 3654 eodem
871 3617 1049 3664 propheta
1082 3614 1246 3662 sequitur
1271 3625 1281 3649 ι
1300 3611 1364 3650 Sol

325 3679 472 3721 onus-et
489 3673 638 3712 etenum
655 3681 720 3720 est,
737 3683 771 3712 et
799 3686 870 3714 mm
893 3682 944 3713 est
962 3677 1119 3713 inventus
1142 3675 1240 3712 locus
1257 3674 1335 3722 eius
1349 3681 1363 3708 .·

327 3733 496 3790 qumis?
506 3734 748 3785 ortojustitiae
764 3736 843 3786 sole
858 3736 921 3785 qui
942 3735 1126 3777 illuminat
1140 3734 1363 3797 absmndiitlv

729 195 769 230 Β.
798 189 969 230 ΒΑΒΑΝῙ
993 189 1139 227 MAURI
1163 185 1375 224 ARCHIEP.
1403 184 1611 223 MOGUNT.
1639 182 1829 222 OPERUM
1852 181 1972 221 PARS
1995 181 2024 218 1.

314 277 416 312 ceant
434 281 494 308 eos
523 274 627 315 atque
667 267 854 306 instruant,
884 262 1163 309 permiscentur;
1198 259 1247 294 ita
1266 264 1306 294 ut
1322 262 1358 293 et
1374 263 1409 302 Α
1425 258 1582 294 emicant
1595 262 1702 302 atque
1715 257 1885 293 exsiliunt
1901 253 2008 300 hiqui
2026 261 2107 288 cum
2120 253 2370 298 peccatoribus
2383 265 2471 292 con-

2397 181 2469 219 560

1421 322 1614 353 versantur
1650 317 1694 351 ad
1729 316 1896 352 solatium
1913 313 2086 358 justitiae,
2110 317 2147 348 et
2174 312 2339 359 uoniam
2370 314 2472 352 locus

1421 378 1564 414 illorum
1584 378 1645 413 ille
1673 387 1753 413 esse
1776 374 2016 422 cognoscitur,
2034 373 2136 419 cujus
2153 373 2316 410 habitum
2332 375 2472 421 pridem

1422 439 1741 481 demonstrabant,
1789 446 1869 472 cum
1912 435 2174 480 quodammodo
2213 441 2474 474 venerarentur

1422 509 1513 544 quos
1542 504 1578 534 et
1597 503 1677 535 erat
1695 507 1842 534 necesse
1870 495 2016 532 salvari.
2043 494 2256 541 Ophiomaei
2276 501 2398 532 autem
2426 497 2472 534 ab

1423 559 1660 604 appellatione
1694 557 1948 592 manifestatur
1973 560 2010 591 et
2039 555 2176 599 virtus,
2213 566 2320 601 quem
2338 556 2474 593 imitari

1421 619 1554 653 bonum
1575 623 1645 661 est,
1678 623 1714 653 et
1748 615 2034 662 intelligibilibus
2065 625 2266 662 repugnare
2304 617 2475 662 serpenti-

1421 677 1488 712 bus
1505 689 1513 712 :
1529 677 1801 712 reminiscentes
1821 675 1916 720 quod
1933 686 2001 710 non
2026 675 2070 710 sit
2087 675 2183 710 nobis
2201 674 2397 711 colluctatio
2412 676 2476 712 ad·
2523 671 2533 691 ²

1422 749 1540 773 versus
1562 749 1700 772 carnem
1728 743 1760 773 et
1789 738 2007 784 sanquinem,
2025 737 2084 772 sed
2109 737 2273 773 adversus
2302 738 2474 784 principes
2522 725 2531 758 Ᾰ

1423 802 1454 831 et
1476 802 1685 842 potestates,
1725 796 1889 831 adversus
1925 795 2046 831 mundi
2075 801 2223 831 rectores
2256 797 2475 832 tenebrarum
2522 819 2531 843 ς

1423 859 1570 903 harum,
1616 862 1738 894 c‘ontra
1786 858 1958 904 spiritalia
1999 858 2161 905 nequitiae
2203 858 2242 892 in
2283 857 2476 894 coelestibus
2519 880 2521 883 <

1425 918 1568 965 (Ephes.
1588 919 1638 966 vl)
1664 931 1671 953 :
1695 919 1733 954 hi
1762 924 1845 954 sunt
1874 918 2004 964 quippe
2033 916 2275 964 intelligibiles
2292 923 2476 964 serpentes
2531 946 2534 959 ἵ

1423 985 1462 1016 et
1483 981 1648 1016 venenati
1671 980 1860 1016 dracones.
2523 1020 2526 1027 ⁴

1473 1040 1652 1087 Quidquid
1669 1052 1712 1077 ex
1727 1039 1923 1076 volucribus
1942 1046 2095 1086 quatuor
2123 1045 2260 1075 tantum
2285 1039 2387 1075 habet
2415 1050 2478 1086 pe·
2514 1050 2524 1092 s

1426 1103 1485 1138 des
1493 1102 1703 1139 exsecrabile
1720 1104 1784 1138 erit
1799 1102 1907 1146 vobis,
1918 1108 1949 1137 et
1958 1103 2153 1148 quicunque
2163 1102 2346 1137 morticina
2357 1112 2478 1137 eorum
2516 1098 2533 1121 ἶ·-

1428 1165 1576 1210 tetiqerit
1593 1163 1774 1210 polluitur,
1807 1170 1839 1198 et
1859 1163 2061 1198 immundus
2075 1164 2139 1198 erit
2155 1174 2263 1209 usque
2286 1163 2332 1197 ad
2362 1173 2478 1208 vespe·
2527 1182 2529 1186 ·

1427 1234 1526 1265 rum,·
1550 1228 1581 1258 et
1600 1223 1630 1257 si
1659 1233 1793 1257 necesse
1813 1221 1930 1266 suerit,
1952 1227 1988 1256 ut
2008 1227 2119 1267 portet
2143 1221 2321 1268 quidpiam
2351 1221 2478 1257 horum
2527 1225 2528 1228 ’

1426 1289 1618 1324 mortuum,
1652 1281 1781 1316 lavabit
1797 1281 2000 1316 vestimenta
2031 1292 2111 1324 sua,
2133 1287 2165 1316 et
2191 1280 2392 1316 immundus
2412 1282 2478 1317 erit

1427 1354 1533 1390 usque
1547 1343 1592 1377 ad
1607 1341 1689 1378 solis
1707 1352 1881 1377 occasum.
1906 1340 2015 1377 Omne
2029 1341 2161 1377 animal
2177 1341 2268 1388 quod
2287 1342 2390 1377 habet
2404 1343 2479 1389 qui·

1427 1406 1505 1441 dem
1526 1404 1707 1451 annulum,
1726 1403 1784 1439 sed
1806 1414 1873 1438 non
1891 1403 2013 1437 dividit
2040 1414 2130 1445 eam,
2152 1414 2212 1437 nec
2231 1403 2399 1445 ruminat,
2415 1403 2479 1438 im·
2509 1393 2523 1443 ἶ.

1426 1466 1594 1502 munaum
1612 1466 1688 1508 erit,
1709 1471 1739 1500 et
1770 1463 1937 1511 quidquid
1958 1463 2118 1509 tetiqerit,
2142 1462 2231 1498 illud
2260 1462 2478 1497 contamina-
2508 1476 2529 1514 ᾗ

1428 1528 1533 1562 bitur.
1557 1526 1628 1573 (Em
1662 1524 1866 1571 Hesyclaeio.)
1887 1524 1989 1568 Quod
2013 1523 2150 1568 reptilia
2177 1523 2376 1559 volatilium
2399 1533 2479 1570 quae
2518 1527 2519 1530 ’

1427 1588 1463 1622 in
1482 1592 1637 1633 quatuor
1656 1586 1841 1621 ambulant
1855 1585 1978 1631 pedes,
1997 1594 2061 1620 eos
2079 1583 2141 1630 qui
2159 1584 2356 1620 abutuntur
2373 1594 2479 1621 evan·
2502 1613 2519 1638 ἃ,

1428 1649 1578 1695 gelicam
1595 1648 1721 1690 vitam,
1750 1653 1786 1682 et
1802 1647 1915 1682 vitam
1937 1651 2122 1682 sectantur
2143 1646 2326 1682 sordidam
2352 1651 2388 1682 et
2406 1647 2478 1682 im·
2504 1635 2518 1645 ⁹

1428 1708 1598 1744 mundam
1619 1707 1834 1754 significent.
1855 1706 2022 1742 Dividere
2039 1711 2160 1743 autem
2182 1705 2366 1752 ungulam,
2385 1706 2480 1743 sicut

1429 1769 1487 1805 hic
1512 1768 1746 1815 Septuaginta
1780 1768 1916 1811 dicunt,
1938 1768 2000 1803 sed
2035 1778 2105 1804 non
2139 1767 2336 1810 ruminare,
2359 1767 2394 1803 id
2425 1772 2480 1804 est
2510 1779 2515 1804 ‚¹

1427 1831 1541 1878 legem
1558 1831 1860 1877 quemadmodum
1880 1835 2022 1875 oportet
2049 1829 2231 1872 meditari,
2252 1835 2288 1865 et
2321 1828 2478 1864 litteram
2498 1822 2511 1859 :⁸

1429 1892 1586 1928 dividere
1624 1892 1667 1927 ab
1691 1892 1834 1937 spiritu,
1869 1891 1930 1927 sed
1956 1901 2027 1926 non
2053 1900 2096 1926 ea
2117 1891 2249 1936 quaein
2277 1899 2319 1925 ea
2341 1890 2477 1936 scripta
2508 1879 2514 1896 ''

1429 1956 1511 1986 sunt
1527 1952 1682 1996 operari,
1702 1961 1818 1997 neque
1838 1951 1887 1986 ita
1910 1950 2116 1986 conversari
2137 1950 2174 1985 in
2191 1949 2479 1995 praecedentibus
2504 1959 2514 1972 ’-

1430 2012 1674 2054 ostendimus;
1713 2012 1807 2047 unde
1836 2011 2041 2047 necessarie
2071 2019 2196 2046 eorum
2222 2009 2424 2053 morticina,
2444 2009 2482 2046 id
2510 2022 2511 2025 ¹

1428 2075 1494 2113 est,
1521 2072 1678 2107 actiones
1696 2072 1733 2106 in
1760 2072 1890 2117 quibus
1906 2071 2046 2117 peccati
2066 2076 2182 2106 morte
2205 2070 2399 2112 intereunt,
2423 2069 2479 2104 su-

1427 2139 1512 2175 gere
1543 2131 1723 2176 praecepit,
1757 2137 1794 2166 et
1821 2132 1916 2167 nullo
1943 2131 2050 2167 modo
2086 2130 2298 2177 participari
2334 2130 2478 2173 talibus,

1428 2201 1493 2226 nee
1509 2192 1717 2237 contingere
1737 2202 1801 2234 ea;
1823 2203 1894 2228 non
1917 2193 2033 2228 solum
2054 2199 2175 2228 autem
2192 2197 2395 2239 tangentes,
2418 2192 2483 2229 sed

1428 2255 1463 2285 et
1480 2255 1662 2295 portantes
1682 2256 1742 2285 aut
1760 2252 1980 2296 accipientes
2010 2252 2194 2298 quidpiam
2220 2262 2265 2287 ex
2284 2252 2338 2288 eis
2356 2251 2495 2298 pollui·

1427 2320 1522 2345 mur.
1543 2310 1667 2345 Portat
1685 2316 1803 2346 autem
1818 2318 1980 2357 peccata,
2001 2313 2059 2357 qui
2078 2313 2165 2348 dicit
2179 2312 2313 2349 malum
2330 2312 2479 2356 bonum,

1427 2376 1463 2405 et
1494 2380 1655 2406 amarum
1678 2371 1796 2414 dulce,
1824 2378 1859 2407 et
1884 2373 2051 2408 tenebras
2070 2373 2188 2408 lucem
2219 2374 2344 2418 :quod
2372 2373 2475 2410 lsaiae

1427 2431 1611 2475 prophetae
1647 2431 1919 2476 reprehenditur
1949 2442 2058 2475 voce,
2087 2433 2171 2477 quia
2194 2442 2259 2477 per
2291 2433 2359 2469 hoc
2378 2444 2479 2470 eserv

1429 2500 1516 2526 cens
1536 2491 1645 2526 alium
1677 2491 1723 2527 ad
1739 2491 1981 2536 iniquitatem,
1999 2497 2035 2526 et
2053 2492 2211 2528 invitans
2229 2493 2275 2528 ad
2290 2493 2440 2538 malum,
2468 2522 2470 2524 .

1428 2561 1499 2596 quo
1537 2551 1728 2597 prohibere
1762 2552 1957 2595 debuerat,
1990 2561 2099 2597 super
2130 2535 2363 2599 semetipsum
2395 2564 2460 2600 qu·

1426 2611 1617 2647 dammodo
1634 2612 1784 2657 suscipit
1793 2612 1918 2658 jugum
1938 2610 2027 2659 (Isa.
2048 2611 2099 2658 v).
2126 2611 2206 2648 Non
2224 2617 2346 2649 autem
2375 2623 2444 2660 opo
2481 2638 2484 2641 -

1428 2676 1480 2707 tet
1517 2671 1720 2716 quempiam
1757 2677 1943 2716 peccatum
1981 2671 2131 2708 alterius
2172 2672 2209 2707 in
2247 2674 2440 2720 semetipsa
2466 2691 2469 2706 t

1428 2730 1638 2767 transferre.
1667 2730 1720 2766 Ob
1740 2731 1810 2767 hoc
1830 2731 1925 2767 enim
1943 2736 1980 2766 et
1996 2731 2110 2767 David
2127 2731 2177 2766 ait
2198 2742 2207 2766 :
2228 2730 2275 2766 Et
2291 2731 2335 2766 ab
2354 2731 2480 2768 alienis

1427 2802 1529 2838 parce
1564 2801 1660 2826 servo
1683 2797 1742 2825 tuo
1778 2789 1899 2837 (Psal.
1930 2790 2048 2838 xvni).
2082 2789 2121 2826 Si
2153 2791 2250 2826 enim
2279 2790 2469 2828 θΠθιιοι-ιιι

1427 2852 1623 2898 participes
1656 2851 1856 2887 efficiamur
1876 2858 2131 2898 peccatorum,
2167 2852 2343 2888 immundi
2364 2862 2455 2899 usqu
2468 2869 2477 2894 χ

1429 2913 1473 2948 ad
1489 2922 1677 2957 vesperam
1686 2915 2000 2958 permanemus9id
2011 2919 2079 2958 est,
2091 2924 2207 2960 usque
2226 2914 2310 2950 dum
2330 2924 2435 2961 agam
2457 2935 2461 2947 ι

1428 2972 1693 3017 poenitentiam,
1713 2972 1807 3009 hanc
1822 2974 1919 3009 enim
1945 2984 2135 3020 vesperam
2169 2973 2283 3010 David
2317 2974 2398 3010 aitx
2436 2990 2439 2995 Δ
2460 3016 2463 3025 s

1430 3041 1603 3077 uesperam
1637 3032 1874 3069 demorabitur
1890 3035 2008 3080 fletus,
2040 3039 2074 3070 et
2105 3034 2152 3070 ad
2183 3034 2393 3070 matutinum
2419 3034 2468 3074 Ιι..

1430 3091 1521 3126 titia.
1555 3090 1750 3138 Propterea
1772 3092 1883 3129 lavari
1913 3103 2055 3140 quoque
2085 3094 2304 3131 vestimenta
2337 3086 2461 3140 ΙοεὶεΙῙ

1430 3155 1488 3185 tor
1512 3151 1703 3197 praecepit,
1737 3157 1860 3198 aperte
1890 3153 2142 3190 demonstrans
2175 3154 2272 3204 quod
2305 3154 2432 3191 immu
2452 3147 2461 3186 ι

1431 3208 1543 3244 simus
1582 3219 1697 3255 usque
1729 3211 1815 3246 dum
1846 3212 2008 3249 actiones
2038 3217 2182 3251 nostras
2223 3214 2393 3262 lacrymis
2435 3210 2462 3246 1‘*

1430 3268 1584 3304 luamus.

1488 3331 1492 3334 <
1849 3314 2000 3352 CAPUT
2021 3317 2064 3353 Π.

1589 3371 1642 3408 De
1665 3372 1896 3409 immunditiis
1921 3375 2116 3412 morticinae
2142 3377 2321 3415 animalis.

1479 3434 1622 3484 (lem.)
1655 3435 1758 3479 Quod
1799 3436 1956 3474 ambulat
1990 3449 2096 3486 super
2123 3450 2250 3476 manus
2277 3451 2320 3477 ex
2375 3460 2379 3470 ι

1433 3496 1670 3542 animantibus
1685 3507 1764 3544 quoe
1779 3497 1944 3534 incedunt
1965 3499 2230 3548 quadrupedia,
2259 3502 2385 3544 immi}
2405 3492 2435 3544 gs

1432 3557 1521 3601 etit,-
1538 3557 1599 3604 qui
1614 3557 1765 3604 tetigerit
1779 3558 1966 3595 morticina
1989 3569 2111 3596 eorum
2133 3559 2289 3608 poclum
2357 3563 2362 3570 ’
2388 3547 2396 3569 ⁴⁷
2412 3564 2415 3567 ’
2434 3601 2437 3604 ,

1431 3626 1632 3664 vesperam3
1657 3621 1690 3652 et
1718 3617 1779 3664 qui
1798 3618 1987 3664 portaverit
2018 3618 2262 3666 huiuscemodi
2357 3626 2421 3656 wi.

1433 3673 1562 3711 lavabit
1594 3675 1796 3712 vestimenta
1813 3685 1893 3721 sua,
1916 3682 1950 3712 et
1967 3677 2170 3715 immundus
2197 3660 2308 3723 eris
2404 3679 2405 3682 ’

1432 3746 1611 3786 uesperum
1625 3736 1742 3807 :fluia
1757 3737 1875 3775 omnia
1886 3736 1967 3786 koec·
1973 3728 2159 3787 immunda
2174 3728 2273 3812 affin
2288 3722 2382 3804 gfff*
