2540 4016
28 135 37 137 ⁴
93 168 173 210 aas

620 172 890 217 fflssk'flss
904 179 1068 221 sumn
1089 184 1507 230 memnonomutt.
1533 214 1580 223 -
1602 191 1688 235 m.
1707 198 1768 237 m.

2195 213 2267 255 926

100 245 224 283 storiae
243 245 410 293 exempla
427 247 656 295 dimittimus,
678 252 745 288 sed
766 262 813 288 ex
831 264 876 291 ea
897 256 1152 305 allegoriarum
1171 267 1203 308 A
1222 264 1312 300 vivit
1342 265 1405 311 qui
1433 275 1500 312 per
1526 269 1725 314 spiritalem
1754 273 2026 330 intelligentam
2054 291 2266 331 meminus

98 315 228 350 senem
242 303 285 346 in
301 311 429 354 mente
444 308 658 355 remems-
675 309 771 356 xQuia
791 313 897 362 longo
915 321 1078 364 tempore
1090 322 1151 362 me

1223 336 1338 365 annos
1356 329 1607 376 apprehendit.

904 484 1105 537 LIBER
1153 487 1474 544 TERTIUS.

440 638 593 678 CAPUT
628 642 823 684 PRIMUM.

93 708 146 746 De
161 710 394 757 oedificatione
409 713 533 750 domus
555 727 664 762 novoe,
685 724 723 754 ut
740 730 863 757 murus
877 732 942 802 per
963 722 1150 760 circuitum

891 779 911 802 α

139 759 221 812 tecti
239 766 406 805 ponatur,
430 772 471 795 ne
491 762 698 808 effundatur
712 763 858 816 sanquis
915 767 1012 804 bente
1031 769 1149 817 aliquo

137 810 171 839 et
189 815 227 840 m
239 816 392 853 proeceps
413 815 546 844 ruente.

138 876 259 926 (inm.)
285 879 396 915 «Cum
431 881 666 919 aedificaveris
697 885 843 921 domum
874 891 1000 930 tuam,
1038 887 1150 925 facies

95 948 108 971 ‹
127 947 273 973 murum
294 939 378 974 tecti
395 950 462 986 per
485 941 690 986 circuitum,
712 954 757 980 ne
782 944 986 982 effundatur
1004 949 1150 995 sanguis

95 1009 107 1030 ‹
127 997 164 1032 in
185 997 294 1033 domo
314 1003 390 1042 tua,
417 1004 453 1035 et
475 999 524 1036 sis
551 1011 636 1037 reus
669 1001 814 1039 labente
847 1004 918 1041 alio
945 1011 982 1042 et
1001 1007 1036 1042 in
1058 1018 1149 1054 prac-

93 1069 106 1091 c
123 1068 209 1104 ceps
226 1065 367 1096 ruente.
384 1073 396 1094 ι
427 1060 640 1108 Hujusmodi
665 1070 786 1102 autem
805 1065 950 1104 fabricae
970 1070 1006 1105 in
1025 1072 1148 1118 templi

87 1118 328 1156 aedilicatione
351 1121 488 1157 mentio
515 1121 609 1159 facta
627 1129 697 1169 est,
717 1127 779 1162 ubi
799 1127 848 1163 ita
869 1130 1043 1176 scriptum
1062 1139 1117 1168 est
1136 1146 1144 1169 ε

92 1191 105 1213 ι
125 1179 170 1215 Et
208 1180 399 1217 aedificavit
434 1184 634 1221 tabulatum
668 1197 778 1234 super
815 1200 960 1228 omnem
1001 1194 1147 1231 domum

87 1240 249 1286 quinque
266 1242 397 1278 cubitis
417 1243 617 1282 altitudinis
640 1247 718 1294 (ΙΙΙ
734 1248 820 1296 Req.
838 1251 903 1299 vt).
925 1266 937 1287 ι
960 1253 1148 1291 Luriculas

86 1300 295 1346 significans
315 1312 394 1347 quze
414 1303 451 1339 in
469 1315 639 1351 supremo
665 1308 793 1346 domus
821 1317 916 1348 tecto
935 1324 1000 1359 per
1019 1315 1149 1351 circui-

85 1364 164 1396 tum
192 1367 297 1397 erant
319 1362 435 1407 sactae,
465 1375 510 1400 ne
528 1367 610 1411 quis
629 1368 672 1402 ad
694 1369 823 1406 altiora
841 1375 1069 1418 perveniens,
1092 1385 1148 1411 re-

84 1425 193 1466 pente
216 1422 402 1458 laberetur
420 1424 464 1459 ad
490 1425 575 1460 ima.
602 1427 753 1473 Mysticc
781 1437 900 1467 autem
928 1434 1086 1470 insinuat
1109 1436 1146 1471 in

85 1481 185 1516 omni
211 1486 375 1528 tempore
402 1489 528 1521 nostro
554 1489 753 1526 munimine
774 1498 882 1527 rectae
905 1492 988 1530 fidei
1006 1505 1047 1530 ac
1065 1505 1147 1540 pro-

85 1541 244 1576 tectione
274 1543 396 1578 divina
425 1554 491 1580 nos
524 1547 679 1593 erigere,
710 1555 746 1585 et
773 1558 949 1596 quantum
977 1564 1021 1590 ex
1041 1556 1145 1591 nobis

83 1606 153 1643 est,
183 1602 387 1638 custodiam
420 1604 635 1643 humilitatis
661 1610 767 1645 docet
786 1611 944 1648 babere:
965 1624 1010 1649 ne
1030 1614 1060 1650 si
1081 1615 1146 1651 ali-

84 1668 176 1704 quas
207 1662 382 1698 virtutum
422 1666 564 1710 specics
602 1668 637 1703 in
672 1670 826 1707 aedificio
862 1675 1146 1712 conversationis

83 1724 232 1764 nostrae,
267 1721 325 1757 vel
357 1723 393 1758 in
427 1726 722 1770 praedicationem
752 1731 905 1768 aliorum
924 1744 1146 1782 congregare

82 1779 250 1816 videmur
265 1809 274 1825 ,
313 1793 378 1828 per
411 1785 590 1822 incuriam
625 1795 732 1835 atque
773 1793 947 1829 desidiam
982 1802 1145 1832 nostram

82 1840 310 1886 dispereant;
332 1845 432 1889 quia,
454 1853 494 1882 ut
513 1849 658 1893 quidam
677 1852 822 1898 sapiens
843 1854 948 1898 dixit,
975 1855 1085 1899 Quasi
1106 1857 1142 1892 in

82 1907 229 1938 ventum
248 1905 433 1949 pulverem
451 1913 584 1953 portat,
604 1911 664 1956 qui
680 1912 757 1948 sinc
774 1913 977 1950 humilitate
995 1916 1145 1953 virtutes

81 1971 291 2010 congregat.
311 1965 483 2012 Quisquis
511 1980 597 2015 ergo
625 1971 707 2007 fidei
732 1974 995 2010 munimentum
1023 1977 1058 2012 in
1081 1978 1144 2013 do-

1220 653 1378 691 Fatuum
1410 657 1566 704 sapienti
1598 659 1635 696 in
1666 662 1922 708 praedicatione
1949 677 2022 706 non
2057 671 2187 717 siteies,
2225 686 2269 713 ne

1221 725 1288 762 per
1304 726 1386 752 eum
1407 717 1467 763 qui
1486 727 1562 760 rem
1583 721 1731 768 implere
1749 734 1821 760 non
1841 725 1949 771 valet,
1971 733 2007 764 et
2025 727 2074 765 illi
2095 732 2155 777 qui
2177 744 2269 779 prae-

1221 775 1317 811 valet
1343 775 1513 815 obsistas.
1540 780 1671 819 Bovem
1689 783 1819 831 quippe
1837 791 1873 822 et
1890 786 2045 832 asinum,
2077 790 2107 827 si
2126 801 2271 832 necesse

1222 835 1284 879 sit,
1303 838 1548 889 unusquisque
1579 842 1656 878 sine
1683 844 1900 883 detrimento
1919 849 2038 895 operis
2057 849 2175 898 jungit
2193 863 2201 887 :
2220 863 2273 889 sa-

1220 895 1379 941 pientem
1410 909 1496 935 vero
1512 906 1548 936 et
1562 902 1724 947 stultum,
1757 916 1829 942 non
1848 913 1886 943 ut
1904 919 1996 950 unus
2025 911 2211 958 praecipiat
2236 919 2272 950 et

1219 956 1311 993 alter
1336 959 1571 1007 obtemperet,
1607 965 1670 1000 sed
1699 971 1739 1001 ut
1767 968 1903 1013 pariter
1929 971 2058 1018 aequali
2091 978 2272 1019 potestate

1220 1020 1432 1056 annuntient
1458 1023 1607 1059 verbum
1627 1024 1706 1072 Dei,
1739 1027 1816 1064 sine
1834 1030 2007 1068 scandalo
2027 1032 2179 1080 quisque
2204 1044 2268 1071 co-

1220 1078 1327 1114 mites
1346 1079 1445 1115 facit.

1621 1128 1772 1167 CAPUT
1797 1132 1842 1169 111

1215 1182 1268 1220 De
1288 1196 1355 1220 non
1369 1187 1544 1223 induendo
1562 1190 1763 1227 vestimento
1778 1203 1820 1228 ex
1835 1192 1917 1230 lana
1931 1194 2069 1242 linoque
2087 1203 2244 1234 contexto
2255 1211 2268 1242 ;

1262 1239 1292 1267 et
1310 1233 1352 1267 de
1366 1234 1533 1278 [aniculis
1552 1236 1588 1271 in
1602 1236 1750 1281 fimbriis
1769 1250 1831 1285 per
1843 1247 1996 1287 quatuor
2009 1242 2155 1290 angulos
2169 1245 2269 1292 pallii

1264 1279 1437 1323 faciendis

1263 1353 1380 1401 (inin.)
1397 1356 1492 1393 «Non
1509 1358 1668 1396 indueris
1683 1362 1908 1405 vestimento,
1923 1363 2018 1407 quod
2031 1373 2073 1400 ex
2087 1364 2169 1400 lana
2181 1365 2268 1402 lino-

1218 1425 1230 1446 «
1250 1423 1319 1459 que
1335 1422 1541 1453 contextum
1557 1424 1623 1454 est.
1641 1434 1652 1454 ι
1672 1420 1742 1456 Per
1756 1421 1874 1456 lanam
1891 1423 2021 1468 quippe
2042 1424 2264 1470 simplicitas,

1212 1484 1277 1522 per
1309 1476 1421 1512 linum
1436 1488 1521 1515 vero
1548 1481 1730 1518 subtilitas
1761 1482 1982 1529 designatur.
2015 1484 2060 1520 Et
2094 1485 2265 1522 nimirum

1210 1536 1323 1571 vestis
1340 1546 1419 1581 quae
1435 1548 1478 1573 ex
1499 1538 1572 1575 lino
1585 1540 1738 1587 lanaque
1755 1542 1958 1587 coniicitur,
1978 1544 2090 1580 linum
2112 1545 2265 1583 interius

1211 1596 1319 1639 celat,
1347 1598 1382 1632 in
1407 1600 1598 1645 superficie
1618 1602 1736 1638 lanam
1757 1604 1994 1641 demonstrat.
2016 1605 2162 1642 Vestem
2179 1616 2265 1655 ergo

1214 1665 1260 1691 ex
1281 1656 1361 1692 lana
1384 1658 1527 1704 linoque
1542 1667 1749 1699 contextam
1774 1664 1901 1708 induit,
1921 1666 1982 1711 qui
2000 1667 2066 1702 sub
2085 1667 2266 1706 locutione

1211 1716 1427 1755 innocentiae
1446 1721 1544 1757 intus
1561 1722 1797 1760 subtilitatem
1819 1725 1912 1760 celat
1926 1725 2084 1761 malitiae.
2106 1725 2182 1763 Hoc
2209 1737 2266 1764 se-

1211 1779 1366 1814 cundum
1400 1782 1574 1818 moralem
1600 1794 1760 1820 sensum.
1795 1785 1985 1831 Caeterum,
2010 1787 2112 1833 juxta
2129 1789 2263 1835 allego-

1213 1837 1318 1881 riam,
1352 1838 1455 1876 lineis
1489 1842 1648 1879 vestibus
1666 1844 1812 1881 misceri
1834 1845 1951 1881 lanam
1977 1846 2032 1882 vel
2050 1857 2260 1894 purpuram,

1211 1900 1248 1931 et
1266 1896 1360 1933 linea
1380 1899 1555 1946 laneaque
1572 1908 1672 1938 veste
1691 1904 1803 1948 indui,
1836 1911 1890 1941 est
1907 1906 2108 1944 inordinate
2126 1908 2259 1952 vivere,

1211 1961 1248 1993 et
1265 1957 1394 1994 diversi
1415 1962 1557 2005 generis
1575 1962 1818 2007 professiones
1838 1965 1930 2002 vclle
1950 1966 2104 2004 miscere
2123 1980 2131 2003 t
2149 1974 2188 2004 ut
2205 1968 2262 2005 vel

78 2023 200 2058 ctrina
229 2034 293 2060 sua
322 2026 376 2061 vel
399 2027 436 2062 in
457 2030 633 2074 exemplis
661 2041 798 2076 ponem
828 2034 1040 2080 neglexerit,
1064 2047 1141 2073 om·
1162 2008 1191 2050 C
1211 2020 1523 2057 sanctamonialis
1548 2022 1678 2058 babeat
1708 2033 1919 2061 ornamenta
1944 2027 2176 2073 nuptiarum;
2200 2034 2263 2064 aut

81 2082 181 2118 nium
208 2084 271 2129 qui
295 2084 378 2122 inde
402 2087 657 2132 periclitantur
675 2101 866 2138 sangulne,
887 2093 956 2130 hoc
974 2101 1041 2139 est,
1064 2097 1140 2134 vita

81 2154 167 2181 reus
183 2150 254 2189 est,
277 2148 362 2192 quia
380 2159 443 2184 eos
462 2160 551 2195 quos
565 2161 713 2189 servare
731 2154 849 2199 potuit
870 2166 936 2202 per
957 2167 1061 2194 suam
1075 2168 1138 2195 ne-

81 2205 291 2252 gligentiam
311 2209 482 2254 perdidit.

488 2271 639 2309 CAPUT
673 2273 716 2310 ll.

78 2326 130 2363 De
149 2338 218 2363 non
237 2330 384 2366 serenda
406 2331 505 2367 vinea
533 2332 643 2368 altero
671 2335 823 2379 semine,
849 2348 911 2372 nec
937 2339 974 2374 in
997 2339 1078 2376 bove
1105 2347 1137 2377 et

411 2380 512 2420 asino
528 2380 633 2415 simul
650 2382 801 2418 arando.

125 2434 244 2483 (inm.)
282 2448 295 2471 t
316 2436 398 2474 Non
427 2448 528 2476 seres
558 2440 701 2477 vineam
720 2447 821 2479 tuam
849 2444 964 2481 altero
985 2446 1135 2491 semine,

82 2508 95 2533 ι
114 2507 160 2533 ue
177 2503 214 2534 et
228 2500 402 2537 sementis
419 2511 528 2547 quam
553 2503 693 2547 sevisti,
713 2510 749 2540 et
769 2515 850 2550 quae
875 2514 1075 2543 nascuntur
1091 2518 1135 2544 ex

80 2569 92 2591 ι
110 2557 230 2603 vinea,
250 2560 390 2605 pariter
410 2561 698 2601 sanctificentur.
714 2577 727 2598 ι
750 2565 903 2602 Vineam
923 2566 983 2602 hic
1001 2568 1135 2603 doctri-

75 2627 159 2651 nam
183 2627 376 2662 possumus
402 2619 617 2666 intelligere,
649 2622 726 2658 sive
754 2624 895 2669 plebem
925 2627 1134 2664 doctoribus

73 2677 320 2723 commissam,
338 2679 400 2716 ubi
415 2681 538 2720 vinum
553 2683 680 2729 gratiae
697 2685 872 2731 spiritalis
890 2687 986 2734 gigni
1012 2690 1129 2726 debet.

74 2735 145 2773 Sed
162 2736 237 2774 illic
252 2738 407 2776 alterum
427 2751 551 2779 semen
575 2754 698 2781 serere
714 2746 895 2792 probibet,
917 2750 1001 2794 quia
1017 2750 1132 2787 haerc-

73 2798 140 2835 sim
165 2799 397 2847 interponere
412 2804 561 2845 omnino
575 2815 647 2842 non
663 2809 857 2844 consentit.
882 2810 1014 2847 Semen
1033 2812 1130 2848 enim

71 2858 205 2896 bonum
222 2866 279 2897 est
294 2863 445 2902 verbum
469 2864 547 2902 Dei.
577 2865 707 2904 Semen
732 2875 853 2907 autem
874 2882 1044 2918 nequam,
1073 2884 1131 2910 er-

1209 2086 1251 2112 ea
1280 2087 1359 2123 quae
1384 2089 1423 2115 se
1451 2090 1523 2116 non
1551 2083 1745 2119 continens
1773 2086 1908 2131 nupsit,
1930 2088 2086 2131 speciem
2112 2088 2262 2134 virginis

1208 2143 1311 2183 gerat
1330 2151 1338 2174 :
1362 2140 1460 2176 omni
1478 2141 1586 2177 modo
1607 2143 1677 2178 hoc
1692 2149 1879 2189 peccatum
1899 2139 1966 2180 est.
1991 2146 2034 2182 Et
2052 2147 2083 2182 si
2103 2147 2186 2192 quid
2208 2147 2263 2183 in-

1208 2199 1466 2236 convenienter
1491 2211 1535 2236 ex
1566 2202 1710 2239 diverso
1730 2214 1863 2250 genere
1893 2205 1948 2241 vel
1976 2207 2120 2253 regione
2133 2207 2168 2242 in
2189 2207 2260 2243 vita

1207 2259 1382 2307 cujusque.
1414 2261 1633 2297 contexitur.
1661 2262 1797 2299 Verum
1822 2265 1910 2300 illud
1934 2271 2018 2302 tunc
2038 2267 2261 2312 figurabatur

1205 2318 1243 2354 in
1264 2320 1442 2363 vestibus,
1461 2322 1557 2365 quod
1575 2332 1670 2358 nunc
1692 2323 1896 2359 declaratur
1909 2325 1946 2360 in
1965 2326 2136 2361 moribus.
2163 2338 2176 2359 ‹
2188 2327 2256 2362 Fu-

1204 2377 1341 2415 niculos
1361 2378 1395 2413 in
1417 2379 1568 2416 fimbriis
1587 2380 1698 2417 facies
1710 2409 1719 2423 ,
1738 2392 1803 2426 per
1818 2390 1974 2428 quatuor
1997 2384 2145 2430 angulos
2158 2386 2256 2430 pallii

1203 2436 1254 2472 tui
1267 2447 1338 2482 quo
1358 2439 1521 2483 operiris
1534 2452 1546 2473 ι
1565 2439 1727 2477 Jusserat
1737 2452 1881 2487 quoque
1903 2442 2039 2488 Moyses
2054 2450 2092 2478 ut
2114 2444 2150 2479 in
2168 2454 2255 2490 qua-

1204 2504 1286 2535 tuor
1313 2500 1453 2546 angulis
1486 2500 1675 2546 palliorum
1704 2503 1957 2549 hyacinthinas
1978 2504 2139 2541 fimbrias
2160 2505 2255 2542 sace-

1203 2564 1284 2595 rent
1303 2559 1348 2597 ad
1366 2559 1476 2596 lsrael
1498 2561 1667 2607 populum
1692 2562 1996 2608 dignoscendum;
2019 2570 2058 2600 ut
2074 2567 2253 2611 quomodo

1202 2620 1240 2656 in
1268 2621 1479 2666 corporibus
1514 2622 1744 2660 circumcisio
1773 2625 1891 2669 gentis
1921 2624 2078 2662 Judaieae
2108 2627 2252 2674 signum

1202 2682 1317 2726 daret,
1349 2683 1400 2718 ita
1430 2688 1468 2720 et
1491 2684 1601 2720 vestis
1633 2684 1791 2731 aliquam
1814 2686 1964 2722 baberet
1997 2687 2248 2724 differentiam.

1202 2741 1272 2779 Sed
1290 2749 1327 2779 et
1342 2744 1379 2780 in
1396 2744 1590 2791 Evangelio
1605 2753 1804 2793 arguuntur
1821 2748 2060 2794 superstitiosi
2072 2750 2248 2797 magistri,

1201 2806 1295 2851 quod
1308 2811 1498 2852 captantes
1514 2818 1640 2843 auram
1661 2808 1886 2855 popularem,
1916 2815 2024 2855 atque
2043 2820 2088 2846 ex
2105 2811 2250 2847 mulier-

1200 2866 1290 2902 culis
1311 2873 1494 2903 sectantes
1511 2868 1625 2912 lucra,
1642 2868 1822 2906 faciebant
1842 2870 1995 2916 grandes
2012 2871 2186 2915 fimbrias,
2213 2878 2248 2907 et

71 2931 133 2957 ror
146 2931 254 2968 quem
269 2923 437 2964 inimicus
451 2928 559 2965 homo
575 2931 768 2969 sfflniuavjt
782 2934 817 2970 jn
833 2945 918 2981 agro
927 2936 1126 2980 Dominum,
1146 2925 1182 2965 D
1199 2929 1426 2966 acutissimas
1445 2931 1482 2966 iu
1501 2931 1554 2967 eis
1581 2932 1703 2978 spinas
1726 2932 1884 2978 ligabant
1900 2942 1908 2967 ε
1930 2937 1969 2967 ut
1988 2932 2153 2969 videlicet
2173 2943 2249 2968 am-

71 2981 166 3019 sicut
195 2983 234 3019 in
263 2984 459 3033 Evangelio
484 2988 615 3037 legitur
641 2992 783 3038 (ΜαιιΙι.
806 2995 872 3041 x1).
906 2995 977 3032 Sed
998 3007 1129 3033 caven-

71 3043 156 3079 dum
173 3051 230 3087 est
244 3047 344 3082 omni
364 3049 471 3085 modo
490 3060 536 3090 ne
559 3051 694 3098 aliquid
726 3055 968 3093 intermistum
999 3058 1036 3094 in
1062 3058 1127 3095 do-

69 3105 188 3141 ctrina
205 3115 270 3143 sua
289 3107 496 3154 inveniatur
511 3114 659 3157 erroris,
684 3125 730 3151 ne
754 3115 847 3154 sorte
876 3124 1128 3165 corrumpatur

67 3165 157 3202 vitio
183 3172 312 3210 ,nostro
340 3169 378 3207 id
407 3172 502 3217 quod
530 3183 572 3209 ex
608 3174 702 3212 dono
731 3176 834 3214 nobis
869 3178 1041 3215 collatum
1071 3187 1126 3218 est

68 3225 204 3264 divino.
241 3229 350 3268 «Non
379 3234 502 3270 arabis
519 3235 558 3271 in
576 3236 668 3273 bove
698 3238 804 3276 simul
834 3246 872 3276 et
897 3242 1013 3277 asino.
1034 3255 1046 3277 ι
1085 3242 1126 3278 ln

67 3287 172 3326 bovis
199 3291 346 3331 nomine
379 3295 534 3341 populus
572 3307 618 3334 ex
651 3299 951 3348 circumcisione,
987 3303 1126 3348 positus

68 3349 135 3391 ⁸¹11)
149 3349 237 3398 iugo
255 3351 358 3400 legis,
386 3356 585 3403 accipitur;
617 3359 654 3395 in
684 3361 786 3401 asino
812 3367 949 3408 autem,
974 3362 1125 3409 populus

67 3408 228 3455 Samium
254 3413 442 3464 pertinens
470 3416 516 3458 ad
542 3417 793 3465 Evangelium.
815 3421 853 3456 ln
870 3421 961 3458 hove
991 3423 1124 3468 quippe

68 3466 175 3511 simul
190 3477 229 3508 et
250 3473 356 3512 asino
386 3482 480 3521 arat,
505 3479 566 3524 qui
597 3481 650 3516 sic
679 3481 806 3527 recipit
829 3482 1062 3529 Evangelium
1084 3488 1124 3521 ut

66 3526 300 3576 ludificatum
324 3538 638 3584 superstitionum,
671 3551 750 3587 quae
771 3541 806 3578 in
828 3542 955 3578 umbra
977 3549 1012 3578 et
1032 3543 1123 3579 ima-

66 3590 152 3641 ΒᾸΜ
187 3604 463 3645 Ρῐᾶὲοθδεεῐθιιῐ,
505 3603 740 3639 caeremonias
774 3613 847 3639 uon
881 3602 1118 3649 derelinquat.

66 3648 170 3705 “wls
186 3665 447 3707 Wwwam
462 3660 502 3702 in
518 3662 612 3703 hove
629 3663 722 3702 bene
736 3663 961 3710 operantium
977 3664 1064 3708 vita,
1082 3664 1120 3700 in

69 3710 173 3755 ³⁸3⁴!ss
196 3715 390 3769 mter-um
419 3721 592 3764 vecordia
619 3723 812 3771 figuratur.
834 3723 926 3768 Quid
943 3729 998 3762 est
1021 3734 1118 3771 ergo,

71 3768 182 3817 ‘Nun
199 3775 479 3830 Ἥρως
494 3779 605 3829 simul
621 3785 660 3818 et
673 3781 823 3829 asinob
841 3781 942 3828 Acsi
959 3782 1115 3825 diceret:

1198 2990 1363 3027 hulantes
1377 2997 1414 3027 et
1426 2993 1604 3036 sedentes,
1620 2994 1801 3029 interdum
1819 2998 2078 3040 pungerentur,
2098 3000 2133 3029 ct
2146 2996 2246 3040 quasi

1197 3052 1265 3088 hac
1295 3054 1591 3098 commonitione,
1626 3056 1900 3091 retraherentur
1926 3054 1970 3091 ad
1992 3055 2109 3091 officia
2130 3055 2189 3091 Dei
2211 3061 2245 3090 ct

1196 3114 1399 3151 ministeria
1418 3115 1606 3152 servitutis
1622 3116 1713 3162 eJus.

1601 3187 1752 3225 CAPUT
1778 3187 1835 3222 lv.

1194 3247 1248 3284 De
1268 3259 1306 3283 eo
1326 3249 1385 3295 qui
1415 3250 1588 3295 vitupera!
1618 3257 1761 3282 uxorem
1792 3255 1891 3280 suam
1921 3244 2113 3299 objiciendo
2131 3245 2163 3279 ei
2179 3255 2240 3279 ηο-

1241 3306 1318 3331 men
1335 3297 1521 3341 pessimum
1536 3293 1775 3339 fornicationis
1793 3297 1872 3326 ame
1895 3296 2032 3336 παρείας
2048 3296 2188 3337 coepeas.

1244 3368 1256 3389 ι
1275 3355 1392 3403 (lum.)
1414 3355 1452 3389 Si
1469 3353 1610 3390 duxerit
1630 3353 1685 3387 vir
1703 3361 1863 3393 uxorem,
1876 3357 1913 3387 et
1932 3357 2054 3397 postea
2073 3351 2156 3388 odio
2174 3352 2237 3387 ha-

1196 3429 1210 3450 c
1231 3416 1362 3458 buerit,
1391 3413 1643 3459 quaesieritque
1678 3412 1887 3448 occasiones
1918 3412 2049 3458 quibus
2079 3412 2236 3448 dimittat

1195 3488 1208 3510 ι
1229 3485 1324 3516 eam,
1341 3474 1514 3519 objiciens
1533 3474 1566 3508 ei
1595 3482 1726 3509 nomen
1762 3473 1960 3519 pessimum
1981 3500 1991 3517 ,
2009 3478 2047 3510 et
2071 3474 2201 3510 dixerit
2223 3486 2231 3509 :

1192 3546 1204 3568 ι
1235 3534 1393 3571 Uxorem
1410 3534 1503 3568 lianc
1538 3531 1682 3578 accepi,
1700 3538 1739 3568 et
1770 3535 1956 3580 ingressus
1975 3533 2020 3570 ad
2044 3542 2139 3576 eam,
2159 3542 2231 3569 non

1191 3608 1204 3630 ‹
1234 3594 1354 3631 inveni
1372 3594 1547 3640 virginem
1563 3604 1574 3638 ;
1592 3593 1810 3634 tollenteam
1830 3600 1935 3641 pater
1953 3600 1990 3632 et
2009 3600 2125 3631 mater
2140 3593 2230 3641 etus,

1190 3668 1202 3690 ι
1233 3661 1270 3692 et
1287 3655 1407 3692 ferent
1423 3665 1545 3694 semim
1561 3655 1662 3701 signa
1675 3655 1895 3702 virginitatis
1913 3655 1991 3702 ejus
2008 3656 2053 3692 ad
2067 3655 2231 3692 seniores

1189 3728 1203 3751 c
1231 3716 1333 3751 urbis
1349 3714 1409 3760 qui
1438 3714 1473 3750 in
1507 3719 1611 3760 porta
1630 3718 1736 3758 sunt,
1767 3719 1805 3751 et
1823 3714 1919 3752 dicet
1951 3720 2083 3762 pater:
2103 3714 2233 3751 Filiam

1190 3791 1204 3815 ι
1232 3786 1350 3815 meam
1369 3776 1450 3815 dedi
1470 3776 1556 3814 huic
1579 3785 1743 3814 uxorem.
1768 3775 1883 3822 Quam
1900 3776 1986 3825 quia
2005 3776 2096 3822 odit,
2118 3775 2232 3825 impo-

1191 3874 1200 3895 Ἰ
