2540 4016
319 291 388 328 659

317 425 437 462 nibus.
456 423 558 459 Sicut
577 421 675 457 enim
699 421 742 456 de
765 420 906 456 caeteris
926 419 1098 466 scriptum
1119 424 1186 463 est,
1207 420 1291 467 quia
1312 430 1369 456 re-

319 486 454 532 quievit
479 493 586 531 super
605 492 667 519 eos
685 481 856 528 Spiritus,
884 481 937 518 ita
960 481 1004 518 de
1025 480 1211 519 Salvatore
1235 481 1372 519 dictum

318 552 374 583 cst
391 574 400 590 ,
452 545 614 592 requievit
656 554 760 591 super
794 554 873 578 eum
903 542 1058 590 Spiritus
1097 536 1254 587 flamini.
1301 543 1372 580 Sed

320 607 399 657 vide
437 606 522 653 quia
554 614 662 650 supra
699 602 838 639 nullum
879 603 990 639 alium
1031 598 1189 650 Spiritus
1217 603 1281 639 Dei
1318 612 1373 638 re-

321 666 500 712 quievisse
520 664 744 711 septemplici
768 664 904 700 virtute
929 664 1157 700 describitur.
1189 663 1259 700 Per
1277 663 1373 709 quod

322 727 400 762 sine
420 726 528 761 dubio
556 726 633 771 ipsa
660 724 720 760 illa
738 724 850 761 divini
878 723 1036 771 Spiritus
1062 725 1275 766 substantia;
1294 732 1374 768 quae

323 789 407 833 quia
426 798 496 823 uno
513 788 658 823 nomine
679 798 750 823 nou
779 792 922 833 poterat
944 788 1031 832 dici,
1054 787 1205 824 diversis
1220 786 1375 823 vocabu—

323 847 368 883 lis
388 848 614 894 explanatur,
645 849 872 894 requiescere
899 859 1006 894 super
1036 849 1188 895 virgam,
1222 859 1300 894 quae
1332 848 1376 884 de

325 908 435 954 stirpe
453 908 552 945 Jesse
574 910 798 956 procederet,
821 911 1070 956 prophetatur.
1086 909 1209 945 Habeo
1226 915 1262 945 et
1279 909 1376 945 aliud

324 969 585 1011 testimonium,
618 980 689 1015 quo
709 969 838 1006 docere
856 971 991 1016 possim
1019 970 1055 1005 in
1084 969 1235 1005 Domino
1259 969 1377 1004 salva-

325 1034 417 1073 tore,
441 1030 477 1065 in
511 1041 553 1066 eo
572 1030 746 1076 Spiritum
780 1019 945 1066 sancium
974 1031 1106 1066 eximio
1132 1030 1285 1075 quodam
1317 1039 1377 1074 ge-

325 1100 424 1131 nere,
446 1095 482 1125 et
498 1090 602 1134 longe
622 1091 727 1125 aliter
743 1091 965 1135 requievisse
991 1100 1097 1135 quam
1123 1090 1236 1125 fertur
1259 1090 1293 1124 in
1311 1099 1378 1124 cae-

327 1150 427 1185 teris.
462 1149 556 1185 Dicit
575 1149 729 1186 Joannes
761 1151 920 1195 Baptista
953 1151 996 1186 de
1022 1160 1095 1186 eo:
1120 1149 1188 1193 Qui
1219 1151 1310 1185 misit
1324 1160 1377 1184 me

327 1209 502 1255 baptizare
518 1211 554 1244 in
570 1221 676 1256 aqna,
691 1210 749 1245 ille
766 1211 850 1245 milii
874 1211 963 1245 dixit
983 1220 994 1244 :
1010 1210 1120 1257 Super
1137 1221 1236 1256 quem
1252 1210 1376 1245 videris

745 289 786 324 B.
814 285 985 324 RAB'ANI
1011 286 1158 324 MAURI
1183 286 1396 329 ARCHIEP.
1421 288 1627 327 MOGUNT.
1655 290 1845 329 OPERUM
1868 288 1988 328 PARS
2014 290 2041 326 1.
2411 332 2413 334 ,

318 361 506 401 ostendisti
525 361 570 397 de
595 358 740 397 Christo
758 360 934 406 scriptum
956 370 1066 405 quam
1089 358 1238 406 reliquis
1256 360 1372 397 homi·
1389 363 1424 404 A
1439 363 1479 403 ln
1495 365 1730 410 sequentibus
1741 375 1828 403 vero
1843 371 2011 412 tanquam
2026 375 2092 411 pro
2111 364 2214 411 culpa
2231 364 2391 402 ablatum
2407 374 2430 402 3

1437 435 1568 462 munus
1587 426 1746 471 reposcit
1767 431 1804 462 et
1821 426 1908 463 dicit
1929 436 1939 461 2
1956 425 2074 462 Redde
2103 425 2189 461 mihi
2210 425 2370 462 laetitiam
2390 437 2430 463 sa
2476 434 2478 436 ’

1437 487 1524 522 turis
1547 487 1598 522 tui
1614 497 1626 522 .·
1641 492 1673 522 et
1689 486 1815 532 spiritu
1829 485 2013 531 principati
2039 486 2210 531 confirma
2237 496 2293 521 me
2321 485 2487 533 (lew).

1439 545 1532 589 Quid
1557 555 1644 581 vero
1659 545 1772 580 etiam
1790 545 1836 580 de
1852 543 2045 581 Salomone
2058 555 2338 582 commemorem
2349 572 2360 588 ,
2378 555 2487 591 quem

1439 615 1546 643 nemo
1565 605 1689 651 utique
1707 605 1900 648 dicet‚·aut
1918 604 1995 640 sine
2011 604 2148 650 Spiritu
2164 610 2292 642 saneto
2309 605 2490 652 judicasse

1435 665 1571 710 iudicia
1583 677 1593 708 ;
1607 665 1664 701 vel
1680 665 1850 710 templum
1865 664 2017 700 Domino
2035 665 2300 709 construxisse3
2329 671 2391 702 aut
2408 676 2489 702 rur·-

1440 735 1503 762 sus
1538 726 1575 760 111
1608 730 1734 760 sancto
1763 723 1900 770 Spiritu
1929 723 2150 761 daemonibus
2183 726 2316 771 templa
2342 725 2488 768 secisse,
2509 743 2518 750 -·

1441 791 1504 823 aut
1521 785 1641 831 impiis
1661 785 1873 821 mulieribus
1891 783 2034 822 flexisse
2050 785 2165 822 latera
2184 795 2263 822 sua.
2290 786 2408 822 Etiam
2429 785 2490 822 ille
2511 786 2519 807 ἒ

1441 847 1630 892 propheta,
1656 847 1716 892 qui
1747 846 1783 881 in
1812 846 1918 882 tertio
1950 856 2142 892 regnorum
2173 846 2267 882 libro
2296 846 2335 881 111
2365 845 2512 882 Bethel

1443 906 1653 942 mittebatur
1681 917 1701 941 a
1730 906 1897 948 Domino.
1929 906 1965 942 in
1985 906 2123 951 Spiritu
2147 906 2271 951 utique
2290 905 2355 940 Dei
2379 906 2491 941 verba

1442 967 1583 1003 locutus
1601 972 1671 1009 est;
1695 977 1766 1002 non
1785 974 1906 1002 tamen
1927 967 1962 1002 in
1985 966 2121 1012 Spiritu
2141 966 2203 1001 Dei
2233 965 2492 1011 praevaricatus

1445 1037 1524 1063 esse
1543 1032 1760 1072 praeceptum
1787 1026 1928 1061 Domini
1955 1025 2153 1062 credendus
2173 1030 2241 1068 est,
2273 1035 2343 1070 quo
2371 1023 2493 1069 jussus

1445 1084 1561 1121 fuerat
1596 1095 1668 1120 non
1700 1085 1917 1120 manducare
1947 1095 2075 1130 panem
2110 1085 2145 1120 in
2173 1084 2297 1119 Bethel
2317 1095 2325 1119 :
2346 1090 2494 1130 propter

1446 1145 1541 1191 quod
1559 1152 1594 1180 et
1610 1155 1629 1180 a
1647 1145 1749 1180 leone
1767 1145 1956 1190 perimitur
1975 1144 2061 1192 (ΙΙΙ
2080 1144 2164 1189 Req.
2194 1146 2295 1192 xm).
2327 1145 2397 1182 Sed
2416 1147 2494 1181 lon-

1447 1216 1529 1251 gum
1548 1210 1601 1240 est
1622 1206 1673 1240 ire
1693 1215 1757 1250 per
1781 1205 1952 1251 singulos.
1982 1205 2056 1250 Ego
2076 1210 2197 1240 autem
2228 1205 2312 1241 licet
2339 1216 2410 1241 non
2434 1216 2496 1242 us-

328 1271 500 1317 Spiritum
524 1272 589 1306 Dei
616 1273 875 1307 descendentem
901 1279 932 1308 et
959 1279 1151 1308 mammem
1170 1274 1205 1308 iu
1225 1284 1277 1313 eo,
1307 1273 1378 1317 ipse
1397 1260 1428 1299 B
1447 1275 1660 1310 quequafflle
1692 1265 1934 1310 pronuntiem,
1971 1269 2055 1310 PU¹⁴0
2088 1271 2207 1300 131¹]ssss
2237 1266 2330 1310 (111οἆ
2352 1265 2387 1300 ῘΠ
2405 1275 2495 1300 ΠΟΠ·
2531 1293 2540 1307 ;

327 1327 376 1365 est
399 1330 530 1376 (Joczn.
555 1331 609 1377 1).
642 1331 678 1366 Si
712 1332 862 1367 dixisset
895 1332 1063 1377 Spiritum
1100 1333 1376 1374 descendentem,

326 1394 362 1425 et
394 1400 464 1424 non
493 1390 716 1433 addidisset,
750 1398 779 1426 et
808 1398 1002 1426 manentem
1024 1393 1059 1426 in
1084 1403 1146 1435 eo,
1164 1393 1254 1427 nihil
1282 1403 1377 1437 prae-

329 1451 471 1494 cipuum
510 1460 530 1484 a
570 1451 709 1485 caeteris
758 1451 892 1486 habere
932 1451 1125 1486 videretur.
1171 1451 1273 1486 Nune
1318 1462 1380 1486 au-

328 1514 398 1545 tcin
418 1510 552 1545 addidit
568 1517 598 1545 et
628 1517 822 1545 manentem
844 1512 880 1546 in
898 1523 951 1553 eo,
979 1517 1016 1546 ut
1032 1517 1128 1548 esset
1144 1512 1213 1547 hoc
1231 1512 1323 1557 signi
1343 1513 1380 1547 in

329 1569 528 1613 Salvatorc‚
551 1572 645 1616 quod
675 1572 710 1606 iu
739 1571 837 1607 1111110
859 1573 928 1608 alio
947 1573 1061 1618 possit
1077 1574 1232 1609 ostendi.
1256 1574 1379 1608 Denuo

329 1632 424 1667 enirn
446 1632 620 1678 scriptum
648 1638 703 1667 est
718 1633 800 1678 quia
819 1634 991 1668 manserit
1009 1634 1044 1668 iu
1066 1644 1109 1670 eo
1128 1634 1282 1680 Spiritus
1298 1644 1380 1669 san-

329 1698 421 1727 ctus.
437 1692 481 1727 Et
500 1703 543 1728 ne
562 1694 640 1738 quis
657 1699 757 1738 putet
772 1704 828 1728 me
848 1694 881 1728 in
901 1694 969 1730 hoc
989 1695 1164 1740 derogare
1178 1696 1379 1740 prophetis,

331 1752 448 1787 sciunt
478 1753 558 1797 ipsi,
592 1753 675 1798 quia
709 1764 778 1788 non
805 1754 891 1799 ipsis
925 1755 1070 1800 derogo,
1104 1756 1298 1800 praeferens
1328 1755 1382 1790 eis

330 1808 523 1848 Dominum
556 1823 673 1848 meum
699 1812 820 1849 Jesnm
853 1813 1047 1850 Christum.
1082 1814 1257 1850 Recolunt
1285 1815 1380 1850 enim

331 1872 457 1919 singuli
480 1873 574 1908 dicta
599 1884 676 1916 sua,
704 1879 740 1910 et
769 1874 967 1916 inveniunt,
991 1875 1085 1919 quod
1113 1875 1156 1910 dc
1186 1875 1283 1910 nullo
1313 1875 1382 1909 alio

331 1934 465 1970 dictum
485 1940 551 1978 est,
569 1934 653 1980 quia
671 1941 849 1981 peccatum
870 1945 939 1970 non
960 1934 1060 1980 fecit,
1079 1946 1138 1970 nec
1158 1935 1314 1970 int-entus
1333 1940 1382 1969 est

332 1993 432 2029 dolus
449 1994 485 2028 in
511 2005 568 2029 ore
586 1994 660 2039 ejus
685 1993 773 2040 (Isa.
794 1993 886 2039 tul).
911 1993 999 2037 Quia
1016 1994 1111 2029 enim
1135 1993 1232 2030 solus
1246 2000 1302 2030 est
1321 1995 1382 2040 qui

331 2057 518 2097 peccatum
546 2061 618 2086 non
634 2051 731 2094 fecit,
763 2052 898 2088 idcirco
917 2053 952 2087 in
973 2052 1048 2098 ipso
1078 2052 1154 2088 solo
1176 2053 1320 2097 mansit,
1349 2060 1384 2089 et

331 2111 530 2155 permansit
551 2111 706 2157 Spiritus
728 2118 899 2148 sanctus>
914 2111 953 2147 Si
972 2113 1067 2148 enim
1085 2113 1162 2159 ipse
1176 2119 1232 2149 est
1248 2115 1291 2150 de
1311 2125 1383 2160 quo

333 2169 514 2216 singulare
538 2170 671 2216 aliquid
694 2176 729 2206 et
756 2171 928 2206 eximium
948 2172 1095 2215 dicitur,
1117 2173 1185 2209 hoc
1206 2174 1300 2219 quod
1324 2185 1382 2211 su-
1402 2158 1432 2199 C

335 2235 400 2274 pra
418 2230 585 2273 diximus,
605 2230 688 2276 quia
715 2236 903 2276 peccatum
932 2243 1003 2268 non
1024 2232 1121 2275 fecit,
1143 2239 1283 2269 constat
1301 2235 1386 2270 reli-

336 2299 426 2336 quos
446 2299 571 2326 omnes
594 2289 704 2326 fuisse
722 2292 787 2327 sub
816 2297 977 2337 peccato.
1000 2291 1038 2328 Si
1058 2303 1193 2335 omnes,
1219 2303 1384 2330 necessa-

334 2349 389 2385 rio
410 2353 446 2385 et
465 2350 671 2395 prophetas.
702 2350 746 2386 Et
762 2352 940 2397 quomodo
966 2353 1146 2395 convenit,
1169 2358 1207 2388 ut
1226 2357 1385 2399 tempore

336 2409 476 2456 peccati
495 2410 671 2446 mansisse
695 2411 729 2445 in
750 2411 803 2447 eis
827 2411 989 2447 dicamus
1004 2411 1179 2458 Spiritum
1198 2414 1384 2449 sanctum?

334 2469 406 2504 Aut
424 2469 454 2504 si
472 2469 535 2505 tibi
557 2469 766 2506 incredibile
794 2471 956 2507 videatur
974 2473 1168 2518 prophetas
1192 2478 1384 2519 postquam

335 2535 548 2576 acceperant
583 2529 753 2577 Spiritum
795 2538 972 2575 sanctum,
1014 2533 1173 2579 potuisse
1216 2544 1383 2580 peceare,

334 2589 449 2625 adhuc
469 2590 514 2626 ad
533 2590 650 2636 ipsum
672 2590 817 2638 Moysen
838 2603 945 2639 quem
964 2593 1139 2630 habemus
1165 2594 1200 2629 111
1220 2595 1385 2630 manibus

334 2655 571 2695 revertamur,
607 2653 667 2697 qui
692 2653 816 2699 utique
849 2654 1028 2691 maximus
1059 2660 1128 2698 est,
1162 2660 1199 2691 et
1231 2656 1385 2692 eximius

334 2711 606 2756 prophetarum.
632 2711 710 2757 Ipse
743 2713 915 2749 describit
938 2718 974 2750 et
999 2715 1244 2751 testimonium
1263 2716 1324 2751 dat
1341 2716 1385 2751 de

336 2766 542 2817 semetipso,
581 2772 664 2817 quia
683 2775 887 2818 peccaverit
915 2775 952 2810 111
983 2785 1025 2811 eo
1054 2776 1149 2822 quod
1174 2776 1265 2812 dixit
1286 2788 1294 2812 ε
1312 2776 1385 2812 Au-

335 2830 406 2866 dite
423 2831 492 2875 me,
508 2830 680 2867 increduli
695 2842 706 2866 :
725 2831 761 2866 N
763 2833 893 2879 unquid
908 2834 950 2868 de
964 2840 1061 2880 petra
1076 2836 1144 2870 ista
1159 2836 1385 2882 producimus

336 2891 428 2927 vobis
453 2892 604 2939 aquam?
623 2891 754 2938 (Exod.
779 2894 889 2940 xvn.)
910 2894 949 2929 In
975 2896 1030 2931 his
1063 2896 1159 2931 enim
1189 2897 1294 2933 dictis
1314 2909 1386 2934 non

337 2950 575 2987 sanctificavit
606 2950 797 2986 Dominum
819 2952 856 2987 in
890 2962 982 2998 aqua
1004 2955 1316 2998 contradictionis,
1349 2956 1386 2991 id

338 3016 408 3053 est,
426 3019 498 3045 non
519 3015 574 3045 est
599 3009 756 3046 confisus
786 3011 824 3045 in
853 3011 982 3047 virtute
1000 3011 1077 3055 Dei,
1094 3018 1131 3048 et
1149 3013 1238 3048 dixit
1264 3026 1271 3050 ι
1294 3014 1384 3058 Quia

336 3075 464 3117 petens
482 3074 537 3106 est
553 3069 648 3106 Deus
667 3070 710 3105 de
733 3076 834 3116 petra
862 3071 930 3106 ista
946 3071 1002 3107 vel
1021 3071 1090 3107 hac
1113 3072 1267 3109 educere
1283 3075 1384 3110 vobis

338 3139 489 3174 aquam3
518 3130 579 3165 sed
610 3130 712 3176 quasi
738 3140 782 3166 ex
807 3129 1012 3174 diffidentiae
1033 3129 1216 3176 cujusdam
1247 3132 1384 3180 fragili-

338 3196 412 3228 tate
426 3190 612 3236 respondit
627 3189 750 3226 dicens
773 3200 782 3227 :
806 3190 974 3236 Nunquid
996 3192 1194 3237 poterimus
1214 3193 1315 3229 vobis
1341 3194 1385 3229 de

335 3255 440 3298 petra
455 3250 524 3285 hac
538 3250 691 3285 educere
708 3248 861 3295 aquam?
876 3249 966 3294 Quia
988 3259 1074 3296 ergo
1089 3256 1275 3296 peccatum
1296 3252 1329 3286 ei
1348 3252 1384 3287 in

337 3311 394 3348 his
423 3310 544 3346 verbis
574 3314 760 3356 reputatur
792 3319 813 3344 a
839 3309 1003 3354 Domino,
1038 3315 1177 3346 certum
1209 3315 1264 3346 est
1289 3312 1385 3356 quod

338 3372 416 3408 haec
435 3380 517 3406 cum
535 3369 756 3416 loqueretur,
784 3379 856 3406 non
874 3370 918 3406 de
934 3366 1070 3416 Spiritu
1091 3375 1216 3407 sancto
1243 3370 1385 3407 locutus

340 3431 402 3474 sit,
421 3430 484 3466 sed
502 3430 548 3467 de
563 3429 693 3476 spiritu
713 3430 869 3476 peccati.
894 3428 997 3474 Quod
1013 3430 1043 3466 si
1063 3423 1259 3478 Scripturte
1286 3431 1387 3467 testi-

339 3491 461 3527 monio
486 3496 606 3528 tantus
630 3491 805 3538 propheta
823 3490 964 3539 Moyses
980 3492 1182 3528 ostenditur
1197 3491 1387 3538 aliquando

338 3551 508 3589 habuisse
521 3549 694 3598 Spiritum
709 3552 787 3596 Dei,
804 3551 994 3598 aliquando
1009 3562 1096 3588 vero
1112 3561 1184 3588 nou
1202 3551 1385 3605 habuisse,

338 3612 479 3660 peccati
497 3612 634 3650 scilieet
654 3614 826 3660 tempore,
851 3618 992 3650 certum
1013 3617 1070 3650 est
1086 3613 1170 3660 quia
1189 3617 1226 3649 et
1241 3611 1286 3649 de
1301 3610 1387 3654 reli-

339 3675 420 3721 quis
435 3673 620 3722 prophetis
635 3674 763 3711 similis
782 3673 897 3710 forma
914 3675 1067 3711 tenenda
1081 3673 1140 3711 sit.
1160 3672 1252 3717 Quid
1266 3675 1388 3709 autem

340 3731 509 3786 deDavid
530 3734 647 3771 dicam
659 3760 671 3779 ,
691 3734 754 3780 qui
779 3733 917 3780 Spiritu
944 3739 1068 3770 sancto
1087 3738 1259 3780 tanquam
1274 3731 1390 3779 possit

317 3803 320 3805 ·
343 3790 491 3837 auferri,
509 3798 590 3830 orat
612 3804 658 3830 ne
675 3793 860 3830 auferatur
876 3799 912 3831 et
932 3794 1018 3830 dicit
1037 3806 1046 3830 z
1066 3793 1123 3830 Ne
1147 3793 1314 3839 projicias
1334 3803 1388 3828 me

334 3861 368 3890 ,α
377 3843 468 3900 facie
479 3858 554 3899 tua,
563 3861 594 3890 et
605 3854 764 3901 spiritum
779 3861 877 3891 tuum
895 3866 938 3892 ne
951 3852 1094 3902 auferas
1111 3866 1132 3891 a
1143 3860 1195 3890 me
1210 3850 1322 3903 (Paul.
1336 3855 1385 3903 1,).

1444 1326 1550 1361 nullis
1589 1326 1697 1360 etiam
1714 1336 1719 1341 ·
1735 1326 1985 1362 communibus
2019 1327 2203 1361 hominum
2239 1327 2348 1371 gestis
2366 1354 2375 1369 ,
2413 1336 2494 1372 quse
2528 1316 2540 1380 Ξ

1445 1385 1607 1430 quamvis
1627 1390 1776 1429 peccato
1796 1395 1865 1420 non
1884 1392 2051 1428 careant,
2073 1396 2143 1421 non
2170 1391 2292 1421 tamen
2315 1386 2421 1432 digna
2441 1386 2495 1421 vi·

1446 1445 1612 1487 deantur,
1633 1445 1762 1490 quibus
1780 1445 1954 1481 interesse
1974 1444 2149 1490 Spiritum
2168 1452 2332 1482 sanctum
2362 1447 2494 1482 dixeri·

1446 1515 1527 1540 mus
1544 1516 1550 1538 :
1573 1509 1613 1539 ut
1631 1504 1732 1540 verbi
1754 1505 1881 1550 gratia,
1907 1504 2083 1540 connubia
2102 1505 2258 1551 legitima
2276 1512 2399 1542 carent
2419 1506 2498 1552 qui·
2532 1495 2540 1555 Ξ

1448 1565 1527 1599 dem
1549 1569 1709 1609 peccato,
1731 1573 1775 1598 ne
1803 1569 1922 1599 tamen
1942 1565 2095 1610 tempori
2116 1565 2181 1608 1111,
2200 1575 2271 1610 quo
2291 1564 2499 1612 conjugales
2531 1576 2540 1613 j·

1448 1629 1550 1659 actus
1578 1628 1766 1669 geruntur,
1796 1624 1987 1668 praesentia
2019 1623 2173 1670 Spiritus
2199 1626 2312 1661 saneti
2338 1626 2495 1669 dabitur,

1448 1683 1557 1718 etiam
1575 1683 1606 1718 si
1637 1684 1813 1729 propheta
1834 1693 1912 1719 esse
1931 1684 2110 1727 videatur,
2135 1685 2195 1730 qui
2210 1684 2325 1721 officio
2343 1695 2496 1731 genera·
2536 1694 2540 1697 ·

1449 1746 1556 1781 tionis
1585 1744 1805 1790 obsequitur.
1845 1745 1914 1780 Sed
1935 1746 2005 1781 alia
2033 1745 2137 1791 plura
2169 1752 2264 1790 sunt,
2299 1747 2334 1782 in
2365 1747 2496 1793 quibus
2534 1761 2540 1763 ·

1450 1806 1523 1841 sola
1544 1805 1611 1842 sibi
1639 1804 1769 1841 sufficit
1795 1806 1848 1841 vis
1875 1806 2044 1850 humana,
2076 1813 2112 1842 et
2135 1817 2251 1853 neque
2271 1817 2329 1843 res
2348 1808 2495 1854 indiget,

1449 1876 1566 1911 neque
1583 1866 1686 1902 decet
1704 1867 1828 1902 adesse
1845 1868 2075 1911 praesentiam
2091 1869 2204 1904 sancti
2228 1868 2397 1915 Spiritus.
2427 1868 2500 1905 Sed
2535 1862 2540 1893 i

1450 1928 1486 1963 in
1506 1928 1583 1963 haec
1611 1938 1675 1974 per
1701 1938 1891 1965 excessum
1925 1931 2116 1974 quemdam
2148 1931 2379 1975 incurrimus,
2412 1931 2498 1967 dum

1451 1989 1640 2024 ostendere
1657 1988 1834 2033 volumus,
1857 1999 1964 2034 super
1980 1990 2094 2026 solum
2109 1991 2300 2027 Dominum
2318 1997 2354 2027 et
2376 1991 2500 2027 Salva-

1451 2054 1567 2085 torem
1583 2061 1701 2085 mcum
1720 2050 1856 2094 Jesum,
1875 2052 2050 2088 mansisse
2070 2051 2243 2097 Spiritum
2263 2052 2349 2108 Dei3
2368 2053 2404 2088 in
2427 2062 2498 2088 cae-

1453 2109 1539 2145 teris
1554 2116 1674 2145 autem
1690 2111 1855 2147 omnibus
1874 2112 2020 2155 sanctis,
2042 2112 2135 2148 sicut
2149 2117 2185 2148 et
2202 2112 2238 2148 in
2267 2111 2500 2158 Septuaginta
2536 2138 2540 2139 γ

1454 2169 1671 2212 senioribus,
1692 2181 1711 2206 a
1727 2171 1857 2216 quibus
1870 2172 1970 2207 verbi
1987 2172 2092 2218 hujus
2106 2172 2281 2218 processit
2296 2173 2499 2216 exordium,

1453 2230 1673 2275 requievisse
1703 2230 1878 2276 Spiritum
1900 2232 1964 2267 Dei
1985 2236 2140 2275 tantum,
2161 2237 2196 2268 et
2214 2236 2400 2277 operatum
2421 2240 2506 2267 esse

1452 2289 1710 2334 interpretatur
1729 2300 1769 2326 ea
1789 2301 1867 2336 quae
1885 2291 2121 2336 expediebant
2140 2291 2197 2327 his
2222 2301 2288 2337 per
2303 2300 2393 2337 quos
2409 2300 2498 2336 ope·
2536 2310 2540 2311 ν

1453 2350 1616 2394 rabatur,
1632 2357 1667 2387 et
1685 2357 1724 2386 ut
1742 2352 1827 2387 utile
1851 2358 1930 2387 erat
1946 2353 2000 2388 his
2023 2353 2152 2397 quibus
2171 2353 2436 2388 ministrabant.

1501 2410 1754 2445 Remanseram
1786 2412 1823 2445 in
1855 2413 1979 2446 castris
2009 2419 2124 2447 autem
2152 2412 2222 2446 duo
2250 2412 2331 2454 viri,
2354 2421 2503 2458 quorum
2537 2422 2540 2430 ²

1453 2484 1543 2508 unus
1563 2473 1749 2508 vocabatur
1764 2472 1894 2515 Eldad,
1913 2479 1946 2508 et
1959 2472 2047 2508 atter
2062 2472 2205 2514 Medad,
2225 2483 2330 2519 super
2344 2483 2430 2517 quos
2448 2483 2503 2506 re-

1451 2535 1578 2580 quievit
1597 2534 1762 2580 Spiritus.
1780 2534 1816 2569 N
1819 2545 1875 2569 am
1891 2540 1923 2569 et
1940 2534 2006 2580 ipsi
2031 2534 2193 2579 descripti
2207 2533 2345 2578 fuerant
2372 2538 2406 2567 et
2432 2543 2502 2567 non

1453 2595 1611 2630 exierunt
1627 2595 1671 2629 ad
1692 2594 1967 2631 tabernaculum.
1989 2593 2068 2628 Non
2085 2594 2132 2628 oh
2145 2597 2392 2638 contemptum
2411 2601 2504 2638 prae-
2534 2606 2540 2634 i

1452 2656 1548 2702 cepti
1566 2655 1722 2698 Domini,
1739 2655 1801 2691 sed
1826 2655 1940 2701 magis
1960 2654 2006 2690 ob
2027 2655 2251 2691 devotionem
2271 2653 2503 2696 humilitatis.
2534 2650 2540 2673 ἶ

1453 2717 1491 2753 111
1509 2717 1638 2753 castris
1667 2716 1704 2752 hi
1735 2717 1804 2753 duo
1822 2717 1890 2752 viri
1915 2722 2179 2760 remanserunt,
2214 2716 2317 2762 quasi
2335 2716 2502 2760 indignos
2535 2723 2540 2728 ·

1453 2778 1667 2823 semetipsos
1691 2777 1893 2823 judicantes
1911 2778 1956 2813 ad
1971 2776 2238 2822 perceptionem
2258 2775 2350 2811 131111
2374 2783 2503 2810 mune-

1453 2838 1518 2874 ris.
1537 2837 1582 2872 Et
1610 2836 1690 2872 ideo
1713 2837 1894 2881 inspector
1923 2836 2083 2872 cordium
2111 2835 2238 2882 dignos
2253 2832 2504 2878 eosjudicavit
2528 2834 2540 2870 ’..

1453 2897 1569 2943 gratia
1590 2896 1745 2942 Spiritus
1760 2897 1815 2932 sui
1832 2909 1840 2932 :
1859 2906 2012 2943 quorum
2028 2901 2104 2932 1013
2117 2895 2270 2932 intentio
2285 2893 2502 2931 humilitatis
2530 2903 2540 2916 -·

1452 2957 1586 2992 virtute
1605 2957 1777 2993 adornata
1793 2956 1871 2993 suit.
2531 2988 2540 2993 ἑ

1501 3014 1655 3062 Cumque
1672 3016 1917 3062 prophetarent
1943 3016 1981 3050 in
2006 3015 2153 3058 eastris,
2187 3013 2342 3049 acuerit
2368 3022 2456 3060 puer
2468 3018 2510 3048 ιε’
2526 3025 2540 3050 a.

1456 3075 1625 3110 nuntiavit
1650 3073 1764 3120 Moysi
1789 3075 1906 3110 dicens
1921 3085 1935 3111 .·
1952 3073 2069 3112 ΕΙάαά
2087 3079 2120 3110 et
2148 3072 2275 3109 Medati
2294 3072 2509 3119 propt-etant

1455 3135 1492 3170 in
1519 3135 1654 3170 castris.
1678 3133 1807 3170 Statim
1825 3134 1947 3176 Josue,
1966 3133 2061 3179 filius
2086 3133 2187 3176 Nun,
2212 3133 2370 3169 „enimv
2386 3109 2540 3177 noym]

1456 3201 1487 3229 et
1506 3193 1631 3230 electus
1648 3193 1691 3228 de
1707 3193 1879 3239 pluribus,
1898 3194 1946 3228 ait
1966 3204 1978 3230 .·
2001 3193 2147 3229 Domine
2163 3192 2227 3235 mi,
2244 3191 2396 3238 Moyses,
2417 3190 2540 3238 promi-f

1455 3257 1533 3291 hibe
1564 3266 1635 3291 eos.
1667 3255 1711 3289 At
1732 3254 1790 3289 ille
1805 3265 1817 3288 :
1839 3254 1949 3297 Quid,
1981 3254 2106 3299 inquit,
2139 3252 2318 3290 aemularis
2341 3259 2404 3299 pro
2420 3251 2540 3288 neit*

1457 3313 1543 3356 Quis
1558 3313 1706 3354 tribuat,
1736 3317 1773 3346 ut
1800 3313 1912 3347 omnis
1932 3311 2080 3357 populns
2113 3312 2300 3357 prophetet,
2316 3317 2352 3346 et
2373 3311 2434 3347 dot
2451 3310 2524 3346 ein·-

1451 3372 1622 3409 Domimts
1642 3370 1811 3418 Spiritum
1830 3371 1958 3407 suum?
1986 3370 2050 3407 Pia
2067 3374 2255 3415 pastorum
2273 3374 2393 3414 meas,
2414 3370 2476 3416 qui

1453 3443 1525 3471 11011
1538 3431 1721 3479 propriam
1748 3431 1914 3477 gloriam,
1933 3430 1996 3466 sed
2019 3430 2178 3466 auctoris
2194 3430 2343 3476 (μισητῆς
2364 3430 2409 3467 ab
2423 3439 2514 3467 ‹am-s

1453 3492 1560 3529 nibus
1571 3491 1648 3529 vult
1661 3489 1823 3536 adjuvari
1839 3490 1936 3536 quod
1947 3488 2035 3535 agit.
2050 3488 2184 3526 Fidelis
2198 3496 2355 3537 namque
2370 3499 2395 3537 p

1455 3556 1558 3588 cator
1574 3554 1674 3596 optat
1690 3549 1723 3587 si
1739 3547 1819 3585 fieri
1835 3547 1973 3591 valeat,
1993 3552 2035 3584 ut
2053 3547 2256 3592 veritatem,
2273 3557 2384 3595 (Imm
2398 3557 2440 3585 30

1454 3610 1553 3657 loqui
1571 3619 1644 3648 non
1661 3606 1803 3655 sufficit,
1814 3617 1882 3645 ora
1896 3611 2106 3644 cunctorum
2124 3611 2266 3646 sonent.
2283 3605 2387 3645 Unde
2408 3616 2435 3644 c

1451 3667 1561 3706 Josue
1578 3667 1715 3707 duobus
1729 3667 1766 3703 in
1783 3666 1912 3702 eastris
1930 3666 2204 3713 remanentibus
2218 3670 2328 3713 atque
2342 3676 2396 3715 pr,
2428 3708 2432 3719 γ’
2455 3705 2459 3708 ,

1453 3730 1613 3767 tantihus
1645 3727 1753 3766 veliet
1783 3727 1959 3764 obsistere
1972 3753 1984 3771 ,
2015 3727 2051 3764 ei
2073 3735 2140 3774 per
2165 3720 2316 3774 Moysen
2332 3725 2466 3772 dicim

1454 3791 1548 3835 Quid
1561 3789 1736 3827 ‹emutaris
1751 3799 1813 3836 pro
1828 3789 1909 3825 me?
1932 3787 2020 3832 Quis
2045 3787 2193 3839 tribuet,
2205 3793 2243 3824 ut
2260 3786 2372 3835 Μ
2407 3827 2410 3830 ,
2471 3827 2475 3830 ,

1452 3854 1507 3891 Ins
1533 3851 1724 3900 prophetet,
1749 3855 1783 3887 et
1810 3850 1866 3886 det
1891 3849 1941 3887 eie
1969 3849 2140 3888 Dominus
2167 3848 2336 3898 Spiritum
2350 3842 2471 3887 ‘eum
