2540 4016
300 200 372 240 895

302 340 383 376 ficia
396 339 506 375 houm
519 339 761 385 primogenita
773 339 966 384 oviumque
979 337 1186 383 proficiant,
1200 341 1241 372 ut
1254 336 1358 382 quid-

300 399 387 446 quid
404 398 499 434 forte
518 398 671 444 simplex
698 399 964 444 innocuumque
983 398 1196 443 incipimus,
1225 397 1294 433 hoc
1312 399 1357 435 ad

301 460 476 495 honorem
501 457 621 493 intimi
644 457 778 504 judicis
809 457 846 492 in
873 467 937 492 ara
962 457 1082 493 cordis
1112 457 1354 493 immolamus.

303 518 405 563 Quod
427 517 471 554 ab
489 517 550 553 illo
564 516 689 564 procul
710 517 819 553 dubio
841 521 944 552 tanto
969 516 1139 553 libentius
1157 517 1355 563 accipitur,

301 583 436 626 quanto
466 578 511 614 ab
540 577 747 614 hominibus
780 577 1014 622 occultatum,
1035 578 1133 613 nulla
1156 577 1273 614 laudis
1291 588 1355 623 ap-

299 640 472 686 petitione
487 638 702 675 maculatur.
722 637 824 684 Soepe
841 638 938 675 enim
952 648 1053 674 novae
1069 637 1355 675 conversationis

300 699 497 746 primordia
519 699 635 735 adhuc
658 708 703 734 ex
730 698 868 735 carnali
895 703 980 734 sunt
995 698 1069 734 vita
1092 698 1280 734 commista
1294 724 1303 740 ,
1319 702 1356 733 et

301 761 435 796 idcirco
458 760 685 796 innotescere
707 759 812 795 citius
837 769 909 795 non
928 759 1079 802 debent,
1109 768 1154 794 ne
1181 768 1262 793 cum
1279 757 1356 792 lau-

301 821 430 856 dantur
444 821 537 856 hona
552 830 632 866 quae
647 820 802 866 placent,
818 819 988 865 deceptus
1002 818 1106 854 laude
1121 829 1183 854 sua
1200 818 1355 861 animus,

300 882 570 927 deprehendere
590 882 627 917 in
645 882 698 917 eis
717 886 872 926 nequeat
898 881 992 916 mala
1010 890 1090 925 quae
1108 890 1180 914 non
1197 879 1353 925 placent.

299 942 583 989 Primogenitum
593 943 695 978 bovis
712 942 908 987 accipimus
923 941 960 976 in
976 941 1117 976 infirma
1128 946 1235 976 aetate
1249 939 1357 985 primi

297 1004 414 1039 nostri
435 1004 620 1049 temporis,
640 1004 770 1039 bonam
792 1003 1038 1049 operationem
1051 1029 1061 1046 ,
1083 1002 1119 1037 in
1139 1012 1208 1048 qua
1236 1006 1355 1037 tamen

298 1067 474 1101 arandum
495 1076 566 1101 non
581 1070 649 1107 est,
668 1065 752 1111 quia
772 1075 854 1100 cum
870 1064 986 1110 prima
1007 1069 1090 1099 sunt
1106 1063 1356 1098 adolescentiae

299 1125 353 1160 vel
363 1124 563 1170 juventutis
584 1131 716 1160 nostrae
735 1131 909 1170 tempora,
930 1125 1034 1160 nobis
1053 1125 1170 1160 adhue
1187 1135 1206 1159 a
1226 1124 1356 1170 praedi-

297 1187 441 1222 catione
461 1186 674 1222 cessandum
694 1192 760 1229 est,
778 1192 818 1221 ut
835 1196 959 1222 vomer
978 1186 1108 1232 linguae
1123 1191 1254 1221 nostrae
1274 1195 1358 1231 pro-
1375 1179 1407 1218 B
1427 1185 1734 1231 derelinquamus,
1753 1191 1789 1221 et
1805 1187 1850 1221 ad
1868 1194 2001 1222 terram
2026 1187 2315 1233 repromissionis
2334 1187 2487 1224 feliciter
2518 1203 2524 1222 ε

298 1247 464 1283 scindere
483 1257 554 1282 non
576 1247 705 1282 audeat
722 1252 856 1281 terram
877 1247 996 1282 cordis
1020 1246 1141 1282 alieni.
1168 1246 1357 1289 Quoadus-

297 1318 367 1353 que
387 1308 482 1343 enim
497 1308 631 1342 infirmi
652 1318 788 1350 sumus,
805 1309 991 1344 continere
1009 1309 1248 1352 nosmetipsos
1263 1308 1359 1344 intra

297 1378 363 1403 nos
381 1368 566 1410 debemus,
584 1377 629 1402 ne
645 1368 729 1402 dum
747 1373 871 1402 tenera
886 1369 979 1403 bona
995 1368 1102 1403 citius
1118 1367 1356 1410 ostendimus,

296 1427 529 1462 amittamus:
556 1427 639 1472 quia
671 1431 707 1462 et
739 1427 888 1462 arbusta
912 1427 1095 1472 plantata,
1131 1427 1161 1462 si
1192 1427 1294 1473 prius
1322 1428 1359 1463 in

298 1495 394 1524 terra
424 1490 587 1524 radicata
617 1499 689 1524 non
719 1488 876 1531 suerint,
901 1498 1010 1523 manu
1030 1493 1125 1523 tecta
1145 1487 1252 1524 citius
1280 1498 1359 1524 are-

295 1555 409 1586 scant.
440 1549 487 1584 At
518 1550 548 1585 si
577 1549 688 1585 semel
707 1549 864 1585 radicem
891 1548 1049 1590 fixerint,
1070 1559 1199 1584 manus
1219 1550 1357 1596 tangit,

294 1620 361 1646 nce
378 1615 498 1646 tamen
519 1608 639 1645 officit.
660 1610 767 1645 Venti
785 1609 986 1654 impellunt,
1006 1619 1073 1645 nec
1091 1614 1211 1645 tamen
1233 1610 1359 1656 impel-

294 1671 410 1706 lentes
432 1670 583 1714 laedunt‚
609 1676 645 1705 ct
665 1671 863 1706 constructi
891 1671 1067 1716 parietes,
1097 1671 1126 1706 si
1148 1676 1269 1706 tamen
1289 1671 1357 1707 im-

294 1732 486 1778 pellantur,
511 1737 686 1767 eruuntur
699 1759 707 1774 ‚
727 1732 796 1767 nisi
815 1742 835 1767 a
854 1742 919 1767 suo
940 1732 1042 1777 prius
1061 1731 1194 1767 fuerint
1206 1732 1358 1769 humore

295 1793 432 1829 siccati.
455 1793 556 1828 Mens
576 1793 697 1839 itaque
728 1793 881 1839 linguae,
916 1803 1105 1839 quousque
1132 1794 1176 1830 ab
1205 1794 1357 1830 humore

293 1852 483 1899 pravitatis
504 1863 577 1888 suae
601 1853 761 1899 perfecte
779 1864 850 1889 non
872 1852 981 1889 suerit
1007 1855 1209 1897 exsiccata,
1232 1854 1356 1890 alienae

294 1912 423 1960 linguae
441 1923 548 1949 manu
572 1915 669 1960 tangi
691 1925 762 1949 non
782 1914 907 1958 debet,
935 1925 980 1950 ne
999 1916 1098 1960 prius
1124 1925 1232 1960 quam
1251 1915 1355 1961 plene

294 1974 481 2020 percipiat,
506 1974 634 2021 perdat
660 1974 878 2010 soliditatem
896 1985 1011 2017 suam,
1029 1985 1074 2010 ne
1090 1975 1243 2020 impulsa
1258 1980 1354 2019 ruat,

293 2046 339 2071 ne
354 2036 448 2071 velut
464 2036 651 2072 arbustum
666 2036 743 2071 sine
759 2036 955 2079 radicibus,
974 2036 1055 2082 plus
1074 2047 1182 2083 quam
1198 2037 1355 2074 tolerare

755 197 796 234 B.
823 193 996 234 RABANI
1019 193 1169 234 MAURI
1193 193 1408 233 ARCHIEP.
1435 193 1643 235 MOGUNT.
1669 195 1861 236 OPERUM
1881 194 2003 235 PARS
2023 193 2053 233 l.
2406 202 2430 240 8

302 277 476 316 subducto
492 275 624 314 vellere
641 276 822 314 ostendat.
840 277 895 313 Ad
914 277 991 313 sola
1003 286 1090 323 ergo
1105 275 1226 312 divina
1243 273 1356 311 sacri·
1373 273 1410 313 A
1424 284 1491 322 ego
1507 275 1598 312 dabo
1616 276 1730 319 vobis,
1753 281 1790 312 et
1814 273 2040 312 messueritis
2054 277 2215 320 segetem
2226 300 2236 319 ,
2252 274 2380 315 feretis
2396 289 2478 318 ma-

1426 335 1567 382 nipulos
1585 337 1781 382 spicarum,
1797 334 1975 380 primitias
1998 333 2127 370 messis
2143 339 2273 372 vestrae
2291 337 2464 378 ad0sace1·

1426 396 1559 433 dotem.
1579 397 1647 441 Qui
1672 395 1828 433 elevabit
1858 393 2071 431 fasciculum
2096 404 2220 432 eoram
2244 397 2418 444 Domino,
2438 410 2463 437 u

1425 457 1645 503 acceptabile
1659 457 1706 492 sit
1721 465 1788 501 pro
1801 454 1905 492 vobis
1921 454 2043 500 (Levit.
2062 455 2184 503 xxm).
2206 469 2219 492 1
2237 457 2320 494 11100
2337 469 2434 506 quoq

1425 518 1546 554 facere
1562 517 1693 563 phase,
1715 516 1785 551 hoc
1807 520 1883 559 est,
1903 516 2039 562 pascha
2065 527 2087 553 a
2118 517 2269 554 Domino
2285 517 2458 563 jubentur

1425 698 1612 741 struimur,
1627 703 1668 733 ut
1681 699 1742 744 qui
1755 709 1822 744 per
1839 699 1992 746 gratiam
2013 700 2076 735 Dei
2095 700 2139 736 de
2156 701 2307 746 spiritali
2325 701 2483 749 AEgypto

1424 757 1568 794 liberati
1590 769 1725 801 sumus,
1745 770 1877 795 novum
1895 760 2077 796 hominem
2097 761 2225 806 induti,
2257 762 2424 809 deinceps
2444 764 2486 800 111

1425 818 1584 854 novitate
1605 819 1690 854 vitae
1709 819 1955 863 ambulemus,
1983 826 2234 857 consecrantes
2261 821 2334 858 Deo
2355 823 2484 867 primi-

1425 879 1494 914 tias
1511 879 1686 915 honorum
1707 890 1869 926 operum,
1893 891 1934 916 30
1955 881 2133 927 religiosae
2146 883 2229 918 vitae
2245 888 2388 929 gratum
2405 894 2504 928 inu-1

1425 950 1493 976 nus
1511 940 1562 976 illi
1582 951 1724 987 semper
1741 943 1964 985 exhibentes,
1984 943 2167 990 simusque
2187 954 2329 990 semper
2348 955 2486 981 memo-

1426 1012 1506 1045 res,
1537 1001 1631 1037 unde
1663 1002 1839 1048 appellata
1865 1003 1988 1039 sit·illa
2011 1004 2219 1040 solemnitas
2243 1006 2367 1050 phase,
2389 1005 2487 1050 quod

1426 1074 1492 1100 nos
1511 1064 1701 1099 transitum
1719 1075 1909 1110 possumus
1929 1076 2061 1101 vocare
2077 1077 2086 1108 3
2114 1066 2250 1102 seilicet
2267 1072 2307 1102 ut
2327 1067 2369 1102 de
2387 1065 2505 1122 110]οἿ

1426 1124 1527 1159 1111115
1549 1124 1594 1159 ad
1625 1123 1773 1159 meliora
1793 1129 2003 1170 pergentes,
2037 1124 2261 1161 tenebrosam
2289 1125 2487 1172 AEgyptum

1429 1246 1618 1291 pervenire
1637 1247 1910 1282 contendamus.
1931 1247 2032 1290 Quod
2051 1248 2119 1283 sibi
2135 1248 2202 1284 1100
2219 1249 2294 1283 vult
2313 1249 2409 1293 quod
2428 1247 2488 1283 ad-
2520 1251 2525 1255 '

1430 1306 1533 1348 didit,
1554 1306 1675 1347 boves,
1697 1316 1779 1342 rum
1799 1306 2081 1343 immolationem
2102 1309 2215 1354 phase
2238 1309 2293 1344 vel
2319 1310 2486 1354 paschae,
2516 1336 2530 1362 :²

1430 1366 1474 1401 de
1491 1377 1558 1402 ove
1574 1368 1822 1403 tantummodo
1842 1370 2160 1413 commendaverit,
2178 1381 2285 1416 quam
2302 1370 2409 1416 jussit
2429 1381 2488 1407 30-
2520 1375 2530 1409 ff

1430 1426 1500 1471 cipi
1530 1437 1575 1462 ex
1605 1427 1752 1470 ovibus,
1778 1438 1822 1463 ex
1842 1429 1954 1464 haedis
1971 1429 2028 1465 vel
2043 1431 2187 1476 capris?
2212 1431 2314 1475 Quod
2336 1419 2530 1479 mystice?

1429 1487 1605 1532 accipitur
1618 1493 1766 1534 propter
1784 1488 1982 1533 Christum,
2008 1491 2110 1537 cujus
2128 1501 2172 1527 ex
2186 1491 2294 1536 ,iustis
2308 1499 2490 1539 01110003-
2516 1510 2535 1541 4

1428 1537 1567 1582 toribus
1580 1575 1589 1590 ‚
1618 1553 1673 1584 est
1691 1549 1792 1595 origo
1810 1549 1978 1585 carnalis.
2002 1550 2080 1586 Non
2099 1551 2196 1587 enim
2215 1552 2266 1587 ait
2293 1563 2337 1588 ex
2361 1553 2490 1591 ovibus
2520 1561 2540 1604 ⁴„

1429 1613 1490 1643 aut
1507 1609 1638 1654 capris,
1657 1609 1741 1646 licet
1755 1611 1901 1657 proprie
1919 1622 1991 1647 non
2010 1613 2151 1659 possint
2171 1614 2325 1661 intelligi
2343 1625 2428 1652 oves
2442 1626 2501 1661 ex¹
2538 1615 2540 1663 j

1428 1670 1562 1715 capris,
1585 1671 1649 1707 sed
1677 1682 1721 1708 ne
1747 1672 1842 1709 forte
1866 1672 1979 1709 Judaei
2010 1675 2294 1712 subaudiendum
2321 1682 2491 1723 putarent
2523 1674 2540 1680 d

1428 1740 1589 1776 caprum,
1613 1732 1642 1767 si
1664 1732 1802 1768 dictum
1818 1738 1926 1777 esset,
1947 1740 2008 1770 aut
2026 1745 2070 1770 ex
2093 1736 2225 1781 capris.
2519 1733 2540 1787 γἕ

1475 1792 1616 1828 Dictum
1641 1798 1696 1829 est
1723 1800 1843 1830 autem
1878 1807 1890 1827 1
1914 1805 1958 1831 ex
1986 1796 2114 1833 ovibus
2139 1802 2175 1833 et
2195 1798 2326 1845 capris.
2355 1813 2367 1833 ›
2396 1799 2490 1844 Quid
2520 1796 2540 1830 ’ἶῖ

1427 1862 1513 1898 ergo
1530 1853 1590 1890 1110
1607 1854 1675 1890 sibi
1692 1854 1831 1899 volunt,
1849 1856 1987 1893 boves?
2012 1856 2065 1893 An
2092 1864 2240 1905 propter
2259 1860 2327 1895 alia
2347 1861 2500 1899 sacriti-.
2520 1863 2540 1894 :⁷⁴

1427 1914 1502 1957 eia,
1535 1925 1614 1960 quae
1641 1916 1729 1962 ipsis
1750 1917 1877 1954 diebus
1904 1929 2114 1967 azymorum
2139 1927 2222 1957 sunt
2243 1922 2489 1960 immolanda?

1432 1988 1443 2010 ‹
1462 1976 1540 2012 Non
1556 1980 1741 2024 apparebit
1758 1981 1975 2017 fermentum
1991 1983 2028 2017 in
2044 1984 2211 2020 omnibus
2228 1987 2391 2022 terminis
2402 1987 2488 2031 tuis,

293 2097 402 2140 valet,
423 2097 568 2134 {latibus
588 2100 815 2134 concutiatur
835 2105 870 2135 et
895 2107 1048 2136 arescat.
1075 2101 1130 2136 Ad
1152 2101 1353 2147 exemplum
1375 2077 1405 2119 C
1428 2100 1506 2135 fieri
1525 2106 1655 2146 potest,
1678 2102 1935 2139 elaborandum
1964 2110 2038 2148 051,
2065 2111 2104 2141 111
2132 2113 2306 2143 exeuntes
2328 2118 2345 2143 3
2367 2108 2491 2145 saeculi

294 2168 380 2204 ergo
401 2169 471 2195 non
490 2164 573 2195 sunt
585 2161 823 2204 ostendenda,
843 2162 911 2196 nisi
930 2172 1008 2206 (111ιο
1022 2162 1125 2197 firma
1141 2169 1235 2198 sunt.
1253 2163 1357 2199 Prius

294 2221 428 2257 etenim
447 2221 699 2257 convalescere
717 2222 824 2258 debet
842 2232 960 2266 1110115,
977 2229 1086 2269 atque
1101 2223 1146 2259 ad
1163 2225 1361 2260 utilitatem

294 2283 542 2328 proximorum
563 2283 793 2328 postmodum
814 2284 1070 2327 demonstrari,
1094 2296 1176 2320 cum
1195 2285 1271 2330 jam
1289 2296 1358 2322 nec

295 2352 359 2388 per
382 2342 525 2379 laudem
545 2343 685 2379 elevata
704 2349 864 2387 corruat,
885 2355 951 2380 nec
970 2355 1034 2390 per
1054 2345 1358 2390 vituperationem

296 2413 467 2448 percussa
487 2404 732 2440 contabescat.
758 2404 848 2440 Nam
878 2410 914 2440 et
939 2406 967 2441 si
987 2405 1179 2442 Timotheo
1197 2407 1354 2443 dicitur:

300 2476 311 2497 ‹
334 2463 494 2510 Praecipe
518 2465 594 2501 haec
620 2470 656 2501 et
683 2465 785 2502 11000.
819 2466 932 2502 Nemo
953 2467 1235 2503 adolescentiam
1259 2473 1356 2504 tuam

295 2531 500 2563 contemnat
518 2526 552 2574 (I
571 2526 742 2574 Tim.1v),
765 2542 776 2562 ›
797 2528 996 2572 sciendum,
1014 2529 1098 2575 quia
1115 2529 1357 2567 adolescentia

296 2586 373 2631 ejus
388 2585 463 2630 ,iam
484 2587 658 2631 in-annis,
678 2598 749 2624 non
768 2588 804 2624 in
829 2590 989 2626 moribus
1017 2589 1103 2632 suit,
1136 2591 1300 2636 quamvis
1320 2592 1357 2627 in

297 2655 400 2680 sacro
432 2645 574 2691 cloquio
605 2658 864 2695 nonnunquam
892 2649 1158 2694 adolescentia,
1188 2650 1357 2696 juventus

296 2710 457 2740 vocatur.
479 2705 580 2741 Unde
600 2708 775 2753 scriptum
800 2715 880 2746 est:
908 2722 920 2743 1
950 2709 1091 2747 Laetare
1105 2738 1115 2755 ,
1134 2711 1299 2758 juvenis,
1319 2712 1356 2748 in

297 2765 538 2801 adolescentia
559 2771 618 2801 tua
639 2766 751 2813 (Eccl.
774 2768 840 2816 111).
865 2783 878 2804 »

717 2841 868 2879 CAPUT
892 2843 936 2879 X.

322 2898 541 2946 Proeceptum
561 2900 603 2936 de
625 2900 786 2946 faciendo
815 2900 931 2938 Phase
958 2903 1133 2948 Domino,
1161 2906 1199 2941 in
1216 2917 1333 2942 mense

650 2958 817 2983 novarum
836 2948 993 2995 sruyum.

346 3004 445 3051 (Cae.
467 3004 557 3051 xv1.)
589 3017 601 3038 ‹
626 3005 786 3042 Observa
806 3017 966 3044 mensem
985 3019 1159 3046 novarum
1186 3013 1351 3058 trugum,

301 3078 313 3098 ‹
340 3070 376 3100 et
390 3065 492 3100 verni
506 3065 664 3110 primum
679 3068 867 3112 temporis,
884 3073 923 3103 ut
943 3069 1055 3106 facias
1070 3072 1182 3116 phase
1200 3073 1353 3111 Domino

302 3137 312 3157 ‹
339 3124 412 3160 Deo
432 3130 514 3160 tuo:
534 3125 704 3170 quoniam
722 3125 756 3161 in
771 3126 842 3162 isto
856 3137 979 3163 mense
991 3129 1115 3165 eduxit
1130 3136 1164 3166 te
1181 3132 1354 3169 Dominus

302 3197 313 3217 1
339 3183 432 3220 Deus
452 3190 535 3220 tuus
550 3194 596 3221 ex
615 3184 773 3232 AEgypto
792 3192 918 3231 nocte,
947 3188 1224 3237 immolabisque
1240 3194 1355 3238 phase

302 3258 312 3278 1
340 3244 491 3281 1)01111110
509 3246 583 3282 Deo
604 3251 666 3282 tuo
680 3246 724 3283 de
743 3246 871 3284 ovibus
894 3253 931 3285 et
946 3249 1063 3285 bubus
1082 3250 1118 3286 in
1142 3251 1223 3287 loco
1245 3262 1353 3298 quem

302 3318 313 3340 ‹
337 3307 485 3354 elegerit
515 3308 689 3346 Dominus
714 3309 809 3345 Deus
839 3316 942 3354 tuus,
963 3315 1004 3346 ut
1023 3311 1199 3348 inhabitet
1223 3322 1354 3349 nomen

303 3380 314 3401 1
340 3367 417 3413 ejus
433 3368 494 3404 ibi.
524 3382 536 3402 1
559 3368 718 3406 Mensem
745 3379 920 3406 novarum
941 3369 1085 3417 frugum
1107 3372 1262 3419 appellat
1282 3373 1356 3419 pri-

298 3436 397 3462 mum
416 3437 578 3464 mensem
596 3429 852 3473 Hebraeorum,
878 3430 940 3476 qui
968 3431 1063 3477 apud
1078 3441 1140 3468 eos
1156 3433 1356 3479 appellatur

299 3486 424 3531 Nisan,
444 3494 535 3545 1011,
555 3490 649 3536 apud
669 3490 815 3528 Graecos
830 3493 999 3537 ξαντικὸς,
1026 3498 1063 3530 et
1087 3493 1181 3540 apud
1206 3494 1355 3532 Latinos

298 3548 445 3597 Aprilis.
466 3550 547 3586 ldeo
566 3557 687 3589 autem
706 3553 840 3589 mensis
854 3563 1031 3590 novarum
1047 3554 1191 3602 frugum
1207 3555 1352 3600 dieitur,

299 3611 384 3657 quia
401 3610 438 3646 in
450 3620 495 3648 eo
507 3612 682 3659 manipuli
695 3613 890 3660 spicarum,
906 3615 975 3651 1100
992 3620 1060 3659 051,
1075 3616 1244 3662 primitiae
1256 3626 1355 3653 111011-

299 3669 364 3714 515,
383 3682 404 3707 3
426 3681 586 3709 messore
600 3684 666 3720 per
681 3675 906 3712 sacerdotem
919 3676 1073 3713 Domino
1085 3676 1350 3715 offerebantur:

300 3731 394 3767 sieut
414 3732 452 3768 in
472 3733 633 3772 Levitico
657 3736 791 3784 legitur
814 3736 1007 3774 Dominum
1035 3739 1251 3787 111-3100111550
1269 3739 1353 3777 filiis

302 3787 412 3828 lsrael
429 3803 437 3828 :
457 3805 471 3828 ‹
493 3794 597 3840 Cum,
617 3797 747 3844 inquit,
761 3798 916 3847 ingressi
934 3798 1076 3839 fueritis
1089 3806 1227 3840 terram
1242 3811 1352 3849 quam

2518 1931 2540 1978 t

2526 1991 2540 2004 Ι

2521 2013 2540 2029 ²,

1428 2043 1565 2083 septem
1586 2039 1725 2075 diebus.
1750 2054 1762 2074 1
1786 2040 1861 2076 Hoc
1877 2047 1913 2076 et
1930 2052 1951 2077 a
1971 2043 2074 2078 nobis
2100 2045 2216 2080 modis
2241 2046 2431 2087 omnibus,
2457 2047 2490 2083 si
2521 2051 2540 2128 ‘i

2518 2185 2540 2207 ff:

1427 2160 1533 2206 hujus
1552 2161 1744 2205 illecebris,
1763 2175 1833 2199 non
1854 2165 2082 2202 ambulemus
2101 2167 2137 2202 in
2157 2167 2335 2205 fermento
2352 2171 2488 2207 veteris

1425 2223 1571 2259 malitioe
1591 2229 1627 2259 et
1645 2224 1828 2269 nequitiae,
1848 2226 1910 2261 sed
1927 2226 1963 2261 in
1982 2227 2119 2273 azymis
2139 2228 2359 2265 sinceritatis
2378 2236 2414 2266 et
2431 2240 2494 2268 ve-,

1426 2285 1557 2328 ritatis,
1587 2285 1682 2331 quod
1702 2291 1756 2321 est
1775 2296 1869 2322 nova
1902 2289 2130 2325 conversatio
2156 2290 2333 2335 hominis,
2361 2291 2488 2329 relicto

1425 2344 1580 2390 pristino
1597 2344 1743 2381 homine
1760 2356 1840 2382 cum
1863 2347 1971 2383 sociis
1988 2348 2076 2384 suis.
2098 2349 2144 2384 Et
2172 2348 2242 2386 illis
2261 2350 2407 2396 quidem
2430 2361 2488 2388 se·

1425 2411 1523 2451 ptem
1542 2405 1668 2441 diebus
1692 2406 1847 2442 mundus
1866 2408 2072 2454 peragitur,
2102 2408 2181 2445 istis
2201 2410 2261 2455 qui
2283 2420 2425 2456 semper
2450 2411 2487 2447 in

1426 2475 1491 2501 suo
1510 2465 1636 2501 ordine
1656 2465 1904 2510 revolvuntur,
1925 2471 1962 2502 et
1984 2467 2144 2513 quotidie
2169 2469 2273 2504 nobis
2291 2479 2403 2515 agnus
2425 2481 2487 2506 oc-

1427 2525 1572 2568 ciditur,
1594 2530 1628 2561 et
1645 2526 1780 2571 pascha
1803 2526 1964 2572 quotidie
1981 2527 2198 2571 celebratur,
2222 2528 2252 2564 si
2270 2528 2486 2567 fermentum

1425 2586 1572 2621 malitiae
1589 2591 1624 2622 et
1642 2587 1813 2632 nequitiae
1831 2597 1904 2623 non
1924 2588 2121 2632 habemus,
2151 2589 2181 2624 si
2209 2589 2370 2625 innovati
2396 2591 2488 2628 nihil

1425 2656 1469 2682 ex
1510 2647 1754 2693 corruptionis
1787 2648 1921 2684 veteris
1954 2648 2092 2684 malitia
2125 2648 2358 2685 delectemur.
2394 2650 2486 2688 Nam

1425 2706 1511 2752 quid
1526 2711 1581 2742 est
1595 2706 1693 2743 aliud
1703 2707 1920 2743 fermentum
1935 2709 2004 2745 nisi
2020 2710 2205 2756 corruptio
2222 2716 2376 2754 naturae,
2388 2712 2485 2757 quod

1425 2771 1462 2801 ct
1484 2767 1600 2812 ipsum
1620 2767 1721 2812 prius
1740 2778 1759 2804 a
1779 2768 1937 2804 naturali
1956 2769 2144 2806 dulcedine
2172 2771 2363 2815 recedens,
2386 2773 2485 2808 adul-
2523 2790 2540 2811 2.

1426 2828 1542 2864 terino
1561 2839 1714 2866 rancore
1736 2836 1945 2877 corruptum
1966 2832 2054 2867 est?
2082 2844 2094 2865 ‹
2118 2831 2164 2867 Et
2187 2842 2260 2869 non
2283 2835 2486 2871 remanebit

1424 2889 1469 2926 de
1484 2891 1655 2928 carnibus
1674 2892 1753 2938 ejus
1768 2919 1777 2937 ,
1805 2894 1900 2940 quod
1930 2893 2155 2930 immolatum
2183 2900 2239 2931 est
2258 2905 2419 2941 vespere,
2447 2896 2509 2937 int

1425 2951 1483 2987 die
1502 2952 1620 2997 primo
1637 2963 1752 3000 usque
1782 2954 1827 2990 ad
1856 2965 1974 2991 mane.
1999 2968 2013 2990 ›
2042 2954 2134 2999 Quia
2164 2955 2260 2991 dicta
2285 2955 2508 3005 majestatisg

1427 3013 1555 3049 divinae
1571 3021 1679 3060 atque
1698 3017 1872 3064 mysteria
1899 3027 2029 3064 magna
2053 3023 2138 3054 sunt
2154 3017 2395 3055 sollicitudine
2413 3019 2508 3055 dis-i·

1427 3074 1614 3118 cutienda,
1639 3081 1819 3121 quatenus
1835 3077 1936 3122 prius
1964 3087 2075 3123 quam
2102 3077 2179 3114 dies
2207 3078 2484 3114 resurrectionis

1427 3140 1612 3180 appareat,
1639 3136 1675 3170 in
1708 3136 1778 3172 hae
1801 3137 1990 3182 praesentis
2019 3138 2103 3174 vitae
2132 3139 2334 3182 vocatione,
2362 3139 2483 3174 omnia

1426 3197 1598 3231 mandata
1620 3196 1716 3232 illius
1743 3197 1970 3234 discutiendo
1997 3204 2034 3235 et
2062 3199 2315 3246 intelligendo,
2345 3205 2381 3236 et
2399 3209 2483 3246 ope-

1426 3255 1539 3290 rando
1563 3261 1807 3300 penetremus.
1836 3255 1908 3292 Sed
1937 3258 2022 3302 quia
2044 3258 2149 3293 valde
2173 3264 2229 3294 est
2257 3258 2418 3303 difficile,
2443 3265 2483 3297 ut

1424 3321 1530 3348 omne
1551 3314 1635 3358 agni
1659 3313 1841 3358 eloquium
1865 3315 1980 3359 possit
1999 3315 2171 3361 intelligi,
2201 3321 2238 3352 et
2267 3326 2374 3354 omne
2402 3318 2481 3364 ejus

1423 3373 1636 3420 mysterium
1653 3374 1851 3419 penetrari,
1877 3379 1976 3411 recte
1995 3375 2031 3411 in
2050 3375 2176 3412 Exodo
2195 3376 2348 3424 legitur:
2375 3391 2388 3412 1
2409 3378 2480 3417 Sed

1423 3434 1454 3471 si
1476 3433 1563 3479 quid
1581 3434 1814 3478 remanserit,
1841 3434 1915 3481 igni
1935 3435 2157 3473 comburetis
2184 3436 2324 3484 (Exod.
2346 3439 2436 3488 xn).
2460 3452 2475 3476 ο

1425 3494 1527 3540 Quod
1554 3505 1600 3531 ex
1624 3506 1716 3543 agno
1743 3501 1922 3541 remanet,
1942 3497 2015 3544 igni
2035 3498 2310 3545 comburemus,
2333 3501 2479 3549 quando

1426 3557 1497 3593 hoc
1515 3557 1559 3593 de
1573 3557 1747 3604 mysterio
1759 3583 1770 3601 ‚
1790 3557 1886 3603 quod
1907 3558 2166 3597 incarnationis
2182 3561 2260 3607 ejus
2277 3561 2483 3608 intelligere

1426 3629 1499 3657 non
1513 3629 1704 3666 possumus
1722 3624 1760 3655 et
1772 3625 1977 3666 penetrare,
1997 3626 2177 3668 potestate
2191 3621 2346 3669 Spiritus
2360 3633 2425 3661 san
2460 3642 2461 3645 ¹
2476 3643 2477 3646 ¹

1423 3679 1609 3717 humiliter
1626 3689 1875 3724 reservamus,
1899 3686 1941 3717 ut
1956 3691 2029 3719 non
2062 3682 2216 3730 superbe
2239 3683 2321 3730 quis
2345 3693 2367 3720 a

1422 3741 1729 3779 vel-contemnere
1747 3742 1805 3780 vel
1831 3743 2051 3782 denuntiare
2068 3743 2165 3792 quod
2192 3754 2266 3782 non
2289 3745 2331 3784 111
2383 3745 2402 3786 ,“

1424 3801 1497 3840 Sed
1510 3802 1589 3840 haee
1610 3802 1684 3850 igni
1701 3813 1786 3841 cum
1802 3805 1946 3851 tradat,
1977 3804 2136 3861 spiutni,
2149 3811 2439 3849 sanctornm
2456 3811 2457 3814 ’
