2540 4016
577 191 844 229 ENARMTlo
866 191 1019 229 sumti
1044 188 1461 247 DEU'PMMOEE.
1487 203 1534 219 >-
1557 189 1643 227 m.
1666 191 1696 227 t.

2146 199 2215 243 ΒΜ

37 287 50 299 ‚
86 254 255 319 115„ng
274 266 323 305 sit
341 266 546 314 summis,-
565 265 660 306 fastu
688 267 866 313 superbias
890 266 948 308 vet
974 277 1105 312 pompa
1123 269 1158 309 Α
1174 277 1250 304 rem
1266 268 1410 304 sensum
1425 264 1630 301 aestimat.
1644 264 1906 311 sexagenarius
1922 267 2016 309 enirn
2031 279 2215 325 numerus,

38 329 45 334 ’
61 326 249 363 conlidens
266 326 461 370 mundana,
481 337 564 364 cum
578 326 872 373 perseeutor-ibus
887 326 1108 366 Christianae

62 397 159 432 rum,
177 389 238 434 qui
256 389 366 425 variis
384 399 447 425 eos
468 388 758 430 tribulationibus
772 393 978 436 angustant,
995 399 1110 434 usque

63 450 108 486 ad
125 450 377 486 haereticorum
391 450 641 494 conciliabula,
661 450 722 496 qui
737 450 952 491 testimoniis
972 455 1111 489 sancta-

63 515 144 546 rum
176 509 445 555 Scripturarum
466 511 664 548 secundum
689 521 794 547 suum
815 521 960 547 sensum
982 510 1110 557 depra-

62 569 158 608 vatis
172 577 300 613 contra
313 570 512 607 Ecclesiam
526 570 752 617 belligerant,
769 571 956 607 catholieae
966 571 1112 607 veritati

63 637 86 668 a
103 627 308 664 doctoribus
323 630 458 665 sanctis
476 631 646 666 resistere
664 630 762 666 nullo
774 630 883 666 modo
894 630 1111 676 praevaleam

64 687 128 733 sed
147 688 185 723 in
204 688 381 724 victorum
401 690 570 726 cedentes
589 701 736 735 manus,
761 702 844 728 eum
864 691 1030 727 omnibus
1051 690 1114 726 ha-

61 743 231 788 bitaculis
250 748 326 784 suis
341 755 449 795 atque
465 750 725 788 munitionibus
741 752 777 788 in
795 750 992 787 dominium
1008 749 1115 794 spiri-

63 806 147 849 talis
164 808 378 855 rediguntur
394 808 540 846 Israelis

461 898 487 935 C
489 899 611 936 APUT
641 899 710 935 Vll.

67 985 169 1029 Quod
188 985 285 1023 nulla
302 986 384 1023 urbs
401 992 461 1025 atil
489 986 654 1031 oppidum
683 986 720 1022 in
748 995 851 1030 reqno
883 982 936 1030 Oq
955 984 1116 1030 effugerit

135 1031 203 1066 uod
230 1042 298 1065 non
326 1036 500 1066 vastatum
531 1032 596 1072 εἰη
621 1041 739 1066 eorum
764 1041 807 1064 ue
834 1036 926 1065 terra
955 1030 1038 1066 data
1071 1031 1116 1066 sit

142 1077 230 1112 uben
245 1082 277 1111 et
295 1074 373 1111 Gad
387 1081 417 1111 et
433 1076 589 1111 dimidice
606 1075 710 1110 tribui
726 1075 747 1110 ll
766 1087 902 1112 anasse.

1177 328 1272 365 sieut
1292 333 1329 363 et
1346 327 1530 371 senarius,
1560 325 1819 372 perfectionem
1841 327 2029 372 euJuslibet
2053 337 2148 381 regi„
2165 341 2218 376 ,μ

1176 386 1335 433 gnificat.
1355 387 1401 422 Et
1416 387 1509 422 bene
1532 386 1718 432 sexaginta
1733 386 1843 422 urbes
1864 391 2026 425 vastatae
2056 390 2139 429 esse
2162 399 2222 433 η.

1177 445 1247 483 fert
1267 445 1303 481 in
1323 450 1433 491 regno
1449 445 1502 492 (lg
1520 446 1617 492 regis
1634 445 1765 487 Basan,
1781 445 1851 481 hoc
1868 449 1936 490 est,
1959 447 2092 485 diaboli
2109 448 2223 498 turpi-

1178 506 1311 543 tudinis
1325 511 1497 547 amatore‚
1514 507 1599 551 quia
1613 506 1773 552 perfecte
1787 515 1931 543 omnem
1950 508 2224 550 delectationem

1178 567 1349 604 vitiorum
1381 566 1583 603 faciendam
1615 576 1696 604 esse
1723 565 2061 622 significatum-gob
2084 579 2226 616 quoque

1179 627 1369 666 maledicta
1401 627 1603 664 sublimitas
1634 628 1916 673 interpretatur,
1939 639 2004 673 per
2026 638 2134 674 quam
2163 635 2218 667 ter

1181 699 1268 726 rena
1292 687 1473 734 superbia,
1495 697 1576 734 quae
1595 688 1630 724 in
1651 687 1733 724 filiis
1763 689 1826 724 irae
1855 687 2082 733 dominatur,
2108 691 2228 736 expri-

1181 750 1306 786 mitur.

1227 810 1428 846 Destructis
1452 819 1538 856 ergo
1566 810 1773 846 civitatibus
1802 810 1952 854 cunctis,
1972 811 2071 847 viros
2088 821 2131 847 ac
2150 821 2231 847 mu-

1181 871 1288 908 lieres
1315 878 1351 907 et
1381 872 1545 918 parvulos
1562 872 1700 916 pariter
1721 871 1891 908 describit
1921 871 2147 909 interfectos.
2169 871 2233 908 Ju-

1183 938 1304 968 menta
1325 939 1443 968 autem
1463 938 1500 968 et
1517 933 1630 978 spolia
1661 932 1803 967 urbium
1822 933 1962 978 direpta
1983 934 2142 970 indicant
2163 944 2230 970 no-

1182 993 1252 1035 bis,
1271 994 1471 1028 munitione
1492 993 1623 1028 diaboli
1642 998 1824 1037 superata,
1844 994 2016 1039 quidquid
2037 994 2169 1031 rebelle
2186 1005 2230 1030 ac

1184 1053 1357 1087 lascivum
1376 1053 1413 1086 in
1433 1062 1542 1087 carne
1567 1057 1691 1087 nostra
1711 1053 1902 1093 sentimus,
1929 1053 2035 1088 simul
2054 1064 2135 1089 cum
2154 1063 2236 1099 par-

1185 1111 1278 1147 vulis
1304 1112 1598 1157 cogitationibus,
1631 1112 1708 1147 zelo
1737 1111 1800 1147 Dei
1832 1113 2111 1155 conterenduni;
2135 1114 2238 1159 quid-

113 1161 212 1208 (er.
230 1160 301 1209 ¹¹¹·)
324 1173 335 1194 ⁶
358 1160 480 1207 ltaque
502 1162 690 1205 COUVffl'Si,
710 1163 938 1198 ascendimus
963 1172 1027 1209 1³01*
1045 1163 1115 1199 510¹·
1134 1174 1166 1214 Β
1185 1172 1273 1218 quid
1306 1176 1425 1207 autem
1458 1172 1502 1207 ad
1533 1172 1721 1207 servitium
1747 1171 1810 1207 Dei
1831 1172 1868 1207 in
1902 1172 2131 1218 simplicitate
2158 1175 2235 1219 pur·

69 1234 83 1256 ι
106 1222 236 1259 Β35311.
253 1222 500 1269 Egressusque
518 1228 573 1260 est
590 1223 642 1270 Og
658 1234 719 1260 rex
737 1224 854 1260 Basan
871 1226 906 1260 in
924 1235 1115 1261 occursum

69 1294 83 1316 ‹
106 1282 209 1318 nobis
241 1292 322 1318 cum
351 1282 483 1329 populo
510 1293 596 1325 suo,
622 1285 664 1318 ad
692 1283 896 1319 bellandum
924 1283 962 1318 111
991 1283 1113 1320 Edrai.

68 1353 83 1378 1
106 1342 274 1388 Dixitque
291 1343 463 1379 Dominus
478 1343 523 1379 ad
537 1353 595 1379 me
613 1355 621 1378 :
638 1343 690 1379 Ne
709 1344 835 1379 timeas
852 1353 947 1387 eum,
969 1344 1052 1389 quia
1078 1344 1116 1378 in

67 1413 83 1438 ‹
106 1413 212 1438 manu
230 1408 291 1439 tua
307 1403 460 1439 traditus
478 1409 547 1446 est,
567 1414 647 1439 cum
675 1404 771 1439 omni
798 1404 928 1450 populo
952 1414 995 1440 ac
1019 1409 1116 1439 terra

68 1474 83 1498 t
106 1474 183 1500 sua.
201 1464 402 1510 Faciesque
419 1464 512 1500 sicut
526 1463 643 1500 fecisti
661 1465 781 1501 Sehon
800 1466 874 1511 regi
889 1465 1118 1501 Amorrhaeo-

69 1534 82 1556 t
106 1535 199 1567 rum,
210 1524 270 1569 qui
284 1524 461 1560 habitavit
476 1524 511 1560 in
526 1524 704 1561 Hesebon.
721 1525 883 1560 Tradidit
898 1535 983 1572 ergo
997 1525 1118 1571 Domi-

69 1595 83 1617 «
108 1595 176 1620 nus
192 1584 287 1620 Deus
306 1590 431 1620 noster
448 1585 484 1620 in
505 1585 671 1620 manibus
694 1586 828 1621 nostris
850 1586 960 1620 etiam
979 1585 1031 1632 Og
1057 1594 1113 1620 re-

70 1655 83 1677 «
108 1653 188 1689 gem
202 1642 320 1679 Basan
335 1648 371 1679 et
391 1644 599 1680 universum
619 1645 787 1690 populum
814 1645 890 1691 ejus
911 1657 918 1679 :
940 1645 1117 1690 percussi-

70 1715 83 1736 «
106 1714 259 1750 musque
283 1714 346 1740 eos
370 1705 414 1740 ad
437 1705 719 1741 internecionem
733 1733 742 1748 ‚
764 1711 947 1741 vastantes
971 1711 1119 1742 cunctas

70 1777 83 1798 1
107 1766 273 1802 civitates
291 1766 387 1802 illius
406 1777 477 1802 uno
507 1771 680 1812 tempore.
703 1779 715 1800 1
739 1766 867 1803 Postea
890 1767 984 1802 enim
1011 1777 1118 1813 quam

66 1826 300 1863 obtinuerunt
346 1827 411 1862 [ilii
450 1827 558 1862 Israel
597 1827 763 1863 civitates
800 1826 1116 1871 Amorrhaeorum,

68 1884 308 1921 ascenderunt
335 1887 445 1922 etiam
467 1887 563 1922 viam
595 1897 672 1932 quae
693 1887 792 1924 ducit
821 1887 858 1922 in
888 1887 1027 1930 Basan,
1058 1886 1119 1922 uhi

68 1950 147 1980 erat
166 1944 218 1992 Og
236 1955 297 1981 rex
317 1946 448 1982 Basan.
470 1946 540 1983 Sed
561 1948 605 1982 ad
626 1948 723 1987 hunc
741 1957 857 1993 neque
879 1947 1015 1994 legatos
1040 1947 1121 1983 mit-

66 2011 146 2043 tere
173 2006 376 2054 dignantur,
396 2018 513 2055 neque
538 2014 661 2056 petere
689 2010 733 2046 ab
759 2019 802 2046 eo
830 2015 870 2045 ut
895 2019 961 2055 per
984 2014 1119 2045 terram

1186 1240 1313 1267 sensus
1335 1232 1410 1266 sive
1439 1231 1604 1266 inornata
1634 1234 1825 1267 verborum
1858 1232 2019 1268 invenire
2048 1243 2238 1278 possumus

1183 1292 1372 1333 virtutum,
1407 1291 1462 1326 sui
1485 1292 1758 1327 reservandum.
1785 1303 1797 1324 ‹
1827 1291 2047 1337 Terramquc
2074 1295 2235 1337 possedi-

1189 1362 1202 1384 «
1222 1360 1302 1386 mus
1330 1351 1366 1385 in
1385 1355 1547 1395 tempore
1566 1351 1627 1386 illo
1646 1352 1691 1387 ab
1717 1351 1844 1393 Aroer,
1874 1362 1954 1396 qum
1981 1358 2042 1387 est
2060 1363 2168 1399 super
2189 1355 2237 1389 ri-

1190 1424 1202 1445 1
1221 1422 1304 1457 pam
1327 1412 1502 1447 torrentis
1519 1412 1659 1455 Arnon,
1689 1422 1802 1456 usque
1834 1414 1877 1447 ad
1909 1414 2062 1449 mediam
2097 1419 2236 1460 partein

1190 1482 1202 1504 ι
1222 1471 1356 1506 montis
1388 1470 1524 1506 Galaad
1551 1481 1560 1505 ε
1596 1476 1632 1507 et
1666 1471 1832 1507 civitates
1865 1471 1960 1508 illius
1994 1473 2074 1508 dedi
2111 1473 2238 1509 Rubcn

1190 1543 1202 1563 1
1221 1537 1257 1566 et
1277 1531 1425 1567 Galaad.
1443 1531 1633 1577 Reliquam
1649 1537 1767 1567 autem
1783 1537 1923 1577 partem
1943 1532 2091 1576 Galaad,
2110 1540 2146 1570 et
2165 1545 2241 1570 om-

1191 1604 1202 1624 «
1222 1602 1303 1627 nem
1326 1593 1442 1628 Basan
1464 1593 1564 1639 regui
1597 1592 1650 1639 Og
1674 1593 1807 1628 tradidi
1835 1594 1991 1629 dimidia}
2021 1595 2130 1629 tribui
2163 1595 2238 1630 Ma-

1191 1664 1203 1685 «
1221 1662 1342 1694 nasse,
1370 1666 1381 1686 1
1413 1658 1483 1688 etc.
1501 1652 1586 1688 Haec
1602 1653 1723 1687 omnia
1739 1653 1880 1698 plenius
1895 1654 1931 1688 in
1955 1654 2047 1689 libro
2067 1654 2241 1690 Numero-

1187 1723 1267 1748 rum
1285 1714 1461 1758 explicata
1481 1720 1573 1748 sunt.
1599 1713 1669 1750 Sed
1689 1715 1770 1760 quia
1798 1714 1869 1755 hie,
1895 1715 1964 1750 lioc
1981 1721 2035 1750 est
2055 1715 2091 1750 in
2113 1716 2240 1752 Deute-

1188 1774 1363 1815 ronomio,
1387 1773 1623 1818 recapitulata
1637 1779 1732 1816 sunt,
1760 1775 1846 1819 quid
1868 1775 2018 1820 mystice
2038 1775 2242 1821 significent

1187 1833 1431 1868 ostendemus.
1459 1832 1550 1867 Sunt
1574 1833 1676 1868 multi
1693 1834 1728 1868 in
1748 1834 1907 1869 Ecclesia
1928 1834 1987 1878 qui
2006 1835 2144 1880 parvuli
2163 1845 2243 1872 esse

1188 1891 1404 1936 despiciunt,
1431 1892 1541 1927 etiam
1558 1893 1775 1929 humilitatis
1795 1893 1972 1928 immunes
1991 1893 2083 1939 apud
2103 1903 2142 1929 se
2161 1904 2242 1929 csse

1188 1951 1335 1986 minime
1356 1952 1548 1987 desistunt.
1570 1951 1642 1988 Hos
1672 1953 1884 1998 plerumque
1902 1954 2022 1989 videas
2046 1954 2243 1990 honoribus

1189 2011 1326 2054 extolli,
1352 2012 1595 2057 voluptatibus
1629 2012 1782 2058 perfrui,
1822 2023 1942 2048 rerum
1975 2014 2242 2059 multiplicitate

68 2066 145 2116 ejus
164 2071 369 2113 transeant,
389 2069 453 2105 sed
478 2070 649 2106 continuo
669 2069 865 2117 confligunt
884 2080 966 2106 cum
990 2081 1055 2114 eo,
1083 2076 1119 2106 et
1138 2076 1168 2118 C
1190 2071 1345 2107 dilatari.
1370 2071 1412 2108 Hi
1445 2082 1539 2118 saepe
1558 2072 1648 2107 nihil
1668 2073 1851 2117 praecipue
1872 2072 1941 2108 nisi
1969 2082 2124 2117 prtcesse
2141 2078 2247 2108 caete-

67 2134 238 2175 superant
258 2134 331 2165 tam
350 2130 467 2175 ipsum
486 2140 592 2176 quam
617 2130 785 2176 populum
806 2131 897 2177 ejus.
920 2131 1116 2168 Videamus

67 2196 155 2234 ergo
175 2199 254 2234 quae
271 2195 326 2225 est
342 2189 471 2226 Basan.
497 2190 613 2226 Basan
643 2191 901 2237 interpretatur
922 2193 1117 2238 turpitudo.

69 2248 197 2285 Merito
223 2261 308 2296 ergo
333 2250 441 2297 legati
459 2251 652 2287 mittuntur
673 2253 717 2288 ad
735 2252 843 2288 istam
861 2259 1006 2299 gentem
1020 2281 1030 2297 ,
1053 2265 1122 2290 nec

69 2310 243 2346 transitus
257 2321 322 2356 per
338 2316 474 2347 terram
496 2311 573 2357 ejus
593 2312 767 2357 poscitur.
791 2311 915 2348 Nullus
940 2313 1037 2349 enim
1057 2324 1121 2350 no-

70 2369 126 2406 bis
146 2371 320 2408 transitus
341 2372 446 2407 debet
465 2382 558 2415 esse,
577 2373 696 2409 nullus
715 2383 881 2410 accessus
897 2374 942 2410 ad
967 2374 1122 2420 turpitu-

56 2429 206 2475 ¹dinem,
225 2431 287 2467 sed
305 2431 350 2477 ab
373 2431 478 2468 initio
493 2432 617 2469 statim
637 2434 875 2479 expugnanda
895 2438 931 2469 et
945 2434 1122 2470 omnimo-

72 2489 127 2534 dis
150 2492 308 2528 cavenda
326 2497 396 2529 est.
414 2492 466 2539 Og
484 2498 605 2530 autem
619 2520 628 2536 ,
655 2493 717 2539 qui
736 2503 801 2529 rex
829 2494 963 2529 dieitur
982 2494 1119 2536 Basan,

71 2549 280 2589 interclusio
300 2553 574 2599 interpretatur.
591 2553 718 2590 Potest
737 2554 796 2589 hie
814 2554 967 2598 liguram
988 2555 1124 2591 habere

71 2613 233 2648 omnium
251 2614 451 2650 carnalium
475 2619 513 2650 et
531 2615 771 2650 materialium
800 2625 922 2651 rerum
936 2642 946 2658 ,
970 2626 1124 2662 quarum

72 2682 195 2710 amore
214 2681 249 2710 et
267 2675 447 2712 desiderio
465 2675 608 2717 detenta
639 2676 759 2712 anima
786 2676 989 2713 excluditur
1013 2682 1050 2713 et
1069 2687 1126 2714 se-

71 2739 222 2780 paratur
235 2745 255 2770 a
270 2734 357 2771 Deo.
373 2734 555 2772 Adversus
571 2736 637 2772 hos
655 2746 740 2783 ergo
761 2737 810 2772 ita
830 2731 1037 2783 praecipitur
1052 2737 1126 2774 bel-

73 2791 148 2830 lum
179 2796 373 2842 gerendum
386 2823 397 2840 ,
429 2801 468 2832 ut
496 2806 569 2833 nou
597 2796 821 2843 relinquatur
847 2807 892 2833 ex
922 2807 966 2834 eo
986 2798 1122 2835 vivens.

75 2851 216 2900 Nullum
240 2857 335 2893 enim
354 2867 374 2892 a
390 2857 474 2894 liliis
492 2857 602 2894 Israel
631 2865 774 2905 oportet
798 2859 952 2904 relinqui
982 2860 1018 2896 in
1050 2865 1126 2896 tur-

75 2914 247 2959 pitudinis
266 2926 390 2963 regno,
408 2924 444 2953 et
461 2918 535 2954 Deo
554 2919 755 2963 viventem;
777 2921 839 2958 sed
864 2921 967 2958 decet
989 2921 1126 2959 Israeli-

75 2976 182 3013 ticam
203 2979 372 3014 virtutem
398 2980 565 3016 excidere
593 2985 631 3016 et
660 2991 824 3019 resecare
848 2983 988 3028 turpia,
1009 2989 1046 3019 et
1067 2985 1127 3029 pia

75 3046 223 3084 quaeque
243 3039 279 3074 in
298 3040 418 3079 animo
433 3039 654 3076 reaedificare
675 3046 783 3087 atque
802 3042 954 3079 honesta
977 3053 1019 3088 ac
1041 3044 1126 3081 reli-

74 3097 175 3144 giosa
187 3097 370 3144 plantare.
385 3098 437 3136 De
454 3110 565 3147 regno
584 3100 704 3143 Sehon
724 3112 797 3140 non
820 3109 876 3140 est
896 3103 1071 3148 scriptum
1089 3109 1129 3140 ut

75 3157 195 3194 nullus
208 3159 312 3195 vivus
327 3159 566 3205 relinquatur,
585 3171 652 3198 nec
677 3162 721 3198 de
746 3173 857 3209 regno
878 3163 998 3200 Moab.
1019 3163 1129 3202 Forte

77 3217 174 3262 enim
193 3227 239 3264 ex
253 3218 326 3264 illis
351 3229 444 3267 opus
459 3220 634 3259 habemus
653 3222 854 3268 aliquibus,
879 3230 918 3261 et
945 3225 1131 3262 nonnullis

76 3285 202 3326 eptam
217 3289 285 3326 pro
302 3280 386 3319 vitae
403 3281 512 3330 buJus
532 3282 709 3329 agonibus
731 3289 768 3320 et
792 3285 1015 3323 exercitibus
1030 3285 1127 3322 indi-

78 3346 215 3397 unus.
230 3339 399 3388 Alioquin
415 3342 667 3384 debuissemus
683 3344 728 3382 de
747 3345 817 3384 hoc
836 3345 970 3384 mundo
990 3347 1125 3383 exisse.

78 3397 263 3450 nemim,
275 3401 390 3453 enim,
405 3403 476 3447 hoc
490 3409 546 3447 est
557 3431 568 3451 ,
582 3405 627 3451 de
646 3406 889 3453 turpitudine,
909 3407 1010 3446 311110
1026 3408 1130 3454 peni-

79 3463 140 3516 tus
154 3461 375 3515 indigemus3
398 3465 490 3512 nihil
508 3476 555 3511 ex
570 3477 616 3505 eo
636 3467 885 3514 relinquamus
899 3494 910 3511 ‚
929 3468 1130 3509 excidenda

165 3523 217 3570 ia.
233 3526 474 3575 subvertenda
489 3533 576 3574 sunt
597 3538 708 3576 opera
725 3529 959 3572 fortitudinis,
977 3529 1015 3564 in
1029 3528 1131 3566 nullo

172 3590 311 3640 {mest
325 3587 519 3635 honestum
535 3598 619 3634 esse
634 3590 732 3636 quod
745 3595 850 3637 turpe
862 3595 931 3627 est.
947 3588 1051 3634 Quod
1066 3599 1132 3626 au-

82 3645 157 3688 tem
375 3657 416 3690 r·
428 3659 443 3684 ‹
460 3647 542 3686 Non
553 3647 624 3686 fuit
635 3653 758 3688 autem
771 3650 942 3698 oppidum
955 3649 1052 3696 quod
1065 3659 1133 3687 nos

86 3712 102 3738 ί
127 3695 201 3739 0ffi¹
317 3699 524 3763 μηρὼῑι
546 3709 658 3748 urbes
676 3715 890 3757 vastantes,
907 3720 1054 3752 01311313
1071 3720 1132 3748 13-

72 3768 103 3801 ¹
113 3760 268 3817 giam
182 3708 414 3828 Ἣ
425 3767 532 3824 W
542 3766 630 3821 tlt
618 3778 662 3819 te·
671 3769 814 3831 ΒΨ»
835 3774 908 3816 oto·
927 3771 1134 3832 1381310111)-

1190 2131 1242 2167 115
1267 2137 1452 2177 appetuut,
1474 2142 1493 2167 a
1523 2132 1646 2167 multis
1666 2132 1786 2166 timeri
1806 2131 2044 2178 gratulantur,
2072 2139 2171 2169 recte
2192 2134 2245 2169 vi-

1188 2201 1274 2227 vere
1292 2191 1488 2238 negligunt,
1511 2197 1547 2227 et
1579 2197 1688 2228 rectae
1705 2191 1789 2227 vitae
1806 2190 1941 2228 famam
1962 2193 2096 2229 habere
2115 2202 2245 2230 concu-

1188 2252 1345 2300 piscunt,
1356 2253 1582 2289 adulationes
1591 2259 1770 2299 quaerunt,
1782 2253 1967 2290 favoribus
1978 2254 2221 2290 intumescunt
2233 2266 2242 2289 :

1190 2318 1225 2347 et
1242 2313 1327 2357 quia
1346 2314 1453 2349 rebus
1469 2314 1538 2348 sibi
1557 2314 1702 2359 copiose
1716 2315 1956 2359 praesentibus
1970 2316 2126 2360 prompti
2147 2320 2243 2358 sunt,

1190 2377 1343 2408 ventura
1374 2373 1505 2417 gaudia
1523 2383 1595 2409 non
1623 2374 1826 2418 requirunt.
1849 2373 2011 2419 Cumque
2029 2384 2091 2409 eos
2123 2374 2244 2409 multi-

1191 2433 1272 2479 plex
1301 2434 1396 2469 actio
1414 2439 1581 2479 occupat,
1613 2435 1720 2470 etiam
1752 2445 1771 2469 a
1792 2434 1995 2479 semetipsis
2023 2434 2160 2471 alienos
2180 2435 2236 2470 de-

1193 2498 1388 2529 monstrat.
1410 2493 1456 2529 Et
1484 2498 1605 2529 tamen
1639 2494 1668 2529 si
1690 2503 1759 2539 qua
1780 2493 1862 2529 fidei
1890 2494 2040 2529 tentatio
2061 2499 2243 2540 exsurgat,

1193 2553 1277 2598 quia
1297 2553 1334 2589 in
1355 2563 1398 2589 ea
1429 2553 1557 2590 saltem
1588 2554 1709 2599 specie
1739 2558 1843 2589 tenus
1872 2553 2116 2597 continentur,
2151 2554 2246 2589 hanc

1191 2612 1326 2656 verbis,
1366 2613 1461 2649 bane
1496 2613 1716 2649 clamoribus
1747 2613 1956 2657 defendunt,
1989 2619 2024 2650 et
2056 2613 2240 2651 coelestem

1191 2674 1346 2720 patriam
1372 2674 1570 2717 vindicant,
1605 2683 1672 2709 nee
1700 2679 1820 2709 tamen
1853 2678 1988 2709 amant.
2023 2673 2120 2717 Quos
2152 2675 2245 2711 bene

1192 2733 1295 2779 apud'
1318 2733 1464 2779 Moysen
1493 2733 1556 2768 tilii
1575 2733 1700 2769 Ruben
1721 2739 1757 2769 et
1786 2733 1863 2769 Gad
1892 2739 1928 2769 et
1955 2733 2100 2769 dimidia
2132 2735 2248 2771 tribus

1193 2792 1358 2830 Manasse
1378 2793 1600 2838 exprimunt,
1622 2794 1684 2838 qui
1714 2793 1826 2828 multa
1858 2803 1989 2838 pecora
2020 2798 2057 2828 et
2083 2792 2247 2837 jumenta

1193 2853 1432 2898 possidentes,
1452 2854 1538 2888 dum
1555 2858 1658 2888 extra
1677 2851 1872 2888 Jordanem
1899 2863 1941 2888 ea
1971 2862 2051 2898 quae
2081 2852 2249 2887 viderunt

1195 2915 1412 2961 campestria
1446 2914 1723 2960 concupiscunt,
1757 2914 1792 2948 in
1830 2914 2120 2959 repromissionis
2150 2918 2248 2950 terra

1146 2974 1182 3013 D
1200 2975 1446 3012 haereditatem
1480 2974 1615 3011 babere
1636 2966 1841 3016 noluerunt,
1877 2975 2064 3010 dicentes:
2099 2986 2111 3007 ‹
2137 2974 2249 3010 Terra

1199 3046 1304 3083 quam
1324 3036 1505 3083 percussit
1530 3036 1705 3072 Dominus
1732 3035 1770 3071 in
1790 3041 1984 3080 conspectu
2015 3035 2166 3070 tiliorum
2195 3033 2248 3068 ls-

1198 3100 1286 3143 rael,
1309 3099 1467 3147 regionis
1486 3091 1670 3135 uberrima
1700 3103 1757 3134 est
1782 3098 1827 3133 ad
1857 3101 1999 3142 pastum
2026 3093 2246 3130 animalium.

1198 3160 1245 3200 Et
1262 3170 1328 3197 nos
1352 3160 1447 3198 servi
1473 3160 1524 3195 tui
1540 3159 1717 3195 habemus
1743 3156 1906 3201 jumenta
1929 3142 2102 3199 plur1ma;
2122 3159 2248 3196 preca-

1199 3230 1367 3266 murque,
1385 3221 1416 3257 51
1433 3220 1635 3257 invenimus
1653 3216 1803 3263 gratiam
1826 3222 1947 3249 eoram
1967 3217 2016 3254 te,
2038 3214 2077 3246 ut
2103 3209 2166 3245 des
2185 3219 2250 3245 no-

1199 3283 1258 3321 his
1277 3283 1422 3320 famulis
1454 3282 1528 3318 tuis
1558 3289 1638 3316 eam
1668 3278 1704 3312 in
1727 3274 2006 3321 possessionem,
2042 3280 2111 3307 nec
2137 3269 2251 3307 facias

1200 3354 1269 3382 nos
1296 3343 1452 3381 transire
1471 3340 1679 3376 Jordanom.
1705 3347 1718 3370 1
1738 3334 1804 3377 Qui
1825 3332 1934 3378 igitur
1949 3330 2112 3376 jumenta
2134 3329 2250 3376 pluri-

1202 3407 1263 3443 ma
1287 3403 1487 3450 possident,
1515 3399 1708 3437 Jordanem
1738 3393 1893 3430 transire
1923 3391 2132 3440 refugiunt:
2165 3391 2248 3438 quia

1201 3474 1294 3511 qnos
1313 3461 1425 3499 mtdta
1445 3459 1568 3496 mundi
1594 3455 1863 3502 implicamenta
1893 3457 2083 3501 occupant,
2104 3451 2248 3490 hahita-

1202 3524 1337 3561 tionem
1356 3520 1476 3559 cerdis
1503 3518 1631 3565 patriai
1662 3525 1734 3553 non
1751 3515 1940 3561 requirunt
1959 3525 1969 3550 ι
1990 3515 2053 3552 sed
2077 3514 2154 3561 ipsa
2170 3520 2250 3556 305,

1201 3593 1310 3630 quam
1333 3582 1453 3629 specie
1471 3586 1575 3617 tenus
1593 3577 1790 3620 tenuerint,
1816 3574 1907 3612 tides
1924 3575 2103 3621 increpat,
2121 3582 2168 3610 ne
2185 3572 2252 3611 otii

1202 3642 1437 3680 delectatione
1463 3643 1670 3688 torpescant
1699 3643 1811 3685 atque
1835 3634 2002 3682 exemplo
2029 3643 2096 3672 suo
2115 3633 2208 3672 alios
2226 3642 2250 3670 a

1201 3703 1336 3741 laboris
1357 3701 1546 3739 tolerantia
1563 3705 1602 3738 et
1619 3697 1739 3737 studio
1757 3694 2044 3745 longanimitatis
2062 3691 2248 3745 magunt.

1206 3779 1220 3802 ι
1238 3765 1408 3814 nunquid
1439 3765 1572 3805 tratres
1588 3762 1701 3802 vestri
1728 3761 1832 3801 ibunt
1851 3760 1899 3802 ad
1923 3769 2097 3810 pugnam,
2120 3762 2157 3796 31
2176 3765 2249 3806 ‚vos

1150 3819 1330 3882 a&
