2540 4016
345 177 414 212 845

339 309 397 345 tis.
412 307 676 354 Interpretatur
690 314 811 344 autem
833 310 998 348 Hesebon
1012 311 1184 357 cogitatio
1199 309 1256 346 vel
1270 311 1393 356 cingu-

336 368 411 404 lum
430 367 612 404 moeroris.
631 368 691 404 Sic
703 379 846 414 quoque
858 375 895 406 et
911 371 964 417 Og
979 379 1100 417 regem
1111 370 1228 407 Basan
1245 380 1393 408 manere

335 431 371 466 in
388 429 580 472 Haseroth,
600 435 637 465 et
662 430 699 464 in
715 430 824 466 Edrai
846 431 1034 478 Scriptura
1057 438 1328 473 commemorat.
1346 433 1393 469 Et

334 488 608 535 quidHaseroth
622 489 891 535 interpretatur,
902 491 972 528 nisi
985 491 1159 529 vestibula
1168 493 1184 528 *Ξ
1192 493 1268 529 sive
1275 493 1390 530 Aehia

333 556 370 587 et
404 551 535 594 Edi-ai,
561 551 632 588 hoe
653 557 730 595 est,
755 553 942 590 mundatio
961 553 1139 590 malorum
1167 554 1387 602 significant,

332 611 404 649 nisi
427 611 676 647 infidelitatem
707 621 791 647 cum
815 612 937 658 pravis
961 613 1159 658 operibus?
1188 614 1274 650 lude
1291 614 1387 650 enim

332 677 446 708 certat
481 672 658 716 diabolus,
696 677 738 708 ut
769 683 893 710 omnes
931 684 1082 720 quorum
1116 675 1193 721 ipse
1227 682 1283 712 est
1323 686 1384 711 rex

330 744 515 780 nunquam
539 734 623 770 fidei
651 734 801 780 Januam
828 736 988 780 intrent,
1022 737 1084 774 sed
1119 737 1207 773 foris
1237 745 1384 772 manen-

332 801 386 831 tes
407 795 444 831 in
464 796 690 840 infidelitate,
710 796 880 842 operibus
895 807 1035 844 semper
1052 797 1220 833 insistant
1237 796 1382 843 iniquis.

335 868 347 889 ι
378 855 565 902 Coepitque
583 856 724 903 Moyses
744 857 936 903 explanare
955 857 1085 904 legem,
1101 862 1138 893 et
1152 858 1272 894 dicere
1291 869 1300 892 ι
1333 870 1345 891 ι

329 962 619 1001 commemoratio
638 917 843 1000 ,ςενητοῗιῧιιί
847 918 1073 1012 Ιὲξὶ,1ξ1·ιιίὁαε
1093 964 1207 1001 Israel
1222 965 1320 1011 jubet
1333 966 1384 1001 ire

376 1011 561 1046 interram
595 1010 779 1055 Chanaan,
800 1017 834 1047 et
863 1011 904 1047 de
935 1011 1138 1058 proelatione
1163 1013 1382 1058 septuaginta

374 1058 550 1092 seniorum
565 1058 602 1092 in
617 1057 757 1103 populo.

375 1117 492 1164 (lem.)
524 1131 537 1151 ι
564 1118 739 1154 Dominus
759 1119 853 1154 Deus
870 1125 994 1155 noster
1006 1119 1148 1155 locutus
1168 1124 1224 1155 est
1247 1119 1292 1155 ad
1315 1129 1380 1155 nos

330 1190 342 1212 ς
375 1180 410 1214 jn
426 1179 536 1222 (heb,
559 1179 683 1216 dicens
704 1192 712 1214 :
737 1178 876 1215 Sufficit
890 1179 990 1215 vobis
1011 1180 1105 1225 qum!
1121 1180 1157 1215 111
1176 1181 1244 1216 1100
1259 1185 1381 1217 monte
1399 1163 1430 1203 Β
1448 1172 1500 1208 De
1526 1174 1710 1210 duodecim
1739 1175 2018 1221 exploratoribus
2047 1177 2162 1214 missis
2182 1179 2227 1213 ad
2257 1186 2387 1215 terram
2408 1160 2540 1217 Cha-'t

332 1252 343 1274 ι
377 1241 577 1276 mansistis.
590 1239 828 1276 Revertimini
843 1245 879 1275 et
890 1241 1008 1276 venite
1021 1241 1064 1276 ad
1079 1246 1239 1276 montem
1251 1240 1380 1277 Amor-

330 1309 341 1334 «
373 1301 566 1342 rhaeorum,
579 1299 671 1336 etad
682 1304 826 1342 caetera,
840 1309 920 1345 quae
928 1300 1133 1345 eiproxima
1144 1305 1228 1335 sunt
1241 1310 1381 1346 campe-

329 1372 342 1394 «
373 1361 461 1396 stria
475 1366 582 1404 atque
599 1363 769 1394 montana
788 1364 824 1394 et
838 1360 1030 1394 humiliora
1046 1359 1124 1394 loca
1134 1364 1261 1395 contra
1276 1360 1381 1394 meri-

329 1433 341 1455 «
373 1422 467 1457 diem
481 1425 517 1455 ct
528 1419 633 1464 juxta
644 1418 745 1454 littus
754 1419 879 1461 maris,
895 1423 1028 1454 terram
1043 1418 1329 1454 Chananaeorum
1345 1423 1381 1454 et

326 1494 338 1515 ‹
371 1481 496 1517 Libani
511 1490 626 1525 usque
641 1479 686 1514 ad
695 1478 828 1514 flumen
843 1488 1014 1524 magnum
1033 1477 1256 1523 Euphraten,
1274 1482 1343 1513 etc.
1364 1490 1375 1512 ι

319 1540 358 1576 ln
380 1541 472 1575 libro
504 1548 589 1584 ergo
618 1538 860 1573 Numerorum
893 1537 938 1573 dc
969 1536 1194 1582 profectione
1223 1536 1379 1572 filiorum

319 1601 430 1637 lsrael
453 1600 496 1635 de
517 1599 660 1635 deserto
680 1597 781 1634 Sinai
813 1602 952 1641 narrat,
974 1598 1036 1633 scd
1056 1602 1276 1643 praeceptum
1309 1598 1379 1632 Do-

320 1660 467 1696 miniati
488 1659 634 1705 Moysen
655 1663 779 1693 narrat
802 1658 845 1693 de
865 1658 991 1693 eodem
1013 1658 1182 1693 transitu.
1206 1658 1297 1702 Quin
1315 1669 1379 1704 po-

320 1721 391 1756 tius
411 1727 538 1755 narrat
565 1719 608 1754 de
629 1718 723 1754 nube
749 1728 828 1763 quae
849 1717 1121 1753 tabernaculum
1143 1718 1287 1764 tegebat
1297 1716 1314 1760 ,'
1336 1728 1378 1754 ac

321 1782 466 1828 quando
490 1781 791 1827 proficiscendum
819 1779 899 1822 suit,
932 1780 1124 1816 recedebat
1142 1779 1185 1816 de
1206 1779 1377 1815 tabernae

318 1843 417 1886 culo;
445 1847 481 1878 et
502 1842 709 1887 praecedens
742 1850 818 1883 eos,
851 1841 965 1876 donec
995 1841 1160 1876 venirent
1194 1840 1238 1876 ad
1259 1840 1378 1876 locum

318 1907 524 1939 castrorum
546 1902 607 1937 ubi
640 1900 781 1947 figenda
801 1906 905 1936 erant
927 1901 1175 1943 tabernacula,
1197 1901 1246 1937 ibi
1270 1911 1377 1947 supra

317 1963 430 1999 stetit.
470 1961 531 1998 Sic
564 1962 659 1996 enim
696 1961 871 2006 scriptum
905 1966 961 1997 est
998 1973 1006 1996 :
1040 1973 1051 1994 ‹
1075 1959 1180 1997 Anno
1204 1962 1374 2004 secundo,

316 2034 441 2060 mense
474 2022 645 2064 secundo,
683 2022 858 2067 vigesimo
883 2021 941 2057 die
972 2021 1122 2065 mensis,
1154 2021 1293 2057 elevata
1323 2027 1378 2057 cst

784 174 826 210 Β.
852 173 1022 211 RABANl
1048 173 1195 212 MAURI
1218 171 1432 210 ARCHOEP.
1457 170 1662 210 nouum.
1685 173 1881 213 ffl’fflffl
1902 175 2023 214 PARS
2047 175 2077 214 1.

340 258 385 285 ne
409 246 519 283 verba
536 245 698 292 proferat
712 247 891 291 veritatis,
907 254 944 284 et
957 258 1065 295 opera
1088 254 1256 285 exerceat
1276 249 1391 294 pieta·
1406 249 1444 291 A
1458 246 1666 291 edebantur,
1681 249 1746 286 sed
1763 254 1878 287 totum
1894 255 2036 296 ternpus
2046 255 2119 296 quo
2130 251 2284 297 protecti
2294 254 2349 292 dtr¹

1459 306 1498 344 ln
1529 308 1723 346 solitudine
1752 311 2009 354 morabantum
2042 315 2079 346 et
2103 311 2251 359 Moysen
2277 323 2350 351 non
2378 323 2426 353 61
2460 323 2462 325 “

1458 366 1682 414 inventione,
1701 371 1764 406 sed
1789 370 1932 416 cognati
1949 370 2007 406 sui
2032 372 2183 408 oonsilio
2200 380 2363 420 accepto,
2378 385 2472 424 popu

1457 430 1678 474 persuaserit
1700 439 1780 474 quae
1809 429 1870 464 hic
1887 430 2017 466 asserit
2045 431 2115 468 illis
2137 435 2378 479 persuasisse.
2404 436 2462 474 Un

1455 489 1679 526 considerari
1699 494 1856 533 oportet,
1888 499 1998 536 quam
2028 491 2077 527 sit
2104 492 2384 541 observandum,
2412 507 2437 544 q

1455 549 1508 584 ait
1539 548 1727 593 Scriptura
1747 560 1755 583 :
1785 560 1798 582 ι
1820 548 1900 592 Fili,
1920 560 1968 586 ne
1986 551 2024 586 in
2045 552 2170 589 multis
2197 553 2270 590 sint
2299 561 2403 593 aetus
2434 558 2488 594 tul

1455 611 1545 647 satis
1570 610 1684 646 ethic
1701 616 1850 656 apparet
1870 610 1997 659 (Eccli.
2018 613 2086 661 xi).
2111 627 2125 649 ›
2150 615 2286 653 Deinde
2311 619 2423 655 verbu
2449 619 2468 656 J

1455 671 1539 707 thro
1558 672 1678 708 dantis
1699 673 1887 708 consilium
1905 673 2035 721 Moysi,
2061 676 2324 715 consideranda
2341 685 2438 716 sunt.
2451 681 2494 718 Di

1454 731 1504 767 cit
1521 732 1618 773 enim
1637 744 1646 767 :
1670 743 1682 766 ι
1702 733 1804 769 Nunc
1824 733 1946 780 itaque
1963 736 2047 772 audi
2061 747 2133 781 me,
2152 746 2188 774 et
2204 740 2393 777 consilium
2413 741 2481 778 dab

1454 792 1532 835 tibi,
1564 799 1600 829 et
1631 794 1726 830 Deus
1743 795 1814 831 erit
1839 801 1958 832 tecum
1990 795 2122 844 (Em-od.
2144 799 2262 847 xviri).
2289 814 2302 835 ι
2327 801 2396 839 Ubi
2416 804 2493 840 mih

1451 852 1593 888 videtur
1622 855 1819 900 significari
1839 857 1947 893 nimis
1975 858 2152 895 intentum
2173 861 2342 898 humanis
2361 863 2504 901 actibus

1452 914 1626 958 animum,
1647 915 1720 952 Deo
1738 917 2004 962 quodammodo
2035 921 2197 965 vacuari,
2215 923 2312 967 quod
2337 922 2379 958 iit
2405 929 2505 962 tanto

1450 973 1606 1019 plenius,
1640 981 1776 1020 quanto
1806 977 1843 1012 in
1863 987 2020 1023 superna
2053 984 2162 1026 atque
2192 986 2328 1016 aeterna
2356 981 2484 1019 liberiu

1451 1034 1670 1070 extenditur.

1861 1111 2012 1148 CAPUT
2036 1113 2092 1148 111.

1497 1231 1604 1264 naan,
1624 1228 1655 1256 et
1685 1222 1726 1257 de
1745 1222 1985 1268 indiqnatione
2012 1223 2154 1259 Domini
2185 1231 2306 1260 contra
2327 1226 2454 1263 Israel.

1452 1294 1470 1322 's‘
1497 1294 1615 1341 (lem.)
1642 1307 1655 1328 ‹
1686 1295 1731 1331 Et
1749 1297 1953 1333 accessistis
1979 1298 2024 1334 ad
2044 1308 2101 1334 me
2121 1309 2248 1336 omnes
2276 1306 2384 1346 atque
2412 1301 2504 1339 dixi·

1452 1366 1465 1387 r
1496 1355 1562 1390 stis
1583 1366 1590 1389 :
1615 1353 1798 1391 mittamus
1818 1357 1914 1393 viros
1942 1358 2004 1402 qui
2032 1359 2264 1396 considerent
2289 1366 2445 1405 terram,
2466 1366 2504 1402 et
2535 1354 2540 1402 ἓ

1453 1426 1464 1446 ι
1494 1414 1701 1450 renuntient
1718 1425 1783 1460 per
1804 1417 1900 1462 quod
1920 1417 1989 1453 iter
2009 1419 2202 1456 debeamus
2220 1423 2438 1466 ascendere,
2466 1427 2504 1459 et
2534 1425 2540 1460 ἶ

1452 1484 1465 1506 ‹
1495 1474 1540 1508 ad
1563 1483 1654 1518 quas
1683 1474 1848 1511 civitates
1879 1484 2042 1522 pergere.
2077 1478 2238 1525 Cumque
2269 1483 2359 1517 mihi
2381 1493 2502 1519 sermo
2535 1475 2540 1508 ἶ

1451 1542 1464 1566 ‹
1494 1533 1702 1579 placuisset,
1719 1534 1802 1570 misi
1822 1545 1866 1570 ex
1887 1536 1987 1572 vobis
2006 1537 2195 1575 duodecim
2213 1540 2324 1584 viros,
2343 1542 2503 1588 singulos
2533 1553 2540 1591 2

1451 1604 1463 1625 ‹
1491 1591 1536 1628 de
1556 1593 1719 1629 tribubus
1749 1594 1913 1640 singulis.
1938 1608 1951 1629 ι
1974 1595 2013 1631 ln
2045 1596 2138 1632 libro
2166 1608 2309 1645 quoque
2328 1599 2504 1638 Numero-
2536 1603 2540 1606 ”

1446 1664 1526 1689 rum
1550 1654 1725 1700 scriptum
1745 1659 1801 1690 est
1818 1655 1913 1700 quod
1931 1655 2105 1693 Dominus
2127 1658 2171 1694 ad
2192 1658 2340 1707 Moysen
2371 1663 2514 1700 dixerit·

1446 1720 1485 1750 ut
1514 1716 1699 1752 mitterent
1731 1716 1829 1752 viros
1862 1717 1923 1763 qui
1944 1719 2218 1757 considerarent
2247 1726 2382 1759 terram
2410 1724 2540 1760 (Σὴθ-Ἀ

1446 1787 1555 1812 naan.
1581 1777 1652 1813 Sed
1669 1776 1754 1813 licet
1775 1777 1918 1814 diversa
1935 1778 2127 1815 videantur
2146 1781 2241 1817 inter
2259 1792 2297 1818 se
2314 1792 2393 1820 esse
2406 1786 2502 1830 quod
2512 1767 2540 1814 ³¹2

1445 1837 1503 1873 bic
1527 1838 1563 1872 in
1583 1837 1875 1882 Deuteronomio,
1897 1845 1933 1874 et
1951 1839 2039 1876 illud
2069 1841 2164 1886 quod
2194 1841 2230 1877 in
2259 1842 2350 1879 libro
2367 1824 2522 1881 Num-3
2534 1827 2540 1871 ἶ

1445 1907 1567 1933 rorum
1588 1907 1696 1944 super
1715 1898 1783 1934 hac
1805 1907 1844 1934 re
1865 1900 2038 1946 scriptum
2060 1900 2204 1948 legitur,
2232 1908 2359 1942 sensus
2380 1909 2500 1941 tamen

1444 1957 1562 1994 facilis
1585 1962 1698 1994 estut
1729 1960 1972 2006 intelligamus
1990 1962 2159 2008 populum
2181 1964 2226 1999 ad
2251 1963 2399 2011 Moysen
2426 1966 2501 2013 pri-
2536 1951 2540 1957 ¹

1448 2029 1546 2054 mum
1575 2029 1656 2056 csse
1682 2020 1842 2057 locutum
1861 2022 1905 2057 de
1925 2022 2213 2068 exploratoribus
2232 2025 2439 2068 mittendis,
2464 2031 2501 2062 et

315 2083 430 2118 nubes
451 2082 494 2117 de
516 2080 747 2116 tabernaculo
768 2079 928 2116 foederis.
951 2080 1183 2127 Profectique
1213 2086 1296 2117 sunt
1314 2081 1378 2116 filii
1397 2060 1427 2101 C
1449 2079 1500 2115 sic
1521 2080 1663 2127 Moyses
1682 2082 1727 2118 ad
1758 2081 1899 2118 Domini
1920 2083 2106 2120 consilium
2132 2089 2278 2121 causam
2311 2085 2471 2123 referens
2487 2112 2498 2131 ‚

316 2142 428 2178 lsrael
460 2152 524 2187 per
551 2147 690 2176 turmas
710 2151 806 2184 suas,
829 2142 872 2176 de
905 2142 1048 2177 deserto
1069 2141 1185 2186 Sinai,
1218 2147 1255 2177 et
1275 2152 1377 2177 recu-

316 2206 395 2242 buit
413 2205 526 2242 nubes
548 2204 583 2239 in
615 2204 808 2240 solitudine
827 2203 984 2238 Pharan.
1009 2217 1021 2238 ›
1053 2204 1124 2240 Sed
1145 2204 1375 2239 manifestum

317 2272 372 2304 est
391 2276 535 2303 omnem
563 2265 756 2301 transitum
775 2264 884 2311 giilum
908 2271 1087 2312 praecepto
1108 2265 1230 2301 divino
1257 2265 1374 2310 dispo-

316 2326 426 2362 situm
449 2335 542 2368 esse,
563 2325 648 2361 licet
668 2325 718 2361 ibi
737 2335 809 2361 non
834 2333 1151 2369 commemoretur,
1172 2325 1233 2361 ubi
1252 2327 1296 2362 de
1312 2336 1375 2362 eo-

316 2386 396 2423 dem
419 2386 575 2421 transitu
607 2390 743 2420 narrat.
778 2385 942 2421 Praesens
962 2396 1103 2432 quoque
1132 2385 1223 2421 liber
1254 2385 1375 2432 Moyse

316 2451 488 2482 narrante
504 2455 570 2492 per
589 2446 711 2481 omnia
731 2446 781 2481 ita
803 2445 940 2482 factum
964 2455 1044 2482 esse
1063 2446 1282 2482 manifestat.
1303 2446 1376 2483 Nee

318 2519 390 2545 non
423 2509 513 2544 liber
533 2507 777 2543 Numerorum
807 2508 878 2543 alio
900 2507 979 2543 loco
999 2507 1093 2543 idem
1124 2506 1374 2551 demonstrat,

317 2570 376 2606 ubi
401 2570 450 2606 ita
471 2570 648 2615 scriptum
664 2574 719 2605 est
741 2581 748 2604 :
783 2581 795 2603 ‹
823 2569 879 2606 Ad
906 2569 1099 2615 imperium
1127 2569 1273 2615 quidem
1302 2567 1373 2606 Do—

316 2634 403 2669 mini
428 2633 615 2679 erigebant
650 2632 807 2668 tentoria
828 2636 864 2668 et
889 2631 935 2668 ad
972 2632 1165 2678 imperium
1187 2630 1284 2667 illius
1316 2628 1376 2667 de·

317 2696 498 2742 ponebant
516 2694 648 2742 (Num.
670 2696 746 2742 rx).
773 2709 785 2731 ι
816 2708 828 2730 ‹
847 2696 1001 2741 Dixique
1019 2695 1122 2732 vobis
1141 2694 1178 2731 in
1202 2691 1264 2730 illo
1281 2698 1374 2730 tem-

320 2767 333 2790 «
363 2765 451 2802 pore
471 2767 478 2789 :
501 2753 581 2790 Non
596 2764 743 2800 possum
777 2756 874 2792 solus
895 2756 1074 2792 sustinere
1093 2765 1173 2799 vos,
1194 2755 1282 2802 quid
1306 2754 1376 2791 Do-

320 2828 333 2850 «
365 2816 485 2851 minus
522 2814 617 2850 Deus
642 2818 762 2850 vester
795 2815 1050 2861 multiplicavit
1087 2824 1178 2858 vos,
1217 2819 1256 2850 et
1288 2813 1376 2850 estis

321 2890 333 2912 ι
364 2877 471 2913 hodie
503 2876 597 2912 sicut
625 2874 737 2911 stellae
763 2874 845 2912 coeli
875 2875 1036 2922 plurimi.
1075 2876 1250 2912 Dominus
1282 2875 1376 2912 Deus

322 2947 336 2970 t
365 2941 509 2983 patrum
527 2939 733 2971 vestrorum
752 2934 861 2970 addat
877 2936 922 2971 ad
938 2936 1035 2971 hunc
1055 2944 1248 2971 numerum
1263 2934 1376 2971 multa

323 3005 336 3029 ι
365 2995 493 3038 millia,
525 2999 562 3030 et
581 2994 774 3030 benedicat
796 2994 899 3030 vobis
919 2995 1015 3030 sicut
1032 2995 1176 3031 locutus
1196 3001 1266 3031 est.
1298 2995 1375 3031 Non

324 3061 337 3090 t
366 3054 468 3092 valeo
487 3053 584 3091 solus
600 3057 722 3089 vestra
740 3054 887 3099 negotia
905 3054 1098 3099 sustinere,
1119 3059 1156 3090 et
1174 3055 1316 3100 pondus
1334 3066 1378 3092 ac

323 3119 338 3150 t
361 3115 493 3162 jurgia.
511 3113 600 3150 Date
621 3122 667 3149 ex
685 3112 787 3148 vobis
807 3113 988 3158 sapientes
1008 3117 1044 3149 et
1068 3123 1216 3160 gnaros,
1236 3118 1273 3150 et
1289 3124 1379 3160 quo—

324 3189 340 3212 «
369 3186 450 3213 rum
474 3173 705 3212 conversatio
723 3173 771 3210 sit
796 3172 950 3220 probata
970 3173 1008 3208 in
1039 3174 1170 3212 vestris
1189 3176 1374 3218 tribubus,

326 3248 339 3275 t
368 3243 410 3276 ut
420 3239 556 3286 ponam
575 3244 639 3274 eos
650 3235 754 3274 vobis
765 3235 962 3282 principes,
976 3239 1013 3271 et
1029 3235 1179 3282 reliqua.
1204 3249 1218 3271 ι
1240 3236 1292 3272 De
1309 3237 1378 3273 hac

321 3303 420 3341 enim
452 3298 699 3338 subdivisione
716 3299 937 3345 potestatum
962 3298 1001 3333 in
1022 3295 1146 3334 Exodo
1182 3292 1378 3343 antequam

323 3363 371 3400 ad
387 3364 549 3399 montem
568 3356 670 3395 Sinai
680 3357 915 3406 pervenirent
927 3355 1100 3393 israelitae
1111 3355 1290 3403 seriptum
1306 3361 1376 3400 est,

324 3427 362 3460 et
391 3421 488 3468 quod
514 3419 643 3458 lethro
679 3418 850 3456 sacerdos
881 3415 1026 3454 Madian
1055 3420 1229 3465 cognatus
1262 3416 1379 3464 Moysi

322 3481 396 3529 ipsi
417 3481 486 3517 hoc
510 3480 549 3516 in
567 3479 761 3516 consilium
778 3478 921 3516 dederit
940 3480 1124 3515 narratur.
1143 3476 1252 3518 Unde
1265 3477 1381 3524 quaeri

324 3544 446 3589 potest
473 3540 653 3587 quomodo
677 3539 746 3576 sihi
775 3539 1012 3583 conveniant,
1032 3540 1109 3575 tam
1138 3537 1246 3575 modo
1273 3540 1383 3586 quain

325 3602 436 3640 etiam
454 3604 630 3648 tempore.
651 3599 755 3645 Quod
778 3601 831 3637 sie
857 3599 947 3637 solvi
964 3603 1074 3647 posse
1094 3600 1181 3635 reor
1210 3610 1219 3634 :
1241 3603 1284 3635 ut
1310 3599 1381 3636 hee

327 3664 423 3710 quod
441 3662 500 3699 hic
514 3661 691 3710 scriptum
701 3666 758 3699 est
774 3661 909 3698 dixisse
926 3661 1074 3708 Moysen
1089 3661 1128 3697 in
1145 3659 1208 3696 illo
1219 3663 1382 3707 tempore

328 3721 374 3757 ad
403 3721 586 3768 populum,
609 3733 623 3756 ι
647 3720 728 3758 Non
754 3728 902 3769 possum
928 3721 1027 3758 solus
1046 3721 1228 3758 sustinere
1256 3722 1342 3766 ves,
1361 3731 1376 3756 ο

325 3784 403 3840 >iton
419 3781 508 3819 iliud
533 3787 680 3831 tempus
695 3783 875 3830 exprimat
899 3787 971 3830 quo
996 3783 1042 3822 de
1066 3782 1212 3824 onereb
1234 3772 1381 3832 Q

1446 2147 1668 2186 praeceptum
1691 2142 1736 2178 ab
1756 2152 1799 2178 eo
1816 2143 2014 2189 acceperit,
2035 2149 2212 2189 quatenus
2227 2145 2501 2184 mitteretviros
2536 2165 2540 2172 ·

1445 2202 1508 2246 qui
1533 2203 1764 2247 explorarent
1785 2208 1920 2240 terram
1941 2203 2126 2241 Chanaan.
2162 2218 2175 2239 ι
2205 2206 2274 2251 Qui
2306 2218 2387 2244 cum
2416 2218 2500 2255 per-
2515 2217 2540 2258 ’,ἵ

1449 2273 1463 2294 ι
1495 2263 1675 2299 rexissent
1698 2268 1734 2299 et
1767 2263 2017 2302 ascendissent
2046 2267 2082 2302 in
2115 2271 2303 2312 montana,
2323 2272 2540 2325 venerunt'f·

1448 2333 1463 2356 ι
1493 2333 1605 2370 usque
1631 2325 1676 2360 ad
1695 2325 1825 2362 vallem
1853 2326 1967 2364 Botri.
1989 2328 2035 2364 Et
2053 2329 2279 2365 considerata
2298 2335 2416 2373 terra,
2440 2340 2514 2367 511-·’
2535 2332 2540 2370 ἶ

1450 2395 1463 2417 ‹
1492 2390 1632 2420 mentes
1662 2386 1706 2420 de
1726 2386 1902 2425 fructibus
1927 2388 2017 2434 ejus,
2043 2395 2083 2425 ut
2099 2391 2333 2428 ostenderent
2352 2382 2516 2429 uberta-²

1447 2455 1462 2477 ι
1490 2449 1574 2486 tem,
1602 2445 1800 2481 attulerunt
1819 2447 1865 2482 ad
1884 2457 1950 2484 nos
1971 2453 2077 2494 atque
2101 2451 2271 2486 dixerunt
2290 2463 2299 2486 ε
2319 2451 2420 2487 Bona
2442 2454 2540 2499 estfi

1447 2510 1462 2539 t
1492 2510 1590 2541 terra
1611 2516 1718 2551 quam
1736 2506 1910 2544 Dominus
1930 2509 2025 2545 Deus
2045 2515 2169 2545 noster
2188 2508 2338 2546 daturus
2360 2516 2415 2548 est
2431 2523 2498 2548 no-

1449 2576 1462 2601 t
1493 2567 1562 2604 bis.
1584 2567 1629 2603 Et
1646 2568 1812 2605 noluistis
1835 2571 2047 2614 ascendere,
2070 2571 2133 2607 sed
2152 2571 2328 2608 increduli
2353 2573 2397 2608 ad
2419 2582 2498 2609 ser-

1449 2639 1462 2662 «
1493 2638 1636 2664 monem
1654 2629 1795 2665 Domini
1815 2628 1880 2666 Dei
1902 2631 2032 2675 nostri,
2051 2632 2308 2668 murmurastis
2325 2632 2362 2668 in
2379 2633 2500 2670 taber-

1449 2696 1462 2723 ε’
1492 2690 1631 2726 naeniis
1648 2691 1779 2727 vestris
1801 2695 1909 2736 atque
1929 2691 2071 2728 dixistis
2088 2702 2098 2727 ε
2115 2691 2199 2728 Odit
2215 2702 2283 2729 nos
2300 2693 2496 2737 Dominus;
2536 2703 2540 2739 ζ

1449 2762 1462 2785 ι
1493 2752 1683 2789 etidcirco
1697 2753 1820 2790 eduxit
1834 2759 1900 2790 nos
1913 2754 1958 2790 de
1975 2760 2072 2790 terra
2093 2753 2252 2801 AEgypti‚
2276 2759 2317 2790 ut
2340 2754 2502 2793 traderet
2535 2765 2540 2771 ·

1449 2824 1464 2846 c
1494 2821 1558 2849 nos
1568 2812 1605 2848 in
1618 2822 1747 2850 manus
1755 2812 2089 2860 Amorrboei,atque
2105 2815 2255 2858 deleret,
2271 2819 2307 2850 et
2323 2814 2461 2861 reliqua
2482 2827 2496 2851 ι
2535 2831 2540 2850 ε

1446 2874 1641 2910 Duodecim
1666 2874 1768 2910 missi
1792 2880 1875 2910 sunt
1895 2875 2156 2920 inspectatores
2176 2880 2220 2910 ex
2250 2873 2333 2911 liliis
2362 2873 2499 2919 Israel,
2531 2868 2540 2900 ¹

1447 2935 1492 2971 ad
1526 2935 1823 2972 considerandam
1859 2939 1996 2973 terram
2023 2946 2104 2982 quae
2136 2936 2189 2972 eis
2225 2937 2343 2973 suerat
2375 2946 2503 2984 repro-

1446 2995 1571 3031 missa.
1594 2995 1724 3041 Hique,
1740 3000 1822 3042 post
1835 2996 2073 3042 quadraginta
2088 2996 2166 3033 dies
2182 2996 2338 3042 reversi,
2358 2996 2440 3033 dive
2482 3003 2485 3005 ·
2504 3016 2506 3018 -

1446 3057 1668 3093 renuntiant.
1707 3057 1797 3093 Nam
1824 3057 1950 3094 decem
1980 3067 2025 3095 ex
2055 3058 2112 3094 his
2146 3058 2182 3094 in
2211 3057 2501 3105 desperationem

1448 3117 1599 3153 mittunt
1625 3118 1812 3164 populum,
1842 3118 1894 3154 ita
1923 3121 1965 3155 ut
1982 3117 2095 3154 velint
2122 3117 2263 3164 abjecto
2295 3116 2416 3165 Moyse
2437 3116 2503 3154 eli*

1449 3187 1534 3224 gere
1550 3177 1661 3214 alium
1680 3179 1824 3222 ducem,
1839 3183 1877 3214 et
1895 3179 2030 3215 reverti
2047 3179 2086 3215 in
2103 3178 2311 3226 AEgyptum.
2331 3177 2402 3214 Alli
2417 3187 2503 3215 vero

1449 3236 1520 3273 duo
1539 3238 1635 3274 bona
1662 3238 1843 3281 nuntiant,
1864 3242 1902 3274 et
1918 3239 2155 3274 cohortantur
2170 3237 2342 3284 populum
2355 3243 2500 3284 perma-

1447 3305 1536 3331 nere
1551 3297 1590 3331 in
1618 3295 1689 3332 fide
1706 3296 1868 3332 dicentes
1897 3308 1904 3331 :
1930 3306 1944 3328 ι
1968 3296 2006 3331 Si
2024 3295 2140 3342 diligit
2157 3305 2224 3332 nos
2244 3296 2354 3337 Deus,
2380 3289 2499 3331 introl-

1447 3351 1555 3391 tiuoet
1563 3354 1609 3390 ad
1619 3358 1754 3390 terram
1763 3347 1989 3402 hancffleut.
2015 3353 2134 3401 xviii).
2151 3365 2164 3389 ι
2186 3352 2259 3390 Sed
2276 3353 2429 3400 populus
2445 3354 2502 3389 in-

1448 3413 1633 3451 aedituus
1655 3414 1908 3461 desperatione
1925 3418 2087 3460 praeceps
2120 3413 2252 3460 agitur,
2286 3417 2325 3450 et
2343 3414 2390 3450 ad
2411 3413 2500 3461 lapi.

1451 3474 1589 3514 dandos
1616 3479 1678 3512 eos
1715 3474 1777 3521 qui
1812 3474 1908 3511 bona
1948 3474 2117 3511 nuntiant
2141 3473 2298 3521 prosilit.
2334 3473 2447 3521 majos

1450 3538 1540 3574 'vero
1558 3527 1703 3574 Domini
1721 3534 1878 3583 protegit
1894 3542 1958 3572 eos
1975 3536 2014 3571 in
2042 3535 2214 3581 nubibus,
2245 3538 2283 3572 et
2309 3534 2403 3572 dim

1451 3597 1574 3636 minus
1597 3596 1644 3634 'ad
1669 3595 1816 3644 Moysen
1850 3607 1859 3631 :
1891 3607 1903 3630 ι
1925 3594 2069 3632 Feriam
2086 3605 2149 3633 eos
2170 3596 2289 3632 morte
2305 3597 2344 3632 et
2371 3594 2448 3631 inte

1452 3660 1551 3695 mam
1564 3659 1653 3700 eoin
1678 3656 1716 3694 et
1729 3654 1860 3692 metam
1878 3661 1914 3693 te
1931 3661 1968 3692 et
1983 3657 2129 3694 domum
2145 3656 2262 3704 patris
2279 3655 2334 3692 tui
2357 3654 2395 3692 in
2459 3660 2461 3662 ·

1451 3717 1526 3756 tem
1561 3718 1731 3765 magnam
1768 3721 1807 3753 et
1838 3717 2010 3762 multam,
2045 3717 2163 3765 mugiit
2195 3722 2304 3764 quain
2338 3717 2422 3754 lime

1448 3777 1579 3834 (m.
1598 3777 1692 3827 m).
1720 3782 1733 3815 ι
1756 3769 2025 3818 masmana
2040 3778 2333 3819 commatice*
2372 3780 2377 3781 ⁷
2418 3784 2421 3785 ⁷
