2540 4016
284 205 359 246 459

282 336 416 377 Christi
431 334 534 382 panis
547 339 684 369 coenam
701 337 855 378 sumere,
875 336 955 372 quae
979 332 1062 363 sunt
1077 336 1163 362 vera
1183 335 1323 372 azyma,

282 400 350 433 'nec
378 393 681 432 circumcisionem
710 386 816 423 simul
843 386 1040 431 praedicare
1070 389 1106 422 et
1129 384 1324 430 baptisma.

283 453 526 493 Memoramini
540 455 657 486 autem
674 446 768 482 illius
785 446 847 492 qui
865 445 957 481 dixit
974 456 984 480 t
1001 444 1093 480 Ecce
1108 454 1170 491 eqo
1189 444 1326 495 Paulus

281 517 360 554 dico
382 515 475 552 vobis
494 521 507 546 :
529 511 568 546 Si
596 506 905 548 circumcidamini,
931 504 1090 541 Christus
1114 505 1209 540 vobis
1240 504 1327 541 nihil

280 576 418 624 prodest
439 571 532 616 (Gal.
557 569 608 616 v).
641 567 712 603 Sed
732 572 769 602 et
792 566 823 602 si
843 565 936 602 forte
956 565 1036 611 quis
1066 563 1216 602 Judaica
1239 575 1326 602 con-

279 633 476 670 versatione
500 638 587 665 usus
609 633 677 670 est,
706 624 917 672 negligendo
946 635 1026 662 eam
1055 624 1261 668 mortificet,
1290 623 1326 659 id

278 699 344 737 est,
364 692 570 730 intutiorem
594 694 701 734 atque
718 686 939 724 inefficacem
958 687 1099 730 reddat,
1119 691 1156 723 et
1179 691 1265 722 tune
1292 685 1325 721 ei

279 763 357 800 quae
369 756 422 787 est
438 749 604 786 Ecclesiae
620 748 827 789 misceatur,
844 757 924 792 quae
938 757 1041 783 soror
1054 746 1197 792 quidem
1214 746 1324 788 illius,

280 813 361 859 quia
390 811 548 847 eamdem
578 808 691 855 legem
716 808 838 850 habet,
871 807 1090 852 eosdemque
1117 806 1322 852 prophetas,

279 875 342 910 sed
369 872 494 909 oemula
519 877 599 907 est:
623 880 694 905 non
720 868 815 914 quod
845 868 922 913 ipsa
949 867 1099 910 zeletur,
1133 867 1197 903 sed
1229 866 1326 912 quod

277 933 355 970 haec
375 933 467 968 illius
491 931 605 967 zelum
624 929 796 975 patiatur,
815 928 899 973 quia
926 927 1059 963 divitiae
1081 925 1158 971 ejus
1185 926 1230 962 ad
1259 936 1326 963 nos

276 1005 342 1043 per
363 994 475 1038 ipsam
496 990 668 1028 devolutae
687 994 782 1031 sunt,
796 989 831 1024 in
849 992 987 1023 tantum
1004 986 1189 1022 utPaulus
1208 986 1252 1022 de
1269 986 1326 1022 his

277 1054 337 1100 qui
364 1063 408 1088 ex
426 1051 696 1088 circumcisione
716 1054 812 1091 sunt,
834 1048 878 1083 ad
901 1047 1045 1083 Galatas
1064 1047 1125 1092 qui
1144 1057 1189 1083 ex
1207 1046 1324 1092 genti-

278 1116 343 1151 bus
371 1117 485 1155 erant,
517 1112 675 1147 diceret:
708 1109 939 1145 AEmulantur
965 1119 1022 1143 vos
1052 1118 1120 1142 non
1144 1107 1240 1150 bene,
1265 1106 1326 1142 sed

730 193 771 230 B.
798 192 968 230 usnam
992 166 1139 230 naum
1161 187 1374 228 ARCfflEP.
1401 187 1607 229 uocum.
1633 184 1825 228 ornauit
1848 186 1968 224 PARS
1988 186 2015 222 ι.

283 278 487 319 celebrare3
517 282 585 310 nee
603 269 831 308 festivitatem
860 277 1068 314 azymorum
1086 266 1323 309 celebrantes,
1341 268 1380 309 A
1393 266 1536 304 cubitus
1551 272 1676 304 eontra
1691 267 1809 315 legem
1822 267 1980 310 misceri,
1995 265 2060 302 sed
2075 273 2143 301 nee
2158 262 2264 300 uxori
2275 262 2379 331 pfoxi
2409 258 2416 307 ᾗ

1393 326 1621 365 Adulterium
1637 328 1735 365 enim
1753 329 1822 365 ista
1838 327 2040 365 commistio
2054 335 2127 362 non
2144 323 2355 371 eonjugium}
2364 322 2453 362 est'..
2475 352 2478 355 v

1393 387 1488 424 unde
1521 397 1605 424 eum
1635 387 1786 425 dixisset
1807 386 1928 431 :Cum
1957 395 2072 422 uxore
2101 383 2256 432 proximi
2290 381 2344 421 tui
2371 393 2464 434 non>

1996 60 2024 93 5

1987 96 2011 117 ν

2374 185 2446 222 tto

1393 447 1521 491 coibis,
1538 447 1677 484 addidit
1689 456 1836 490 nomen,
1855 455 1923 483 nec
1941 446 2089 483 seminis
2108 443 2358 481 commistione
2368 451 2447 478 ma-

1392 507 1583 550 culaberis,
1600 509 1671 544 hoc
1684 508 1897 553 explanans,
1915 506 2088 554 quiajam
2113 517 2184 542 non
2202 510 2256 542 est
2280 505 2350 541 hoc
2363 514 2448 542 con-

1389 567 1552 615 jugium;
1573 577 1689 613 neque
1702 568 1800 604 enim
1814 568 1992 613 polluerat
2009 579 2091 604 eum
2111 568 2174 614 qui
2191 566 2449 604 commisceba-

1392 622 1479 661 tur':
1501 625 1586 670 quia
1600 626 1801 662 honorabile
1815 633 1866 662 est
1883 627 2086 672 conjuqium
2102 632 2134 662 et
2149 627 2271 662 thorus
2283 627 2449 665 immea-

1393 687 1486 723 latus
1502 686 1626 734 (Hebr.
1645 687 1728 735 xm)
1748 699 1756 723 :
1780 688 1843 724 sed
1861 698 1944 723 cum
1963 686 2126 723 sensibili
2145 687 2391 730 fornicatione,
2412 691 2448 722 et

1394 747 1439 783 ab
1461 746 1675 793 intelligibili
1693 757 1760 783 nos
1777 755 1964 783 removere
1987 748 2146 782 maximo
2171 747 2288 783 studio
2306 740 2443 788 nititur,

1392 813 1538 854 propter
1551 807 1645 853 quod
1656 807 1812 844 subdidit
1825 819 1833 843 :
1849 807 1900 842 De
1915 807 2044 843 semine
2057 812 2117 842 tuo
2127 818 2195 842 non
2209 806 2307 842 dabis
2323 806 2448 842 servire

1395 866 1556 910 Moloch‚·
1585 867 1660 903 sive
1692 871 1732 902 ut
1762 866 2007 913 Septuaginta,
2039 866 2200 913 principi.
2236 865 2302 902 Cui
2329 871 2449 902 aut-em

1393 926 1547 972 principi
1578 932 1702 963 nostra
1723 926 1910 962 translatio
1938 931 1975 962 et
1998 925 2127 971 reliqui
2150 925 2366 971 interpretes
2387 935 2449 960 os-

1393 987 1598 1023 tenderunt.
1622 987 1693 1033 Ipsi
1712 988 1807 1023 enim
1829 987 1966 1023 Moloch
1985 997 2052 1033 pro
2073 997 2131 1030 eo,
2152 986 2248 1032 quod
2274 991 2330 1022 est
2347 986 2450 1032 prin-

1393 1048 1478 1093 cipi,
1496 1058 1653 1084 consone
1682 1049 1894 1092 ediderunt;
1916 1048 2050 1085 idolum
2079 1053 2199 1084 autem
2227 1047 2297 1084 hoc
2325 1046 2448 1089 fuisse,

1395 1109 1503 1145 etiam
1522 1108 1726 1154 Stephanus
1753 1110 1985 1153 concionans,
2018 1109 2176 1145 maxime
2202 1114 2320 1144 autem
2342 1108 2450 1144 Amos

278 1174 457 1211 excludere
474 1183 530 1208 vos
548 1171 663 1208 colunt
682 1169 811 1218 (Galat.
832 1169 895 1216 lv).
916 1168 1005 1212 Quia
1024 1175 1143 1204 autem
1165 1177 1236 1202 non
1257 1166 1326 1202 Ec-
1346 1176 1378 1215 Β
1397 1174 1480 1204 ante
1509 1178 1606 1211 eum,
1632 1169 1852 1214 prophetans
1879 1168 2158 1212 demonstravit3
2187 1168 2237 1203 ait
2261 1168 2356 1203 enim
2376 1180 2384 1202 :
2404 1166 2450 1201 Et

279 1234 388 1270 clesia
402 1232 623 1279 Syuagogam
638 1230 785 1272 zelatur,
801 1229 863 1265 sed
875 1229 951 1275 ipsa
970 1239 989 1263 a
1005 1227 1195 1274 Synagoga
1210 1226 1328 1262 zelum

278 1294 421 1338 patitur,
441 1292 667 1328 manifestum
679 1297 732 1327 est
749 1301 793 1327 ex
808 1300 849 1326 eo
866 1290 960 1336 quod
976 1300 1045 1325 non
1066 1289 1223 1325 secunda
1236 1298 1328 1324 uxor

277 1354 442 1398 primam,
461 1353 522 1388 sed
534 1353 649 1398 prima
667 1352 1058 1388 aemulaturseeundam
1077 1363 1083 1386 :
1103 1351 1194 1386 sicut
1206 1360 1250 1386 ex
1266 1350 1327 1385 de-

278 1413 408 1448 siderio
422 1413 489 1448 viri
508 1412 793 1459 subingrediente
811 1411 911 1454 solet,
932 1411 1026 1447 unde
1048 1416 1085 1446 et
1101 1410 1166 1446 Lia
1186 1410 1327 1447 zelaba-

278 1478 337 1507 tur
354 1471 500 1507 Rachel

324 1532 375 1567 Ad
392 1532 569 1568 mulierem
593 1544 669 1579 quoe
687 1533 818 1579 patitur
840 1538 1053 1568 menstruam
1074 1542 1142 1567 non
1167 1530 1325 1574 accedes,

277 1603 336 1627 nec
360 1592 483 1628 reveles
512 1593 697 1638 faeditatem
714 1593 801 1639 ejus.
829 1593 867 1628 ld
892 1598 959 1635 est,
986 1593 1030 1628 ad
1066 1596 1326 1628 menstruatam

277 1653 463 1688 mulierem
491 1664 560 1689 non
589 1654 765 1689 accedes:
788 1653 1042 1700 segregabatur
1070 1654 1165 1689 enim
1194 1663 1326 1689 secun<

278 1715 362 1750 dum
383 1715 495 1760 legem
514 1721 658 1760 propter
674 1715 946 1750 immunditiam.
968 1715 1043 1750 Hoc
1061 1725 1141 1750 cum
1162 1714 1326 1760 superius

278 1775 367 1811 satis
396 1775 611 1812 sufficienter
631 1775 883 1821 prohibuisset,
906 1775 990 1821 quid
1021 1775 1088 1811 sibi
1114 1774 1201 1818 vult,
1230 1773 1326 1820 quod

278 1837 385 1872 ctiam
415 1837 473 1872 hie
502 1837 568 1872 hoc
586 1836 710 1872 iisdem
742 1837 929 1882 praeceptis
959 1837 1073 1872 voluit
1103 1836 1326 1883 adjungere?

277 1896 331 1932 An
351 1896 440 1932 sorte
458 1907 502 1932 ne
529 1897 564 1932 in
583 1897 826 1943 superioribus
843 1898 1012 1942 quoniam
1033 1898 1167 1933 dietum
1188 1902 1258 1940 est,
1280 1908 1326 1934 ne

277 1959 427 2005 figurate
446 1958 699 2005 ,accipiendum
731 1963 930 2003 putaretur,
949 1958 1058 1992 etiam
1084 1958 1143 1992 hic
1166 1958 1325 2003 positum

276 2023 343 2060 est,
360 2018 420 2054 ubi
439 2018 523 2052 talia
541 2017 721 2063 prohibita
737 2022 819 2052 sunt
833 2026 913 2061 quac
929 2017 1037 2051 etiam
1059 2022 1217 2062 tempore
1235 2017 1325 2053 Novi

1396 1229 1562 1276 portastis
1589 1227 1852 1264 tabernaculum
1879 1227 2018 1263 Moloch
2054 1233 2186 1270 vestro,
2211 1234 2242 1262 ει
2265 1227 2452 1272 imaqinem

1396 1288 1570 1324 idolorum
1589 1294 1779 1323 vestrorum
1793 1287 1889 1323 sidus
1901 1286 1966 1322 Dei
1982 1287 2099 1331 vestri,
2114 1296 2191 1333 quoe
2206 1286 2336 1332 fecistis
2355 1286 2451 1321 vobis

1398 1348 1517 1395 (Amos
1535 1347 1583 1396 v).
1601 1347 1730 1383 Semen
1746 1352 1865 1383 autem
1879 1357 1950 1383 non
1964 1347 2080 1383 solum
2096 1351 2281 1393 cognatos,
2296 1346 2359 1382 sed
2371 1356 2451 1382 om-

1395 1418 1478 1444 nem
1494 1413 1653 1444 nostram
1672 1409 1851 1445 actionem
1870 1414 1904 1445 et
1920 1409 2120 1446 doctrinam
2138 1408 2393 1455 intelligamus,
2414 1412 2454 1443 ut

1396 1478 1464 1504 nec
1492 1469 1671 1505 actionem
1692 1473 1855 1504 nostram
1879 1469 2003 1504 demus
2020 1468 2065 1504 ad
2080 1468 2307 1504 serviendum
2319 1466 2424 1502 idolis
2441 1477 2449 1501 ε

1396 1528 1479 1574 quia
1492 1529 1593 1563 radia:
1602 1529 1754 1564 omnium
1764 1528 1937 1563 malorum
1950 1528 2120 1574 cupiditas
2135 1527 2190 1575 (11
2204 1525 2362 1572 Timm),
2372 1535 2452 1571 quae

1396 1594 1451 1626 est
1466 1589 1640 1625 idolorum
1654 1589 1827 1632 servitus;
1845 1590 1906 1625 sed
1923 1589 2008 1624 talla
2023 1589 2215 1624 doceamus
2230 1597 2307 1634 quae
2321 1596 2391 1623 non
2406 1586 2451 1622 ad

1397 1650 1533 1685 erroris
1551 1649 1729 1686 idolorum
1747 1649 1968 1695 impietatem
1985 1649 2177 1694 pertinent.
2195 1647 2255 1684 Sic
2272 1646 2368 1683 enim
2392 1646 2450 1682 in-

1397 1711 1534 1758 telliges
1553 1722 1623 1748 non
1642 1717 1809 1758 oportere
1833 1712 1877 1748 ad
1904 1711 2091 1748 mulierem
2110 1721 2189 1757 quae
2205 1711 2242 1747 in
2258 1711 2452 1747 menstruis

1396 1773 1594 1810 constituta
1617 1780 1672 1809 est
1696 1773 1834 1820 ingredi
1862 1773 1907 1809 ad
1939 1773 2168 1809 revelandam
2192 1771 2452 1818 turpitudinem

1396 1832 1486 1878 ejus,
1497 1840 1619 1870 utnon
1630 1834 1666 1869 in
1680 1843 1805 1870 errore
1819 1843 2040 1880 paganorum
2052 1842 2118 1869 nos
2133 1833 2371 1868 misceamus:
2386 1831 2453 1867 hu·-

1392 1895 1452 1941 jus
1471 1896 1567 1932 enim
1581 1896 1733 1943 figuram
1755 1905 1882 1942 gerere
1899 1905 1979 1931 eam
2003 1904 2081 1940 quae
2100 1894 2136 1930 in
2155 1893 2350 1930 menstruis
2369 1903 2454 1930 con-

1397 1955 1522 1990 stituta
1542 1961 1608 1999 est,
1639 1955 1806 2001 superius
1824 1954 2056 1996 ostendimus,
2077 1964 2159 1990 cum
2173 1953 2216 1989 de
2239 1952 2453 1990 mentruatis

1398 2019 1433 2050 et
1470 2015 1606 2051 fluxum
1638 2015 1822 2062 sanguinis
1853 2015 2071 2061 patientibus
2103 2013 2314 2050 mulieribus
2345 2013 2454 2049 inter-

278 2077 512 2118 Testamenti,
546 2082 681 2112 remota
719 2076 927 2111 umbrarum
962 2082 1125 2112 veterum
1156 2078 1327 2114 observa-
1349 2079 1377 2119 C
1399 2077 1563 2120 pretandi
1584 2077 1800 2112 necessitate
1821 2085 1941 2111 sermo
1959 2075 2104 2110 habitus
2126 2079 2193 2110 est.
2221 2073 2291 2110 Sed
2308 2084 2375 2109 nec
2393 2084 2453 2110 re-

281 2138 389 2179 none,
420 2137 495 2172 sinc
522 2136 629 2172 dubio
657 2137 885 2172 custodienda
918 2143 999 2173 sunt
1023 2148 1031 2173 ε
1060 2139 1154 2184 quod
1184 2140 1327 2175 videtur

278 2197 387 2233 etiam
420 2207 485 2242 per
504 2198 715 2243 prophetam
749 2197 972 2233 Ezechielem
1005 2198 1240 2244 significasse,
1264 2201 1326 2246 qui

278 2257 372 2292 inter
392 2256 450 2292 illa
473 2262 619 2302 peecata
650 2266 730 2302 quae
759 2267 830 2292 non
862 2256 1013 2303 figurate
1043 2258 1104 2293 sed
1138 2258 1327 2295 manifeste

277 2318 483 2362 iniquitates
516 2322 611 2361 sunt,
642 2318 752 2353 etiam
777 2323 1048 2361 commemorat,
1074 2318 1119 2354 ad
1139 2319 1326 2355 mulierem

277 2382 537 2413 menstruatam
567 2378 597 2413 si
614 2378 694 2423 quis
713 2377 873 2422 accedat,
895 2383 931 2415 et
962 2378 1055 2414 inter
1080 2378 1228 2424 J‘ustitiae
1253 2390 1327 2415 me-

277 2439 346 2474 rita
365 2438 393 2474 si
411 2449 482 2474 non
498 2439 658 2475 accedat.
677 2437 753 2482 Qua
771 2438 808 2474 in
823 2449 862 2475 re
877 2449 948 2474 non
966 2444 1094 2474 natura
1121 2440 1325 2484 damnatur,

276 2499 339 2535 sed
353 2498 593 2544 concipiendae
608 2497 699 2544 proli
714 2498 861 2534 noxium
875 2498 1095 2543 perhibetur.
1116 2496 1203 2534 Cum
1218 2509 1327 2535 uxore

274 2559 422 2605 proximi
447 2560 497 2595 tui
516 2570 583 2594 non
608 2558 726 2602 coibis,
749 2569 808 2594 nec
830 2558 968 2594 seminis
991 2559 1230 2594 commistione
1257 2569 1326 2595 non

276 2619 516 2655 maculaberis·
551 2619 643 2655 Ecce
675 2620 737 2655 ubi
763 2629 891 2655 rursus
918 2619 1083 2665 prohibet
1110 2618 1326 2655 adulterium

276 2681 370 2726 quod
393 2691 474 2715 cum
498 2681 614 2716 aliena
633 2691 744 2716 uxore
764 2681 1021 2723 committitur;
1043 2680 1137 2726 quod
1153 2680 1264 2716 etiam
1287 2679 1326 2716 in

276 2740 452 2786 Deealogo
464 2741 685 2785 prohibetur.
703 2741 805 2777 Unde
823 2747 970 2787 apparet
983 2741 1042 2777 illa
1061 2742 1110 2777 ita
1127 2742 1321 2788 prohibita,

278 2805 317 2834 ut
335 2799 443 2834 etiam
461 2799 609 2835 mortuis
628 2799 715 2835 viris
733 2800 820 2843 suis,
844 2811 914 2836 non
934 2802 1065 2837 ducant
1080 2812 1225 2846 uxores,
1242 2812 1326 2849 qua-

277 2871 356 2896 rum
381 2860 545 2906 prohibet
570 2859 826 2905 turpitudinem
850 2861 1016 2897 revelari.

676 2917 825 2954 CAPUT
850 2918 925 2954 ΧΠ.

343 2979 509 3015 Prohibet
528 2990 662 3014 omnem
678 2979 933 3014 immunditiam
952 2985 1072 3016 contra
1088 2987 1263 3017 naturam.

325 3041 467 3088 (an1r.
487 3038 604 3085 xvm.)
628 3039 680 3074 De
699 3039 826 3074 semine
849 3045 908 3074 tuo
935 3050 1003 3075 non
1018 3040 1131 3084 dabis,
1151 3047 1189 3075 ut
1207 3051 1327 3077 conse-

278 3106 393 3136 cretur
423 3098 518 3135 idolo
551 3098 706 3141 Moloch,
739 3098 796 3134 vel
831 3098 1027 3134 secundum
1057 3098 1290 3147 Septuaginta
1316 3112 1326 3136 ε

278 3160 414 3199 Proesto
428 3170 500 3195 esse
515 3158 676 3204 principi,
702 3168 763 3192 nec
779 3156 910 3204 pollues
929 3168 1053 3193 nomen
1071 3158 1136 3194 Dei
1153 3160 1204 3194 tui
1219 3170 1232 3195 .·
1251 3159 1328 3206 qu

277 3219 461 3254 Dominus.
481 3217 570 3254 Cum
596 3216 750 3253 nitesculo
772 3227 842 3252 non
868 3217 1019 3253 dormies
1046 3219 1139 3254 coitu
1165 3219 1326 3264 femineo,

275 3281 356 3327 quia
375 3279 587 3315 abominatio
610 3283 674 3320 est,
695 3288 774 3313 cum
791 3277 884 3313 omni
902 3287 1023 3323 pecore
1042 3288 1112 3313 non
1127 3278 1247 3321 coibis,
1266 3289 1328 3314 nec

276 3339 505 3376 maculaberis
524 3350 602 3375 cum
624 3349 688 3381 eo;
709 3337 834 3374 mulier
853 3348 922 3374 non
942 3338 1139 3374 succumbet
1152 3339 1327 3385 jumento,

277 3412 338 3437 nec
372 3400 571 3436 miscebitur
595 3400 646 3442 ei,
677 3399 761 3446 quia
787 3398 900 3435 scelus
921 3405 983 3435 est.
1010 3398 1089 3446 (Ex
1115 3399 1328 3447 Hesychia.)

276 3459 374 3497 Bene
403 3462 460 3498 hae
494 3460 809 3507 interpretationes
840 3460 934 3507 stylo
970 3460 1170 3506 coniunctae
1204 3466 1287 3497 sunt
1315 3473 1324 3497 :

275 3531 438 3571 praesens
464 3524 557 3560 enim
577 3524 791 3570 legislatoris
819 3523 974 3560 intentio
993 3528 1048 3560 est
1071 3533 1091 3559 a
1119 3523 1326 3559 libidinibus

277 3589 315 3621 et
332 3595 352 3620 a
371 3583 517 3620 nefariis
543 3585 862 3627 commistionibus,
890 3589 926 3620 et
944 3594 964 3619 a
989 3584 1226 3620 fornicatione
1253 3589 1325 3620 tam

278 3644 436 3680 sensibili
466 3655 572 3691 quam
603 3645 814 3691 intelligibili
836 3645 1004 3681 cohibere
1033 3655 1114 3682 eum
1137 3645 1197 3691 qui
1230 3645 1326 3681 acei-

277 3706 331 3750 pit
345 3706 471 3752 legem,
491 3711 528 3743 et
539 3712 730 3753 propterea
746 3716 818 3742 non
837 3715 918 3742 eum
938 3707 1107 3752 praecepit
1135 3707 1167 3742 ei
1188 3717 1267 3753 quse
1287 3706 1324 3742 in

278 3765 471 3803 menstruis
498 3766 691 3804 constituta
724 3771 780 3804 est
807 3771 952 3814 propter
982 3766 1214 3813 pollutionem
1240 3776 1323 3804 con·

479 3883 498 3900 ι’..

1393 2136 1553 2173 velemus
1570 2137 1768 2173 soeditatem
1784 2136 1875 2182 ejus,
1890 2141 1930 2171 ut
1947 2145 2021 2172 non
2038 2135 2201 2171 dicamus
2217 2143 2333 2180 neque
2348 2133 2454 2169 dedu-

1393 2208 1518 2234 camus
1542 2198 1585 2233 ad
1604 2199 1761 2234 medium
1781 2198 1942 2234 actiones
1962 2207 2088 2233 eorum
2109 2195 2237 2239 malas,
2257 2205 2330 2231 non
2347 2194 2452 2241 quasi

1394 2259 1446 2294 eis
1460 2263 1661 2304 parcentes,
1695 2259 1757 2295 sed
1773 2263 1922 2305 propter
1940 2267 2002 2294 eos
2022 2257 2084 2303 qui
2113 2256 2262 2293 audiunt
2283 2255 2367 2301 quia
2386 2265 2451 2290 no-

1394 2323 1451 2354 cet
1482 2317 1722 2354 audientibus.
1753 2319 1904 2365 Propter
1925 2319 2022 2364 quod
2051 2317 2139 2354 dicit
2168 2316 2300 2353 Paulus
2326 2327 2334 2351 ε
2365 2315 2452 2359 Qua.»

1394 2379 1484 2414 enim
1503 2379 1538 2413 in
1564 2378 1696 2414 occulto
1716 2379 1758 2414 ab
1778 2380 1826 2414 eis
1850 2380 1953 2423 fiunt,
1973 2384 2072 2424 turpe
2096 2383 2146 2413 est
2173 2378 2288 2413 dicere
2305 2376 2451 2424 (Epltes.

1393 2438 1444 2485 v).
1475 2437 1547 2474 Sed
1576 2448 1725 2474 uxorem
1745 2439 1899 2484 proximi
1922 2438 2140 2484 refugiamus
2162 2442 2201 2472 ut
2220 2447 2290 2472 non
2310 2436 2454 2482 pollua-

1393 2509 1479 2535 mur
1497 2500 1534 2536 in
1555 2508 1612 2542 ea,
1630 2498 1773 2545 gentilis
1789 2498 1957 2534 videlieet
1973 2502 2011 2534 et
2024 2496 2235 2539 idololatrae,
2256 2495 2316 2541 qui
2330 2495 2452 2541 proxi-

1395 2571 1476 2597 mus
1495 2565 1619 2598 noster
1634 2565 1785 2606 propter
1801 2563 1971 2595 naturam
1991 2563 2028 2594 et
2046 2562 2194 2603 propter
2207 2555 2454 2601 cognationem

1394 2620 1538 2656 dicitur.
1580 2618 1732 2663 Propter
1774 2618 1870 2663 quod
1914 2622 1951 2652 et
1994 2616 2166 2652 Dominus
2200 2614 2395 2660 inquisitus
2431 2624 2454 2650 a

1395 2679 1513 2716 scriba
1548 2689 1557 2714 ε
1579 2677 1626 2712 Ει
1647 2677 1724 2724 quis
1744 2682 1793 2712 est
1816 2675 1994 2722 proximus
2026 2674 2150 2710 meus?
2179 2672 2278 2721 (Luc.
2307 2672 2345 2720 x)
2370 2682 2453 2709 eum

1395 2739 1456 2786 qui
1485 2737 1723 2775 descenderat
1742 2736 1787 2772 ab
1803 2734 2028 2772 Hierusalem
2054 2734 2093 2770 in
2115 2731 2272 2777 Iericho,
2295 2738 2332 2768 et
2349 2733 2386 2769 in
2402 2733 2453 2768 la-

1396 2807 1516 2837 trones
1542 2800 1733 2843 inciderat,
1751 2799 1920 2835 videlieet
1950 2799 2146 2842 daemones,
2165 2802 2203 2834 et
2218 2807 2335 2843 neque
2355 2807 2375 2832 a
2395 2807 2453 2833 sa-

1396 2861 1551 2902 cerdote,
1571 2869 1688 2905 neque
1715 2869 1734 2894 a
1762 2858 1872 2894 levita
1902 2863 2050 2895 sanatus
2075 2863 2143 2902 est,
2165 2857 2228 2894 sed
2245 2867 2267 2893 a
2284 2856 2448 2893 Samari-

1395 2926 1494 2963 tano,
1511 2920 1716 2966 proximum
1742 2919 1845 2955 dixit.
1861 2918 1951 2956 Cum
1969 2918 2172 2964 hujusmodi
2199 2927 2286 2963 ergo
2304 2917 2454 2954 muliere
2492 2942 2503 2951 ..

1346 2968 1382 3007 D
1399 2990 1472 3016 uon
1490 2979 1711 3024 concumbis,
1742 2985 1783 3015 ut
1807 2979 1870 3015 tali
1893 2980 2041 3016 semin1s
2060 2978 2306 3015 commistione
2325 2983 2458 3014 macu-'
2499 2978 2508 2987 ”’

1400 3041 1506 3077 leris:
1521 3046 1639 3077 utnon
1653 3050 1873 3087 paganorum
1888 3040 2085 3086 sapientiae,
2099 3039 2277 3075 intantum
2291 3048 2451 3075 commu-

1399 3102 1577 3145 nicemus,
1592 3111 1707 3147 neque
1724 3102 1901 3137 intantum
1922 3100 1959 3136 in
1983 3110 2026 3136 ea
2051 3099 2314 3142 incumbamus,
2329 3102 2370 3133 ut
2391 3096 2453 3133 ali-

1399 3173 1505 3209 quam
1514 3162 1746 3209 pollutionem
1760 3171 1805 3198 ex
1819 3171 1862 3197 ea
1873 3161 1911 3196 in
1919 3160 2084 3207 dogmate
2094 3158 2368 3205 conquiramus}
2383 3166 2452 3194 nee
2478 3160 2495 3177 ³
2514 3184 2517 3186 -

1399 3223 1599 3269 polluamus
1625 3230 1755 3257 nomen
1783 3220 1847 3256 Dei
1867 3219 1995 3262 nostri,
2029 3219 2124 3264 quod
2156 3217 2394 3256 communiter
2413 3216 2450 3252 in

1399 3282 1519 3317 omnia
1533 3291 1613 3326 quae
1627 3280 1721 3315 dieta
1748 3283 1831 3315 sunt
1846 3278 2088 3324 intelligamus
2104 3289 2113 3312 :
2132 3278 2215 3323 quia
2241 3276 2368 3324 polluit
2386 3285 2450 3312 no-
2507 3293 2516 3311 e

1397 3352 1479 3377 men
1497 3341 1576 3383 Dei,
1596 3350 1669 3375 non
1694 3339 1810 3375 solum
1828 3337 2079 3374 fornicationis
2098 3337 2319 3382 turpitudine
2335 3342 2372 3373 et
2388 3335 2450 3372 ali-
2506 3348 2515 3360 ⁹

2526 876 2540 970 12⁴⁸·ae—
2527 848 2540 869 A
2530 815 2540 843 ·—.
2527 787 2540 809 ,ν’
2530 777 2540 782 ι

1397 3400 1527 3447 quibus
1557 3398 1759 3435 actionibus
1776 3396 1954 3434 idolorum
1970 3401 2092 3440 utens,
2112 3396 2175 3432 sed
2193 3400 2230 3431 et
2256 3395 2287 3431 si
2305 3395 2384 3441 quis
2403 3405 2449 3432 ex
2487 3416 2490 3423 ,
2515 3401 2525 3411 ”

1396 3473 1616 3512 paganorum
1645 3471 1770 3498 errore
1795 3466 1832 3498 et
1857 3470 1899 3497 ea
1926 3471 2007 3507 quae
2030 3460 2229 3507 appellatur
2269 3460 2363 3506 apud
2385 3469 2447 3498 eos
2508 3445 2525 3457 ‚.

1395 3524 1636 3573 philosophia,
1662 3521 1925 3559 subintroducit
1955 3521 1991 3557 in
2016 3521 2134 3558 divina
2159 3520 2328 3558 Ecclesiae
2357 3520 2444 3567 dog-

1395 3592 1513 3629 mata;
1530 3584 1626 3632 quod
1641 3583 1786 3631 quidam
1801 3582 1981 3629 patientes
1993 3583 2030 3618 in
2043 3587 2177 3619 sortem
2192 3581 2446 3619 haereticorum

1395 3646 1485 3692 lapsi
1514 3649 1610 3687 sunt,
1639 3649 1676 3679 et
1704 3642 1789 3678 sacti
1810 3647 1894 3677 sunt
1924 3648 2025 3678 extra
2047 3643 2268 3687 Ecclesiam;
2294 3646 2334 3678 ut
2361 3645 2446 3687 pote
2483 3677 2486 3683 ,

1393 3705 1594 3752 polluentes
1610 3713 1740 3740 nomen
1758 3703 1835 3746 Dei,
1853 3702 1887 3738 id
1904 3707 1972 3746 cst,
1988 3701 2199 3748 injuriantes
2217 3708 2253 3739 et
2271 3701 2447 3749 quodam-

1394 3765 1501 3803 modo
1517 3764 1803 3812 coinquinantes.
1834 3762 1918 3810 quia
1946 3771 2018 3800 non
2035 3768 2174 3809 oportet
2192 3772 2236 3802 ea
2260 3771 2340 3810 quae
2359 3765 2443 3801 suut
2491 3763 2497 3785 ‘
