2540 4016
0 3847 18 3883 ᾗ,

0 3855 69 4016 l,
123 4010 133 4016 .

1505 0 1541 37 1.
2181 0 2237 53 q
2251 32 2283 45 ,‚
2301 0 2335 47 χ

562 47 585 71 ο
604 60 625 74 0
1987 64 2003 80 Ο
2141 59 2190 105 ·
2213 70 2223 80 α
2252 52 2316 99 ὀ...
2346 55 2350 61 ·
2367 69 2379 80 0

1850 94 1921 188 Q
2127 217 2131 220 .
2239 90 2414 240 ⁴5·-
2475 198 2479 199 V

286 256 348 294 ¹91
720 244 762 282 B.
786 238 952 280 mmm
971 235 1122 276 mmm
1146 229 1361 271 Ancumt’.
1388 228 1595 268 MOGUNT.
1621 229 1812 269 omnum
1837 229 1958 269 PARS
1981 231 2009 268 1.
2016 228 2064 289 ο
2247 232 2284 293 ξ
2344 225 2465 294 'm'

283 342 386 371 cmm.
408 326 460 365 tta
477 327 587 363 etiam
609 333 768 362 summus
786 321 942 368 ejusdem
959 314 1177 354 tabernaculi
1196 321 1318 348 sacer-
1332 308 1368 349 A
1384 313 1504 345 autem
1520 308 1612 346 flunt
1631 310 1676 347 de
1692 320 1781 348 auro
1807 311 2049 358 pretiosisque
2064 304 2492 362 οοὶοῑίὺιιῂιιὶψί-’

282 395 357 434 dos,
378 390 527 437 liguram
546 391 644 422 tenet
672 384 748 420 veri
774 379 950 428 pontificis
966 376 1051 413 Jesu
1082 373 1233 416 Christi,
1253 371 1315 418 qui

283 451 511 497 semetipsum
538 445 668 482 obtulit
685 442 898 479 oblationem
922 442 958 472 et
977 435 1132 472 hostiam
1159 433 1234 468 Deo
1249 441 1316 478 pro

283 511 401 553 nobis,
422 509 459 544 in
485 507 630 543 odorem
654 500 859 541 suavitatis;
878 498 938 543 qui
958 502 994 532 et
1004 495 1087 541 jure
1104 498 1223 541 potest
1244 491 1318 527 sra-

282 576 336 606 ter
366 567 474 614 Moysi
493 563 623 600 vocari.
640 561 724 604 Quis
742 558 836 594 enim
857 555 1009 601 amplius
1034 553 1139 590 alteri
1156 552 1317 589 fraterno

282 636 337 665 est
360 628 492 664 t'oedere
508 631 700 662 connexus,
732 628 838 664 quam
875 616 1042 652 Christus
1073 614 1211 662 Moysi;
1233 614 1317 661 legi,

280 689 408 735 gratia,
428 685 562 720 Novum
578 681 845 716 Testamentum
868 676 1014 713 Veteri?

678 739 826 776 CAPUT
856 737 897 773 11.

353 805 399 840 De
423 810 509 840 veste
529 799 735 838 sacerdotali
762 799 879 833 Aaron
911 802 943 832 et
977 796 1132 842 filiorum
1159 795 1249 841 ejus.

327 865 512 911 Faciesque
532 869 655 898 vestem
680 866 834 896 sanctam
855 857 958 903 fratri
978 863 1037 891 tuo
1056 856 1092 890 in
1115 854 1262 901 qloriam
1290 860 1322 889 et

280 927 448 966 decorem,
481 930 511 958 et
541 922 688 969 loqueris
720 920 851 955 cunctis
871 916 1083 964 sapientibus
1099 915 1215 957 corde,
1237 925 1322 960 qnos

284 987 407 1034 replevi
424 986 545 1031 spiritu
564 983 771 1030 prudentia‘,
791 986 826 1015 ttt
848 979 979 1025 saciant
999 983 1106 1013 vestes
1127 977 1266 1017 Aaron,
1288 975 1324 1010 in

279 1048 402 1095 quibus
435 1045 668 1089 sanctificatus
699 1043 869 1077 ministret
897 1037 983 1075 milti
1019 1037 1148 1084 (Eroti.
1179 1035 1322 1081 xxvttt).

282 1110 406 1144 Vestes
439 1112 571 1142 sanctae
600 1105 719 1140 Aaron
747 1113 836 1148 quas
864 1101 912 1136 illi
940 1100 1079 1146 Moyses
1101 1099 1196 1140 fecit,
1218 1109 1325 1144 opera

286 1167 521 1211 suntjustitioe
536 1171 571 1200 et
587 1164 800 1206 sanctitatis,
814 1173 891 1208 qua:
908 1162 1093 1207 Scriptura
1112 1172 1222 1196 sacrae
1242 1161 1327 1206 legis

1386 368 1437 405 hil
1455 369 1526 405 vile
1549 380 1593 406 ac
1611 371 1834 415 sordidum,
1825 381 1862 407 tn
1882 371 2082 408 sacerdotis
2100 379 2164 407 ore
2179 369 2238 406 vel
2253 379 2364 416 opere
2381 370 2446 407 tle-

1385 428 1448 465 bet
1476 439 1670 476 apparere;
1708 431 1771 468 sed
1795 437 1926 468 cuncta
1945 441 2025 478 quae
2051 431 2138 478 agit,
2169 429 2340 467 universa
2364 440 2446 478 quae

1387 489 1558 535 loquitur,
1576 491 1699 527 omnia
1732 502 1812 539 quae
1842 492 1990 538 cogitat,
2011 497 2048 528 et
2078 501 2202 528 coram
2234 490 2446 530 hominibus

1386 550 1619 596 praedamnet
1636 551 1672 586 in
1689 557 1884 598 conspectu
1903 551 2036 588 interni
2055 551 2183 588 arbitri
2203 555 2349 598 oportet
2364 560 2447 593 esse

1388 610 1558 657 gloriosa.
1580 611 1682 655 Quod
1706 612 1840 648 dictum
1859 618 1914 648 est
1927 639 1937 656 ‚
1955 612 2003 648 Et
2020 623 2126 659 pones
2154 612 2193 648 in
2223 617 2371 659 atroque
2389 611 2447 649 la-

1390 678 1459 707 tere
1487 671 1800 717 superhumeralis,
1837 672 2038 708 memoriale
2068 671 2152 719 filiis
2179 671 2312 715 Israel,
2352 682 2449 710 nune

1390 745 1532 781 quoque
1551 734 1711 781 pontifex
1728 735 1764 771 in
1778 735 2067 781 superhumerali
2081 735 2228 771 nomina
2249 739 2368 781 gestat
2380 744 2446 780 pa-

1390 797 1644 838 triarcharum,
1663 806 1744 832 cum
1766 796 1893 832 doctor
1910 796 1991 842 quis
2010 797 2086 832 sive
2104 796 2236 842 praesul
2262 796 2445 838 Ecclesiae,

1392 859 1428 894 in
1465 859 1633 894 omnibus
1657 868 1736 904 quae
1770 859 1843 904 agit
1875 863 2017 904 patrum
2048 859 2328 904 praecedentium
2354 858 2448 894 sacta

1393 919 1612 961 considerat,
1633 925 1742 964 atque
1769 918 1813 953 ad
1834 928 1958 954 eorum
1991 920 2232 955 imitationem
2251 920 2365 955 vitam
2397 920 2451 956 di-

1393 980 1522 1027 rigere,
1550 985 1586 1016 et
1619 990 1710 1015 onus
1734 979 1949 1025 evaugelicae
1975 980 2210 1025 perfectionis
2238 979 2335 1016 ferre
2355 984 2451 1016 sata-

1395 1041 1459 1086 git.
1477 1040 1564 1084 Quae
1584 1039 1751 1076 videlicet
1769 1040 1912 1075 nomina
1943 1046 2086 1085 patrum
2107 1046 2190 1086 apte
2214 1041 2250 1076 in
2273 1041 2451 1087 lapidibus

1395 1100 1562 1146 pretiosis
1577 1100 1690 1146 sculpi
1710 1100 1809 1145 jussa
1841 1106 1939 1136 sunt.
1960 1101 2112 1147 Lapides
2134 1102 2265 1148 quippe
2285 1101 2450 1147 pretiosi,

1397 1172 1504 1207 opera
1516 1162 1689 1197 virtutum
1706 1167 1789 1197 sunt
1807 1162 2069 1206 spiritualium;
2090 1163 2270 1209 habetque
2281 1163 2454 1199 sacerdos

287 1229 485 1264 rectoribus
510 1227 672 1262 habenda
694 1225 933 1266 conuuendat,
967 1233 1118 1269 quorum
1138 1231 1173 1258 et
1203 1223 1236 1257 in
1271 1222 1326 1258 his
1350 1205 1377 1243 B
1398 1220 1750 1266 inhumerislapides
1762 1221 2052 1265 pretiosos,etin
2071 1222 2124 1257 eis
2144 1222 2290 1257 nomina
2305 1229 2448 1267 patrum

289 1288 348 1333 qui
383 1296 598 1332 praeccssere
619 1286 652 1321 in
673 1285 815 1321 Christo
839 1283 999 1328 exempla
1026 1294 1104 1328 quae
1128 1283 1326 1325 imitentur,

289 1348 456 1383 ostendit.
481 1347 666 1392 Sapientes
695 1352 811 1381 autem
832 1345 950 1387 corde,
974 1354 1064 1389 quos
1084 1344 1126 1379 ad
1148 1343 1329 1379 faciendas

289 1408 433 1444 casdem
448 1414 579 1450 vestes,
596 1407 689 1442 Deus
711 1406 836 1452 spiritu
852 1405 1048 1451 prudentiae
1077 1404 1239 1449 replevit,
1262 1404 1330 1449 ipsi

293 1476 375 1505 sunt
397 1470 578 1515 prophetae
598 1474 634 1503 et
651 1467 814 1513 apostoli,
835 1468 1027 1512 ca·terique
1055 1466 1219 1502 ‹locun-es
1238 1466 1331 1501 veri-

292 1531 385 1573 tatis,
406 1532 466 1576 qui
481 1531 583 1566 nobis
602 1530 842 1576 apertissime,
873 1529 1050 1574 quomodo
1070 1528 1189 1563 vivere
1213 1537 1333 1563 sacer-

291 1593 455 1635 dotes‚et
488 1591 641 1627 ministri
665 1590 801 1632 altaris,
829 1589 981 1635 qualiter
1014 1590 1142 1624 docere
1165 1588 1331 1631 debeant,

293 1654 365 1688 sive
382 1651 543 1696 exemplo
572 1660 644 1686 suae
663 1650 826 1690 actionis,
846 1658 909 1682 seu
923 1648 1032 1683 verbo
1057 1647 1332 1689 exhortationis,

294 1714 497 1749 ostendunt.
531 1712 667 1755 Quibus
698 1715 754 1745 est
791 1709 875 1744 illud
907 1708 1068 1754 Apostoli
1101 1709 1145 1743 nd
1174 1707 1294 1742 Titum
1325 1718 1333 1742 :

296 1776 434 1820 Oportet
465 1774 553 1808 enim
585 1773 778 1817 episcopum
812 1771 883 1805 siue
913 1770 1055 1805 crimine
1082 1781 1154 1804 esse
1171 1796 1180 1812 ,
1207 1775 1246 1803 ut
1271 1768 1337 1804 Dei

292 1837 571 1881 dispensatorem,
597 1845 663 1868 non
693 1833 889 1874 superbum,
918 1844 985 1867 non
1005 1832 1236 1874 iracundum,
1269 1842 1338 1866 non

294 1895 515 1936 vinolentum,
535 1905 601 1929 non
631 1903 882 1939 percussorem,
904 1903 971 1927 non
993 1892 1103 1936 turpis
1129 1891 1218 1925 lucri
1236 1890 1337 1935 cupi-

300 1956 394 1997 dum,
421 1955 479 1990 sed
510 1954 728 1999 hospitalem,
751 1954 952 1999 beniquum,
985 1953 1163 1994 sobrium,
1186 1952 1339 1996 justum,

297 2022 473 2058 sanctum,
502 2016 754 2056 continentem,
788 2013 1046 2058 amplectentem
1080 2022 1180 2053 enm,
1211 2011 1270 2057 qui
1291 2022 1341 2046 se-

299 2076 448 2110 cundum
465 2075 659 2109 doctrinam
679 2080 727 2107 est
744 2071 879 2116 fidelem
897 2081 1087 2106 sermonem
1105 2069 1189 2116 (Tit.
1208 2069 1248 2117 1).

696 2131 845 2167 CAPUT
875 2131 931 2166 ΙΙΙ.

542 2192 592 2227 De
618 2193 753 2238 [actura
781 2191 1084 2237 superhumeralis.

348 2253 433 2288 Herc
466 2259 580 2288 autem
607 2253 805 2288 vestimenta
830 2258 946 2293 erunt,
968 2263 1044 2297 qua’
1077 2251 1204 2296 sacient
1228 2259 1240 2285 .·
1275 2250 1342 2286 Ra-

300 2314 427 2350 tionale
444 2320 475 2349 et
501 2313 791 2359 superhumerale,
804 2313 956 2347 tunicam
977 2318 1007 2346 et
1026 2311 1151 2346 lineam
1171 2312 1341 2354 strictam,

303 2375 450 2409 cidarim
485 2380 516 2409 et
555 2373 741 2408 baltheum.
775 2372 919 2407 Facient
941 2379 972 2407 et
997 2372 1195 2407 vestimenta
1223 2378 1343 2407 sancta

302 2434 418 2468 Aaron
437 2434 540 2479 fratri
558 2439 615 2467 tuo
634 2439 665 2467 et
685 2431 768 2476 filiis
788 2432 877 2477 ejits,
909 2437 945 2466 ut
976 2431 1169 2466 sacerdotio
1190 2430 1343 2476 sunqan-

301 2503 357 2531 tur
382 2493 478 2535 milti,
498 2494 732 2539 accipientque
759 2503 884 2527 aarum
902 2499 932 2527 et
954 2492 1193 2537 hyacinthum,
1209 2498 1241 2526 et
1258 2502 1344 2538 pur-

299 2566 434 2601 puram,
466 2564 670 2599 coccumqae
702 2553 751 2588 bis
783 2553 941 2594 tinctum,
963 2559 993 2587 et
1034 2552 1170 2598 byssum
1200 2551 1341 2599 (Exod.

301 2614 446 2661 xxvtu).
471 2613 656 2658 Qubmodo
674 2614 749 2649 haec
767 2613 904 2660 singula
929 2612 1023 2649 facta
1042 2613 1127 2655 sint,
1148 2613 1289 2660 plenius
1307 2614 1343 2649 in

302 2677 531 2723 sequentibus
572 2675 784 2721 explicatur.
815 2675 1002 2710 Rationale
1037 2682 1155 2711 autem
1186 2675 1345 2720 pectoris

303 2736 457 2775 habitus,
479 2733 770 2780 superhumerale
804 2739 861 2769 est
893 2734 1124 2770 humerorum
1154 2735 1275 2771 tunica
1309 2740 1347 2771 et

303 2794 396 2829 linea
414 2793 554 2834 stricta,
575 2793 609 2827 id
625 2798 693 2834 est,
705 2793 868 2834 camisia,
889 2798 1002 2827 totum
1020 2803 1151 2838 corpus
1165 2795 1343 2839 operiunt.

305 2854 442 2891 Cidaris
462 2860 570 2900 caput
602 2860 727 2897 ornat,
759 2854 941 2889 baltheum
967 2859 1158 2900 utrumque
1191 2856 1347 2892 tunicam

307 2914 412 2950 simul
444 2920 481 2950 et
505 2914 822 2960 superhumerale,
854 2914 967 2950 artius
998 2914 1043 2949 ad
1075 2924 1206 2960 corpus
1235 2922 1346 2961 aptat.

307 2974 443 3018 Quibus
457 2975 762 3017 sexindumentis,
779 2974 928 3011 inferius
939 2976 1127 3021 septimum
1138 2975 1297 3023 jungitur
1314 2982 1351 3013 et
1366 2993 1401 3032 D
1418 2974 1597 3021 gradiens,
1625 2984 1707 3009 cum
1727 2974 1771 3010 ad
1791 2974 1866 3010 sola
1884 2984 1963 3020 quae
1981 2975 2110 3012 altiora
2145 2982 2230 3014 sunt
2258 2978 2399 3022 nititur,
2434 2978 2472 3015 in

307 3039 471 3069 octavum
500 3045 509 3067 2
536 3032 715 3069 seminalia
746 3033 911 3070 videlicet
938 3034 1047 3078 linea,
1068 3036 1113 3071 ad
1142 3037 1349 3082 cooperien-

309 3094 390 3130 dam
426 3103 570 3130 carncm
602 3093 845 3139 turpitudinis,
871 3100 907 3130 et
945 3094 1077 3130 lamina
1108 3106 1217 3132 aurea
1243 3107 1350 3143 super

309 3154 471 3198 cidarim,
490 3164 571 3200 quae
588 3154 693 3190 titulo
718 3155 872 3191 nominis
891 3154 1052 3198 Domini,
1086 3158 1225 3194 caeteris
1244 3159 1350 3195 altior

309 3214 497 3258 omnibus,
530 3214 723 3251 eminebat.
756 3214 867 3252 Linea
897 3220 1018 3253 autem
1049 3217 1173 3254 stricta
1204 3219 1350 3265 dicitur,

310 3276 478 3321 quoniam
494 3276 700 3314 adhaerebat
729 3277 887 3325 corpori,
901 3283 940 3315 et
964 3278 1014 3315 ita
1033 3285 1133 3316 arcta
1148 3287 1228 3316 erat
1245 3282 1352 3318 astri·

312 3336 379 3372 ctis
401 3337 561 3380 manicis,
595 3338 746 3374 utnulla
765 3338 799 3374 ei
816 3338 965 3375 omnino
984 3348 1072 3386 ruga
1104 3339 1250 3377 inesset.
1285 3341 1353 3377 De-

314 3397 504 3434 scendebat
528 3402 650 3434 autem
678 3407 793 3445 usque
812 3397 859 3435 ad
885 3407 991 3435 crura
1010 3409 1019 3434 :
1036 3398 1132 3435 uude
1161 3405 1199 3436 et
1230 3398 1355 3438 Graece

315 3451 471 3499 poderis,
484 3455 519 3492 id
537 3462 608 3500 est,
625 3457 749 3494 talaris
768 3457 978 3495 vocabatur.

365 3513 428 3552 Bis
435 3522 516 3553 octo
524 3520 712 3564 generibus
724 3521 878 3558 vestium
892 3520 1054 3570 pontifex
1069 3526 1231 3571 tempore
1250 3525 1359 3562 saeri-

317 3570 392 3611 sseii
408 3573 545 3612 nolebat
561 3576 672 3621 indui,
688 3587 712 3614 e
725 3579 854 3626 quibus
871 3585 976 3618 erant
993 3586 1149 3629 quatuor
1159 3588 1198 3620 et
1208 3584 1360 3623 minoris

320 3633 456 3672 ordinis
462 3636 707 3674 sawrdotibus
721 3646 909 3678 eonoessa·
917 3640 1101 3680 reminalia
1112 3643 1295 3691 videlicet,
1311 3644 1360 3682 li-

322 3696 991 3742 munuaethttbmetetdarts.
1022 3702 1173 3743 meabat
1192 3705 1292 3743 enlm
1316 3710 1362 3744 nt

324 3753 1368 3874 ‚affirma-“mrem

1398 1280 1582 1325 inscripta,
1605 1289 1686 1314 cum
1720 1285 1755 1314 et
1787 1279 1864 1324 ipse
1896 1280 2062 1316 claritate
2091 1280 2269 1316 bonorum
2304 1290 2455 1326 operum

1397 1339 1537 1374 cunctis
1557 1338 1789 1374 admirandus
1810 1339 2010 1382 exstiterit,
2045 1343 2082 1374 et
2114 1339 2278 1375 eamdem
2313 1339 2456 1375 clarita-

1398 1405 1471 1435 tem
1488 1410 1557 1434 non
1578 1410 1597 1434 a
1613 1410 1651 1435 se
1668 1400 1811 1435 noviter
1833 1400 2031 1442 inventam,
2048 1399 2113 1435 sed
2134 1399 2281 1445 antiqua
2301 1399 2369 1435 sibi
2390 1409 2455 1445 pa-

1401 1465 1493 1494 trum
1509 1460 1722 1495 auctoritate
1743 1460 1914 1495 traditam
1930 1469 2023 1503 esse,
2045 1459 2219 1495 docuerit.
2235 1459 2375 1505 Duplici
2395 1470 2459 1496 au·-

1400 1526 1471 1555 tem
1491 1521 1628 1556 ratione
1650 1522 1726 1557 haec
1748 1521 1784 1556 in
1804 1522 1967 1558 humeris
1995 1527 2128 1568 portat,
2148 1527 2188 1557 ut
2217 1528 2254 1557 et
2274 1522 2351 1567 ipse
2366 1532 2459 1568 prae·

1401 1581 1512 1626 ceptis
1531 1581 1721 1617 dominicis
1752 1582 1941 1618 humiliter
1961 1583 2126 1618 subditus
2157 1583 2314 1626 incedat,
2337 1588 2374 1620 et
2392 1593 2457 1620 au-

1402 1641 1577 1677 ditoribus
1603 1643 1677 1678 suis
1706 1652 1847 1689 semper
1875 1643 2050 1687 coelestia,
2073 1644 2148 1680 sive
2169 1654 2256 1687 sua,
2292 1645 2367 1680 sive
2397 1655 2463 1691 pa·

1405 1708 1498 1737 trum
1520 1704 1683 1750 exempla
1701 1714 1782 1749 quae
1799 1710 2012 1751 sequantur,
2032 1710 2220 1751 proponat.
2239 1705 2330 1750 Aple
2350 1706 2460 1742 etiam

1406 1762 1512 1798 iidem
1530 1763 1667 1809 lapides
1688 1765 1820 1800 includi
1854 1775 1943 1800 auro
1963 1771 2070 1810 atque
2097 1765 2314 1801 circumdari
2330 1765 2460 1811 juben-

1410 1829 1481 1858 tur.
1511 1823 1609 1859 Auro
1638 1834 1794 1868 namque
1820 1823 1876 1859 vel
1900 1824 2108 1860 intellectus
2141 1831 2180 1861 ut
2210 1826 2458 1872 supradictum

1407 1888 1474 1925 est,
1490 1883 1545 1917 vel
1570 1888 1667 1918 certe
1691 1883 1850 1918 charitas
1871 1883 2094 1926 insinuatur,
2115 1885 2199 1929 quia
2216 1886 2311 1922 sicut
2332 1897 2462 1923 aurum

1410 1943 1579 1986 metallis,
1599 1944 1648 1978 ita
1666 1943 1823 1979 charitas
1845 1943 2038 1980 virtutibus
2060 1950 2211 1991 praestat
2227 1947 2381 1982 caeteris.
2405 1947 2456 1983 In-

1410 2002 1602 2038 cluduntur
1619 2013 1705 2038 vcro
1730 2013 1818 2038 auro
1847 2003 1983 2049 lapides
2005 2009 2041 2040 et
2073 2005 2345 2042 circumdantur
2379 2017 2463 2053 pre·-

1412 2063 1508 2106 riost,
1525 2074 1604 2099 cum
1623 2064 1760 2110 operati
1779 2064 1947 2100 virtutem
1976 2065 2066 2101 adeo
2085 2076 2176 2111 puro
2196 2067 2355 2112 undique
2382 2077 2465 2103 ver-

1413 2134 1491 2159 sum
1511 2124 1693 2160 intellectu
1716 2125 2016 2170 circumspicitur,
2035 2131 2073 2160 ut
2095 2125 2144 2160 nil
2165 2126 2200 2161 in
2225 2126 2278 2162 eis
2297 2127 2467 2164 vitiorum

1411 2186 1535 2229 latere,
1572 2186 1622 2221 nil
1659 2197 1846 2222 retuancre
1880 2187 2065 2222 sordidum
2105 2189 2349 2234 permittatur,
2383 2199 2465 2227 cum

1413 2246 1498 2291 ipsa}
1519 2246 1670 2282 virtutes
1701 2246 1749 2281 ita
1769 2247 1912 2282 vinculo
1933 2248 2122 2284 charitatis
2143 2251 2375 2286 continentur
2389 2277 2399 2294 ,
2427 2256 2468 2288 ut

1412 2305 1506 2341 nulla
1527 2316 1648 2342 rerum
1669 2307 1918 2351 mutabilitate,
1939 2318 1958 2342 a
1976 2319 2041 2344 suo
2057 2314 2152 2344 statu
2171 2309 2350 2354 decidere,
2378 2322 2469 2348 nun-

1413 2379 1518 2413 quam
1535 2368 1579 2404 de
1594 2368 1719 2404 habitu
1739 2369 1950 2413 sacerdotis,
1962 2375 2128 2416 torpente
2147 2371 2279 2407 mentis
2305 2373 2468 2410 custodia

1413 2429 1555 2465 valeant
1579 2430 1733 2476 prolabi.

1459 2489 1554 2526 Bene
1578 2496 1696 2527 autem
1718 2492 1879 2537 sequitur
1900 2504 1908 2527 ε
1930 2491 2156 2540 Portaln‘tqne
2182 2492 2302 2529 Aaron
2326 2494 2470 2530 nomina

1411 2562 1530 2586 eorum
1566 2562 1683 2587 coram
1714 2552 1878 2596 Domino,
1908 2563 2010 2599 super
2025 2560 2209 2600 utrumque
2225 2554 2407 2590 humerum
2428 2554 2470 2591 ob

1414 2612 1700 2648 recordationem.
1734 2611 1909 2648 Sacerdos
1938 2624 2094 2659 namque
2117 2615 2162 2650 ob
2184 2615 2471 2652 recordationem

1413 2673 1556 2708 nomina
1581 2679 1723 2719 patrum
1756 2684 1864 2719 super
1904 2679 2096 2720 utrumque
2113 2681 2236 2721 portat
2263 2677 2469 2723 humerum,

1414 2743 1495 2768 cum
1516 2733 1706 2780 diligenter
1725 2735 1822 2770 omni
1839 2735 1941 2778 hora,
1966 2736 2247 2781 praecedentium
2263 2742 2471 2775 sanctorum

1413 2795 1522 2829 vitam
1541 2796 1778 2840 pet-petuleum,
1810 2801 1847 2830 et
1865 2796 1903 2831 in
1923 2796 2085 2833 adversis
2102 2803 2139 2833 et
2152 2799 2335 2844 prosperis
2356 2800 2471 2836 virtu-

1414 2860 1489 2890 tum
1511 2864 1655 2899 semper
1668 2859 1881 2890 ornamento
1901 2860 1956 2890 est
1975 2857 2156 2901 munitus;
2179 2863 2359 2904 quatenus
2367 2857 2473 2904 juxta
2519 2844 2540 2883 'l

1414 2924 1539 2950 vocem
1554 2914 1670 2956 Pauli,
1702 2923 1767 2959 per
1785 2923 1886 2949 arma
1901 2914 2051 2960 Justitiae
2070 2927 2091 2952 a
2109 2918 2246 2955 dextris
2265 2925 2302 2956 et
2317 2920 2473 2956 sinistris

1421 3033 1518 3070 nullo
1537 3033 1786 3070 delectationis
1805 3035 1938 3072 intlmae
1955 3036 2067 3074 latere
2085 3038 2266 3076 flectatur.
2298 3039 2426 3077 Facies
2440 3045 2473 3077 et

1421 3095 1564 3131 uncinos
1579 3106 1622 3131 ex
1639 3107 1739 3140 auro,
1758 3102 1789 3132 et
1804 3097 1892 3134 duas
1911 3099 2090 3137 catenulas
2109 3113 2153 3138 ex
2166 3114 2254 3139 auro
2270 3103 2472 3150 purissimo,

1420 3155 1485 3191 sibi
1504 3156 1646 3191 invicem
1664 3157 1886 3202 cohaerentes,
1901 3170 1988 3206 quas
2005 3161 2134 3198 inseres
2153 3165 2302 3200 uncinis.
2315 3163 2474 3201 Unctnos
2527 3183 2533 3204 ·.

1421 3226 1511 3262 quos
1526 3218 1626 3261 dicit,
1643 3219 1679 3254 in
1702 3220 1879 3266 supremis
1893 3227 1998 3258 erant
2015 3224 2154 3271 angulis
2169 3226 2476 3274 superhumeralis

1421 3275 1522 3314 fabre
1547 3276 1661 3314 affixi.
1703 3277 1884 3317 Catenulae
1903 3286 2022 3318 autem
2052 3293 2142 3330 quas
2178 3287 2375 3336 subiungit,
2401 3296 2476 3324 non

1421 3338 1551 3385 inipso
1567 3340 1868 3386 superhumerali,
1897 3342 1962 3378 sed
1983 3345 2103 3389 potius
2131 3346 2170 3382 in
2199 3348 2380 3394 rationali,
2405 3349 2477 3388 boc

1421 3399 1530 3437 estin
1547 3399 1793 3447 superioribus
1817 3399 1896 3447 eius
1917 3403 2071 3449 angulis,
2089 3414 2157 3451 per
2170 3406 2323 3443 annulos
2345 3417 2477 3446 aureos

1421 3461 1589 3498 videntur
1604 3459 1715 3497 tuisse
1728 3469 1898 3504 annexae:
1915 3466 1955 3498 ut
1973 3472 2056 3500 cum
2072 3464 2283 3503 indueretur
2297 3467 2474 3514 pontifex,

1424 3521 1600 3559 catenulae
1614 3531 1695 3568 quae
1712 3521 1757 3559 de
1770 3521 1938 3559 rationali
1969 3524 2187 3572 pendebant,
2221 3533 2369 3575 possent
2390 3533 2477 3567 a-

1424 3582 1566 3620 uncinis
1571 3581 1876 3630 umerbumeralis
1886 3585 2044 3629 annecti,
2054 3590 2233 3633 quatenus
2242 3587 2477 3637 att-amam

1424 3646 1550 3680 mutuo
1572 3640 1677 3679 lirina
1707 3641 2146 3690 positioneeohaererent3
2181 3647 2477 3699 scm

1426 3710 1499 3750 quo
1512 3700 1674 3750 ιρι-ω
1687 3704 1746 3741 ut
1758 3701 1801 3740 tn
1813 3702 2102 3750 moribus.
2117 3703 2311 3747 Focum
2321 3729 2337 3757 ,-

1426 3760 2230 3820 mammutium.
2267 3811 2270 3816 ,
2415 3760 2477 3819 fl}

1422 3811 1594 3869 m
1599 3826 1639 3861 a
1651 3820 1913 3871 tauma.
1930 3823 2144 3875 udo-q-
2277 3836 2283 3843 *
2345 3819 2348 3821 ’
