2540 4016
295 163 362 200 575

291 295 398 342 piatio
420 294 521 339 legis,
542 297 577 328 et
606 290 700 326 utilis
731 287 901 331 spiritalis
928 287 1195 333 interpretatio,
1220 294 1323 321 men-

290 355 404 398 tisque
422 352 563 388 oculum
595 352 730 394 oportet
761 346 865 381 oculo
889 347 1008 382 earnis
1035 355 1258 391 praeponere‚
1283 350 1323 381 ut

289 415 357 449 boc
373 412 514 458 quidem
526 410 570 444 ad
588 405 851 450 intelligentiam
866 415 989 440 eorum
1001 414 1079 449 quae
1095 404 1321 447 sanciuntur,

289 472 350 506 illo
367 480 451 506 vero
467 474 605 504 utamur
623 466 666 500 ad
684 465 885 509 legendum.
907 464 1058 499 Locutus
1084 471 1133 500 est
1154 465 1322 501 Dominus

289 533 334 566 ad
355 531 494 575 Moysen
511 534 542 562 et
560 527 676 561 Aaron
692 526 808 560 dicens
827 537 839 561 :
869 525 983 560 Homo
1000 526 1035 560 in
1055 526 1155 571 cujus
1173 537 1277 562 carne
1290 533 1323 562 et

289 597 364 625 cute
378 595 470 624 ortus
487 587 590 632 suerit
608 586 760 621 diversus
776 585 884 628 color,
899 587 967 621 sire
980 585 1135 632 pustula,
1147 593 1208 621 aut
1222 587 1323 632 quasi

285 650 400 684 lucens
425 646 599 693 quippiam
614 672 624 688 ‚
654 645 691 679 id
707 651 770 687 est,
797 644 902 690 plaqa
921 644 1037 691 leprae,
1066 645 1259 680 adducetur
1277 645 1322 679 ad

286 711 403 746 Aaron
419 708 643 749 sacerdotem,
667 706 721 742 vel
748 706 795 741 ad
824 716 931 741 unum
960 706 1142 752 quemlibet
1170 705 1323 751 filiorum

285 772 360 817 ejus
379 779 390 803 .·
414 771 472 817 qui
492 779 567 804 cum
586 768 705 803 viderit
728 767 859 813 lepram
878 768 914 802 in
933 773 1024 810 cute,
1045 773 1077 803 et
1094 766 1184 813 pilos
1206 768 1242 802 in
1272 766 1324 801 al-

287 832 366 866 bum
389 836 535 866 „tutatos
553 828 713 870 colorem,
732 828 909 874 ipsamque
921 827 1066 873 speciem
1088 827 1192 872 Ieproe
1211 827 1327 861 humi-

284 892 403 927 liorem
420 891 456 925 in
479 895 566 931 rute,
581 894 612 924 et
630 899 732 923 carne
753 887 901 933 reliqua,
915 886 1018 933 playa
1035 886 1138 933 Ieproe
1153 892 1216 928 est,
1231 891 1263 920 et
1279 886 1325 921 ad

284 951 462 986 arbitrium
482 950 556 995 ejus
573 947 801 994 separabitur.
823 946 894 994 (Ex
913 945 1116 991 Hesycltio.)
1141 944 1325 991 Simplici-

284 1019 338 1047 ter
352 1022 412 1047 seu
432 1011 645 1057 generaliter
660 1009 843 1045 homInem
862 1008 982 1043 divina
997 1007 1184 1053 Scriptura
1204 1008 1326 1054 appel-

283 1071 334 1106 lat
351 1081 444 1113 eum,
464 1070 524 1115 qui
545 1070 608 1105 Dei
631 1069 819 1114 imaginem
839 1073 874 1104 et
893 1074 1025 1103 nostrae
1055 1074 1244 1104 conservet
1260 1079 1324 1103 na-

285 1136 374 1166 turae
393 1131 611 1177 dignitatem.
629 1130 779 1175 Propter
795 1129 888 1175 quod
906 1129 987 1165 audi
1007 1130 1205 1175 sapientem
1222 1142 1229 1165 ε
1249 1130 1326 1165 Μα-
1343 1112 1375 1151 Β
1395 1131 1475 1156 mm
1504 1121 1560 1156 vel
1590 1121 1858 1158 obvenientium
1882 1122 2030 1159 0m¹¹5¹¹0
2045 1123 2319 1168 phantasiarum
2344 1135 2446 1160 ΠΙΟῙῈ

285 1202 389 1236 quum
407 1197 455 1225 est
474 1190 588 1233 bomo,
604 1191 790 1236 pretiosum
807 1190 859 1224 vir
887 1190 1095 1232 misericors,
1116 1189 1153 1224 in
1170 1188 1324 1225 Prover-

285 1253 354 1288 biis
371 1252 560 1293 dicentem,
579 1252 758 1287 hominem
786 1261 870 1287 vero
901 1250 1054 1296 aliquem
1080 1255 1322 1296 peccatorem,

287 1314 389 1358 qnasi
412 1314 503 1349 male
520 1314 711 1349 formatum
732 1314 907 1350 nomisma
926 1314 1117 1357 describit,
1138 1314 1241 1359 pellis
1266 1325 1326 1350 au-

288 1380 359 1410 tem
383 1384 442 1409 seu
472 1374 563 1409 cutis
593 1374 751 1417 nomine,
776 1384 871 1409 nunc
901 1372 1184 1420 uniuscujusque
1216 1384 1321 1416 caro,

286 1443 382 1468 nune
405 1421 520 1468 atitcni
541 1431 618 1477 ejus
641 1433 847 1479 designatur
870 1434 1045 1480 cognatio,
1066 1441 1213 1479 propter
1231 1434 1325 1479 quod

287 1493 322 1527 in
343 1492 433 1528 libro
455 1493 520 1529 Job
544 1503 587 1529 ex
606 1503 757 1538 persona
777 1494 908 1531 diaboli
926 1495 1158 1541 despicientis
1181 1504 1223 1531 ea
1246 1506 1327 1541 qnae

282 1553 360 1587 viro
382 1553 431 1588 illi
456 1553 650 1589 fortissimo
667 1559 875 1597 evenerunt,
898 1560 981 1590 tunc
1003 1554 1146 1600 quando
1162 1564 1244 1590 cum
1257 1555 1326 1590 alia

285 1611 482 1646 substantia
502 1611 592 1647 lilios
610 1612 771 1657 filiasque
789 1611 879 1657 ejus,
898 1614 1041 1648 domum
1060 1624 1167 1659 super
1185 1624 1248 1650 eos
1265 1623 1328 1649 se-

283 1670 436 1714 pulturae
453 1670 530 1705 vice
550 1680 754 1716 congerens,
773 1672 997 1717 disperdidit,
1016 1673 1149 1709 dieitur
1165 1685 1173 1708 ε
1195 1672 1328 1709 Pellem

285 1738 348 1773 pro
364 1728 461 1774 pelle,
482 1735 512 1763 et
527 1735 648 1764 cuncta
667 1741 743 1775 quoe
768 1731 867 1766 habet
884 1732 985 1767 homo
1007 1732 1103 1768 dabit
1121 1744 1183 1779 pro
1210 1734 1329 1769 anima

288 1797 353 1820 sua
374 1786 453 1832 (Job
483 1786 539 1832 11),
561 1787 595 1822 id
617 1793 683 1830 est,
708 1788 834 1833 pellem
861 1789 1004 1834 quidem
1023 1791 1246 1837 cognationis
1264 1801 1330 1837 per

286 1845 379 1881 fillos
397 1847 562 1891 perdidit,
584 1848 645 1883 sed
672 1853 789 1884 tamen
808 1849 936 1886 sufficit
953 1851 986 1885 ei
1008 1852 1102 1896 quod
1124 1852 1228 1897 pellis
1249 1863 1330 1888 car-

286 1905 343 1939 nis
367 1905 400 1940 ei
429 1906 525 1941 salva
557 1912 625 1950 est,
657 1908 876 1953 minimeque
909 1910 1151 1954 corrumpitur
1182 1916 1331 1956 propter

287 1966 380 2009 quod
399 1966 566 2007 subdidit,
591 1967 747 2012 alioquin
766 1967 868 2002 mitte
892 1978 1038 2003 manum
1058 1973 1155 2004 tuam
1173 1974 1209 2004 et
1224 1974 1330 2016 tange

289 2035 330 2059 os
358 2024 433 2069 ejus
464 2031 499 2060 et
517 2035 675 2067 carnem,
707 2030 743 2060 et
761 2031 846 2061 tnnc
866 2027 1003 2062 videbis
1021 2028 1115 2072 quod
1145 2028 1181 2063 in
1202 2028 1331 2065 taciem
1349 2008 1378 2048 C
1401 2023 1599 2060 intentione
1618 2035 1681 2060 sua
1701 2030 1736 2060 et
1755 2025 1949 2061 voluntate·

287 2084 475 2119 benedicat
507 2084 582 2119 tibi.
610 2084 712 2127 Quod
742 2091 859 2120 autem
883 2091 1009 2122 nostra
1040 2087 1150 2123 editio
1181 2088 1290 2124 habet
1321 2099 1331 2126 t

289 2141 404 2177 Homo
421 2142 457 2177 in
483 2143 583 2188 cujus
603 2154 704 2179 carne
728 2150 759 2179 et
778 2152 852 2179 cute
873 2151 967 2181 ortus
985 2146 1089 2191 suerit
1111 2147 1267 2182 diversus
1282 2159 1335 2183 co-

290 2202 356 2244 lor,
378 2202 445 2237 sive
469 2202 622 2248 pustula,
649 2209 709 2238 aut
732 2206 832 2250 quasi
849 2204 965 2240 lucens
983 2207 1172 2252 quippiam,
1191 2207 1226 2242 id
1255 2215 1305 2242 est
1323 2234 1332 2252 ‚

288 2263 392 2308 playa
411 2262 528 2309 leproe,
547 2263 778 2311 Septuaginta
795 2266 1054 2302 transtulerunt
1073 2280 1080 2302 :
1098 2267 1212 2303 Homo
1229 2269 1259 2303 si
1278 2270 1334 2304 cui

289 2323 418 2367 sactum
437 2323 540 2368 suerit
559 2324 596 2358 in
613 2324 774 2369 pellicula
792 2327 945 2372 corporis
971 2327 1047 2372 eJ‘us
1066 2328 1211 2363 cicatrix
1228 2329 1336 2374 siqni-

288 2382 460 2427 lic-ationis
488 2394 678 2430 apparens,·
713 2386 861 2422 cicatrix
901 2393 1021 2424 autem
1061 2389 1334 2435 significationis

287 2448 475 2487 peccatum
489 2443 680 2489 significat,
691 2455 734 2480 ex
745 2446 801 2481 his
817 2457 896 2491 quae
913 2455 1086 2493 apparent
1099 2448 1335 2485 manifestans

288 2503 382 2546 quod
399 2503 576 2538 occultum
597 2509 653 2539 est
671 2509 707 2540 et
725 2505 840 2542 latens
859 2507 987 2542 animae
1018 2508 1157 2543 vitium.
1181 2509 1334 2554 Lepram

287 2561 645 2609 autemiintelligimus
658 2563 746 2610 legis
761 2567 1096 2612 transgressionem,
1114 2569 1197 2614 quia
1210 2579 1334 2614 quem-

289 2621 480 2658 admodum
499 2623 660 2668 leprosus
692 2625 775 2660 dum
796 2630 891 2662 totus
921 2627 969 2662 sit
998 2638 1122 2671 sanus,
1155 2639 1199 2665 ex
1231 2635 1335 2676 parte

290 2681 412 2725 aliqua
434 2681 597 2726 leprosus
616 2681 747 2726 sactus,
769 2685 860 2719 nihil
891 2685 1039 2731 juvatur
1058 2698 1102 2723 ex
1123 2689 1239 2725 salute
1267 2691 1335 2725 mi-

290 2739 389 2775 nime
410 2738 497 2775 facti
515 2740 648 2786 leprosi
666 2743 842 2788 corporis,
862 2746 924 2780 sed
941 2753 1147 2784 removetur
1177 2760 1195 2784 a
1218 2750 1335 2786 taber-

290 2799 421 2835 naculo
439 2805 479 2836 ut
512 2800 729 2843 immundus,
750 2802 802 2837 sie
821 2804 934 2848 etqui
965 2805 1054 2852 legis
1082 2814 1261 2853 praecepta
1290 2820 1335 2846 ex

295 2859 416 2904 aliqua
447 2859 706 2906 transgreditur
731 2867 847 2906 parte,
868 2863 958 2899 nihil
978 2875 1023 2900 ex
1051 2868 1212 2903 custodia
1237 2881 1335 2907 man-

294 2917 370 2953 dati
384 2916 531 2962 juvatur
547 2917 693 2954 alterius
710 2930 719 2953 :
740 2918 808 2961 Qui
822 2921 912 2955 enim
926 2928 1032 2957 totam
1050 2923 1156 2969 leqem
1174 2929 1335 2973 custodit,

291 2983 412 3024 peccat
432 2983 546 3013 autem
571 2978 608 3013 in
625 2989 709 3021 uim,
728 2979 841 3024 factus
858 2986 907 3015 est
923 2983 1076 3017 omnium
1098 2994 1176 3019 reus
1199 2985 1337 3032 (Jacob.

292 3038 353 3085 ιι).
388 3038 454 3074 Hic
485 3038 531 3074 ad
562 3037 683 3074 Aaron
715 3039 939 3076 sacerdotem
960 3034 1171 3087 adducetur,
1203 3051 1265 3082 aut
1293 3048 1338 3083 ad

293 3109 407 3135 unum
426 3099 622 3146 quemlibet
640 3099 796 3135 filiorum
809 3100 900 3146 ejus,
920 3100 986 3136 filii
1006 3107 1124 3139 autem
1141 3106 1339 3143 sacerdotis

292 3164 378 3197 sunt
402 3159 546 3205 cognati
569 3158 659 3204 ejus,
681 3160 877 3196 secundum
896 3160 1077 3206 spiritum,
1093 3173 1114 3198 a
1131 3173 1202 3209 quo
1220 3171 1256 3201 et
1281 3176 1339 3202 sa-

299 3218 451 3255 cerdotii
464 3220 597 3256 habent
609 3219 840 3265 dignitatem
861 3226 946 3256 sunt
965 3227 1086 3258 autem
1104 3223 1141 3258 hi
1156 3224 1193 3259 in
1210 3226 1342 3270 quibus

292 3278 453 3325 perfecta
460 3283 515 3314 est
524 3278 700 3324 plenaque
711 3279 994 3325 philosophia‚ut
1004 3286 1040 3316 et
1053 3281 1255 3318 discernere
1263 3294 1343 3329 pos-

299 3339 371 3374 sint
389 3338 555 3375 sublimia
586 3343 624 3374 et
640 3339 771 3374 animae
797 3337 993 3384 dijudicare
1009 3346 1129 3378 motus
1153 3342 1343 3379 abscondi-

298 3405 372 3436 tos.
395 3400 466 3437 Sed
487 3401 666 3447 quomodo
679 3399 865 3448 judicant?
882 3401 1008 3438 vident
1024 3402 1162 3448 lepram
1179 3403 1216 3440 in
1238 3410 1339 3447 cute,

297 3463 338 3495 et
350 3458 460 3504 pilum
478 3459 555 3504 ejus
573 3461 604 3497 si
631 3461 669 3497 in
685 3461 804 3497 album
821 3465 982 3498 mutatus
1009 3461 1132 3506 fuerit,
1155 3463 1201 3500 ad
1226 3463 1342 3509 ipsam

300 3517 458 3564 speciem
484 3517 592 3564 leprae
621 3519 847 3557 humiliorem
865 3525 948 3558 cute
976 3525 1014 3557 et
1032 3531 1143 3558 carne
1172 3521 1309 3568 reliqua
1329 3533 1340 3558 ε

299 3586 370 3625 per
383 3575 476 3624 pilos
494 3583 612 3616 autem
632 3580 808 3626 significat
823 3580 1059 3628 cogitationes
1075 3581 1206 3627 quibus
1234 3592 1342 3620 orna-

305 3642 365 3673 tur
397 3638 528 3683 anima,
549 3649 720 3686 mensque
737 3641 953 3687 contegitur,
985 3652 1067 3678 cum
1088 3642 1232 3679 easdem
1265 3642 1343 3688 ipsa

307 3698 424 3744 pariat
441 3699 673 3747 cogitationes
691 3701 760 3739 sibi
779 3713 788 3739 z
809 3711 892 3740 nam
914 3707 950 3739 et
979 3706 1088 3748 caput
1113 3702 1262 3747 capillos
1281 3712 1343 3748 ge-

705 155 744 190 Β.
771 153 938 189 RABANI
963 152 1110 189 MAURI
1134 149 1348 188 ARCHIEP.
1377 149 1584 189 MOGUNT.
1610 150 1802 189 OPERUM
1826 151 1945 189 PARS
1968 151 1996 187 1.

291 236 450 283 iuriarct.
484 231 718 277 Quamobrem
751 228 951 264 necessaria
973 228 1076 264 nobis
1093 233 1147 264 est
1165 232 1324 263 contem·
1344 229 1376 268 Α
1394 233 1496 264 nerat
1507 233 1544 264 et
1556 234 1706 264 ornatur
1717 239 1762 265 ex
1778 229 1830 265 eis
1848 238 1891 263 ae
1910 227 2254 271 regitat-‚propterea
2269 228 2302 260 et
2320 223 2439 270 capilli

2366 149 2437 187 576

1391 287 1515 332 capitis
1532 288 1642 323 nostri
1656 287 1828 322 numerati
1841 285 1982 332 (litante.
2002 282 2038 330 x)
2056 283 2237 326 dicuntur,
2253 282 2439 329 cogitatio-

1391 356 1456 382 nes
1469 347 1634 382 videlicet
1648 347 1793 382 mentis.
1809 345 1925 390 Caput
1941 343 2036 379 enim
2053 343 2129 389 ipsa
2147 343 2230 388 quia
2243 343 2442 389 principale

1390 409 1447 440 est
1464 406 1594 441 animae
1612 405 1755 441 dieitur.
1780 404 1853 440 Cur
1872 408 1992 438 autem
2019 403 2198 439 numerati
2218 405 2327 439 sunt?
2355 413 2440 450 pro-

1392 464 1450 498 cul
1469 464 1576 499 dubio
1597 462 1758 500 dicturus
1778 467 1832 498 est
1859 462 1941 507 quia
1959 472 2024 507 per
2040 472 2101 498 eas
2117 463 2241 508 utique
2254 461 2366 507 iudex
2383 462 2441 508 iu-

1391 524 1574 560 dicaturus
1588 530 1644 560 est
1662 524 1855 563 hominem,
1879 522 1915 558 id
1932 527 2000 565 est,
2018 523 2272 559 accusantibus
2299 523 2353 559 eis
2381 523 2438 559 vel

1391 583 1658 628 excusantibus,
1674 584 1766 619 sicut
1780 583 1830 617 ait
1845 581 1989 625 Paulus,
2006 582 2042 618 in
2058 587 2222 628 tempore
2233 592 2304 629 quo
2314 587 2439 618 nostra

1387 641 1644 687 judicabuntur
1661 641 1800 676 occulta
1822 639 1942 687 (Rom.
1961 641 2016 688 ιι).
2045 640 2242 686 Propterea
2272 641 2442 687 intelligi-

1390 711 1471 736 mus
1488 700 1524 735 in
1542 699 1702 735 Nazaraei
1719 700 1837 746 capite
1853 699 1987 735 serrum
2002 710 2072 736 non
2092 701 2243 747 ingredi,
2264 701 2348 736 dum
2362 701 2442 737 aliis

1391 761 1470 797 sine
1489 761 1594 807 eulpa
1615 760 1806 802 inferatur,
1825 762 1908 807 quia
1926 761 2056 808 quibus
2072 768 2155 798 sunt
2183 762 2354 808 superflui
2381 772 2441 799 ca-

1390 821 1481 867 pilli,
1512 831 1585 856 non
1604 821 1721 857 solum
1742 822 1832 858 nibil
1852 828 1957 858 nocet
1987 823 2049 858 sed
2067 829 2104 859 et
2121 823 2261 859 lucrum
2278 829 2335 860 est
2364 828 2443 860 ton-

1393 881 1490 924 deri;
1512 882 1642 927 quibus
1662 888 1783 918 antem
1808 892 1879 918 non
1900 887 1983 918 sunt
1999 883 2185 929 superflui,
2201 883 2373 919 damnum
2387 889 2444 920 est

1390 946 1538 986 propter
1566 941 1742 978 naturalis
1775 942 1914 978 decoris
1947 943 2199 989 spoliationem
2229 943 2443 989 capillorum

1393 1001 1568 1047 depositio
1587 1014 1595 1037 :
1618 1002 1671 1038 sic
1690 1002 1966 1048 quibuscunque
1991 1003 2180 1048 superfluae
2201 1003 2439 1049 cogitationes

1394 1061 1607 1107 importunae
1627 1067 1724 1106 sunt,
1739 1062 1832 1098 bene
1852 1063 1895 1098 ab
1910 1063 1961 1100 eis
1980 1064 2259 1100 commutatione
2278 1064 2446 1100 consilio-

1393 1184 1552 1216 tonsurce
1570 1186 1708 1216 carent.
1727 1181 1766 1216 In
1791 1180 1962 1216 Nazaraeo
1979 1188 2100 1217 autem
2121 1193 2192 1218 non
2217 1189 2320 1226 sunt,
2349 1189 2447 1220 totus

1392 1241 1489 1276 enim
1508 1246 1652 1276 sanctus
1672 1246 1739 1283 est,
1751 1242 1900 1287 propter
1916 1243 2009 1287 quod
2033 1242 2167 1279 serrum
2187 1243 2223 1279 in
2238 1245 2355 1290 capite
2369 1244 2447 1290 ejus

1396 1311 1468 1336 non
1500 1301 1674 1344 ascendit,
1696 1311 1778 1337 cum
1809 1302 1903 1338 bono
1920 1307 2044 1338 utatur
2063 1303 2215 1340 consilio
2245 1309 2282 1340 et
2297 1305 2449 1350 capillos

1393 1359 1650 1405 cogitationum
1669 1361 1892 1397 necessarios
1910 1368 1946 1397 et
1975 1372 2046 1398 non
2068 1362 2272 1409 superfluos
2291 1364 2446 1408 habeat',

1394 1429 1437 1454 ex
1456 1419 1585 1465 quibus
1604 1429 1676 1455 non
1695 1419 1820 1456 incidit
1837 1430 1919 1456 cum
1939 1431 2012 1457 non
2030 1427 2163 1458 tractet
2187 1421 2367 1459 deteriora
2386 1433 2447 1458 ne-

1394 1489 1464 1525 que
1494 1485 1702 1515 commutet.
1730 1479 1769 1516 Si
1795 1490 1881 1527 ergo
1900 1481 2013 1527 pilum
2041 1481 2079 1517 in
2113 1482 2194 1518 albo
2213 1482 2273 1519 bic
2302 1482 2347 1518 de
2374 1493 2447 1528 quo

1394 1550 1490 1575 nunc
1508 1545 1563 1576 est
1578 1549 1697 1576 sermo
1715 1542 2001 1584 commutaverit,
2018 1541 2274 1588 cogitationem
2292 1552 2442 1578 conver-

1394 1605 1474 1635 tens
1487 1599 1520 1634 in
1537 1599 1781 1646 impudentem
1795 1600 2039 1636 conditionem
2054 1599 2353 1647 manifestamque
2367 1611 2448 1647 pec-

1397 1659 1481 1702 cati,
1505 1660 1656 1706 ipsaque
1685 1659 1825 1706 species
1843 1660 1951 1705 leprae
1966 1659 2134 1695 humilior
2153 1659 2262 1696 suerit
2279 1670 2390 1696 carne
2409 1667 2446 1697 et

1398 1727 1478 1757 cute
1502 1720 1653 1766 reliqua,
1684 1721 1777 1757 hanc
1811 1720 1909 1756 enim
1941 1720 2160 1763 considerat,
2197 1726 2234 1756 et
2267 1721 2297 1756 si
2316 1721 2451 1757 viderit

1399 1781 1607 1826 apparuisse
1626 1781 1777 1816 nimiam
1795 1779 2041 1816 infirmitatem
2062 1786 2170 1826 atque
2186 1780 2362 1817 defecisse
2382 1792 2450 1817 na-

1399 1843 1552 1878 turalem
1575 1845 1768 1886 virtutem,
1788 1843 1884 1889 quod
1907 1848 1962 1878 cst
1993 1843 2132 1888 species
2150 1843 2259 1889 leprae
2278 1844 2454 1880 humilior

1400 1909 1482 1939 cute
1500 1909 1561 1939 aut
1579 1914 1688 1940 carne
1715 1904 1863 1949 reliqua,
1883 1908 2027 1949 separat
2056 1908 2092 1939 et
2113 1902 2335 1938 immundum
2365 1914 2447 1940 eum

1401 1970 1497 2000 recte
1522 1966 1690 2001 sacerdos
1704 1966 1843 2011 judicat
1858 1970 1980 2011 utpote
1997 1965 2224 2012 languentem
2240 1966 2385 2011 quidem
2402 1976 2447 2003 ex

1447 2081 1487 2117 Si
1496 2089 1610 2117 autem
1620 2083 1735 2119 lucens
1745 2084 2034 2130 sueritjcandorin
2046 2090 2122 2119 cute
2131 2095 2191 2119 nec
2200 2084 2366 2120 humilior
2374 2095 2451 2120 car—

1401 2153 1442 2178 ne
1453 2142 1599 2188 reliqua,
1610 2149 1640 2178 et
1650 2143 1740 2189 pilus
1749 2144 1874 2180 coloris
1884 2145 2035 2191 pristini,
2046 2144 2192 2180 recludit
2201 2156 2280 2181 eum
2289 2145 2451 2180 sacerdos

1400 2209 1529 2249 septem
1546 2203 1681 2247 diebus,
1691 2210 1722 2239 et
1735 2204 1843 2240 videbi
1856 2211 1902 2241 tet
1915 2205 2145 2241 considerabit
2164 2206 2219 2241 die
2237 2205 2404 2252 septima‚·
2419 2210 2452 2240 et

1399 2262 1569 2308 siquidem
1582 2262 1678 2308 lepra
1693 2263 1786 2300 ultra
1802 2275 1869 2300 non
1886 2266 2030 2301 creverit
2050 2277 2110 2301 nec
2127 2266 2306 2301 transierit
2323 2265 2359 2300 in
2374 2270 2452 2300 cute

1401 2327 1534 2372 priores
1553 2327 1730 2369 terminos,
1750 2338 1872 2363 rursus
1899 2328 2052 2363 includet
2070 2339 2147 2363 eum
2173 2334 2302 2374 septem
2329 2327 2450 2362 diebus

1402 2386 1497 2430 aliis,
1509 2392 1540 2422 et
1552 2387 1607 2422 die
1623 2388 1766 2434 septimo
1783 2388 2091 2434 contemplabitur,·
2107 2389 2136 2423 si
2154 2389 2332 2423 obscurior
2348 2388 2453 2434 suerit

1402 2445 1499 2491 lepra
1529 2451 1561 2481 et
1583 2457 1651 2482 non
1685 2448 1826 2482 creverit
1854 2448 1890 2482 in
1921 2453 2012 2490 cute,
2039 2447 2222 2481 mundabit
2241 2457 2347 2489 eum,
2371 2448 2455 2493 quia

1402 2506 1534 2541 scabies
1554 2512 1627 2548 est;
1649 2505 1844 2552 lavabitque
1873 2507 1975 2542 homo
1997 2506 2194 2541 vestimenta
2216 2516 2280 2540 sua
2303 2511 2336 2540 et
2352 2517 2454 2541 mun-

1402 2565 1468 2599 dus
1486 2565 1565 2600 erit.
1588 2564 1689 2607 Quod
1707 2565 1737 2599 si
1755 2570 1938 2610 postquam
1957 2575 1978 2599 a
2002 2564 2181 2599 sacerdote
2202 2565 2293 2600 visus
2311 2570 2360 2600 est
2379 2565 2454 2600 red-

1402 2623 1496 2659 ditus
1514 2623 1709 2666 munditiae,
1730 2623 1856 2658 iterum
1874 2623 1969 2670 lepra
1998 2624 2154 2667 creverit,
2185 2625 2377 2660 adducetur
2406 2624 2453 2660 ad

1403 2694 1495 2726 eum,
1521 2690 1552 2719 et
1573 2684 1802 2719 immunditiae
1827 2683 2124 2720 condemnabitur.
2147 2683 2219 2730 (Ex
2245 2683 2454 2730 Hesychia.)

1403 2744 1505 2781 Licet
1537 2744 1768 2781 manifestum
1797 2745 1857 2789 sit,
1878 2746 1974 2791 quod
1994 2746 2030 2781 in
2057 2745 2297 2791 suspicionem
2313 2746 2454 2782 venerit

1402 2810 1603 2848 peccatum,
1638 2814 1740 2839 mens
1770 2808 1892 2840 tamen
1924 2815 2005 2850 quae
2026 2805 2189 2851 deliquit,
2223 2815 2302 2850 quae
2326 2804 2453 2850 procul

1406 2863 1515 2899 dubio
1535 2872 1600 2907 per
1617 2867 1801 2907 aspectum
1820 2864 2054 2909 significatur,
2073 2865 2269 2901 secundum
2288 2865 2455 2901 traditio-

1410 2931 1493 2956 nem
1505 2920 1752 2967 Septuaginta,
1765 2922 1936 2959 humilior
1954 2934 2063 2960 carne
2082 2925 2221 2970 reliqua
2241 2935 2313 2961 non
2329 2924 2458 2968 ruerit„

1410 2981 1445 3016 id
1464 2986 1534 3024 est,
1553 2982 1746 3028 semetipsa
1764 2993 1882 3029 neque
1905 2984 1950 3019 ad
1976 2985 2221 3021 habitudinem
2241 2995 2348 3031 quam
2364 2985 2455 3022 'sor-

1410 3041 1476 3076 tita
1491 3046 1545 3077 est
1560 3041 1749 3086 infirmior,
1769 3053 1836 3078 nec
1854 3053 1919 3089 per
1935 3044 2106 3080 eveniens
2121 3050 2309 3091 peccatum
2324 3044 2437 3080 immu

1410 3102 1542 3138 taverit
1561 3112 1635 3144 cor,
1660 3103 1898 3149 dilectrixque
1916 3109 2148 3149 peccatorum
2168 3104 2278 3140 fuerit
2294 3104 2422 3141 effecta

1409 3162 1478 3198 hoc
1503 3166 1558 3198 est
1575 3162 1670 3198 enim
1686 3173 1754 3199 nec
1769 3163 1961 3198 candorem
1975 3164 2202 3200 humiliorem
2217 3164 2330 3200 videri
2343 3173 2407 3200 car

1410 3221 1564 3266 reliqua,
1585 3226 1623 3256 et
1652 3221 1744 3266 pilos
1760 3231 1841 3257 esse
1859 3221 1989 3257 coloris
2008 3222 2167 3267 pristini,
2188 3223 2252 3259 sed
2269 3222 2414 3260 obscuri
2426 3252 2442 3266 ,v

1409 3290 1488 3316 rem
1515 3285 1699 3325 aspectum
1717 3305 1728 3321 ,
1766 3279 1861 3315 sicut
1889 3278 2124 3325 Septuaginta
2150 3282 2276 3326 edunt,
2296 3283 2434 3319 habeat

1410 3349 1518 3386 quem
1536 3348 1617 3374 esse
1632 3342 1791 3376 mentem
1809 3338 1987 3382 diximus3
2018 3340 2137 3375 adhuc
2155 3341 2287 3386 quippe
2305 3347 2412 3388 propt

1409 3398 1521 3436 semel
1539 3397 1774 3435 commissum
1794 3396 1964 3434 delictum
1989 3398 2152 3435 obscura·
2170 3409 2214 3435 ac
2235 3400 2343 3438 dubia
2371 3411 2412 3439 es

1410 3466 1532 3498 tamen
1556 3459 1654 3496 hunc
1682 3457 1861 3495 removeri
1891 3468 1962 3494 non
1989 3459 2188 3505 praecepit,
2215 3461 2278 3498 sed
2302 3466 2344 3499 ut
2424 3460 2426 3462 ’

1409 3526 1552 3558 cantem
1571 3520 1716 3567 quidem
1737 3524 1875 3566 septem
1888 3519 1966 3556 dies
1983 3527 2020 3556 et
2037 3521 2127 3558 alios
2155 3521 2304 3559 totidem
2383 3565 2387 3572 ¹

1409 3586 1470 3618 vet
1481 3590 1503 3616 a
1519 3579 1750 3617 tabernaculo
1768 3579 1950 3624 sacerdos,
1967 3580 2191 3626 probationis
2209 3580 2321 3621 simul
2375 3627 2379 3632 Ι

1411 3640 1637 3686 dationisque
1655 3640 1783 3688 gratia.
1795 3639 1976 3678 Munditiae
2000 3651 2087 3678 vero
2105 3642 2263 3681 restituit
2271 3645 2359 3691 poet
2374 3638 2388 3694 ,ᾗ

1413 3700 1444 3738 si
1460 3699 1656 3746 inspiciens
1685 3699 1743 3739 bis
1771 3700 2017 3739 obscuriorem
2059 3701 2245 3742 invenerit.
2271 3709 2332 3748 ma
