2540 4016
82 137 132 175 45
728 123 1066 167 commum
1087 121 1135 159 m
1158 119 1369 159 nomm.
1392 136 1444 150 -
1465 118 1553 157 Lm.
1579 120 1614 156 1.-
2207 121 2256 161 4⁶

82 223 216 253 namur
244 213 400 260 eripere,
423 215 462 248 et
476 213 532 249 est
543 207 647 245 nobis
680 203 980 251 in'disputatione
1014 200 1132 236 lucta-
1149 199 1186 241 A·
1200 197 1266 235 hic
1277 197 1406 234 itidem
1423 196 1493 232 sub
1508 195 1673 242 Traiano
1687 194 1795 242 plaga
1816 195 1962 235 ludoeos
1973 198 2147 239 excitavit
2163 210 2176 237 a
2193 201 2257 248 qui

80 286 180 319 men,
197 285 269 312 non
282 274 404 311 statim
416 273 454 308 in
468 269 588 316 prima
603 267 725 303 fronte
738 264 878 312 ingredi
896 261 1070 299 debemus
1085 259 1132 296 ad

80 337 209 373 ultima
238 332 474 382 quantorum
502 329 608 372 loca;
637 328 702 364 sed
729 323 994 363 ocmrrendum
1024 321 1132 358 nobis

79 402 136 433 est
149 395 364 435 adversario,
384 396 422 428 et
435 389 698 427 occurrendum
712 388 758 424 ad
769 396 884 434 aquas
901 394 999 422 suas.
1016 383 1130 429 Aquae

77 456 177 493 enim
191 464 269 492 sm
293 457 377 489 sunt
404 456 572 487 auctores
600 448 788 496 gentilium
814 445 1129 492 philosophorum.

78 518 129 554 lbi
143 525 232 564 erge
249 513 355 550 nohis
372 513 490 558 primo
500 511 687 556 disputare
703 507 910 545 volentibus
926 514 1129 542 occurren·-

78 576 164 612 dum
185 579 240 611 est
262 578 304 608 ut
313 573 412 618 ipsos
430 579 638 617 arguamus,
657 574 695 605 et
723 567 821 614 ipsos
847 575 972 602 errare
1007 564 1134 600 docea-

76 645 183 678 mus;
218 639 302 680 post
326 633 395 669 hoc
418 632 494 678 jam
514 629 786 676 ingrediendum
800 632 857 663 est
882 626 989 662 mhis
1005 625 1052 660 ad
1071 624 1130 660 in-

77 696 210 732 teriora
223 694 444 731 certaminis.
479 692 579 728 Dicit.
601 691 699 727 enim
716 689 893 726 Dominus
910 700 919 723 ι
940 686 1020 722 Nisi
1054 686 1132 732 quia

74 757 173 804 prius
187 755 381 803 alligaverit
407 754 546 800 sortem,
562 763 631 788 non
646 757 757 798 potest
771 750 917 786 introire
934 749 973 784 in
987 748 1131 783 domum

73 817 165 863 ejus,
201 822 233 851 et
247 826 331 852 vasa
344 814 420 860 ejus
450 814 600 859 diripere
621 811 765 859 (Mateta.
786 810 871 856 ιω).
919 810 1026 846 Prius
1044 818 1131 855 ergo

73 877 180 912 nobis
199 875 402 921 alligandus
424 878 479 910 est
504 872 629 914 sortis,
643 876 681 906 et
705 869 946 916 quaestionum
977 867 1132 904 vinculis

74 937 376 982 constringendus
393 947 401 971 :
420 940 456 971 et
473 934 523 969 ita
549 931 806 969 introeundum
820 930 867 966 ad
888 930 1131 975 diripiendum

73 1009 161 1034 vasa
189 998 280 1043 ejus,
321 1001 359 1032 et
391 993 596 1030 liberandas
625 992 767 1028 animas
797 1001 888 1038 quas
910 989 1132 1036 deceptionis

73 1060 199 1096 fraude
210 1058 434 1104 possederat.
447 1055 549 1100 Quod
559 1065 640 1091 cum
651 1054 782 1101 saepius
791 1052 999 1096 fecerimus,
1012 1057 1049 1090 et
1058 1058 1131 1089 ste-

1200 270 1286 297 cum
1297 265 1406 306 atque
1419 259 1556 306 ubique
1581 257 1758 305 dispersi,
1781 257 1834 295 ita
1852 256 2005 305 jamque
2036 272 2112 300 non
2133 270 2258 303 esseut

1182 321 1447 373 .qiescerent‚
1475 319 1666 366 repentino
1685 326 1830 365 qunque
1860 317 1985 355 calore
2014 324 2185 368 per-oti,
2217 324 2256 363 'm

1197 379 1523 428 spsoeinoerquos
1547 384 1752 417 eranttoto
1775 378 2089 424 musaevierant,
2119 382 2258 431 absquo

1198 439 1422 478 immanibus
1449 439 1647 477 multarum
1675 438 1823 476 urbium
1852 437 1988 483 ruinis,
2011 448 2104 486 quas
2135 441 2258 479 crebri

1198 505 1427 538 terraemotus
1457 501 1587 538 iisdem
1618 499 1844 546 temporibus
1869 499 2103 537 subruerunt.
2133 499 2188 537 lbi
2219 501 2258 539 in

1199 567 1329 608 quarta
1346 562 1454 609 plaga
1473 571 1610 598 muscae
1645 561 1790 598 canina
1806 559 1969 605 suerum,
2007 570 2114 598 saevas
2143 560 2259 599 alum-

1198 631 1254 658 nae
1262 622 1463 668 putredinis
1475 622 1729 669 vermiumque
1743 626 1879 660 matres
1891 633 1901 667 ;
1919 622 1980 659 hic
1988 622 2114 660 itidem
2128 627 2260 671 quarta

1198 684 1267 721 sub
1285 683 1406 721 Marco
1422 684 1581 721 Antonio
1597 684 1717 731 plaga,
1737 683 1817 721 lues
1829 684 1997 731 plurimis
2017 683 2137 722 infusa
2173 693 2264 732 pro-

1197 745 1341 788 vinciis,
1358 744 1501 782 Italiam
1527 754 1671 792 quoque
1691 754 1774 781 cum
1792 744 1885 781 urbe
1901 743 2018 781 Roma
2033 744 2257 790 universam,

1197 806 1471 852 exercitumque
1491 805 1750 850 Romanorum,
1784 815 1851 852 per
1874 804 2094 853 longinquos
2123 805 2260 844 limites

1198 868 1237 904 in
1261 868 1404 905 diversa
1436 868 1590 904 hiberna
1621 867 1826 913 dispersum
1839 893 1851 911 ,
1878 871 2000 904 morte
2025 866 2258 912 dissolutum,

1197 929 1381 976 putredini
1424 929 1538 965 simul.
1575 939 1621 966 ac
1657 928 1842 966 vermibus
1886 928 1999 965 dedit.
2036 928 2092 966 lbi
2132 929 2260 975 quinta

1196 988 1381 1035 correptio
1406 998 1579 1035 pecorum
1611 998 1655 1025 ac
1670 988 1921 1033 jumentorum
1951 989 2139 1035 repentino
2162 989 2259 1027 int&

1198 1049 1272 1086 ritu
1286 1049 1429 1096 expleta
1450 1054 1533 1093 est;
1560 1049 1621 1085 hic
1645 1048 1815 1086 similiter
1838 1049 1967 1095 quinta
1993 1049 2082 1085 ultio
2103 1050 2172 1087 sub
2195 1050 2260 1087 Se-

73 1120 227 1155 terimus
234 1123 359 1154 contra
377 1118 508 1163 ipsum,
528 1116 736 1153 steterimus
744 1120 864 1151 autem
877 1123 922 1150 eo
939 1114 1045 1150 modo
1061 1123 1134 1160 quo
1151 1108 1184 1150 B
1201 1121 1288 1148 vero
1312 1116 1558 1157 persecutore,
1585 1111 1819 1148 creberrimis
1850 1110 2017 1148 civilibus
2033 1111 2153 1155 bellis,
2176 1121 2261 1157 pro-

69 1179 260 1226 Apostolus
275 1178 400 1215 dicens
415 1178 538 1215 :State
553 1188 634 1224 erqo
652 1175 820 1212 succincti
837 1174 971 1211 lumbos
991 1179 1120 1210 vestros

69 1241 107 1277 in
125 1242 270 1277 veritate
284 1239 428 1288 (Ephes.
445 1238 496 1287 vt)
513 1250 523 1283 ;
542 1244 578 1275 et
592 1239 722 1274 iterum
742 1248 752 1273 τ
770 1236 867 1273 State
882 1241 917 1271 tn
934 1235 1086 1272 Domino
1099 1241 1132 1272 et

71 1300 215 1337 viriliter
227 1300 319 1346 aqite
338 1298 538 1347 (Phil..1v);
560 1308 643 1335 cum
664 1306 750 1343 ergo
765 1296 835 1334 hoc
858 1296 966 1332 modo
992 1296 1133 1332 steteri-

71 1371 150 1397 mus
169 1362 342 1398 adversus
358 1361 491 1407 ipsum,
512 1360 571 1396 ille
590 1358 722 1395 artifex
737 1359 908 1405 antiquus
923 1363 960 1395 et
981 1358 1131 1395 callidus

71 1423 182 1458 etiam
199 1423 294 1459 vinei
316 1433 354 1459 se
373 1422 556 1458 simulavit
581 1427 618 1457 et
636 1421 789 1464 cedere;
810 1421 841 1457 si
860 1420 953 1457 forte
981 1430 1047 1466 per
1062 1421 1131 1457 hoc

71 1484 348 1530 negligentiores
367 1493 433 1519 nos
455 1482 586 1519 efficiat
603 1482 650 1518 ad
664 1487 865 1518 certamen.
895 1480 966 1517 Sed
986 1486 1023 1516 et
1050 1489 1132 1526 poe-

71 1545 263 1581 nitentiam
291 1545 477 1581 simulabit
503 1550 540 1580 et
560 1544 813 1590 deprecabitur
841 1552 908 1578 nos
945 1542 1131 1578 discedere

71 1606 230 1652 quidem,
264 1605 326 1641 sed
362 1615 434 1640 non
470 1604 577 1650 longe
596 1604 794 1639 discedere.
826 1602 914 1639 Vult
939 1612 1006 1638 nos
1032 1603 1130 1638 enim

71 1675 152 1703 esse
185 1666 253 1702 sibi
275 1666 395 1711 aliqua
425 1675 470 1702 ex
492 1670 596 1712 parte
630 1665 797 1708 vicinos3
818 1664 896 1700 vult
919 1673 986 1700 nos
1015 1674 1036 1699 a
1055 1664 1131 1701 suis

76 1728 213 1764 finibus*
227 1738 297 1764 non
317 1728 423 1774 longe
440 1727 640 1770 discedere,
678 1727 741 1762 sed
757 1736 823 1762 nos
842 1726 912 1763 nisi
929 1727 974 1762 ab
991 1736 1036 1762 eo
1053 1726 1131 1762 lon·-

71 1791 151 1838 gius
172 1790 383 1826 recedamus
411 1794 448 1824 et
483 1795 710 1824 transeamus
736 1798 847 1830 mare,
878 1792 915 1823 et
941 1788 1126 1824 dicamus:

71 1851 252 1895 Quantum
283 1850 476 1896 interjacet
504 1854 607 1885 ortus
639 1850 684 1885 ab
718 1857 865 1891 occasu,
903 1848 1087 1894 elongavit
1107 1857 1128 1884 a

70 1912 176 1949 nobis
193 1911 404 1958 iniquitates
434 1916 591 1954 nostras,
616 1909 705 1946 salvi
725 1919 805 1946 esse
829 1919 902 1945 non
920 1918 1125 1955 possumus.

69 1971 224 2009 Possunt
243 1975 417 2019 praeterea
439 1975 475 2008 et
505 1971 560 2006 hae
590 1971 714 2006 decem
732 1969 844 2016 plagae
867 1969 1000 2016 quibus
1011 1968 1127 2016 AEgy-

1200 1173 1280 1220 pria
1309 1172 1449 1209 viscera
1479 1177 1515 1208 et
1539 1172 1746 1218 adjumenta
1764 1170 1987 1218 reipublicae,
2005 1170 2076 1207 hoc
2091 1175 2164 1214 est,
2185 1170 2263 1217 ple-

1200 1234 1265 1271 bes
1280 1234 1563 1281 provinciarum,
1582 1238 1619 1269 et
1634 1233 1828 1278 religiones
1851 1231 2009 1268 militum
2029 1231 2262 1268 comminutae

1201 1302 1300 1334 sunt.
1321 1296 1373 1333 lbi
1387 1300 1491 1333 sexta
1504 1295 1649 1331 vexatio
1677 1293 1798 1330 intulit
1815 1293 1955 1330 vesicas
1966 1291 2262 1335 effervescentes,

1200 1357 1397 1402 ulceraque
1425 1355 1638 1392 manantia:
1660 1355 1720 1391 bic
1747 1364 1851 1400 aeque
1871 1358 1974 1391 sexta
2009 1353 2150 1399 punitio
2181 1362 2262 1399 quae

1203 1424 1286 1467 post
1323 1418 1471 1454 Maximi
1509 1416 1802 1464 persecutionem
1835 1415 1918 1459 suit,
1958 1414 2020 1461 qui
2054 1413 2262 1461 specialiter

1199 1482 1390 1529 episcopos
1402 1485 1440 1517 et
1452 1480 1604 1516 elericos
1621 1479 1759 1515 omissa
1777 1479 1888 1514 turha
1903 1476 2083 1524 populari,
2101 1477 2171 1513 hoc
2189 1480 2261 1519 est,

1199 1541 1436 1579 ecclesiarum
1462 1540 1638 1586 primates
1669 1538 1825 1576 cruciari
1852 1538 2125 1584 imperaverat;
2163 1537 2261 1573 intu-

1198 1611 1365 1640 mescens
1381 1601 1512 1637 crebro
1531 1600 1586 1635 ira
1603 1604 1712 1644 atque
1732 1598 1882 1642 invidia,
1901 1608 1974 1634 non
1991 1607 2058 1644 per
2076 1596 2173 1644 vulgi
2192 1605 2262 1641 ca}-

1199 1665 1295 1707 dem,
1318 1662 1381 1700 sed
1395 1672 1462 1708 per
1485 1657 1636 1698 vulnera
1650 1659 1884 1697 morientium
1898 1659 2105 1706 principum
2129 1669 2174 1696 ac
2197 1668 2263 1705 po-

1199 1731 1342 1762 tentum
1372 1723 1534 1761 exaltata
1565 1728 1634 1759 est.
1663 1721 1716 1758 Ibi
1745 1721 1899 1768 septima
1921 1720 2025 1768 plaga
2046 1726 2263 1757 numeratur

1198 1792 1327 1822 coacta
1364 1793 1472 1832 agere
1491 1783 1630 1829 grando
1660 1781 1826 1828 profusa,
1853 1792 1934 1828 quae
1969 1781 2178 1818 hominibus
2198 1781 2261 1829 ju-

1197 1846 1402 1892 mentisque
1436 1846 1525 1882 satis
1554 1843 1667 1879 exitio
1695 1843 1764 1878 suit
1783 1855 1790 1878 :
1810 1842 1870 1878 hic
1901 1842 2070 1878 similiter
2107 1843 2265 1890 septima

1197 1907 1266 1943 sub
1285 1905 1389 1942 Gallo
1407 1909 1444 1940 et
1462 1904 1673 1947 Volusiano,
1691 1903 1752 1948 qui
1783 1902 2012 1948 persecutori
2039 1901 2150 1939 Decio
2176 1913 2262 1940 mox

1197 1967 1389 2004 interfecto
1408 1971 1671 2007 successerant,
1697 1964 1801 2011 plaga
1815 1964 1968 2000 exstitit.
1985 1962 2078 1999 Nam
2098 1968 2184 1999 tunc
2198 1973 2263 2010 pe-

68 2031 154 2080 ptu's
173 2033 362 2071 verberata
385 2038 441 2070 est
470 2037 620 2079 propter
650 2031 847 2076 Israelitas,
886 2030 1043 2067 Romani
1069 2040 1127 2068 re-
1146 2029 1178 2074 C
1199 2031 1266 2068 stis
1285 2029 1406 2066 infusa
1432 2034 1488 2065 est
1502 2038 1569 2075 per
1598 2026 1720 2064 omnia
1740 2024 1896 2062 Romani
1923 2024 2027 2072 regni
2056 2024 2102 2060 ab
2120 2025 2263 2062 oriente

71 2095 130 2143 gni
154 2088 358 2141 comparari
395 2094 629 2140 temporibus,
670 2093 755 2138 quia
787 2093 867 2129 haec
904 2092 942 2128 in
975 2092 1129 2139 figuram

71 2157 187 2193 nostri
213 2156 308 2192 sacta
331 2161 425 2192 sunt.
456 2155 616 2201 Uterque
628 2153 796 2202 populus,
815 2154 851 2190 id
870 2153 1127 2197 est‚1sraeliti-

73 2228 137 2254 cus
155 2222 192 2253 et
205 2216 445 2261 Christianus,
460 2216 567 2252 unius
585 2216 648 2252 Dei
668 2222 739 2259 est,
761 2225 834 2251 una
850 2214 973 2262 populi
994 2215 1130 2250 utrius-

73 2289 143 2325 que
186 2287 309 2314 causa.
344 2268 496 2315 Subdita
541 2276 609 2314 fuit
655 2276 902 2314 Israelitarum
940 2277 1129 2323 synagoga

72 2338 265 2386 AEgyptiis‚
286 2339 427 2375 subdita
441 2338 731 2375 Christianorum
749 2337 912 2374 Ecclesia
931 2336 1126 2382 Romanis;

71 2402 250 2447 persecuti
274 2406 358 2438 sunt
386 2399 560 2448 AEgyptii‚
580 2400 763 2447 persecuti
791 2404 875 2436 sunt
896 2403 933 2436 et
958 2398 1126 2434 Romani.

73 2463 203 2500 Decem
225 2464 275 2499 ihi
295 2463 597 2499 contradictiones
617 2463 790 2498 adversus
810 2460 981 2508 Moysen3
1000 2460 1126 2496 decem

72 2526 123 2562 ibi
140 2526 244 2562 editae
271 2527 444 2562 adversus
467 2525 666 2561 Christum.
692 2524 852 2560 Diversae
886 2522 985 2558 enim
1016 2521 1130 2568 plagae

72 2584 345 2631 AEgyptiorum3
365 2585 516 2621 diversae
533 2585 593 2620 hic
611 2583 839 2619 calamitates
859 2581 1126 2617 Romanorum.

73 2645 164 2681 Nam
178 2649 218 2679 ut
241 2645 351 2680 etiam
370 2645 467 2690 ipsas
482 2645 576 2679 inter
593 2654 632 2680 se
648 2643 784 2689 plagas,
819 2643 857 2678 in
877 2647 1055 2687 quantum
1075 2646 1130 2676 ta-

74 2716 157 2742 men
178 2705 291 2752 figura
310 2703 435 2740 sormae
463 2705 667 2751 comparari
696 2707 831 2750 potest,
856 2701 1128 2738 conferam.1bi

71 2766 190 2815 prima
217 2766 397 2813 correptio
423 2766 550 2803 habuit
579 2765 793 2810 sanguinem
813 2763 921 2810 vulgo
947 2764 1005 2799 vel
1026 2773 1127 2800 ema-

73 2839 179 2866 nasse
199 2830 243 2866 de
260 2830 392 2877 puteis,
422 2829 479 2866 vel
504 2829 541 2865 in
571 2828 779 2864 fluminibus
794 2828 1024 2864 concurrisse
1041 2840 1050 2863 ε
1070 2827 1129 2864 hic

72 2890 191 2936 prima
219 2888 286 2926 sub
320 2889 462 2927 Nerone
487 2889 599 2937 exigit
618 2890 721 2936 plaga
744 2894 785 2924 ut
810 2889 945 2936 ubique
963 2891 1125 2926 morien-

1198 2094 1243 2130 ad
1267 2092 1493 2129 occidentem
1512 2089 1642 2136 spatia,
1679 2098 1762 2125 cum
1778 2096 1886 2124 omne
1909 2086 2174 2133 propemodum
2194 2095 2260 2132 ge-

1197 2164 1268 2191 nus
1287 2152 1476 2189 hominum
1494 2150 1577 2188 neci
1599 2149 1718 2193 dedit;
1738 2153 1825 2185 tunc
1842 2148 1952 2184 etiam
1970 2147 2135 2194 corrupit
2148 2147 2259 2192 latus,

1197 2215 1402 2261 infuditque
1419 2211 1551 2260 pabula
1569 2211 1666 2248 tabo.
1693 2210 1747 2247 lbi
1771 2215 1939 2246 octavam
1956 2207 2106 2256 AEgypti
2124 2208 2262 2245 contri-

1196 2277 1335 2314 tionem
1352 2275 1488 2319 sacere,
1508 2274 1678 2311 excitatae
1692 2272 1852 2319 undique
1872 2271 2033 2315 locustae,
2064 2276 2263 2308 terrentes-

1196 2349 1268 2386 que
1283 2338 1425 2382 omnia;
1452 2336 1514 2373 hic
1532 2341 1700 2372 octavam
1715 2345 1818 2382 aeque
1838 2335 1874 2371 in
1899 2333 2174 2371 subversionem
2189 2332 2261 2370 Ro-

1195 2410 1314 2438 manae
1331 2399 1433 2435 urhis
1452 2398 1631 2441 excitatae,
1658 2397 1818 2442 undique
1832 2396 1990 2432 intulere
2007 2402 2147 2442 gentes,
2181 2404 2262 2441 quae

1199 2463 1359 2500 caedibus
1380 2469 1491 2508 atque
1508 2461 1689 2497 incendiis
1708 2466 1858 2496 cunctas
1887 2460 2094 2505 provincias
2119 2457 2262 2495 deleve»

1198 2527 1297 2559 runt.
1324 2521 1376 2558 lbi
1395 2531 1491 2557 nona
1511 2521 1671 2556 turbatio
1691 2520 1896 2561 diuturnas,
1917 2529 2063 2555 crassas
2086 2527 2130 2555 ac
2149 2529 2262 2566 peue-

1197 2584 1345 2621 trabiles
1365 2581 1536 2618 tenebras
1551 2581 1679 2617 habuit
1699 2592 1708 2616 ε
1730 2580 1812 2627 plus
1827 2581 1975 2616 omnino
1995 2580 2147 2626 periculi
2161 2591 2263 2618 com-

1198 2644 1335 2680 minata
1353 2652 1462 2689 quam
1482 2640 1587 2684 secit;
1617 2640 1678 2676 hic
1702 2639 1833 2676 eadem
1858 2640 2040 2686 correptio
2061 2639 2144 2684 fuit,
2177 2651 2262 2678 cum

1198 2703 1396 2741 Aureliano
1408 2701 1698 2750 persecutionem
1712 2700 1923 2737 decernenti
1936 2700 2025 2738 diris
2038 2701 2262 2748 turbinibus,

1197 2764 1361 2802 terribile
1392 2773 1436 2800 ac
1462 2762 1571 2799 triste
1583 2760 1723 2798 fulmen
1747 2761 1816 2798 sub
1848 2761 1962 2808 ipsius
1986 2762 2142 2809 pedibus
2171 2764 2262 2810 ruit,

1197 2826 1393 2863 ostendens
1409 2824 1496 2871 quid
1509 2833 1591 2860 cum
1606 2823 1699 2860 ultio
1714 2822 1797 2859 talis
1815 2820 1992 2870 exigeret,
2007 2828 2132 2861 tantus
2148 2825 2263 2870 possit

1200 2885 1313 2930 ultor,
1345 2884 1418 2922 nisi
1444 2890 1482 2921 et
1509 2883 1670 2921 clemens
1688 2889 1786 2920 esset
1803 2888 1840 2920 et
1854 2883 2000 2931 patiens
2020 2895 2030 2920 :
2050 2893 2261 2931 quanquam

67 2949 165 2990 tiam
182 2950 327 2997 sanguis
346 2955 457 2994 esset,
496 2950 553 2985 vel
574 2949 711 2985 morbis
730 2948 766 2984 in
786 2949 877 2985 urbe
910 2954 1102 2995 correptus
1117 2975 1127 2992 ,
1147 2931 1185 2972 D
1202 2948 1300 2985 intra
1329 2957 1393 2984 sex
1410 2946 1471 2983 hic
1486 2955 1645 2990 menses,
1673 2950 1750 2983 tres
1766 2945 1883 2983 occidi
1912 2946 2167 2992 imperatores,
2189 2947 2260 2984 hoc

77 3010 136 3048 vel
148 3011 251 3047 bellis
264 3011 301 3047 in
317 3011 404 3048 orbe
422 3009 606 3057 profusus.
625 3010 677 3046 lbi
694 3019 848 3056 sequens
873 3010 979 3057 plaga
1009 3010 1132 3056 prodit

67 3077 341 3119 *perstrepentes
392 3072 705 3119 persultantesque
753 3071 791 3107 in
844 3071 1130 3117 penetrabilibus

67 3131 202 3177 ranas,
228 3134 356 3170 inediae
373 3134 631 3181 propemodum
656 3142 765 3169 causa
783 3131 1051 3168 habitatoribus
1073 3137 1127 3168 at·

63 3196 147 3241 'que
161 3195 261 3231 exitu
282 3194 396 3232 fuisse
420 3195 481 3231 bic
507 3203 665 3240 sequens
689 3193 757 3230 sub
774 3192 983 3230 Domitiano
1005 3202 1128 3239 paena,

61 3248 243 3293 ”similiter
266 3255 410 3302 quando
430 3254 624 3291 satellitum
647 3253 877 3300 militumque
895 3253 976 3302 ejus
992 3253 1130 3301 impro-

56 3310 133 3371 Φῆ
146 3317 400 3366 effrenatisque
414 3319 638 3355 discursibus
657 3317 902 3354 cruentissimi
914 3316 1016 3362 jussa
1030 3317 1130 3363 prin-

60 3381 76 3407 '·
90 3376 127 3431 a..
136 3377 168 3415 is
189 3379 478 3426 exsequentium,
498 3379 544 3415 ad
558 3378 717 3424 inopiam
737 3387 832 3424 pene
847 3386 975 3414 omnes
996 3376 1130 3414 Roma-

70 3433 142 3488 §.³³2
163 3437 263 3491 cives
291 3439 453 3484 adactos,
485 3439 688 3486 exsilioque
710 3438 895 3485 dispersos
913 3437 1045 3484 coegit.
1077 3437 1130 3474 lbi

71 3509 176 3545 ,’,.,«·-
207 3501 352 3539 vexatio
387 3502 515 3539 habuit
539 3501 736 3548 sciniphes,
773 3499 959 3537 musculas
992 3498 1131 3537 scilicet

22 3563 25 3575 ⁴
85 3593 106 3611 b,
162 3561 234 3614 '³³1¹
254 3561 614 3610 υηνὶεείωειεφιθ
641 3555 650 3597 Ξ
673 3570 754 3607 quae
771 3560 901 3597 mediis
923 3568 1020 3606 saepe
1033 3559 1131 3596 aesti-

140 3635 165 3660 ,si
187 3614 226 3668 f„
250 3620 331 3674 W
348 3621 511 3678 squalida
545 3621 775 3659 coadunatim
793 3620 973 3657 vibrando
1001 3620 1132 3657 densa-

96 3679 128 3706 ι*
156 3674 477 3720 *wama-votam
487 3681 600 3720 allabi
625 3681 756 3726 solent,
776 3681 988 3731 capillisque
1010 3680 1130 3719 homi-

272 3739 280 3763 ·’
316 3749 442 3775 ...mm
461 3742 551 3782 setis
572 3752 656 3780 cum
675 3741 806 3780 urente
826 3751 951 3781 morsu
968 3742 1127 3781 infarri:

122 3738 242 3767 ΙΙΙΙΙΙΙΙ

1203 3010 1285 3056 est,l
1298 3008 1529 3052 Aurelianus,
1550 3007 1701 3044 Tacitus
1717 3012 1756 3044 ct
1770 3002 1976 3051 Florianus,
1995 3007 2152 3046 diversis
2173 3019 2261 3046 cau-

1202 3072 1253 3109 sis
1272 3070 1455 3108 interfecti
1476 3076 1573 3108 sunt.
1588 3070 1641 3107 lbi
1657 3075 1842 3117 postremo
1861 3069 2005 3106 decima
2028 3069 2148 3117 plaga,
2178 3081 2261 3117 quae

1201 3133 1399 3170 novissima
1428 3132 1590 3169 omnium
1615 3130 1696 3175 suit,
1740 3130 1946 3168 interfectio
1975 3129 2134 3168 filiorum
2170 3141 2263 3178 quos

1200 3195 1339 3242 primos
1358 3194 1493 3241 quique
1510 3199 1734 3242 genuerunt:
1750 3193 1812 3230 hic
1838 3192 2076 3229 nihilominus
2105 3192 2261 3237 decima,

1203 3255 1241 3292 id
1258 3261 1326 3300 est,
1342 3255 1540 3292 novissima
1556 3264 1665 3301 poena
1682 3259 1751 3299 est,
1782 3253 1947 3291 omnium
1975 3252 2134 3300 perditio
2149 3252 2263 3290 idolo-

1201 3327 1297 3361 rum,
1323 3326 1405 3363 quae
1426 3315 1597 3363 primitus
1621 3314 1730 3358 tacta,
1761 3313 1799 3351 in
1836 3313 1975 3361 primis-
1994 3310 2179 3348 amabant.
2207 3311 2262 3350 lbi

1201 3387 1267 3416 rex
1285 3376 1489 3424 potentiam
1514 3375 1584 3413 Dei·
1605 3375 1732 3418 sentit,
1760 3379 1798 3410 et
1821 3371 1994 3420 probavit
2013 3375 2053 3407 ct
2087 3371 2259 3417 eredidit,

1201 3450 1335 3488 acper
1349 3440 1424 3476 hoc
1449 3436 1626 3486 populum
1646 3435 1719 3472 Dei*
1739 3434 1795 3470 ire
1809 3431 2008 3479 pemissio:
2029 3430 2096 3469 hb
2113 3440 2181 3479 per
2194 3441 2262 3480 po·

1199 3502 1354 3539 tentiam
1369 3500 1568 3538 Dei-sentit
1580 3503 1618 3534 et
1631 3495 1799 3544 probavit
1809 3493 2030 3540 &crodium
2048 3503 2177 3542 muer
2188 3494 2260 3534 hoc

1199 3560 1371 3610 populum
1384 3560 1455 3597 Dei·
1466 3559 1520 3595 ire
1536 3558 1692 3594 liberum
1703 3554 2259 3604 -cssepemiswsbimmqmm

1199 3624 1329 3668 postea
1341 3617 1496 3666 populus
1509 3615 1574 3653 Dei
1589 3614 1638 3652 ad
1648 3614 1868 3652 servitutem
1877 3615 2260 3653 methum-

1200 3690 1310 3730 quam
1332 3683 1459 3727 postca
1485 3675 1641 3725 populus
1666 3675 1742 3712 Dci-
1763 3675 2091 3715 &idololatria-11
2109 3681 2259 3715 mous

1199 3748 1269 3781 est.
1286 3740 1339 3779 lbi
1373 3738 1626 3788 AEgyptiorum
1641 3745 1730 3776 vasa
1752 3737 1912 3786 pretiosa
1933 3735 2104 3781 m
2120 3737 2257 3776 aa&
