2540 4016
309 197 380 235 ⁴1⁶7

751 187 790 221 u.
817 185 985 221 RABANI
1011 185 1157 222 mum
1180 182 1394 222 Anemur-
1419 183 1626 234 uocum.
1651 169 1986 242 omaun‘ms
2010 192 2039 229 1.

2399 198 2475 266 Ψ

309 267 378 301 hoc
393 262 537 308 quidem
558 259 659 295 valde
679 257 876 294 secundum
899 256 1058 294 litteram
1083 257 1295 300 custoditur,
1313 260 1352 292 et
1366 257 1403 305 A
1417 262 1501 303 est,
1529 260 1659 302 mistus
1687 266 1745 309 est
1771 263 1819 306 ei.
1853 264 1899 302 Et
1926 266 2014 313 quid
2047 266 2099 304 ait
2119 278 2130 304 :
2149 251 2490 333 Peceassuqu-suuq

309 325 456 358 cavetur
485 316 687 364 hujusmodi
722 315 861 352 incesta
897 316 1103 352 commistio
1137 315 1353 374 generisque

307 378 484 417 confusio.
509 377 600 422 Quia
625 380 742 411 autem
768 372 887 411 omnis
910 374 1051 422 peccati
1077 379 1194 411 mater
1217 385 1352 411 concu-

306 438 480 485 piscentia
501 442 570 479 est,
588 438 728 480 oportet
746 437 783 468 et
809 433 878 469 hoc
900 433 1143 479 praevaricari,
1167 439 1208 471 ut
1231 435 1264 472 si
1280 446 1352 482 qua

303 500 408 535 nobis
437 497 572 544 peccati
599 495 891 540 concupiscentia
912 495 965 539 tit,
982 507 1096 542 usque
1115 497 1162 534 ad
1178 499 1273 535 hanc
1289 509 1349 535 re-

300 558 483 600 sistamus,
509 563 546 591 et
566 566 636 591 non
654 555 687 590 ei
707 554 970 601 conjungamus
990 557 1182 594 actionem.
1204 558 1273 604 Qui
1290 570 1351 595 au-

300 626 371 655 tem
391 616 588 663 conjungit,
604 616 641 651 in
662 615 743 662 igne
762 615 982 658 incenditur,
1003 628 1075 654 non
1093 619 1210 655 solum
1228 625 1349 655 autem

303 680 393 727 ipse,
406 679 466 715 sed
479 684 515 714 et
532 677 747 714 desiderium
762 677 916 722 peccati,
934 678 1081 726 insuper
1094 685 1130 715 et
1145 681 1239 716 actio
1257 682 1346 727 ipsa.

303 741 381 785 Quo
401 740 501 788 igne?
521 741 571 775 De
589 749 659 784 quo
676 738 766 774 dixit
778 737 943 775 Christus
961 751 969 774 z
986 739 1108 786 Ionem
1126 742 1202 776 veni
1214 742 1347 776 mittere

299 802 477 837 interram
494 806 524 835 et
544 799 617 835 volo
637 804 672 834 ut
690 798 904 834 accendatur
923 798 1022 846 (Luc.
1041 800 1121 847 xii),
1145 801 1264 843 idest,
1285 802 1349 837 ad-

298 859 594 896 ministrationem
611 858 772 902 spiritus,
791 858 851 903 qui
871 859 968 904 ipsos
985 865 1196 904 peccatores
1214 860 1258 895 de
1271 871 1347 896 me-

299 921 358 957 dio
384 919 531 962 auferet,
561 929 756 964 eorumque
775 925 934 965 peccata.
959 919 1000 956 Si
1019 921 1110 955 enim
1135 921 1275 967 spiritu,
1296 922 1348 957 ait

295 980 440 1022 Paulus,
460 985 537 1014 acta
557 979 672 1014 curnis
687 980 919 1025 mortificetis,
938 981 1071 1016 vivetis,

343 1041 411 1084 Qui
429 1052 506 1076 cum
519 1041 680 1086 jumento
699 1047 731 1076 et
749 1052 871 1087 pecore
891 1042 1010 1077 coierit
1028 1047 1138 1078 morte
1157 1043 1343 1087 moriatur,

294 1113 395 1148 pecus
420 1112 553 1148 quoque
581 1101 779 1145 occiduum
806 1108 838 1137 et
866 1102 992 1138 mulier
1014 1114 1091 1150 quse
1122 1104 1343 1138 succubuerit

1420 318 1602 367 accipient,
1621 331 1702 363 cum
1725 319 1771 361 de
1787 333 1897 371 poena
1917 335 2042 363 eorum
2059 320 2474 394 loqueretursniffl‘quia
2515 358 2517 365 ·

1420 384 1458 417 et
1475 378 1592 427 ipsam
1612 392 1758 429 poenam
1772 385 1927 436 peccasti,
1947 393 2138 434 peccatum
2156 388 2271 427 voluit
2286 384 2478 493 amum

1420 434 1494 486 (Ex
1513 435 1717 489 Hesychia.)
1737 439 1940 483 'tolerabile
1962 457 2043 484 esse
2066 447 2135 484 hoc
2150 459 2172 484 a
2186 444 2311 490 multis.
2322 446 2366 501 μ’
2386 490 2401 495 Α,
2528 462 2540 495 i

1418 501 1491 542 tur,
1523 500 1710 538 sororibus
1738 501 1822 539 filiae
1840 503 1955 555 patris
1973 505 2030 542 vel
2057 506 2141 544 tiliae
2165 509 2294 546 matris
2311 503 2473 559 misceri,
2528 499 2540 573 ξ

1418 556 1502 602 quia
1535 563 1571 594 et
1599 557 1787 596 Abraham
1811 562 1856 599 de
1889 562 1981 600 Sara
2004 564 2174 605 diceban
2197 566 2308 607 Soror
2326 581 2404 613 mea
2423 578 2475 608 est
2528 579 2540 619 gi

1418 615 1521 663 (Gen.
1537 619 1619 667 xn),
1637 631 1683 655 ex
1702 627 1808 666 patre
1825 628 1862 658 et
1877 634 1948 660 non
1975 635 2019 661 ex
2043 633 2173 670 matre,
2206 627 2302 675 quod
2328 632 2474 677 quidem

1415 685 1488 710 non
1509 678 1717 715 omnimodo
1731 681 1784 716 sic
1800 686 1855 717 est
1873 682 1965 718 sicut
1986 682 2122 722 habere
2139 694 2288 733 putatur
2306 690 2473 728 historia.
2532 690 2540 727 ἒ

1415 738 1505 774 Nam
1532 750 1595 776 cos
1614 742 1677 788 qui
1697 751 1742 777 ex
1764 742 1884 780 Thare
1910 752 2011 792 patre
2037 747 2137 790 Abra
2165 761 2223 787 am
2243 752 2355 799 geniti
2374 759 2472 798 sunt,
2533 753 2540 792 ,ἶ

1415 797 1557 845 Moyses
1583 811 1737 836 narrans
1771 813 1950 850 nusquam
1984 805 2085 846 Sarae
2111 830 2115 834 —
2201 811 2339 854 tionem
2371 814 2472 851 fecit.

1414 859 1516 903 Quod
1535 860 1564 896 si
1585 867 1619 896 et
1638 863 1754 898 sorori
1781 875 1855 900 suoe
1882 865 2070 905 Abraham
2088 872 2224 917 nupsit,
2247 879 2332 910 ante
2352 880 2474 912 tamen

1414 931 1522 966 quam
1544 930 1779 967 cognosceret
1798 925 1936 962 Deum?
1960 927 2093 966 Malum
2109 938 2164 968 est
2181 942 2269 979 ergo
2288 936 2474 972 sororibus

1413 981 1570 1029 conjugii
1595 985 1769 1021 societate
1796 987 1955 1031 misceri,
1975 991 2071 1027 unde
2091 992 2179 1029 illud
2197 993 2255 1029 lex
2271 995 2471 1040 prohibuit.

1413 1037 1502 1077 Cum
1529 1053 1615 1091 ergo
1645 1045 1722 1082 haec
1754 1047 1806 1082 sic
1832 1058 1870 1083 se
1902 1049 2076 1095 habeant,
2113 1053 2323 1091 nullatenus
2341 1066 2362 1092 a
2380 1066 2472 1102 prse-

1413 1102 1507 1139 dicta
1534 1107 1840 1153 contemplatione
1864 1111 2092 1148 recedamus.
2116 1114 2390 1162 Turpitudinem
2411 1128 2470 1154 au·
2530 1109 2540 1130 ³

290 1163 447 1209 Jumento
479 1161 584 1197 simul
614 1162 843 1208 interficietur
869 1174 946 1198 cum
977 1175 1030 1207 eo,
1063 1165 1204 1210 sanquis
1222 1175 1342 1199 eornm
1363 1153 1397 1192 Β
1418 1169 1488 1200 tem
1514 1169 1649 1203 sororis
1670 1179 1715 1204 ex
1731 1176 1835 1215 patre
1855 1177 1917 1207 aut
1937 1182 1981 1208 ex
2000 1179 2129 1217 matre,
2153 1186 2280 1212 revera
2300 1178 2399 1214 illum
2418 1179 2472 1215 in-

291 1234 475 1269 supereos.
503 1222 682 1266 Quaeritur
710 1224 890 1268 quomodo
925 1224 972 1260 sit
1002 1234 1104 1260 reum
1132 1235 1242 1270 pecus
1260 1236 1343 1260 cum

293 1282 338 1318 sit
358 1283 567 1318 irrationale
587 1293 652 1318 nec
668 1283 742 1318 ullo
763 1284 870 1319 modo
885 1284 974 1328 legis
992 1295 1103 1330 capax
1121 1287 1127 1318 !
1146 1285 1201 1320 An
1221 1296 1343 1331 quem-

291 1343 481 1379 admodum
496 1344 767 1379 transseruntur
783 1345 892 1378 verba
920 1344 1026 1380 modo
1050 1345 1242 1380 locutionis
1263 1356 1342 1390 quae

290 1402 412 1440 Graece
437 1405 636 1451 appellatur
658 1404 882 1449 metaphora,
910 1406 954 1440 ab
981 1406 1126 1440 animali
1151 1405 1195 1440 ad
1222 1405 1341 1441 inani-

292 1466 386 1502 male
418 1466 509 1501 sicut
540 1466 685 1510 dicitur,
722 1466 908 1512 improbus
944 1471 1087 1508 ventus,
1119 1465 1174 1502 vel
1210 1466 1342 1501 iratum

294 1537 408 1570 mare,
430 1527 478 1562 ita
498 1527 610 1563 ethic
631 1527 847 1563 translatum
868 1533 936 1570 est,
958 1538 977 1562 a
999 1527 1165 1563 rationali
1184 1528 1229 1563 ad
1249 1527 1342 1564 irra-

292 1588 436 1624 tionale.
459 1588 547 1624 Nam
563 1599 693 1635 pecora
715 1590 796 1625 inde
813 1590 1031 1624 credendum
1048 1595 1104 1626 est
1112 1589 1213 1634 jussa
1230 1590 1342 1626 inter-

291 1646 365 1690 fici,
385 1648 469 1693 quia
495 1649 556 1683 tali
581 1648 715 1694 ssagitio
741 1649 999 1693 contaminata,
1028 1650 1212 1697 indignam
1234 1650 1340 1687 refri-

291 1713 374 1742 cant
393 1707 477 1743 sacti
495 1710 716 1744 memoriam.

339 1768 411 1815 (Ex
426 1769 628 1819 Hesychia.)
652 1771 768 1807 Nimia
796 1778 921 1808 contra
941 1774 1112 1819 populum
1131 1774 1340 1810 Judaeorum

289 1827 477 1874 legislator
496 1830 608 1865 utitur
628 1831 865 1876 districtione,
897 1834 981 1878 quia
1012 1834 1192 1870 intantum
1225 1835 1340 1882 iniqui

290 1894 396 1935 atque
417 1890 555 1926 libidini
574 1891 681 1927 dediti
700 1898 814 1935 crant,
837 1899 875 1928 ut
891 1895 937 1929 ad
960 1900 1105 1930 exteras
1128 1895 1237 1931 etiam
1255 1906 1340 1931 con-

288 1950 529 1995 cupiscentias
556 1952 780 1995 aberrarent,
815 1957 851 1987 ct
868 1958 1062 1999 propterea
1084 1964 1165 1989 cum
1183 1955 1341 2000 quadru—

286 2009 436 2054 pedibus
463 2009 532 2044 viri
563 2010 798 2056 mulierisque
829 2012 1092 2048 commistionis
1117 2015 1338 2050 mentionem

290 2066 440 2112 faciens,
463 2069 592 2106 mortis
616 2080 695 2105 esse
720 2070 926 2114 huiusmodi
946 2082 1090 2117 poenam
1112 2074 1338 2110 demonstra-

289 2126 353 2160 vit.
386 2127 440 2162 Tu
473 2134 592 2163 autem
624 2128 774 2163 forsitan
808 2130 1024 2175 superfluam
1057 2143 1137 2168 esse
1173 2134 1338 2171 tidelibus

288 2185 389 2222 hanc
415 2186 531 2234 legem
553 2187 745 2233 judicabis.
767 2188 889 2234 Neque
920 2191 1030 2234 enim,
1063 2192 1196 2238 inquis,
1233 2202 1337 2240 egent

290 2245 495 2291 hujusmodi
528 2247 611 2294 jure
645 2249 797 2284 censeri.
826 2249 903 2285 Non
930 2256 1050 2286 autem
1070 2259 1124 2287 est
1142 2254 1333 2297 superflua,

286 2307 350 2342 sed
376 2307 483 2343 nimis
511 2307 589 2353 ejus
619 2319 685 2344 nos
705 2309 834 2355 iuvare
853 2310 1025 2356 spiritalis
1043 2318 1162 2358 potest
1180 2321 1336 2349 contem-

285 2365 409 2411 platio:
446 2366 485 2403 Si
515 2369 763 2415 quadrupedia
792 2370 994 2417 voluptates
1029 2383 1158 2418 pravas
1177 2381 1212 2409 ct
1232 2375 1335 2410 deor-

285 2435 364 2461 sum
394 2431 527 2463 terram
562 2434 772 2465 contuentes
799 2430 1054 2476 intelligamus,
1083 2438 1217 2478 utpote
1236 2436 1334 2470 omni

285 2486 442 2522 humana
470 2494 635 2525 carentes
672 2491 813 2526 actione
841 2497 876 2526 et
910 2499 1103 2538 propterea
1134 2495 1333 2541 appellatas

284 2547 545 2593 quadrupedia,
557 2550 641 2594 quia
654 2552 899 2598 quadrupedia
917 2564 1044 2590 manus
1059 2555 1153 2590 sicut
1169 2556 1333 2594 homines

282 2616 353 2642 non
375 2608 519 2651 habent,
542 2614 650 2655 atque
679 2611 758 2647 ideo
779 2613 938 2648 maxima
966 2619 1091 2650 nostra
1119 2618 1332 2662 cognatione

283 2674 419 2704 carent.
445 2669 655 2716 Quicunque
679 2683 764 2718 ergo
782 2674 837 2709 vir
862 2680 924 2710 aut
951 2676 1079 2712 mulier
1096 2678 1142 2713 ad
1164 2678 1333 2726 alienige-

282 2736 347 2762 nas
374 2727 576 2773 voluptates
608 2730 786 2767 intantum
818 2734 1008 2777 incumbit,
1041 2741 1080 2771 ut
1112 2748 1156 2778 ne
1183 2738 1331 2784 quidem

280 2795 345 2831 per
363 2786 534 2823 desidiam
555 2789 600 2824 ab
618 2789 669 2825 eis
688 2791 862 2837 capiatur,
896 2794 959 2829 sed
985 2795 1057 2829 imo
1078 2796 1182 2832 valde
1202 2798 1254 2834 eis
1273 2809 1330 2834 co-

280 2846 416 2882 haereat
432 2852 467 2882 et
486 2857 567 2884 cum
593 2849 646 2884 eis
661 2855 778 2892 coeat,
809 2857 845 2886 ut
870 2854 1157 2890 commistionem
1176 2867 1258 2893 cum
1275 2860 1328 2896 eis

281 2905 486 2943 diuturnam
519 2912 555 2943 et
584 2916 878 2953 perseverantem
908 2912 1061 2956 habeat,
1095 2925 1178 2951 reus
1210 2923 1264 2953 est
1297 2919 1327 2955 is

280 2966 339 3010 qui
359 2967 441 3002 talis
461 2974 516 3003 est
529 2970 668 3005 mortis.
701 2970 764 3005 ttic
793 2978 847 3006 est
876 2973 971 3008 enim
1000 2975 1218 3012 nefariarum
1243 2978 1323 3015 libi—

280 3025 402 3061 dinum
434 3025 531 3070 finis,
560 3029 620 3073 qui
639 3030 870 3074 operantibus
886 3041 948 3067 eas
962 3033 1098 3077 punitis
1120 3040 1216 3071 recte
1239 3037 1324 3083 ipsae

279 3085 388 3120 etiam
410 3087 504 3121 mori
522 3087 703 3123 dicuntur.
732 3089 854 3135 Neque
875 3092 969 3126 enim
994 3102 1058 3136 per
1073 3104 1111 3129 se
1126 3095 1324 3133 subsisten-

278 3149 346 3187 tes,
367 3145 451 3190 quia
468 3146 564 3183 nulla
579 3153 634 3182 est
650 3149 789 3193 peccati
807 3151 1007 3186 substantia
1022 3152 1058 3187 in
1073 3156 1322 3198 peccatoribus

276 3204 522 3249 operantibus,
534 3206 664 3251 quibus
679 3213 799 3245 tamen
812 3211 976 3257 perditis,
988 3217 1023 3247 et
1033 3212 1100 3259 ipsi
1117 3214 1222 3250 simul
1242 3226 1324 3262 per-

277 3268 374 3298 eunt.
394 3260 587 3310 Sequitur:

323 3321 393 3366 Qui
411 3326 582 3371 acceperit
600 3337 755 3363 sororem
783 3339 883 3365 suam
911 3330 1024 3375 filiam
1044 3335 1154 3379 patris
1174 3335 1242 3378 sui,
1271 3337 1321 3372 vel

275 3383 386 3431 filiam
411 3387 533 3423 matris
549 3399 636 3433 suoe,
659 3397 691 3426 et
714 3391 835 3428 viderit
858 3394 1110 3440 turpitudinem
1128 3397 1217 3443 ejus,
1236 3398 1318 3434 itta-

274 3453 340 3489 que
371 3448 586 3492 conspexerit
615 3449 738 3495 [ratris
770 3451 1012 3499 iqnominiam,
1043 3455 1214 3502 nefariam
1247 3469 1318 3494 rem

277 3505 410 3549 operati
427 3512 507 3542 sunt
525 3516 538 3541 .·
553 3510 753 3547 occidentur
770 3512 808 3549 in
825 3520 1006 3560 conspectu
1019 3516 1153 3564 populi,
1169 3529 1208 3554 eo
1224 3519 1317 3566 quod

274 3562 523 3608 turpitudinem
549 3578 648 3605 suam
672 3577 793 3607 mutuo
818 3572 1058 3620 revelaverint,
1078 3582 1110 3611 et
1126 3578 1320 3624 portabunt

273 3619 490 3668 iniquitatem
519 3636 632 3663 suam.
665 3627 736 3676 (Ex
749 3630 974 3680 Augustino.)
996 3633 1088 3680 Quid
1114 3635 1165 3672 ait
1188 3635 1228 3673 in
1245 3638 1339 3687 Ιιᾳα,

274 3676 352 3715 loco
370 3679 499 3719 viderit
530 3682 601 3723 nisi
631 3689 899 3728 concumbendo
925 3692 1134 3741 cognoverit
1158 3694 1252 3735 sicut
1274 3696 1318 3742 iu
1337 3731 1343 3742 .,

273 3734 351 3789 lege
374 3732 534 3810 dieitur:
553 3742 718 3798 Cognovit
737 3759 882 3793 uxorem
907 3762 1026 3802 ωιτη,
1052 3765 1120 3811 pro
1144 3764 1188 3797 00
1213 3747 1340 3821 ,ΦΕ-’4η

1414 1227 1533 1275 tellige
1563 1230 1685 1267 videre
1716 1238 1752 1267 et
1786 1234 1951 1281 accipere
1980 1236 2042 1281 qui
2072 1241 2218 1283 turpem
2249 1238 2428 1275 actionem
2449 1250 2471 1275 a

1411 1292 1515 1331 patre
1532 1293 1593 1323 aut
1612 1296 1743 1333 matre,
1761 1292 1796 1327 id
1813 1299 1882 1336 est,
1899 1294 1935 1329 in
1960 1305 2030 1341 qua
2047 1301 2151 1340 pater
2168 1302 2230 1331 aut
2246 1303 2363 1334 mater
2383 1298 2471 1334 deli-

1411 1347 1502 1392 quit,
1519 1359 1589 1383 non
1611 1350 1725 1385 solum
1743 1352 1854 1396 videt,
1876 1355 1991 1390 sedet
2009 1356 2141 1402 accipit
2166 1366 2232 1401 per
2253 1357 2406 1394 similem
2433 1364 2470 1394 et.

1410 1418 1533 1453 parem
1567 1411 1761 1455 actionem,
1792 1419 1828 1448 et
1860 1414 2024 1452 nefarius
2055 1422 2122 1458 est,
2157 1417 2216 1453 bic
2245 1429 2318 1454 non
2352 1419 2468 1456 solum

1407 1475 1644 1511 perscrutans
1660 1481 1740 1515 quae
1756 1482 1826 1507 non
1845 1475 2020 1519 oportuit,
2042 1476 2103 1511 sed
2123 1481 2160 1512 et
2175 1479 2469 1524 superaediticans

1410 1533 1446 1562 et
1465 1527 1687 1576 conjungens
1712 1542 1752 1566 se
1771 1538 1989 1578 perpetratae
2011 1544 2031 1569 a
2048 1536 2262 1579 parentibus
2281 1539 2465 1584 pravitati,

1413 1598 1491 1633 quae
1512 1599 1616 1624 soror
1630 1588 1723 1634 eJus‚
1744 1592 1849 1637 quasi
1867 1594 1970 1638 pravi
1989 1595 2150 1641 pravitas
2164 1595 2379 1643 appellatur.
2396 1597 2468 1636 Sed

1412 1655 1451 1684 ut
1475 1650 1560 1694 quid
1584 1650 1785 1688 diffamavit
1817 1663 1897 1689 eam
1929 1661 1966 1690 et
1998 1655 2269 1692 disseminavit?
2299 1654 2466 1697 Latentia

1410 1708 1506 1743 cuim
1543 1709 1717 1755 plurimos
1752 1717 1945 1757 parentum
1981 1721 2131 1760 peccata
2170 1714 2358 1753 diffamant
2398 1718 2465 1755 filii

1409 1769 1554 1813 quando
1573 1777 1685 1816 agunt
1700 1771 1831 1808 similia
1856 1786 1864 1808 :
1886 1773 1982 1810 u‘nde
2007 1775 2103 1812 hunc
2128 1777 2189 1823 qui
2218 1778 2300 1817 talis
2319 1784 2374 1816 est
2392 1780 2465 1816 dis-

1406 1830 1508 1874 perdi
1526 1829 1561 1865 in
1587 1839 1781 1878 conspectu
1811 1834 1948 1880 populi,
1978 1836 2036 1872 vel
2070 1837 2164 1873 sicut
2195 1838 2460 1886 Septuaginta:

1406 1891 1442 1925 in
1461 1900 1644 1939 conspectu
1665 1894 1820 1940 filiorum
1844 1897 1979 1942 ¹ueneris
2006 1899 2075 1941 sui,
2100 1900 2138 1935 id
2163 1906 2231 1943 est,
2258 1902 2464 1940 videntibus

1411 1951 1541 1988 sin‘iilia
1568 1955 1809 2001 cogitantibus
1839 1959 2024 2005 praecepit.
2055 1959 2099 1996 lli
2122 1961 2218 1997 enim
2236 1962 2299 1998 filii
2319 1965 2462 2010 generis

1407 2013 1484 2058 ejus
1500 2020 1598 2050 recte
1624 2016 1804 2053 dicuntur.
1826 2018 1898 2054 Cur
1919 2026 2039 2056 autem
2061 2022 2096 2057 in
2116 2030 2312 2070 conspectu
2333 2026 2463 2062 borum

1407 2078 1447 2107 ut
1467 2074 1572 2110 unius
1591 2086 1697 2120 poena
1720 2084 1756 2114 et
1774 2081 1896 2116 caeteri
1920 2081 2134 2127 pudicitiam
2168 2084 2322 2121 discant.
2348 2086 2462 2122 Inter-

1406 2138 1527 2178 empto
1547 2142 1665 2172 autem
1698 2145 1891 2184 peccatore
1916 2146 1953 2176 et
1979 2147 2168 2188 peccatum
2192 2144 2299 2180 simul
2322 2145 2459 2190 interit,

1405 2195 1707 2237 quemadmodum
1725 2200 1836 2236 semel
1851 2201 1889 2237 in
1902 2203 2190 2240 praecedentibus
2207 2205 2377 2243 diximus.
2398 2206 2460 2243 Se-

1405 2253 1528 2296 quimr
1545 2261 1665 2291 autem
1683 2270 1690 2292 :

1452 2313 1520 2355 Qui
1530 2316 1647 2351 coierit
1659 2329 1737 2353 cum
1747 2320 1891 2357 muliere
1900 2323 1936 2359 in
1944 2324 2044 2368 fluxu
2053 2330 2244 2370 menstruo,
2253 2332 2285 2362 et
2295 2326 2459 2364 revelave-

1405 2372 1447 2405 rit
1461 2375 1712 2420 turpitudinem
1729 2379 1817 2424 ejus,
1830 2381 1974 2428 ipsaque
1990 2385 2165 2430 aperuerit
2176 2386 2306 2429 sontem
2319 2398 2459 2434 sanqui-

1403 2432 1455 2465 m's
1475 2433 1541 2474 sui,
1559 2435 1814 2480 interficientur
1829 2441 1930 2475 untho
1951 2442 1993 2476 dc
2010 2444 2123 2478 medio
2138 2445 2259 2489 populi
2289 2448 2359 2482 sui.
2382 2447 2455 2495 (Ex

1402 2489 1608 2540 Hesychia.)
1630 2493 1660 2529 A
1673 2502 1895 2534 menstruata
1910 2500 2080 2537 abstineri
2093 2502 2276 2548 legislator
2291 2516 2362 2541 non
2379 2507 2455 2542 sru-

1402 2557 1475 2586 stra
1507 2556 1690 2602 praecepit,
1712 2560 1774 2594 sed
1796 2560 1979 2597 hominem
1999 2564 2156 2600 suadens
2175 2566 2221 2601 ad
2242 2567 2454 2612 pudicitiam

1400 2612 1589 2658 castitatis,
1606 2625 1686 2661 quae
1702 2627 1784 2654 eum
1803 2620 2027 2667 diligentiam
2043 2624 2260 2674 habere-„91
2279 2637 2350 2673 qua
2371 2639 2454 2666 san-

1400 2671 1569 2709 ctificatio
1583 2677 1749 2720 provenit
1759 2678 1899 2723 volens,
1915 2686 1951 2716 et
1964 2692 2035 2718 non
2048 2682 2085 2718 in
2099 2684 2244 2721 modum
2259 2697 2451 2732 porcorum

1398 2734 1566 2770 continue
1585 2736 1794 2775 mulieribus
1822 2740 1982 2786 misceri,
2006 2748 2042 2779 et
2067 2745 2114 2780 ad
2130 2755 2356 2785 communem
2373 2760 2452 2786 cor-

1398 2795 1601 2839 ruptionem
1617 2807 1761 2842 vacare‚
1780 2801 1841 2836 sed
1865 2811 1909 2837 ex
1938 2809 2064 2840 coacta
2094 2806 2312 2845 abstinentia
2343 2820 2448 2847 usum

1396 2853 1515 2891 facere
1532 2857 1575 2891 ad
1594 2859 1865 2897 continentiam.
1886 2862 1957 2901 Sed
1973 2867 2275 2911 quemadmodum
2291 2870 2447 2917 disperdi

1396 2924 1458 2950 eos
1475 2915 1519 2951 de
1543 2917 1674 2962 populo
1703 2930 1768 2956 suo
1794 2925 1979 2971 praecepit,
2019 2937 2100 2963 cum
2134 2931 2385 2977 purgationem
2413 2933 2447 2969 ei

1397 2974 1458 3018 qui
1479 2975 1647 3011 dormivit
1675 2988 1757 3015 cum
1785 2989 2007 3022 menstruata
2035 2989 2201 3034 superius
2228 2990 2446 3030 indixisset?

1395 3033 1492 3070 Dixit
1512 3036 1608 3072 enim
1626 3049 1633 3072 :
1655 3038 1695 3074 Si
1721 3043 1839 3077 coierit
1859 3055 1937 3080 cum
1954 3057 1996 3081 ea
2015 3048 2068 3083 vir
2084 3055 2236 3096 tempore
2263 3054 2445 3098 sanguinis
2525 3052 2540 3076 ¹-

1394 3097 1635 3142 menstruatis,
1667 3100 1866 3139 immundus
1894 3106 1958 3140 erit
1986 3113 2115 3154 septem
2138 3109 2271 3146 diebus.
2307 3113 2444 3150 Deinde

1391 3157 1566 3200 posthaec
1582 3161 1837 3206 purgationum
1865 3166 2044 3203 sacrificia
2073 3179 2229 3207 narrans
2255 3172 2439 3211 subdidit:

1392 3213 1467 3251 Ista
1488 3223 1537 3252 est
1571 3217 1626 3254 lex
1652 3221 1698 3263 ei,
1724 3223 1784 3268 qui
1801 3223 1937 3267 fluxum
1966 3228 2107 3263 seminis
2138 3231 2294 3277 patitur,
2324 3239 2356 3270 et
2382 3235 2441 3281 qui

1392 3274 1575 3319 polluitur,
1601 3283 1633 3312 et
1660 3290 1738 3324 quoe
1764 3283 1945 3326 sanquims
1971 3285 2107 3329 [luxum
2130 3291 2277 3335 patitur,
2295 3292 2442 3329 in‘men-

1391 3335 1498 3369 struis
1514 3336 1609 3379 suis,
1625 3343 1657 3371 et
1680 3338 1842 3385 influxu
1868 3342 2010 3378 seminis
2033 3346 2185 3390 patiente
2207 3348 2245 3384 in
2260 3351 2363 3394 fluxu
2374 3363 2438 3389 nto

1390 3396 1547 3434 masculo
1561 3404 1593 3434 et
1604 3399 1742 3445 seminoe
1753 3407 1784 3437 et
1796 3402 1870 3437 viro
1881 3404 1911 3438 si
1925 3404 2104 3446 dorntierit
2114 3419 2194 3445 cum
2207 3417 2435 3456 nunstruata,

1389 3456 1440 3492 sio
1457 3458 1617 3506 purgari,
1648 3465 1685 3495 et
1717 3460 1813 3498 hunc
1829 3462 1923 3502 sicut
1949 3470 1986 3500 et
2009 3465 2099 3506 alios
2116 3478 2190 3509 non
2206 3471 2326 3516 puniri
2349 3474 2436 3517 vult,

1388 3526 1477 3564 ergo
1493 3519 1776 3568 contemplemur
1793 3528 2056 3564 menstruatam
2077 3529 2265 3574 gentilium
2293 3533 2439 3580 supten-

1386 3577 1489 3620 tiam,
1521 3578 1628 3626 longe
1658 3581 1753 3624 enim
1770 3592 1792 3618 a
1807 3581 1897 3627 Deo,
1913 3586 1978 3622 sed
1998 3591 2035 3623 et
2053 3588 2098 3628 de
2119 3590 2242 3634 volatu
2262 3593 2383 3635 avium
2398 3598 2436 3634 et
2456 3615 2458 3619 ν

1385 3646 1494 3684 cursu
1523 3638 1684 3689 sidorum
1707 3647 1748 3689 et,
1765 3645 1945 3682 mensuris
1974 3648 2056 3686 coeli
2083 3650 2212 3692 dicens
2233 3657 2346 3701 m
2370 3653 2462 3709 dom]

1383 3706 1485 3750 equs.
1503 3697 1596 3750 Cum
1619 3699 1690 3749 bac
1715 3710 1803 3758 ergo
1827 3704 2025 3753 pessimum
2040 3714 2099 3747 est
2115 3710 2355 3759 dormtum.
2406 3755 2410 3758 .

1381 3757 1555 3810 asueti
1573 3759 1614 3805 in
1629 3770 1673 3800 ea
1688 3760 1807 3811 udin
1828 3763 1944 3817 cum,
1972 3767 2037 3810 sed
2060 3771 2353 3828 crevenno
