<?xml version="1.0" encoding="UTF-8"?>
<!DOCTYPE html PUBLIC "-//W3C//DTD XHTML 1.0 Transitional//EN"
    "http://www.w3.org/TR/xhtml1/DTD/xhtml1-transitional.dtd">
<html xmlns="http://www.w3.org/1999/xhtml" xml:lang="en" lang="en">
 <head>
  <title>
</title>
<meta http-equiv="Content-Type" content="text/html;charset=utf-8" />
  <meta name='ocr-system' content='tesseract 3.04.00' />
  <meta name='ocr-capabilities' content='ocr_page ocr_carea ocr_par ocr_line ocrx_word'/>
</head>
<body>
  <div class='ocr_page' id='page_1' title='image "./patrologiae00unknuoft_0200.png"; bbox 0 0 2540 4016; ppageno 0'>
   <div class='ocr_carea' id='block_1_1' title="bbox 311 176 379 213">
    <p class='ocr_par' dir='ltr' id='par_1_1' title="bbox 311 176 379 213">
     <span class='ocr_line' id='line_1_1' title="bbox 311 176 379 213; baseline -0.044 0"><span class='ocrx_word' id='word_1_1' title='bbox 311 176 379 213; x_wconf 76' lang='lat'>587</span> 
     </span>
    </p>
   </div>
   <div class='ocr_carea' id='block_1_2' title="bbox 309 225 1398 288">
    <p class='ocr_par' dir='ltr' id='par_1_2' title="bbox 309 225 1398 288">
     <span class='ocr_line' id='line_1_2' title="bbox 309 225 1398 288; baseline -0.025 -4"><span class='ocrx_word' id='word_1_2' title='bbox 309 248 392 288; x_wconf 89' lang='lat' dir='ltr'>bici,</span> <span class='ocrx_word' id='word_1_3' title='bbox 414 243 472 288; x_wconf 89' lang='lat' dir='ltr'>qui</span> <span class='ocrx_word' id='word_1_4' title='bbox 492 240 646 276; x_wconf 85' lang='lat' dir='ltr'>animam</span> <span class='ocrx_word' id='word_1_5' title='bbox 673 233 774 270; x_wconf 91' lang='lat' dir='ltr'>simul</span> <span class='ocrx_word' id='word_1_6' title='bbox 800 241 880 267; x_wconf 90' lang='lat' dir='ltr'>cum</span> <span class='ocrx_word' id='word_1_7' title='bbox 916 238 1066 274; x_wconf 87' lang='lat' dir='ltr'>corpore</span> <span class='ocrx_word' id='word_1_8' title='bbox 1094 226 1183 262; x_wconf 87' lang='lat' dir='ltr'>mori</span> <span class='ocrx_word' id='word_1_9' title='bbox 1202 228 1341 269; x_wconf 86' lang='lat' dir='ltr'>putant.</span> <span class='ocrx_word' id='word_1_10' title='bbox 1361 225 1398 263; x_wconf 84' lang='lat' dir='ltr'><strong>A</strong></span> 
     </span>
    </p>
   </div>
   <div class='ocr_carea' id='block_1_3' title="bbox 306 282 1347 1107">
    <p class='ocr_par' dir='ltr' id='par_1_3' title="bbox 306 282 1347 1107">
     <span class='ocr_line' id='line_1_3' title="bbox 308 282 1340 343; baseline -0.026 -1"><span class='ocrx_word' id='word_1_11' title='bbox 308 308 346 343; x_wconf 86' lang='lat' dir='ltr'>ln</span> <span class='ocrx_word' id='word_1_12' title='bbox 376 301 540 339; x_wconf 75' lang='lat' dir='ltr'><strong>cicatrice</strong></span> <span class='ocrx_word' id='word_1_13' title='bbox 555 294 701 332; x_wconf 87' lang='lat' dir='ltr'>ustionis</span> <span class='ocrx_word' id='word_1_14' title='bbox 717 292 852 335; x_wconf 87' lang='lat' dir='ltr'>lepram</span> <span class='ocrx_word' id='word_1_15' title='bbox 873 287 1006 323; x_wconf 84' lang='lat' dir='ltr'>babent</span> <span class='ocrx_word' id='word_1_16' title='bbox 1021 283 1206 320; x_wconf 76' lang='lat' dir='ltr'>Manichaei</span> <span class='ocrx_word' id='word_1_17' title='bbox 1223 282 1340 316; x_wconf 79' lang='lat' dir='ltr'>haere-</span> 
     </span>
     <span class='ocr_line' id='line_1_4' title="bbox 309 345 1341 405; baseline -0.025 -6"><span class='ocrx_word' id='word_1_18' title='bbox 309 364 381 404; x_wconf 88' lang='lat' dir='ltr'>tici,</span> <span class='ocrx_word' id='word_1_19' title='bbox 403 360 461 405; x_wconf 87' lang='lat' dir='ltr'>qui</span> <span class='ocrx_word' id='word_1_20' title='bbox 482 356 578 392; x_wconf 86' lang='lat' dir='ltr'>inani</span> <span class='ocrx_word' id='word_1_21' title='bbox 603 347 821 388; x_wconf 80' lang='lat' dir='ltr'>abstinentiae</span> <span class='ocrx_word' id='word_1_22' title='bbox 842 345 1000 381; x_wconf 90' lang='lat' dir='ltr'>cruciatu</span> <span class='ocrx_word' id='word_1_23' title='bbox 1023 351 1172 386; x_wconf 87' lang='lat' dir='ltr'>corpora</span> <span class='ocrx_word' id='word_1_24' title='bbox 1192 349 1255 375; x_wconf 85' lang='lat' dir='ltr'>sua</span> <span class='ocrx_word' id='word_1_25' title='bbox 1276 349 1341 374; x_wconf 83' lang='lat' dir='ltr'>ex-</span> 
     </span>
     <span class='ocr_line' id='line_1_5' title="bbox 309 396 1342 461; baseline -0.025 -4"><span class='ocrx_word' id='word_1_26' title='bbox 309 426 429 461; x_wconf 80' lang='lat' dir='ltr'>urunt,</span> <span class='ocrx_word' id='word_1_27' title='bbox 451 423 486 453; x_wconf 88' lang='lat' dir='ltr'>et</span> <span class='ocrx_word' id='word_1_28' title='bbox 505 425 567 460; x_wconf 90' lang='lat' dir='ltr'>per</span> <span class='ocrx_word' id='word_1_29' title='bbox 584 409 838 447; x_wconf 85' lang='lat' dir='ltr'>infidelitatem,</span> <span class='ocrx_word' id='word_1_30' title='bbox 855 413 926 438; x_wconf 89' lang='lat' dir='ltr'>non</span> <span class='ocrx_word' id='word_1_31' title='bbox 941 400 1150 437; x_wconf 77' lang='lat' dir='ltr'>munditiam</span> <span class='ocrx_word' id='word_1_32' title='bbox 1169 398 1264 441; x_wconf 83' lang='lat' dir='ltr'>inde,</span> <span class='ocrx_word' id='word_1_33' title='bbox 1279 396 1342 433; x_wconf 88' lang='lat' dir='ltr'>sed</span> 
     </span>
     <span class='ocr_line' id='line_1_6' title="bbox 308 455 1342 525; baseline -0.025 -9"><span class='ocrx_word' id='word_1_34' title='bbox 308 481 440 525; x_wconf 88' lang='lat' dir='ltr'>lepram</span> <span class='ocrx_word' id='word_1_35' title='bbox 465 475 620 520; x_wconf 82' lang='lat' dir='ltr'>gignunt.</span> <span class='ocrx_word' id='word_1_36' title='bbox 663 467 711 500; x_wconf 91' lang='lat' dir='ltr'>De</span> <span class='ocrx_word' id='word_1_37' title='bbox 730 464 858 498; x_wconf 83' lang='lat' dir='ltr'>talibus</span> <span class='ocrx_word' id='word_1_38' title='bbox 887 461 983 496; x_wconf 89' lang='lat' dir='ltr'>enim</span> <span class='ocrx_word' id='word_1_39' title='bbox 1013 457 1230 504; x_wconf 81' lang='lat' dir='ltr'>praedicabat</span> <span class='ocrx_word' id='word_1_40' title='bbox 1248 455 1342 501; x_wconf 82' lang='lat' dir='ltr'>Apo-</span> 
     </span>
     <span class='ocr_line' id='line_1_7' title="bbox 308 516 1340 573; baseline -0.023 0"><span class='ocrx_word' id='word_1_41' title='bbox 308 538 417 573; x_wconf 88' lang='lat' dir='ltr'>stolus</span> <span class='ocrx_word' id='word_1_42' title='bbox 436 547 444 567; x_wconf 96' lang='lat'><strong>:</strong></span> <span class='ocrx_word' id='word_1_43' title='bbox 469 527 664 566; x_wconf 83' lang='lat' dir='ltr'>Discedunt,</span> <span class='ocrx_word' id='word_1_44' title='bbox 684 522 811 566; x_wconf 88' lang='lat' dir='ltr'>inquit,</span> <span class='ocrx_word' id='word_1_45' title='bbox 829 520 971 566; x_wconf 80' lang='lat' dir='ltr'>quidam</span> <span class='ocrx_word' id='word_1_46' title='bbox 1002 529 1022 552; x_wconf 88' lang='lat' dir='ltr'>a</span> <span class='ocrx_word' id='word_1_47' title='bbox 1046 517 1115 562; x_wconf 83' lang='lat' dir='ltr'>fide</span> <span class='ocrx_word' id='word_1_48' title='bbox 1132 516 1340 551; x_wconf 79' lang='lat' dir='ltr'>attendentes</span> 
     </span>
     <span class='ocr_line' id='line_1_8' title="bbox 306 574 1343 640; baseline -0.021 -12"><span class='ocrx_word' id='word_1_49' title='bbox 306 592 478 640; x_wconf 82' lang='lat' dir='ltr'>spiritibus</span> <span class='ocrx_word' id='word_1_50' title='bbox 496 585 620 621; x_wconf 84' lang='lat' dir='ltr'>erroris</span> <span class='ocrx_word' id='word_1_51' title='bbox 639 589 669 617; x_wconf 86' lang='lat' dir='ltr'>et</span> <span class='ocrx_word' id='word_1_52' title='bbox 691 579 854 614; x_wconf 80' lang='lat' dir='ltr'>doctrinis</span> <span class='ocrx_word' id='word_1_53' title='bbox 887 576 1152 617; x_wconf 80' lang='lat' dir='ltr'>dcemoniorum,</span> <span class='ocrx_word' id='word_1_54' title='bbox 1185 574 1221 608; x_wconf 88' lang='lat' dir='ltr'>in</span> <span class='ocrx_word' id='word_1_55' title='bbox 1237 574 1343 618; x_wconf 73' lang='lat' dir='ltr'>hypo-</span> 
     </span>
     <span class='ocr_line' id='line_1_9' title="bbox 306 632 1342 694; baseline -0.021 -7"><span class='ocrx_word' id='word_1_56' title='bbox 306 652 386 687; x_wconf 83' lang='lat' dir='ltr'><strong><em>crisi</em></strong></span> <span class='ocrx_word' id='word_1_57' title='bbox 400 645 607 694; x_wconf 71' lang='lat' dir='ltr'>quuentium</span> <span class='ocrx_word' id='word_1_58' title='bbox 624 639 852 679; x_wconf 78' lang='lat' dir='ltr'>mendacium,</span> <span class='ocrx_word' id='word_1_59' title='bbox 864 642 895 670; x_wconf 83' lang='lat' dir='ltr'>et</span> <span class='ocrx_word' id='word_1_60' title='bbox 909 635 1134 670; x_wconf 85' lang='lat' dir='ltr'>cauteriatam</span> <span class='ocrx_word' id='word_1_61' title='bbox 1146 632 1342 668; x_wconf 76' lang='lat' dir='ltr'><strong><em>habentium</em></strong></span> 
     </span>
     <span class='ocr_line' id='line_1_10' title="bbox 307 691 1343 746; baseline -0.021 -1"><span class='ocrx_word' id='word_1_62' title='bbox 307 720 403 746; x_wconf 85' lang='lat' dir='ltr'>suam</span> <span class='ocrx_word' id='word_1_63' title='bbox 424 701 678 741; x_wconf 80' lang='lat' dir='ltr'>conscicnlicun,</span> <span class='ocrx_word' id='word_1_64' title='bbox 708 695 959 744; x_wconf 77' lang='lat' dir='ltr'><strong><em>prohibentium</em></strong></span> <span class='ocrx_word' id='word_1_65' title='bbox 975 692 1115 734; x_wconf 84' lang='lat' dir='ltr'>nubere,</span> <span class='ocrx_word' id='word_1_66' title='bbox 1136 691 1304 726; x_wconf 83' lang='lat' dir='ltr'>abstinere</span> <span class='ocrx_word' id='word_1_67' title='bbox 1321 700 1343 723; x_wconf 86' lang='lat' dir='ltr'>a</span> 
     </span>
     <span class='ocr_line' id='line_1_11' title="bbox 308 749 1341 812; baseline -0.022 -7"><span class='ocrx_word' id='word_1_68' title='bbox 308 770 390 804; x_wconf 79' lang='lat' dir='ltr'>cibis</span> <span class='ocrx_word' id='word_1_69' title='bbox 417 776 498 812; x_wconf 82' lang='lat' dir='ltr'>quos</span> <span class='ocrx_word' id='word_1_70' title='bbox 520 763 607 797; x_wconf 84' lang='lat' dir='ltr'>Deus</span> <span class='ocrx_word' id='word_1_71' title='bbox 625 758 748 794; x_wconf 80' lang='lat' dir='ltr'>crearit</span> <span class='ocrx_word' id='word_1_72' title='bbox 763 756 807 790; x_wconf 83' lang='lat' dir='ltr'>act</span> <span class='ocrx_word' id='word_1_73' title='bbox 826 753 1084 800; x_wconf 79' lang='lat' dir='ltr'>percipiendum</span> <span class='ocrx_word' id='word_1_74' title='bbox 1111 750 1143 797; x_wconf 88' lang='lat'>(1</span> <span class='ocrx_word' id='word_1_75' title='bbox 1167 750 1255 784; x_wconf 83' lang='lat' dir='ltr'>Tim.</span> <span class='ocrx_word' id='word_1_76' title='bbox 1278 749 1341 795; x_wconf 80' lang='lat' dir='ltr'><strong>lv).</strong></span> 
     </span>
     <span class='ocr_line' id='line_1_12' title="bbox 310 809 1341 864; baseline -0.021 -1"><span class='ocrx_word' id='word_1_77' title='bbox 310 827 379 863; x_wconf 87' lang='lat' dir='ltr'>Sed</span> <span class='ocrx_word' id='word_1_78' title='bbox 395 826 507 860; x_wconf 86' lang='lat' dir='ltr'>adbuc</span> <span class='ocrx_word' id='word_1_79' title='bbox 521 819 647 864; x_wconf 85' lang='lat' dir='ltr'>adjecit</span> <span class='ocrx_word' id='word_1_80' title='bbox 664 816 801 852; x_wconf 86' lang='lat' dir='ltr'>colores</span> <span class='ocrx_word' id='word_1_81' title='bbox 819 814 1012 858; x_wconf 85' lang='lat' dir='ltr'>leprarum,</span> <span class='ocrx_word' id='word_1_82' title='bbox 1026 811 1060 846; x_wconf 89' lang='lat' dir='ltr'>id</span> <span class='ocrx_word' id='word_1_83' title='bbox 1075 814 1141 851; x_wconf 87' lang='lat' dir='ltr'>cst,</span> <span class='ocrx_word' id='word_1_84' title='bbox 1161 809 1341 854; x_wconf 89' lang='lat' dir='ltr'>pallidam,</span> 
     </span>
     <span class='ocr_line' id='line_1_13' title="bbox 309 868 1342 924; baseline -0.022 -1"><span class='ocrx_word' id='word_1_85' title='bbox 309 888 503 924; x_wconf 88' lang='lat' dir='ltr'>rubentem,</span> <span class='ocrx_word' id='word_1_86' title='bbox 531 881 656 919; x_wconf 86' lang='lat' dir='ltr'>albam,</span> <span class='ocrx_word' id='word_1_87' title='bbox 691 875 851 915; x_wconf 74' lang='lat' dir='ltr'>lividam,</span> <span class='ocrx_word' id='word_1_88' title='bbox 887 872 1041 917; x_wconf 82' lang='lat' dir='ltr'>nigram,</span> <span class='ocrx_word' id='word_1_89' title='bbox 1080 868 1342 904; x_wconf 84' lang='lat' dir='ltr'>florescentem.</span> 
     </span>
     <span class='ocr_line' id='line_1_14' title="bbox 307 927 1346 989; baseline -0.02 -8"><span class='ocrx_word' id='word_1_90' title='bbox 307 947 428 989; x_wconf 84' lang='lat' dir='ltr'>ltaque</span> <span class='ocrx_word' id='word_1_91' title='bbox 462 943 541 977; x_wconf 90' lang='lat' dir='ltr'>dum</span> <span class='ocrx_word' id='word_1_92' title='bbox 574 937 742 983; x_wconf 74' lang='lat' dir='ltr'>pallidam</span> <span class='ocrx_word' id='word_1_93' title='bbox 763 935 898 979; x_wconf 86' lang='lat' dir='ltr'>lepram</span> <span class='ocrx_word' id='word_1_94' title='bbox 925 931 1024 972; x_wconf 89' lang='lat' dir='ltr'>dicit,</span> <span class='ocrx_word' id='word_1_95' title='bbox 1064 927 1280 964; x_wconf 87' lang='lat' dir='ltr'>imbecillam</span> <span class='ocrx_word' id='word_1_96' title='bbox 1310 931 1346 961; x_wconf 89' lang='lat' dir='ltr'>et</span> 
     </span>
     <span class='ocr_line' id='line_1_15' title="bbox 306 985 1347 1046; baseline -0.017 -9"><span class='ocrx_word' id='word_1_97' title='bbox 306 1002 464 1046; x_wconf 77' lang='lat' dir='ltr'>fragilem</span> <span class='ocrx_word' id='word_1_98' title='bbox 492 998 594 1033; x_wconf 82' lang='lat' dir='ltr'>sidem</span> <span class='ocrx_word' id='word_1_99' title='bbox 612 996 738 1030; x_wconf 61' lang='lat' dir='ltr'>anima}</span> <span class='ocrx_word' id='word_1_100' title='bbox 756 993 913 1028; x_wconf 86' lang='lat' dir='ltr'>denotat.</span> <span class='ocrx_word' id='word_1_101' title='bbox 946 990 1049 1034; x_wconf 87' lang='lat' dir='ltr'>Isque</span> <span class='ocrx_word' id='word_1_102' title='bbox 1073 988 1212 1033; x_wconf 87' lang='lat' dir='ltr'>perdito</span> <span class='ocrx_word' id='word_1_103' title='bbox 1228 985 1347 1021; x_wconf 84' lang='lat' dir='ltr'>colore</span> 
     </span>
     <span class='ocr_line' id='line_1_16' title="bbox 307 1047 1346 1107; baseline -0.019 -9"><span class='ocrx_word' id='word_1_104' title='bbox 307 1064 451 1107; x_wconf 78' lang='lat' dir='ltr'>integra:</span> <span class='ocrx_word' id='word_1_105' title='bbox 469 1053 787 1098; x_wconf 88' lang='lat' dir='ltr'>sanitatis,crroris</span> <span class='ocrx_word' id='word_1_106' title='bbox 807 1050 1012 1087; x_wconf 80' lang='lat' dir='ltr'>infirmitate</span> <span class='ocrx_word' id='word_1_107' title='bbox 1028 1047 1246 1092; x_wconf 82' lang='lat' dir='ltr'>languescit;</span> <span class='ocrx_word' id='word_1_108' title='bbox 1266 1055 1346 1080; x_wconf 92' lang='lat' dir='ltr'>cum</span> 
     </span>
    </p>
   </div>
   <div class='ocr_carea' id='block_1_4' title="bbox 307 1107 2463 1158">
    <p class='ocr_par' dir='ltr' id='par_1_4' title="bbox 307 1107 2463 1158">
     <span class='ocr_line' id='line_1_17' title="bbox 307 1107 2463 1158; baseline -0.009 -1"><span class='ocrx_word' id='word_1_109' title='bbox 307 1128 422 1157; x_wconf 84' lang='lat' dir='ltr'>autem</span> <span class='ocrx_word' id='word_1_110' title='bbox 441 1117 669 1154; x_wconf 80' lang='lat' dir='ltr'>rubicundam</span> <span class='ocrx_word' id='word_1_111' title='bbox 686 1115 821 1158; x_wconf 86' lang='lat' dir='ltr'>lepram</span> <span class='ocrx_word' id='word_1_112' title='bbox 831 1110 999 1152; x_wconf 73' lang='lat' dir='ltr'><strong>ostendit,</strong></span> <span class='ocrx_word' id='word_1_113' title='bbox 1017 1107 1200 1143; x_wconf 88' lang='lat' dir='ltr'>homicidii</span> <span class='ocrx_word' id='word_1_114' title='bbox 1217 1115 1344 1142; x_wconf 86' lang='lat' dir='ltr'>cruore</span> <span class='ocrx_word' id='word_1_115' title='bbox 1363 1110 1394 1148; x_wconf 88' lang='grc' dir='ltr'><strong>Β</strong></span> <span class='ocrx_word' id='word_1_116' title='bbox 1412 1112 1456 1146; x_wconf 70' lang='lat' dir='ltr'>sit</span> <span class='ocrx_word' id='word_1_117' title='bbox 1474 1112 1510 1146; x_wconf 73' lang='lat' dir='ltr'>in</span> <span class='ocrx_word' id='word_1_118' title='bbox 1525 1109 1706 1157; x_wconf 64' lang='lat' dir='ltr'>superfigfe</span> <span class='ocrx_word' id='word_1_119' title='bbox 1723 1111 1925 1153; x_wconf 80' lang='lat' dir='ltr'>vestimenti,</span> <span class='ocrx_word' id='word_1_120' title='bbox 1948 1110 2000 1145; x_wconf 65' lang='lat' dir='ltr'>vel</span> <span class='ocrx_word' id='word_1_121' title='bbox 2028 1122 2088 1156; x_wconf 65' lang='lat' dir='ltr'>per</span> <span class='ocrx_word' id='word_1_122' title='bbox 2120 1116 2228 1146; x_wconf 66' lang='lat' dir='ltr'>mmm</span> <span class='ocrx_word' id='word_1_123' title='bbox 2249 1110 2357 1156; x_wconf 68' lang='lat' dir='ltr'>lepra,</span> <span class='ocrx_word' id='word_1_124' title='bbox 2399 1109 2463 1146; x_wconf 64' lang='lat' dir='ltr'>Sin</span> 
     </span>
    </p>
   </div>
   <div class='ocr_carea' id='block_1_5' title="bbox 307 1164 1364 2837">
    <p class='ocr_par' dir='ltr' id='par_1_5' title="bbox 307 1164 1364 2837">
     <span class='ocr_line' id='line_1_18' title="bbox 307 1164 1344 1216; baseline -0.018 0"><span class='ocrx_word' id='word_1_125' title='bbox 307 1186 458 1216; x_wconf 81' lang='lat' dir='ltr'>mentem</span> <span class='ocrx_word' id='word_1_126' title='bbox 475 1177 640 1212; x_wconf 83' lang='lat' dir='ltr'>infectam</span> <span class='ocrx_word' id='word_1_127' title='bbox 652 1174 797 1208; x_wconf 80' lang='lat' dir='ltr'>denotat</span> <span class='ocrx_word' id='word_1_128' title='bbox 813 1176 850 1205; x_wconf 88' lang='lat' dir='ltr'>et</span> <span class='ocrx_word' id='word_1_129' title='bbox 868 1169 977 1204; x_wconf 88' lang='lat' dir='ltr'>inurit</span> <span class='ocrx_word' id='word_1_130' title='bbox 993 1179 1000 1202; x_wconf 76' lang='grc' dir='ltr'>ε</span> <span class='ocrx_word' id='word_1_131' title='bbox 1021 1178 1102 1202; x_wconf 90' lang='lat' dir='ltr'>cum</span> <span class='ocrx_word' id='word_1_132' title='bbox 1114 1176 1197 1201; x_wconf 84' lang='lat' dir='ltr'>vero</span> <span class='ocrx_word' id='word_1_133' title='bbox 1214 1164 1344 1206; x_wconf 82' lang='lat' dir='ltr'>albam,</span> 
     </span>
     <span class='ocr_line' id='line_1_19' title="bbox 307 1223 1348 1279; baseline -0.019 -3"><span class='ocrx_word' id='word_1_134' title='bbox 307 1241 383 1276; x_wconf 88' lang='lat' dir='ltr'>illos</span> <span class='ocrx_word' id='word_1_135' title='bbox 407 1237 590 1274; x_wconf 78' lang='lat' dir='ltr'>haereticos</span> <span class='ocrx_word' id='word_1_136' title='bbox 618 1234 678 1279; x_wconf 87' lang='lat' dir='ltr'>qui</span> <span class='ocrx_word' id='word_1_137' title='bbox 711 1242 748 1268; x_wconf 86' lang='lat' dir='ltr'>se</span> <span class='ocrx_word' id='word_1_138' title='bbox 768 1230 918 1265; x_wconf 91' lang='lat' dir='ltr'>mundos</span> <span class='ocrx_word' id='word_1_139' title='bbox 940 1227 1120 1273; x_wconf 83' lang='lat' dir='ltr'>appellant</span> <span class='ocrx_word' id='word_1_140' title='bbox 1140 1252 1149 1268; x_wconf 95' lang='lat'>,</span> <span class='ocrx_word' id='word_1_141' title='bbox 1173 1225 1248 1259; x_wconf 70' lang='lat' dir='ltr'>sive</span> <span class='ocrx_word' id='word_1_142' title='bbox 1267 1223 1348 1258; x_wconf 88' lang='lat' dir='ltr'>reli-</span> 
     </span>
     <span class='ocr_line' id='line_1_20' title="bbox 307 1284 1348 1345; baseline -0.014 -13"><span class='ocrx_word' id='word_1_143' title='bbox 307 1310 393 1345; x_wconf 84' lang='lat' dir='ltr'>quos</span> <span class='ocrx_word' id='word_1_144' title='bbox 412 1298 470 1343; x_wconf 89' lang='lat' dir='ltr'>qui</span> <span class='ocrx_word' id='word_1_145' title='bbox 494 1299 535 1332; x_wconf 88' lang='lat' dir='ltr'>de</span> <span class='ocrx_word' id='word_1_146' title='bbox 555 1295 642 1330; x_wconf 80' lang='lat' dir='ltr'>lalso</span> <span class='ocrx_word' id='word_1_147' title='bbox 662 1293 788 1328; x_wconf 89' lang='lat' dir='ltr'>merito</span> <span class='ocrx_word' id='word_1_148' title='bbox 823 1290 1032 1336; x_wconf 80' lang='lat' dir='ltr'>gloriantur,</span> <span class='ocrx_word' id='word_1_149' title='bbox 1067 1287 1159 1322; x_wconf 88' lang='lat' dir='ltr'>sicut</span> <span class='ocrx_word' id='word_1_150' title='bbox 1184 1284 1348 1330; x_wconf 78' lang='lat' dir='ltr'>Pelagius</span> 
     </span>
     <span class='ocr_line' id='line_1_21' title="bbox 308 1344 1348 1395; baseline -0.017 -1"><span class='ocrx_word' id='word_1_151' title='bbox 308 1365 342 1394; x_wconf 90' lang='lat' dir='ltr'>et</span> <span class='ocrx_word' id='word_1_152' title='bbox 362 1359 528 1392; x_wconf 68' lang='lat' dir='ltr'>Novatus.</span> <span class='ocrx_word' id='word_1_153' title='bbox 573 1355 660 1389; x_wconf 85' lang='lat' dir='ltr'>Cum</span> <span class='ocrx_word' id='word_1_154' title='bbox 677 1358 795 1387; x_wconf 87' lang='lat' dir='ltr'>aulem</span> <span class='ocrx_word' id='word_1_155' title='bbox 817 1350 954 1395; x_wconf 81' lang='lat' dir='ltr'>nigram</span> <span class='ocrx_word' id='word_1_156' title='bbox 972 1347 1028 1382; x_wconf 84' lang='lat' dir='ltr'>vel</span> <span class='ocrx_word' id='word_1_157' title='bbox 1052 1346 1193 1381; x_wconf 67' lang='lat' dir='ltr'>liridam</span> <span class='ocrx_word' id='word_1_158' title='bbox 1213 1344 1348 1389; x_wconf 86' lang='lat' dir='ltr'>lepram</span> 
     </span>
     <span class='ocr_line' id='line_1_22' title="bbox 309 1409 1347 1457; baseline -0.015 -4"><span class='ocrx_word' id='word_1_159' title='bbox 309 1422 573 1457; x_wconf 68' lang='lat' dir='ltr'>commemorat,</span> <span class='ocrx_word' id='word_1_160' title='bbox 596 1413 734 1449; x_wconf 69' lang='lat' dir='ltr'>invidia:</span> <span class='ocrx_word' id='word_1_161' title='bbox 765 1416 801 1446; x_wconf 85' lang='lat' dir='ltr'>ct</span> <span class='ocrx_word' id='word_1_162' title='bbox 831 1409 954 1444; x_wconf 78' lang='lat' dir='ltr'>livoris</span> <span class='ocrx_word' id='word_1_163' title='bbox 989 1412 1091 1441; x_wconf 90' lang='lat' dir='ltr'>notas</span> <span class='ocrx_word' id='word_1_164' title='bbox 1126 1409 1347 1440; x_wconf 80' lang='lat' dir='ltr'>exsecratur.</span> 
     </span>
     <span class='ocr_line' id='line_1_23' title="bbox 308 1466 1351 1521; baseline -0.016 -7"><span class='ocrx_word' id='word_1_165' title='bbox 308 1479 394 1514; x_wconf 91' lang='lat' dir='ltr'>Cum</span> <span class='ocrx_word' id='word_1_166' title='bbox 426 1487 508 1512; x_wconf 70' lang='lat' dir='ltr'>vero</span> <span class='ocrx_word' id='word_1_167' title='bbox 540 1477 676 1521; x_wconf 78' lang='lat' dir='ltr'>nigram</span> <span class='ocrx_word' id='word_1_168' title='bbox 703 1472 872 1513; x_wconf 76' lang='lat' dir='ltr'>insinuat,</span> <span class='ocrx_word' id='word_1_169' title='bbox 901 1468 1161 1504; x_wconf 79' lang='lat' dir='ltr'>sacrificiorum</span> <span class='ocrx_word' id='word_1_170' title='bbox 1190 1466 1288 1499; x_wconf 84' lang='lat' dir='ltr'>sumo</span> <span class='ocrx_word' id='word_1_171' title='bbox 1315 1469 1351 1499; x_wconf 87' lang='lat' dir='ltr'>et</span> 
     </span>
     <span class='ocr_line' id='line_1_24' title="bbox 308 1525 1349 1577; baseline -0.016 -3"><span class='ocrx_word' id='word_1_172' title='bbox 308 1539 411 1574; x_wconf 77' lang='lat' dir='ltr'>busto</span> <span class='ocrx_word' id='word_1_173' title='bbox 427 1535 634 1572; x_wconf 82' lang='lat' dir='ltr'>idololatria:</span> <span class='ocrx_word' id='word_1_174' title='bbox 668 1533 893 1577; x_wconf 71' lang='lat' dir='ltr'>denigratam</span> <span class='ocrx_word' id='word_1_175' title='bbox 918 1527 1172 1564; x_wconf 86' lang='lat' dir='ltr'>conscientiam</span> <span class='ocrx_word' id='word_1_176' title='bbox 1192 1525 1349 1560; x_wconf 78' lang='lat' dir='ltr'>detesta-</span> 
     </span>
     <span class='ocr_line' id='line_1_25' title="bbox 310 1592 1350 1633; baseline -0.013 0"><span class='ocrx_word' id='word_1_177' title='bbox 310 1605 380 1633; x_wconf 87' lang='lat' dir='ltr'>tur.</span> <span class='ocrx_word' id='word_1_178' title='bbox 418 1598 504 1633; x_wconf 88' lang='lat' dir='ltr'>Cum</span> <span class='ocrx_word' id='word_1_179' title='bbox 539 1601 656 1630; x_wconf 84' lang='lat' dir='ltr'>autem</span> <span class='ocrx_word' id='word_1_180' title='bbox 676 1594 921 1628; x_wconf 86' lang='lat' dir='ltr'>florescentem</span> <span class='ocrx_word' id='word_1_181' title='bbox 956 1596 1030 1624; x_wconf 88' lang='lat' dir='ltr'>toto</span> <span class='ocrx_word' id='word_1_182' title='bbox 1057 1597 1205 1632; x_wconf 85' lang='lat' dir='ltr'>corpore</span> <span class='ocrx_word' id='word_1_183' title='bbox 1229 1592 1264 1621; x_wconf 87' lang='lat' dir='ltr'>et</span> <span class='ocrx_word' id='word_1_184' title='bbox 1291 1594 1350 1620; x_wconf 89' lang='lat' dir='ltr'>co-</span> 
     </span>
     <span class='ocr_line' id='line_1_26' title="bbox 311 1648 1353 1704; baseline -0.012 -10"><span class='ocrx_word' id='word_1_185' title='bbox 311 1659 528 1704; x_wconf 78' lang='lat' dir='ltr'>operientem</span> <span class='ocrx_word' id='word_1_186' title='bbox 544 1665 683 1691; x_wconf 88' lang='lat' dir='ltr'>omncm</span> <span class='ocrx_word' id='word_1_187' title='bbox 700 1652 898 1698; x_wconf 76' lang='lat' dir='ltr'>pelliculam</span> <span class='ocrx_word' id='word_1_188' title='bbox 930 1650 1092 1695; x_wconf 85' lang='lat' dir='ltr'>corporis</span> <span class='ocrx_word' id='word_1_189' title='bbox 1117 1659 1133 1683; x_wconf 87' lang='lat' dir='ltr'>a</span> <span class='ocrx_word' id='word_1_190' title='bbox 1155 1648 1270 1692; x_wconf 78' lang='lat' dir='ltr'>capite</span> <span class='ocrx_word' id='word_1_191' title='bbox 1294 1656 1353 1681; x_wconf 87' lang='lat' dir='ltr'>us—</span> 
     </span>
     <span class='ocr_line' id='line_1_27' title="bbox 311 1707 1351 1765; baseline -0.013 -11"><span class='ocrx_word' id='word_1_192' title='bbox 311 1730 380 1765; x_wconf 86' lang='lat' dir='ltr'>que</span> <span class='ocrx_word' id='word_1_193' title='bbox 397 1719 439 1753; x_wconf 86' lang='lat' dir='ltr'>ad</span> <span class='ocrx_word' id='word_1_194' title='bbox 458 1718 562 1763; x_wconf 86' lang='lat' dir='ltr'>pedes</span> <span class='ocrx_word' id='word_1_195' title='bbox 583 1716 680 1757; x_wconf 85' lang='lat' dir='ltr'>dicit,</span> <span class='ocrx_word' id='word_1_196' title='bbox 700 1713 857 1748; x_wconf 66' lang='lat' dir='ltr'>avaritia}</span> <span class='ocrx_word' id='word_1_197' title='bbox 892 1712 1025 1747; x_wconf 85' lang='lat' dir='ltr'>crimen</span> <span class='ocrx_word' id='word_1_198' title='bbox 1057 1709 1226 1750; x_wconf 79' lang='lat' dir='ltr'>ostendit,</span> <span class='ocrx_word' id='word_1_199' title='bbox 1267 1707 1351 1752; x_wconf 85' lang='lat' dir='ltr'>quia</span> 
     </span>
     <span class='ocr_line' id='line_1_28' title="bbox 312 1769 1354 1820; baseline -0.012 -6"><span class='ocrx_word' id='word_1_200' title='bbox 312 1789 407 1814; x_wconf 90' lang='lat' dir='ltr'>nunc</span> <span class='ocrx_word' id='word_1_201' title='bbox 422 1778 581 1814; x_wconf 86' lang='lat' dir='ltr'>floridum</span> <span class='ocrx_word' id='word_1_202' title='bbox 597 1782 631 1812; x_wconf 84' lang='lat' dir='ltr'>et</span> <span class='ocrx_word' id='word_1_203' title='bbox 650 1775 843 1820; x_wconf 87' lang='lat' dir='ltr'>jucundum</span> <span class='ocrx_word' id='word_1_204' title='bbox 861 1778 1004 1818; x_wconf 86' lang='lat' dir='ltr'>putatur</span> <span class='ocrx_word' id='word_1_205' title='bbox 1015 1772 1192 1806; x_wconf 84' lang='lat' dir='ltr'>bominem</span> <span class='ocrx_word' id='word_1_206' title='bbox 1214 1769 1354 1804; x_wconf 81' lang='lat' dir='ltr'>felicem</span> 
     </span>
     <span class='ocr_line' id='line_1_29' title="bbox 313 1830 1353 1878; baseline -0.01 -5"><span class='ocrx_word' id='word_1_207' title='bbox 313 1849 391 1875; x_wconf 86' lang='lat' dir='ltr'>esse</span> <span class='ocrx_word' id='word_1_208' title='bbox 428 1839 462 1873; x_wconf 93' lang='lat' dir='ltr'>in</span> <span class='ocrx_word' id='word_1_209' title='bbox 489 1839 555 1873; x_wconf 88' lang='lat' dir='ltr'>hoc</span> <span class='ocrx_word' id='word_1_210' title='bbox 590 1837 740 1878; x_wconf 78' lang='lat' dir='ltr'>inundo,</span> <span class='ocrx_word' id='word_1_211' title='bbox 775 1841 810 1870; x_wconf 89' lang='lat' dir='ltr'>et</span> <span class='ocrx_word' id='word_1_212' title='bbox 841 1835 985 1870; x_wconf 75' lang='lat' dir='ltr'>divitem</span> <span class='ocrx_word' id='word_1_213' title='bbox 1008 1832 1122 1867; x_wconf 75' lang='lat' dir='ltr'>videri</span> <span class='ocrx_word' id='word_1_214' title='bbox 1149 1832 1182 1866; x_wconf 91' lang='lat' dir='ltr'>in</span> <span class='ocrx_word' id='word_1_215' title='bbox 1209 1830 1353 1871; x_wconf 56' lang='lat' dir='ltr'>saeculo,</span> 
     </span>
     <span class='ocr_line' id='line_1_30' title="bbox 313 1891 1354 1942; baseline -0.011 -8"><span class='ocrx_word' id='word_1_216' title='bbox 313 1900 389 1935; x_wconf 80' lang='lat' dir='ltr'>baec</span> <span class='ocrx_word' id='word_1_217' title='bbox 422 1899 515 1933; x_wconf 84' lang='lat' dir='ltr'>enim</span> <span class='ocrx_word' id='word_1_218' title='bbox 549 1897 660 1942; x_wconf 86' lang='lat' dir='ltr'>pestis</span> <span class='ocrx_word' id='word_1_219' title='bbox 695 1896 850 1931; x_wconf 79' lang='lat' dir='ltr'>avaritiae</span> <span class='ocrx_word' id='word_1_220' title='bbox 887 1903 992 1929; x_wconf 89' lang='lat' dir='ltr'>omne</span> <span class='ocrx_word' id='word_1_221' title='bbox 1027 1902 1138 1936; x_wconf 82' lang='lat' dir='ltr'>genus</span> <span class='ocrx_word' id='word_1_222' title='bbox 1170 1891 1354 1926; x_wconf 88' lang='lat' dir='ltr'>bominum</span> 
     </span>
     <span class='ocr_line' id='line_1_31' title="bbox 314 1950 1355 2004; baseline -0.011 -10"><span class='ocrx_word' id='word_1_223' title='bbox 314 1960 415 2004; x_wconf 86' lang='lat' dir='ltr'>quasi</span> <span class='ocrx_word' id='word_1_224' title='bbox 449 1964 560 1993; x_wconf 86' lang='lat' dir='ltr'>totum</span> <span class='ocrx_word' id='word_1_225' title='bbox 595 1967 724 2001; x_wconf 85' lang='lat' dir='ltr'>corpus</span> <span class='ocrx_word' id='word_1_226' title='bbox 743 1956 871 1990; x_wconf 87' lang='lat' dir='ltr'>crebro</span> <span class='ocrx_word' id='word_1_227' title='bbox 901 1952 1035 1988; x_wconf 84' lang='lat' dir='ltr'>erroris</span> <span class='ocrx_word' id='word_1_228' title='bbox 1067 1952 1168 1986; x_wconf 83' lang='lat' dir='ltr'>istius</span> <span class='ocrx_word' id='word_1_229' title='bbox 1193 1950 1355 1995; x_wconf 74' lang='lat' dir='ltr'>contagio</span> 
     </span>
     <span class='ocr_line' id='line_1_32' title="bbox 315 2008 1358 2056; baseline -0.012 -2"><span class='ocrx_word' id='word_1_230' title='bbox 315 2017 563 2054; x_wconf 83' lang='lat' dir='ltr'>commaculat.</span> <span class='ocrx_word' id='word_1_231' title='bbox 606 2015 694 2050; x_wconf 88' lang='lat' dir='ltr'>Cum</span> <span class='ocrx_word' id='word_1_232' title='bbox 713 2020 830 2048; x_wconf 85' lang='lat' dir='ltr'>autem</span> <span class='ocrx_word' id='word_1_233' title='bbox 849 2013 983 2056; x_wconf 75' lang='lat' dir='ltr'>lepram</span> <span class='ocrx_word' id='word_1_234' title='bbox 1007 2020 1085 2055; x_wconf 83' lang='lat' dir='ltr'>quae</span> <span class='ocrx_word' id='word_1_235' title='bbox 1113 2010 1221 2044; x_wconf 61' lang='lat' dir='ltr'>balsct</span> <span class='ocrx_word' id='word_1_236' title='bbox 1252 2008 1358 2043; x_wconf 84' lang='lat' dir='ltr'>rubo-</span> 
     </span>
     <span class='ocr_line' id='line_1_33' title="bbox 317 2070 1358 2121; baseline -0.011 -8"><span class='ocrx_word' id='word_1_237' title='bbox 317 2089 392 2113; x_wconf 90' lang='lat' dir='ltr'>rcm</span> <span class='ocrx_word' id='word_1_238' title='bbox 408 2088 487 2113; x_wconf 89' lang='lat' dir='ltr'>cum</span> <span class='ocrx_word' id='word_1_239' title='bbox 503 2076 637 2121; x_wconf 87' lang='lat' dir='ltr'>pallore</span> <span class='ocrx_word' id='word_1_240' title='bbox 657 2074 888 2119; x_wconf 84' lang='lat' dir='ltr'>permixtum,</span> <span class='ocrx_word' id='word_1_241' title='bbox 904 2081 984 2106; x_wconf 91' lang='lat' dir='ltr'>cum</span> <span class='ocrx_word' id='word_1_242' title='bbox 1003 2070 1181 2105; x_wconf 90' lang='lat' dir='ltr'>bominem</span> <span class='ocrx_word' id='word_1_243' title='bbox 1200 2070 1358 2110; x_wconf 88' lang='lat' dir='ltr'>denotat,</span> 
     </span>
     <span class='ocr_line' id='line_1_34' title="bbox 317 2128 1360 2182; baseline -0.009 -11"><span class='ocrx_word' id='word_1_244' title='bbox 317 2136 379 2182; x_wconf 91' lang='lat' dir='ltr'>qui</span> <span class='ocrx_word' id='word_1_245' title='bbox 401 2145 480 2170; x_wconf 88' lang='lat' dir='ltr'>cum</span> <span class='ocrx_word' id='word_1_246' title='bbox 501 2135 548 2169; x_wconf 86' lang='lat' dir='ltr'>sit</span> <span class='ocrx_word' id='word_1_247' title='bbox 576 2133 762 2168; x_wconf 86' lang='lat' dir='ltr'>imbecillis</span> <span class='ocrx_word' id='word_1_248' title='bbox 797 2132 916 2166; x_wconf 87' lang='lat' dir='ltr'>animo</span> <span class='ocrx_word' id='word_1_249' title='bbox 935 2136 970 2165; x_wconf 90' lang='lat' dir='ltr'>ct</span> <span class='ocrx_word' id='word_1_250' title='bbox 991 2130 1155 2171; x_wconf 82' lang='lat' dir='ltr'>mendax,</span> <span class='ocrx_word' id='word_1_251' title='bbox 1187 2128 1291 2163; x_wconf 85' lang='lat' dir='ltr'>facile</span> <span class='ocrx_word' id='word_1_252' title='bbox 1323 2128 1360 2162; x_wconf 92' lang='lat' dir='ltr'>in</span> 
     </span>
     <span class='ocr_line' id='line_1_35' title="bbox 318 2187 1357 2239; baseline -0.01 -9"><span class='ocrx_word' id='word_1_253' title='bbox 318 2195 438 2230; x_wconf 76' lang='lat' dir='ltr'>surore</span> <span class='ocrx_word' id='word_1_254' title='bbox 453 2193 664 2239; x_wconf 82' lang='lat' dir='ltr'>prorumpit,</span> <span class='ocrx_word' id='word_1_255' title='bbox 683 2197 719 2227; x_wconf 90' lang='lat' dir='ltr'>et</span> <span class='ocrx_word' id='word_1_256' title='bbox 746 2190 888 2225; x_wconf 75' lang='lat' dir='ltr'>levitate</span> <span class='ocrx_word' id='word_1_257' title='bbox 909 2198 1047 2224; x_wconf 89' lang='lat' dir='ltr'>morum</span> <span class='ocrx_word' id='word_1_258' title='bbox 1076 2188 1147 2222; x_wconf 88' lang='lat' dir='ltr'>cito</span> <span class='ocrx_word' id='word_1_259' title='bbox 1182 2187 1357 2231; x_wconf 87' lang='lat' dir='ltr'>perierat;</span> 
     </span>
     <span class='ocr_line' id='line_1_36' title="bbox 318 2246 1361 2299; baseline -0.008 -11"><span class='ocrx_word' id='word_1_260' title='bbox 318 2253 432 2299; x_wconf 89' lang='lat' dir='ltr'>pallor</span> <span class='ocrx_word' id='word_1_261' title='bbox 450 2253 544 2288; x_wconf 90' lang='lat' dir='ltr'>enim</span> <span class='ocrx_word' id='word_1_262' title='bbox 578 2252 807 2286; x_wconf 86' lang='lat' dir='ltr'>mentientem</span> <span class='ocrx_word' id='word_1_263' title='bbox 842 2250 998 2294; x_wconf 81' lang='lat' dir='ltr'>linguam</span> <span class='ocrx_word' id='word_1_264' title='bbox 1035 2247 1223 2292; x_wconf 79' lang='lat' dir='ltr'>significat,</span> <span class='ocrx_word' id='word_1_265' title='bbox 1254 2246 1361 2280; x_wconf 86' lang='lat' dir='ltr'>rubor</span> 
     </span>
     <span class='ocr_line' id='line_1_37' title="bbox 320 2308 1362 2356; baseline -0.008 -6"><span class='ocrx_word' id='word_1_266' title='bbox 320 2315 539 2350; x_wconf 79' lang='lat' dir='ltr'>iracundiam</span> <span class='ocrx_word' id='word_1_267' title='bbox 560 2313 779 2348; x_wconf 82' lang='lat' dir='ltr'>manifestat.</span> <span class='ocrx_word' id='word_1_268' title='bbox 810 2312 872 2346; x_wconf 86' lang='lat' dir='ltr'>Est</span> <span class='ocrx_word' id='word_1_269' title='bbox 885 2312 1003 2356; x_wconf 89' lang='lat' dir='ltr'>itaque</span> <span class='ocrx_word' id='word_1_270' title='bbox 1019 2310 1116 2355; x_wconf 86' lang='lat' dir='ltr'>lepra</span> <span class='ocrx_word' id='word_1_271' title='bbox 1135 2308 1362 2354; x_wconf 78' lang='lat' dir='ltr'>peccatiquae</span> 
     </span>
     <span class='ocr_line' id='line_1_38' title="bbox 321 2368 1362 2412; baseline -0.007 -3"><span class='ocrx_word' id='word_1_272' title='bbox 321 2374 575 2410; x_wconf 77' lang='lat' dir='ltr'>sacrificiorum</span> <span class='ocrx_word' id='word_1_273' title='bbox 594 2373 832 2409; x_wconf 83' lang='lat' dir='ltr'>oblationibus</span> <span class='ocrx_word' id='word_1_274' title='bbox 849 2371 1076 2412; x_wconf 87' lang='lat' dir='ltr'>emundatur,</span> <span class='ocrx_word' id='word_1_275' title='bbox 1102 2370 1137 2404; x_wconf 91' lang='lat' dir='ltr'>id</span> <span class='ocrx_word' id='word_1_276' title='bbox 1167 2374 1233 2411; x_wconf 86' lang='lat' dir='ltr'>cst,</span> <span class='ocrx_word' id='word_1_277' title='bbox 1256 2368 1362 2403; x_wconf 88' lang='lat' dir='ltr'>corde</span> 
     </span>
     <span class='ocr_line' id='line_1_39' title="bbox 320 2428 1362 2476; baseline -0.009 -6"><span class='ocrx_word' id='word_1_278' title='bbox 320 2434 476 2470; x_wconf 81' lang='lat' dir='ltr'>contrito</span> <span class='ocrx_word' id='word_1_279' title='bbox 498 2439 533 2469; x_wconf 90' lang='lat' dir='ltr'>ct</span> <span class='ocrx_word' id='word_1_280' title='bbox 548 2433 733 2469; x_wconf 86' lang='lat' dir='ltr'>humiliato</span> <span class='ocrx_word' id='word_1_281' title='bbox 750 2444 758 2468; x_wconf 90' lang='lat'>:</span> <span class='ocrx_word' id='word_1_282' title='bbox 776 2431 993 2476; x_wconf 82' lang='lat' dir='ltr'>Sacrificium</span> <span class='ocrx_word' id='word_1_283' title='bbox 1008 2430 1096 2465; x_wconf 87' lang='lat' dir='ltr'>enim</span> <span class='ocrx_word' id='word_1_284' title='bbox 1123 2429 1195 2463; x_wconf 85' lang='lat' dir='ltr'>Deo</span> <span class='ocrx_word' id='word_1_285' title='bbox 1221 2428 1362 2474; x_wconf 86' lang='lat' dir='ltr'>spiritus</span> 
     </span>
     <span class='ocr_line' id='line_1_40' title="bbox 320 2489 1364 2539; baseline -0.007 -9"><span class='ocrx_word' id='word_1_286' title='bbox 320 2493 567 2530; x_wconf 82' lang='lat' dir='ltr'>contribulatus</span> <span class='ocrx_word' id='word_1_287' title='bbox 602 2499 652 2528; x_wconf 84' lang='lat' dir='ltr'>est</span> <span class='ocrx_word' id='word_1_288' title='bbox 673 2491 785 2539; x_wconf 83' lang='lat' dir='ltr'>(Psal.</span> <span class='ocrx_word' id='word_1_289' title='bbox 803 2491 851 2538; x_wconf 87' lang='lat' dir='ltr'>L).</span> <span class='ocrx_word' id='word_1_290' title='bbox 900 2491 964 2526; x_wconf 89' lang='lat' dir='ltr'>Est</span> <span class='ocrx_word' id='word_1_291' title='bbox 995 2495 1032 2526; x_wconf 78' lang='lat' dir='ltr'>et</span> <span class='ocrx_word' id='word_1_292' title='bbox 1049 2489 1257 2525; x_wconf 83' lang='lat' dir='ltr'>idololatriae</span> <span class='ocrx_word' id='word_1_293' title='bbox 1285 2498 1364 2533; x_wconf 80' lang='lat' dir='ltr'>quae</span> 
     </span>
     <span class='ocr_line' id='line_1_41' title="bbox 321 2550 1364 2600; baseline -0.007 -9"><span class='ocrx_word' id='word_1_294' title='bbox 321 2566 412 2600; x_wconf 82' lang='lat' dir='ltr'>aqua</span> <span class='ocrx_word' id='word_1_295' title='bbox 441 2555 586 2591; x_wconf 86' lang='lat' dir='ltr'>diluitur</span> <span class='ocrx_word' id='word_1_296' title='bbox 619 2552 800 2598; x_wconf 85' lang='lat' dir='ltr'>baptismi.</span> <span class='ocrx_word' id='word_1_297' title='bbox 852 2552 917 2588; x_wconf 87' lang='lat' dir='ltr'>Est</span> <span class='ocrx_word' id='word_1_298' title='bbox 932 2556 968 2586; x_wconf 90' lang='lat' dir='ltr'>et</span> <span class='ocrx_word' id='word_1_299' title='bbox 998 2550 1263 2592; x_wconf 80' lang='lat' dir='ltr'>haereticorum,</span> <span class='ocrx_word' id='word_1_300' title='bbox 1285 2559 1364 2594; x_wconf 83' lang='lat' dir='ltr'>quae</span> 
     </span>
     <span class='ocr_line' id='line_1_42' title="bbox 322 2609 1364 2660; baseline -0.008 -9"><span class='ocrx_word' id='word_1_301' title='bbox 322 2621 454 2660; x_wconf 78' lang='lat' dir='ltr'>septem</span> <span class='ocrx_word' id='word_1_302' title='bbox 474 2615 611 2650; x_wconf 88' lang='lat' dir='ltr'>dierum</span> <span class='ocrx_word' id='word_1_303' title='bbox 632 2612 842 2658; x_wconf 83' lang='lat' dir='ltr'>purgatione</span> <span class='ocrx_word' id='word_1_304' title='bbox 864 2617 964 2647; x_wconf 83' lang='lat' dir='ltr'>extra</span> <span class='ocrx_word' id='word_1_305' title='bbox 982 2616 1099 2646; x_wconf 88' lang='lat' dir='ltr'>castra</span> <span class='ocrx_word' id='word_1_306' title='bbox 1118 2609 1305 2651; x_wconf 84' lang='lat' dir='ltr'>habeatur,</span> <span class='ocrx_word' id='word_1_307' title='bbox 1327 2609 1364 2644; x_wconf 92' lang='lat' dir='ltr'>id</span> 
     </span>
     <span class='ocr_line' id='line_1_43' title="bbox 322 2669 1361 2719; baseline -0.005 -11"><span class='ocrx_word' id='word_1_308' title='bbox 322 2679 388 2715; x_wconf 88' lang='lat' dir='ltr'>est,</span> <span class='ocrx_word' id='word_1_309' title='bbox 413 2683 476 2719; x_wconf 90' lang='lat' dir='ltr'>per</span> <span class='ocrx_word' id='word_1_310' title='bbox 495 2671 712 2718; x_wconf 80' lang='lat' dir='ltr'>septiformis</span> <span class='ocrx_word' id='word_1_311' title='bbox 732 2671 888 2716; x_wconf 87' lang='lat' dir='ltr'>Spiritus</span> <span class='ocrx_word' id='word_1_312' title='bbox 906 2670 1120 2716; x_wconf 86' lang='lat' dir='ltr'>agnitionem</span> <span class='ocrx_word' id='word_1_313' title='bbox 1139 2669 1361 2715; x_wconf 82' lang='lat' dir='ltr'>purificetur.</span> 
     </span>
     <span class='ocr_line' id='line_1_44' title="bbox 324 2729 1360 2777; baseline -0.004 -10"><span class='ocrx_word' id='word_1_314' title='bbox 324 2733 387 2767; x_wconf 83' lang='lat' dir='ltr'>Est</span> <span class='ocrx_word' id='word_1_315' title='bbox 417 2743 494 2777; x_wconf 79' lang='lat' dir='ltr'>quae</span> <span class='ocrx_word' id='word_1_316' title='bbox 527 2731 605 2767; x_wconf 63' lang='lat' dir='ltr'>visu</span> <span class='ocrx_word' id='word_1_317' title='bbox 638 2730 835 2766; x_wconf 90' lang='lat' dir='ltr'>sacerdotis</span> <span class='ocrx_word' id='word_1_318' title='bbox 872 2729 1033 2764; x_wconf 80' lang='lat' dir='ltr'>aufertur</span> <span class='ocrx_word' id='word_1_319' title='bbox 1064 2739 1130 2774; x_wconf 87' lang='lat' dir='ltr'>per</span> <span class='ocrx_word' id='word_1_320' title='bbox 1150 2729 1360 2764; x_wconf 85' lang='lat' dir='ltr'>doctrinam.</span> 
     </span>
     <span class='ocr_line' id='line_1_45' title="bbox 325 2790 1361 2837; baseline -0.001 -10"><span class='ocrx_word' id='word_1_321' title='bbox 325 2793 442 2828; x_wconf 91' lang='lat' dir='ltr'>Genus</span> <span class='ocrx_word' id='word_1_322' title='bbox 456 2798 571 2828; x_wconf 89' lang='lat' dir='ltr'>autem</span> <span class='ocrx_word' id='word_1_323' title='bbox 586 2793 693 2837; x_wconf 80' lang='lat' dir='ltr'>leprae</span> <span class='ocrx_word' id='word_1_324' title='bbox 707 2791 801 2836; x_wconf 88' lang='lat' dir='ltr'>quod</span> <span class='ocrx_word' id='word_1_325' title='bbox 815 2790 979 2826; x_wconf 87' lang='lat' dir='ltr'>mundari</span> <span class='ocrx_word' id='word_1_326' title='bbox 998 2791 1143 2826; x_wconf 92' lang='lat' dir='ltr'>omnino</span> <span class='ocrx_word' id='word_1_327' title='bbox 1154 2801 1221 2826; x_wconf 93' lang='lat' dir='ltr'>non</span> <span class='ocrx_word' id='word_1_328' title='bbox 1231 2795 1361 2836; x_wconf 90' lang='lat' dir='ltr'>potest,</span> 
     </span>
    </p>
   </div>
   <div class='ocr_carea' id='block_1_6' title="bbox 325 2845 2475 2910">
    <p class='ocr_par' dir='ltr' id='par_1_6' title="bbox 325 2845 2475 2910">
     <span class='ocr_line' id='line_1_46' title="bbox 325 2845 2475 2910; baseline -0.004 -23"><span class='ocrx_word' id='word_1_329' title='bbox 325 2862 447 2888; x_wconf 89' lang='lat' dir='ltr'>corum</span> <span class='ocrx_word' id='word_1_330' title='bbox 465 2858 531 2896; x_wconf 86' lang='lat' dir='ltr'>est,</span> <span class='ocrx_word' id='word_1_331' title='bbox 547 2854 607 2898; x_wconf 88' lang='lat' dir='ltr'>qui</span> <span class='ocrx_word' id='word_1_332' title='bbox 626 2854 662 2888; x_wconf 92' lang='lat' dir='ltr'>in</span> <span class='ocrx_word' id='word_1_333' title='bbox 683 2852 818 2898; x_wconf 85' lang='lat' dir='ltr'>Spiritu</span> <span class='ocrx_word' id='word_1_334' title='bbox 838 2859 962 2887; x_wconf 85' lang='lat' dir='ltr'>sancto</span> <span class='ocrx_word' id='word_1_335' title='bbox 976 2856 1139 2896; x_wconf 83' lang='lat' dir='ltr'>peccant,</span> <span class='ocrx_word' id='word_1_336' title='bbox 1159 2861 1225 2886; x_wconf 91' lang='lat' dir='ltr'>nec</span> <span class='ocrx_word' id='word_1_337' title='bbox 1243 2851 1365 2886; x_wconf 88' lang='lat' dir='ltr'>dicunt</span> <span class='ocrx_word' id='word_1_338' title='bbox 1381 2872 1416 2910; x_wconf 84' lang='lat' dir='ltr'>D</span> <span class='ocrx_word' id='word_1_339' title='bbox 1434 2850 1598 2885; x_wconf 85' lang='lat' dir='ltr'>clariora.</span> <span class='ocrx_word' id='word_1_340' title='bbox 1642 2848 1696 2883; x_wconf 87' lang='lat' dir='ltr'>De</span> <span class='ocrx_word' id='word_1_341' title='bbox 1722 2847 1851 2893; x_wconf 87' lang='lat' dir='ltr'>quibus</span> <span class='ocrx_word' id='word_1_342' title='bbox 1872 2846 2041 2883; x_wconf 88' lang='lat' dir='ltr'>Salomon</span> <span class='ocrx_word' id='word_1_343' title='bbox 2073 2846 2215 2884; x_wconf 81' lang='lat' dir='ltr'>dicebat</span> <span class='ocrx_word' id='word_1_344' title='bbox 2233 2857 2243 2880; x_wconf 70' lang='grc' dir='ltr'>ε</span> <span class='ocrx_word' id='word_1_345' title='bbox 2273 2845 2376 2881; x_wconf 85' lang='lat' dir='ltr'>Omni</span> <span class='ocrx_word' id='word_1_346' title='bbox 2390 2850 2475 2880; x_wconf 76' lang='lat' dir='ltr'>tem-</span> 
     </span>
    </p>
   </div>
   <div class='ocr_carea' id='block_1_7' title="bbox 325 2910 1374 3550">
    <p class='ocr_par' dir='ltr' id='par_1_7' title="bbox 325 2910 1374 3550">
     <span class='ocr_line' id='line_1_47' title="bbox 325 2910 1366 2957; baseline 0.001 -12"><span class='ocrx_word' id='word_1_347' title='bbox 325 2911 538 2956; x_wconf 87' lang='lat' dir='ltr'>poenitentes</span> <span class='ocrx_word' id='word_1_348' title='bbox 557 2922 660 2957; x_wconf 88' lang='lat' dir='ltr'>posse</span> <span class='ocrx_word' id='word_1_349' title='bbox 685 2911 853 2956; x_wconf 85' lang='lat' dir='ltr'>consequi</span> <span class='ocrx_word' id='word_1_350' title='bbox 877 2911 1040 2954; x_wconf 76' lang='lat' dir='ltr'>veniam3</span> <span class='ocrx_word' id='word_1_351' title='bbox 1064 2911 1107 2946; x_wconf 89' lang='lat' dir='ltr'>de</span> <span class='ocrx_word' id='word_1_352' title='bbox 1123 2910 1178 2946; x_wconf 80' lang='lat' dir='ltr'>liis</span> <span class='ocrx_word' id='word_1_353' title='bbox 1199 2910 1248 2945; x_wconf 84' lang='lat' dir='ltr'>ait</span> <span class='ocrx_word' id='word_1_354' title='bbox 1265 2910 1366 2946; x_wconf 85' lang='lat' dir='ltr'>Veri-</span> 
     </span>
     <span class='ocr_line' id='line_1_48' title="bbox 329 2970 1368 3017; baseline -0.001 -12"><span class='ocrx_word' id='word_1_355' title='bbox 329 2976 385 3005; x_wconf 87' lang='lat' dir='ltr'>tas</span> <span class='ocrx_word' id='word_1_356' title='bbox 406 2982 414 3004; x_wconf 77' lang='lat'>2</span> <span class='ocrx_word' id='word_1_357' title='bbox 439 2970 504 3012; x_wconf 88' lang='lat' dir='ltr'>Qui</span> <span class='ocrx_word' id='word_1_358' title='bbox 529 2972 712 3015; x_wconf 78' lang='lat' dir='ltr'>peccaverit</span> <span class='ocrx_word' id='word_1_359' title='bbox 739 2972 777 3007; x_wconf 84' lang='lat' dir='ltr'>in</span> <span class='ocrx_word' id='word_1_360' title='bbox 803 2971 936 3017; x_wconf 81' lang='lat' dir='ltr'>Spiritu</span> <span class='ocrx_word' id='word_1_361' title='bbox 962 2977 1104 3014; x_wconf 84' lang='lat' dir='ltr'>sancto,</span> <span class='ocrx_word' id='word_1_362' title='bbox 1134 2981 1202 3005; x_wconf 86' lang='lat' dir='ltr'>non</span> <span class='ocrx_word' id='word_1_363' title='bbox 1223 2971 1368 3005; x_wconf 83' lang='lat' dir='ltr'>remitte-</span> 
     </span>
     <span class='ocr_line' id='line_1_49' title="bbox 328 3029 1368 3076; baseline 0 -12"><span class='ocrx_word' id='word_1_364' title='bbox 328 3029 445 3071; x_wconf 84' lang='lat' dir='ltr'>turci,</span> <span class='ocrx_word' id='word_1_365' title='bbox 467 3040 572 3075; x_wconf 84' lang='lat' dir='ltr'>neque</span> <span class='ocrx_word' id='word_1_366' title='bbox 605 3032 641 3066; x_wconf 86' lang='lat' dir='ltr'>in</span> <span class='ocrx_word' id='word_1_367' title='bbox 657 3032 720 3066; x_wconf 83' lang='lat' dir='ltr'>hoc</span> <span class='ocrx_word' id='word_1_368' title='bbox 739 3030 879 3074; x_wconf 82' lang='lat' dir='ltr'>saeculo,</span> <span class='ocrx_word' id='word_1_369' title='bbox 911 3041 1018 3076; x_wconf 84' lang='lat' dir='ltr'>neque</span> <span class='ocrx_word' id='word_1_370' title='bbox 1048 3030 1084 3064; x_wconf 84' lang='lat' dir='ltr'>in</span> <span class='ocrx_word' id='word_1_371' title='bbox 1105 3029 1235 3075; x_wconf 79' lang='lat' dir='ltr'>sucuro.</span> <span class='ocrx_word' id='word_1_372' title='bbox 1266 3029 1368 3072; x_wconf 89' lang='lat' dir='ltr'>Quod</span> 
     </span>
     <span class='ocr_line' id='line_1_50' title="bbox 328 3086 1370 3134; baseline 0.002 -13"><span class='ocrx_word' id='word_1_373' title='bbox 328 3095 415 3122; x_wconf 89' lang='lat' dir='ltr'>vero</span> <span class='ocrx_word' id='word_1_374' title='bbox 429 3086 574 3131; x_wconf 87' lang='lat' dir='ltr'>jubetur</span> <span class='ocrx_word' id='word_1_375' title='bbox 591 3089 740 3134; x_wconf 85' lang='lat' dir='ltr'>leprosis</span> <span class='ocrx_word' id='word_1_376' title='bbox 754 3096 792 3125; x_wconf 91' lang='lat' dir='ltr'>ut</span> <span class='ocrx_word' id='word_1_377' title='bbox 811 3094 941 3126; x_wconf 83' lang='lat' dir='ltr'>exeant</span> <span class='ocrx_word' id='word_1_378' title='bbox 952 3090 995 3126; x_wconf 89' lang='lat' dir='ltr'>de</span> <span class='ocrx_word' id='word_1_379' title='bbox 1015 3088 1157 3131; x_wconf 87' lang='lat' dir='ltr'>castris,</span> <span class='ocrx_word' id='word_1_380' title='bbox 1177 3093 1211 3124; x_wconf 89' lang='lat' dir='ltr'>et</span> <span class='ocrx_word' id='word_1_381' title='bbox 1221 3089 1370 3124; x_wconf 85' lang='lat' dir='ltr'>sedeant</span> 
     </span>
     <span class='ocr_line' id='line_1_51' title="bbox 329 3145 1368 3199; baseline 0.002 -18"><span class='ocrx_word' id='word_1_382' title='bbox 329 3145 417 3199; x_wconf 75' lang='lat' dir='ltr'>foris</span> <span class='ocrx_word' id='word_1_383' title='bbox 433 3146 546 3182; x_wconf 89' lang='lat' dir='ltr'>donec</span> <span class='ocrx_word' id='word_1_384' title='bbox 561 3149 748 3184; x_wconf 89' lang='lat' dir='ltr'>mundetur</span> <span class='ocrx_word' id='word_1_385' title='bbox 764 3149 863 3195; x_wconf 85' lang='lat' dir='ltr'>lepra</span> <span class='ocrx_word' id='word_1_386' title='bbox 889 3158 1028 3192; x_wconf 90' lang='lat' dir='ltr'>eorum,</span> <span class='ocrx_word' id='word_1_387' title='bbox 1063 3147 1274 3193; x_wconf 87' lang='lat' dir='ltr'>intelligitur</span> <span class='ocrx_word' id='word_1_388' title='bbox 1295 3147 1368 3183; x_wconf 86' lang='lat' dir='ltr'>hae-</span> 
     </span>
     <span class='ocr_line' id='line_1_52' title="bbox 330 3205 1368 3252; baseline -0.001 -11"><span class='ocrx_word' id='word_1_389' title='bbox 330 3205 460 3241; x_wconf 84' lang='lat' dir='ltr'>reticos</span> <span class='ocrx_word' id='word_1_390' title='bbox 474 3205 599 3251; x_wconf 83' lang='lat' dir='ltr'>projici</span> <span class='ocrx_word' id='word_1_391' title='bbox 617 3207 743 3244; x_wconf 86' lang='lat' dir='ltr'>debere</span> <span class='ocrx_word' id='word_1_392' title='bbox 763 3209 806 3244; x_wconf 83' lang='lat' dir='ltr'>ab</span> <span class='ocrx_word' id='word_1_393' title='bbox 824 3208 998 3252; x_wconf 86' lang='lat' dir='ltr'>Ecclesia,</span> <span class='ocrx_word' id='word_1_394' title='bbox 1019 3207 1133 3243; x_wconf 87' lang='lat' dir='ltr'>donec</span> <span class='ocrx_word' id='word_1_395' title='bbox 1147 3206 1294 3252; x_wconf 87' lang='lat' dir='ltr'>proprio</span> <span class='ocrx_word' id='word_1_396' title='bbox 1311 3215 1368 3241; x_wconf 85' lang='lat' dir='ltr'>er-</span> 
     </span>
     <span class='ocr_line' id='line_1_53' title="bbox 332 3255 1371 3312; baseline 0.001 -13"><span class='ocrx_word' id='word_1_397' title='bbox 332 3274 412 3300; x_wconf 87' lang='lat' dir='ltr'>rore</span> <span class='ocrx_word' id='word_1_398' title='bbox 429 3271 623 3312; x_wconf 84' lang='lat' dir='ltr'>purgentur</span> <span class='ocrx_word' id='word_1_399' title='bbox 638 3268 738 3302; x_wconf 85' lang='lat' dir='ltr'>etsie</span> <span class='ocrx_word' id='word_1_400' title='bbox 750 3273 974 3303; x_wconf 81' lang='lat' dir='ltr'>revertantur</span> <span class='ocrx_word' id='word_1_401' title='bbox 990 3255 1036 3303; x_wconf 79' lang='lat' dir='ltr'>&#39;ad</span> <span class='ocrx_word' id='word_1_402' title='bbox 1049 3266 1251 3303; x_wconf 81' lang='lat' dir='ltr'>Dominum.</span> <span class='ocrx_word' id='word_1_403' title='bbox 1269 3265 1371 3310; x_wconf 89' lang='lat' dir='ltr'>Ejus-</span> 
     </span>
     <span class='ocr_line' id='line_1_54' title="bbox 334 3323 1369 3373; baseline 0.013 -16"><span class='ocrx_word' id='word_1_404' title='bbox 334 3323 429 3358; x_wconf 90' lang='lat' dir='ltr'>modi</span> <span class='ocrx_word' id='word_1_405' title='bbox 461 3334 546 3361; x_wconf 84' lang='lat' dir='ltr'>vero</span> <span class='ocrx_word' id='word_1_406' title='bbox 564 3325 710 3363; x_wconf 90' lang='lat' dir='ltr'>dissutis</span> <span class='ocrx_word' id='word_1_407' title='bbox 730 3327 872 3371; x_wconf 88' lang='lat' dir='ltr'>tunicis,</span> <span class='ocrx_word' id='word_1_408' title='bbox 891 3327 1007 3373; x_wconf 82' lang='lat' dir='ltr'>capite</span> <span class='ocrx_word' id='word_1_409' title='bbox 1030 3325 1214 3372; x_wconf 76' lang='lat' dir='ltr'>deoperto,</span> <span class='ocrx_word' id='word_1_410' title='bbox 1237 3329 1274 3360; x_wconf 71' lang='grc' dir='ltr'>θῑ</span> <span class='ocrx_word' id='word_1_411' title='bbox 1305 3334 1369 3360; x_wconf 73' lang='lat'>⁰1¹0</span> 
     </span>
     <span class='ocr_line' id='line_1_55' title="bbox 334 3382 1369 3434; baseline 0.003 -17"><span class='ocrx_word' id='word_1_412' title='bbox 334 3382 498 3419; x_wconf 81' lang='lat' dir='ltr'>obvoluto</span> <span class='ocrx_word' id='word_1_413' title='bbox 520 3385 642 3422; x_wconf 83' lang='lat' dir='ltr'>sedere</span> <span class='ocrx_word' id='word_1_414' title='bbox 667 3387 825 3432; x_wconf 84' lang='lat' dir='ltr'>jubetur,</span> <span class='ocrx_word' id='word_1_415' title='bbox 854 3388 963 3434; x_wconf 77' lang='lat' dir='ltr'>leprae</span> <span class='ocrx_word' id='word_1_416' title='bbox 997 3385 1208 3423; x_wconf 84' lang='lat' dir='ltr'>munditiam</span> <span class='ocrx_word' id='word_1_417' title='bbox 1241 3394 1369 3431; x_wconf 85' lang='lat' dir='ltr'>exspe-</span> 
     </span>
     <span class='ocr_line' id='line_1_56' title="bbox 335 3443 1372 3489; baseline 0.006 -15"><span class='ocrx_word' id='word_1_418' title='bbox 335 3444 438 3475; x_wconf 81' lang='lat' dir='ltr'>ctans</span> <span class='ocrx_word' id='word_1_419' title='bbox 456 3454 465 3476; x_wconf 74' lang='grc' dir='ltr'>ε</span> <span class='ocrx_word' id='word_1_420' title='bbox 485 3443 628 3481; x_wconf 80' lang='lat' dir='ltr'>dissutis</span> <span class='ocrx_word' id='word_1_421' title='bbox 645 3448 786 3489; x_wconf 85' lang='lat' dir='ltr'>tunicis,</span> <span class='ocrx_word' id='word_1_422' title='bbox 805 3448 842 3483; x_wconf 92' lang='lat' dir='ltr'>id</span> <span class='ocrx_word' id='word_1_423' title='bbox 859 3453 927 3489; x_wconf 87' lang='lat' dir='ltr'>est,</span> <span class='ocrx_word' id='word_1_424' title='bbox 946 3447 1112 3484; x_wconf 87' lang='lat' dir='ltr'>omnibus</span> <span class='ocrx_word' id='word_1_425' title='bbox 1131 3445 1279 3482; x_wconf 82' lang='lat' dir='ltr'>secretis</span> <span class='ocrx_word' id='word_1_426' title='bbox 1295 3454 1372 3480; x_wconf 84' lang='lat' dir='ltr'>ma-</span> 
     </span>
     <span class='ocr_line' id='line_1_57' title="bbox 337 3496 1374 3550; baseline 0.006 -17"><span class='ocrx_word' id='word_1_427' title='bbox 337 3496 532 3544; x_wconf 77' lang='lat' dir='ltr'>nifestatis;</span> <span class='ocrx_word' id='word_1_428' title='bbox 551 3503 666 3548; x_wconf 86' lang='lat' dir='ltr'>capite</span> <span class='ocrx_word' id='word_1_429' title='bbox 684 3504 867 3550; x_wconf 83' lang='lat' dir='ltr'>deoperto,</span> <span class='ocrx_word' id='word_1_430' title='bbox 882 3510 921 3540; x_wconf 90' lang='lat' dir='ltr'>ut</span> <span class='ocrx_word' id='word_1_431' title='bbox 937 3516 957 3541; x_wconf 83' lang='lat' dir='ltr'>a</span> <span class='ocrx_word' id='word_1_432' title='bbox 983 3505 1122 3542; x_wconf 86' lang='lat' dir='ltr'>cunctis</span> <span class='ocrx_word' id='word_1_433' title='bbox 1141 3503 1218 3550; x_wconf 84' lang='lat' dir='ltr'>ejus</span> <span class='ocrx_word' id='word_1_434' title='bbox 1235 3503 1374 3540; x_wconf 84' lang='lat' dir='ltr'>facinus</span> 
     </span>
    </p>
   </div>
   <div class='ocr_carea' id='block_1_8' title="bbox 340 3558 1375 3662">
    <p class='ocr_par' dir='ltr' id='par_1_8' title="bbox 340 3558 1375 3662">
     <span class='ocr_line' id='line_1_58' title="bbox 340 3558 1375 3656; baseline 0.009 -62"><span class='ocrx_word' id='word_1_435' title='bbox 340 3558 523 3656; x_wconf 45' lang='lat' dir='ltr'>videntum</span> <span class='ocrx_word' id='word_1_436' title='bbox 541 3572 604 3600; x_wconf 86' lang='lat' dir='ltr'>ore</span> <span class='ocrx_word' id='word_1_437' title='bbox 620 3563 752 3610; x_wconf 84' lang='lat' dir='ltr'>clauso,</span> <span class='ocrx_word' id='word_1_438' title='bbox 765 3575 809 3602; x_wconf 88' lang='lat' dir='ltr'>ne</span> <span class='ocrx_word' id='word_1_439' title='bbox 822 3566 970 3605; x_wconf 86' lang='lat' dir='ltr'>ulterius</span> <span class='ocrx_word' id='word_1_440' title='bbox 987 3568 1096 3615; x_wconf 86' lang='lat' dir='ltr'>impia</span> <span class='ocrx_word' id='word_1_441' title='bbox 1111 3568 1239 3605; x_wconf 84' lang='lat' dir='ltr'>doceat</span> <span class='ocrx_word' id='word_1_442' title='bbox 1249 3566 1306 3604; x_wconf 87' lang='lat' dir='ltr'>vel</span> <span class='ocrx_word' id='word_1_443' title='bbox 1323 3565 1375 3603; x_wconf 88' lang='lat' dir='ltr'>lo-</span> 
     </span>
     <span class='ocr_line' id='line_1_59' title="bbox 340 3625 480 3662; baseline 0.029 -10"><span class='ocrx_word' id='word_1_444' title='bbox 340 3625 411 3662; x_wconf 84' lang='lat' dir='ltr'>qua</span> <span class='ocrx_word' id='word_1_445' title='bbox 450 3630 480 3656; x_wconf 87' lang='lat' dir='ltr'>r.</span> 
     </span>
    </p>
   </div>
   <div class='ocr_carea' id='block_1_9' title="bbox 721 148 2453 195">
    <p class='ocr_par' dir='ltr' id='par_1_9' title="bbox 721 148 2453 195">
     <span class='ocr_line' id='line_1_60' title="bbox 721 148 2453 195; baseline -0.009 0"><span class='ocrx_word' id='word_1_446' title='bbox 721 162 761 195; x_wconf 91' lang='lat' dir='ltr'>B.</span> <span class='ocrx_word' id='word_1_447' title='bbox 789 156 955 194; x_wconf 72' lang='lat' dir='ltr'><strong>RABANI</strong></span> <span class='ocrx_word' id='word_1_448' title='bbox 981 153 1125 190; x_wconf 75' lang='lat' dir='ltr'>MAUR!</span> <span class='ocrx_word' id='word_1_449' title='bbox 1151 150 1362 188; x_wconf 74' lang='lat' dir='ltr'><strong>ARCfflEP.</strong></span> <span class='ocrx_word' id='word_1_450' title='bbox 1391 148 1597 186; x_wconf 80' lang='lat' dir='ltr'><strong>MOGUNT.</strong></span> <span class='ocrx_word' id='word_1_451' title='bbox 1624 149 1814 186; x_wconf 76' lang='lat' dir='ltr'>OPERUM</span> <span class='ocrx_word' id='word_1_452' title='bbox 1838 149 1956 186; x_wconf 83' lang='lat' dir='ltr'>PARS</span> <span class='ocrx_word' id='word_1_453' title='bbox 1982 149 2010 184; x_wconf 89' lang='grc' dir='ltr'>Ι.</span> <span class='ocrx_word' id='word_1_454' title='bbox 2385 153 2453 192; x_wconf 76' lang='grc'>588</span> 
     </span>
    </p>
   </div>
   <div class='ocr_carea' id='block_1_10' title="bbox 2328 0 2540 4016">
    <p class='ocr_par' dir='ltr' id='par_1_10' title="bbox 2328 0 2540 4016">
     <span class='ocr_line' id='line_1_61' title="bbox 2502 0 2540 256; baseline 0 -45"><span class='ocrx_word' id='word_1_455' title='bbox 2502 0 2540 256; x_wconf 95' lang='lat' dir='ltr'>   </span> 
     </span>
     <span class='ocr_line' id='line_1_62' title="bbox 2506 349 2540 410; baseline 0 3606"><span class='ocrx_word' id='word_1_456' title='bbox 2506 349 2540 410; x_wconf 95' lang='lat' dir='ltr'> </span> 
     </span>
     <span class='ocr_line' id='line_1_63' title="bbox 2508 410 2540 473; baseline 0 3543"><span class='ocrx_word' id='word_1_457' title='bbox 2508 410 2540 473; x_wconf 95' lang='lat' dir='ltr'> </span> 
     </span>
     <span class='ocr_line' id='line_1_64' title="bbox 2508 473 2540 528; baseline 0 3488"><span class='ocrx_word' id='word_1_458' title='bbox 2508 473 2540 528; x_wconf 95' lang='lat' dir='ltr'> </span> 
     </span>
     <span class='ocr_line' id='line_1_65' title="bbox 2510 528 2540 588; baseline 0 3428"><span class='ocrx_word' id='word_1_459' title='bbox 2510 528 2540 588; x_wconf 95' lang='lat' dir='ltr'> </span> 
     </span>
     <span class='ocr_line' id='line_1_66' title="bbox 2510 588 2540 648; baseline 0 3368"><span class='ocrx_word' id='word_1_460' title='bbox 2510 588 2540 648; x_wconf 95' lang='lat' dir='ltr'> </span> 
     </span>
     <span class='ocr_line' id='line_1_67' title="bbox 2508 648 2540 708; baseline 0 3308"><span class='ocrx_word' id='word_1_461' title='bbox 2508 648 2540 708; x_wconf 95' lang='lat' dir='ltr'> </span> 
     </span>
     <span class='ocr_line' id='line_1_68' title="bbox 2508 708 2540 768; baseline 0 3248"><span class='ocrx_word' id='word_1_462' title='bbox 2508 708 2540 768; x_wconf 95' lang='lat' dir='ltr'> </span> 
     </span>
     <span class='ocr_line' id='line_1_69' title="bbox 2508 768 2540 827; baseline 0 3189"><span class='ocrx_word' id='word_1_463' title='bbox 2508 768 2540 827; x_wconf 95' lang='lat' dir='ltr'> </span> 
     </span>
     <span class='ocr_line' id='line_1_70' title="bbox 2510 827 2540 885; baseline 0 3131"><span class='ocrx_word' id='word_1_464' title='bbox 2510 827 2540 885; x_wconf 95' lang='lat' dir='ltr'> </span> 
     </span>
     <span class='ocr_line' id='line_1_71' title="bbox 2510 885 2540 943; baseline 0 3073"><span class='ocrx_word' id='word_1_465' title='bbox 2510 885 2540 943; x_wconf 95' lang='lat' dir='ltr'> </span> 
     </span>
     <span class='ocr_line' id='line_1_72' title="bbox 2510 943 2540 1004; baseline 0 3012"><span class='ocrx_word' id='word_1_466' title='bbox 2510 943 2540 1004; x_wconf 95' lang='lat' dir='ltr'> </span> 
     </span>
     <span class='ocr_line' id='line_1_73' title="bbox 2508 1004 2540 1061; baseline 0 2955"><span class='ocrx_word' id='word_1_467' title='bbox 2508 1004 2540 1061; x_wconf 95' lang='lat' dir='ltr'> </span> 
     </span>
     <span class='ocr_line' id='line_1_74' title="bbox 2508 1061 2540 1121; baseline 0 2895"><span class='ocrx_word' id='word_1_468' title='bbox 2508 1061 2540 1121; x_wconf 95' lang='lat' dir='ltr'> </span> 
     </span>
     <span class='ocr_line' id='line_1_75' title="bbox 2508 1121 2540 1183; baseline 0 2833"><span class='ocrx_word' id='word_1_469' title='bbox 2508 1121 2540 1183; x_wconf 95' lang='lat' dir='ltr'> </span> 
     </span>
     <span class='ocr_line' id='line_1_76' title="bbox 2508 1183 2540 1238; baseline 0 2778"><span class='ocrx_word' id='word_1_470' title='bbox 2508 1183 2540 1238; x_wconf 95' lang='lat' dir='ltr'> </span> 
     </span>
     <span class='ocr_line' id='line_1_77' title="bbox 2506 1238 2540 1300; baseline 0 2716"><span class='ocrx_word' id='word_1_471' title='bbox 2506 1238 2540 1300; x_wconf 95' lang='lat' dir='ltr'> </span> 
     </span>
     <span class='ocr_line' id='line_1_78' title="bbox 2506 1300 2540 1360; baseline 0 2656"><span class='ocrx_word' id='word_1_472' title='bbox 2506 1300 2540 1360; x_wconf 95' lang='lat' dir='ltr'> </span> 
     </span>
     <span class='ocr_line' id='line_1_79' title="bbox 2506 1360 2540 1419; baseline 0 2597"><span class='ocrx_word' id='word_1_473' title='bbox 2506 1360 2540 1419; x_wconf 95' lang='lat' dir='ltr'> </span> 
     </span>
     <span class='ocr_line' id='line_1_80' title="bbox 2506 1419 2540 1477; baseline 0 2539"><span class='ocrx_word' id='word_1_474' title='bbox 2506 1419 2540 1477; x_wconf 95' lang='lat' dir='ltr'> </span> 
     </span>
     <span class='ocr_line' id='line_1_81' title="bbox 2508 1477 2540 1543; baseline 0 2473"><span class='ocrx_word' id='word_1_475' title='bbox 2508 1477 2540 1543; x_wconf 95' lang='lat' dir='ltr'> </span> 
     </span>
     <span class='ocr_line' id='line_1_82' title="bbox 2508 1543 2540 1602; baseline 0 2414"><span class='ocrx_word' id='word_1_476' title='bbox 2508 1543 2540 1602; x_wconf 95' lang='lat' dir='ltr'> </span> 
     </span>
     <span class='ocr_line' id='line_1_83' title="bbox 2506 1602 2540 1662; baseline 0 2354"><span class='ocrx_word' id='word_1_477' title='bbox 2506 1602 2540 1662; x_wconf 95' lang='lat' dir='ltr'> </span> 
     </span>
     <span class='ocr_line' id='line_1_84' title="bbox 2504 1662 2540 1722; baseline 0 2294"><span class='ocrx_word' id='word_1_478' title='bbox 2504 1662 2540 1722; x_wconf 95' lang='lat' dir='ltr'> </span> 
     </span>
     <span class='ocr_line' id='line_1_85' title="bbox 2504 1722 2540 1781; baseline 0 2235"><span class='ocrx_word' id='word_1_479' title='bbox 2504 1722 2540 1781; x_wconf 95' lang='lat' dir='ltr'> </span> 
     </span>
     <span class='ocr_line' id='line_1_86' title="bbox 2504 1781 2540 1846; baseline 0 2170"><span class='ocrx_word' id='word_1_480' title='bbox 2504 1781 2540 1846; x_wconf 95' lang='lat' dir='ltr'> </span> 
     </span>
     <span class='ocr_line' id='line_1_87' title="bbox 2504 1846 2540 1907; baseline 0 2109"><span class='ocrx_word' id='word_1_481' title='bbox 2504 1846 2540 1907; x_wconf 95' lang='lat' dir='ltr'> </span> 
     </span>
     <span class='ocr_line' id='line_1_88' title="bbox 2504 1907 2540 1964; baseline 0 2052"><span class='ocrx_word' id='word_1_482' title='bbox 2504 1907 2540 1964; x_wconf 95' lang='lat' dir='ltr'> </span> 
     </span>
     <span class='ocr_line' id='line_1_89' title="bbox 2504 1964 2540 2024; baseline 0 1992"><span class='ocrx_word' id='word_1_483' title='bbox 2504 1964 2540 2024; x_wconf 95' lang='lat' dir='ltr'> </span> 
     </span>
     <span class='ocr_line' id='line_1_90' title="bbox 2504 2024 2540 2080; baseline 0 1936"><span class='ocrx_word' id='word_1_484' title='bbox 2504 2024 2540 2080; x_wconf 95' lang='lat' dir='ltr'> </span> 
     </span>
     <span class='ocr_line' id='line_1_91' title="bbox 2502 2080 2540 2138; baseline 0 1878"><span class='ocrx_word' id='word_1_485' title='bbox 2502 2080 2540 2138; x_wconf 95' lang='lat' dir='ltr'> </span> 
     </span>
     <span class='ocr_line' id='line_1_92' title="bbox 2502 2138 2540 2200; baseline 0 1816"><span class='ocrx_word' id='word_1_486' title='bbox 2502 2138 2540 2200; x_wconf 95' lang='lat' dir='ltr'> </span> 
     </span>
     <span class='ocr_line' id='line_1_93' title="bbox 2502 2200 2540 2259; baseline 0 1757"><span class='ocrx_word' id='word_1_487' title='bbox 2502 2200 2540 2259; x_wconf 95' lang='lat' dir='ltr'> </span> 
     </span>
     <span class='ocr_line' id='line_1_94' title="bbox 2500 2259 2540 2322; baseline 0 1694"><span class='ocrx_word' id='word_1_488' title='bbox 2500 2259 2540 2322; x_wconf 95' lang='lat' dir='ltr'> </span> 
     </span>
     <span class='ocr_line' id='line_1_95' title="bbox 2498 2322 2540 2378; baseline 0 1638"><span class='ocrx_word' id='word_1_489' title='bbox 2498 2322 2540 2378; x_wconf 95' lang='lat' dir='ltr'> </span> 
     </span>
     <span class='ocr_line' id='line_1_96' title="bbox 2492 2378 2540 2438; baseline 0 1578"><span class='ocrx_word' id='word_1_490' title='bbox 2492 2378 2540 2438; x_wconf 95' lang='lat' dir='ltr'> </span> 
     </span>
     <span class='ocr_line' id='line_1_97' title="bbox 2492 2438 2540 2501; baseline 0 1515"><span class='ocrx_word' id='word_1_491' title='bbox 2492 2438 2540 2501; x_wconf 95' lang='lat' dir='ltr'> </span> 
     </span>
     <span class='ocr_line' id='line_1_98' title="bbox 2492 2501 2540 2557; baseline 0 1459"><span class='ocrx_word' id='word_1_492' title='bbox 2492 2501 2540 2557; x_wconf 95' lang='lat' dir='ltr'> </span> 
     </span>
     <span class='ocr_line' id='line_1_99' title="bbox 2496 2557 2540 2614; baseline 0 1402"><span class='ocrx_word' id='word_1_493' title='bbox 2496 2557 2540 2614; x_wconf 95' lang='lat' dir='ltr'> </span> 
     </span>
     <span class='ocr_line' id='line_1_100' title="bbox 2496 2614 2540 2678; baseline 0 1338"><span class='ocrx_word' id='word_1_494' title='bbox 2496 2614 2540 2678; x_wconf 95' lang='lat' dir='ltr'> </span> 
     </span>
     <span class='ocr_line' id='line_1_101' title="bbox 2496 2678 2540 2741; baseline 0 1275"><span class='ocrx_word' id='word_1_495' title='bbox 2496 2678 2540 2741; x_wconf 95' lang='lat' dir='ltr'> </span> 
     </span>
     <span class='ocr_line' id='line_1_102' title="bbox 2494 2741 2540 2800; baseline 0 1216"><span class='ocrx_word' id='word_1_496' title='bbox 2494 2741 2540 2800; x_wconf 95' lang='lat' dir='ltr'> </span> 
     </span>
     <span class='ocr_line' id='line_1_103' title="bbox 2486 2800 2540 2942; baseline 0 -87"><span class='ocrx_word' id='word_1_497' title='bbox 2486 2800 2540 2942; x_wconf 95' lang='lat' dir='ltr'>  </span> 
     </span>
     <span class='ocr_line' id='line_1_104' title="bbox 2486 2942 2540 2981; baseline 0 1035"><span class='ocrx_word' id='word_1_498' title='bbox 2486 2942 2540 2981; x_wconf 95' lang='lat' dir='ltr'> </span> 
     </span>
     <span class='ocr_line' id='line_1_105' title="bbox 2483 2981 2540 3044; baseline 0 0"><span class='ocrx_word' id='word_1_499' title='bbox 2483 2981 2540 3044; x_wconf 95' lang='lat' dir='ltr'>  </span> 
     </span>
     <span class='ocr_line' id='line_1_106' title="bbox 2472 3044 2540 3221; baseline 0 0"><span class='ocrx_word' id='word_1_500' title='bbox 2472 3044 2540 3221; x_wconf 95' lang='lat' dir='ltr'>   </span> 
     </span>
     <span class='ocr_line' id='line_1_107' title="bbox 2460 3221 2540 3279; baseline 0 737"><span class='ocrx_word' id='word_1_501' title='bbox 2460 3221 2540 3279; x_wconf 95' lang='lat' dir='ltr'> </span> 
     </span>
     <span class='ocr_line' id='line_1_108' title="bbox 2429 3279 2540 3338; baseline 0 678"><span class='ocrx_word' id='word_1_502' title='bbox 2429 3279 2540 3338; x_wconf 95' lang='lat' dir='ltr'> </span> 
     </span>
     <span class='ocr_line' id='line_1_109' title="bbox 2413 3338 2540 3451; baseline 0 -93"><span class='ocrx_word' id='word_1_503' title='bbox 2413 3338 2540 3451; x_wconf 95' lang='lat' dir='ltr'>   </span> 
     </span>
     <span class='ocr_line' id='line_1_110' title="bbox 2365 3451 2540 3532; baseline 0 -6"><span class='ocrx_word' id='word_1_504' title='bbox 2365 3451 2540 3532; x_wconf 95' lang='lat' dir='ltr'>  </span> 
     </span>
     <span class='ocr_line' id='line_1_111' title="bbox 2409 3532 2540 3583; baseline 0 433"><span class='ocrx_word' id='word_1_505' title='bbox 2409 3532 2540 3583; x_wconf 95' lang='lat' dir='ltr'> </span> 
     </span>
     <span class='ocr_line' id='line_1_112' title="bbox 2328 3583 2540 3650; baseline -0.009 0"><span class='ocrx_word' id='word_1_506' title='bbox 2328 3583 2540 3650; x_wconf 95' lang='lat' dir='ltr'>  </span> 
     </span>
     <span class='ocr_line' id='line_1_113' title="bbox 2345 3650 2540 3702; baseline 0 314"><span class='ocrx_word' id='word_1_507' title='bbox 2345 3650 2540 3702; x_wconf 95' lang='lat' dir='ltr'> </span> 
     </span>
     <span class='ocr_line' id='line_1_114' title="bbox 2345 3702 2540 4016; baseline 0 0"><span class='ocrx_word' id='word_1_508' title='bbox 2345 3702 2540 4016; x_wconf 95' lang='lat' dir='ltr'>  </span> 
     </span>
    </p>
   </div>
   <div class='ocr_carea' id='block_1_11' title="bbox 1409 218 2462 1098">
    <p class='ocr_par' dir='ltr' id='par_1_11' title="bbox 1489 218 2378 326">
     <span class='ocr_line' id='line_1_115' title="bbox 1824 218 2230 257; baseline -0.005 0"><span class='ocrx_word' id='word_1_509' title='bbox 1824 220 1975 257; x_wconf 80' lang='lat' dir='ltr'>CAPUT</span> <span class='ocrx_word' id='word_1_510' title='bbox 2000 218 2042 254; x_wconf 85' lang='lat' dir='ltr'>V.</span> <span class='ocrx_word' id='word_1_511' title='bbox 2224 252 2230 255; x_wconf 89' lang='grc'><em>,</em></span> 
     </span>
     <span class='ocr_line' id='line_1_116' title="bbox 1489 279 2378 326; baseline 0.003 -11"><span class='ocrx_word' id='word_1_512' title='bbox 1489 279 1541 315; x_wconf 89' lang='lat' dir='ltr'>De</span> <span class='ocrx_word' id='word_1_513' title='bbox 1554 279 1650 326; x_wconf 84' lang='lat' dir='ltr'>lepra</span> <span class='ocrx_word' id='word_1_514' title='bbox 1669 281 1827 323; x_wconf 80' lang='lat' dir='ltr'>vestium,</span> <span class='ocrx_word' id='word_1_515' title='bbox 1844 279 2002 314; x_wconf 79' lang='lat' dir='ltr'>staminis</span> <span class='ocrx_word' id='word_1_516' title='bbox 2023 282 2127 323; x_wconf 87' lang='lat' dir='ltr'>atque</span> <span class='ocrx_word' id='word_1_517' title='bbox 2142 279 2378 325; x_wconf 77' lang='lat' dir='ltr'>subteqminis.</span> 
     </span>
    </p>

    <p class='ocr_par' dir='ltr' id='par_1_12' title="bbox 1409 337 2462 1098">
     <span class='ocr_line' id='line_1_117' title="bbox 1457 337 2457 386; baseline 0.006 -12"><span class='ocrx_word' id='word_1_518' title='bbox 1457 338 1572 386; x_wconf 79' lang='lat' dir='ltr'>(lma.)</span> <span class='ocrx_word' id='word_1_519' title='bbox 1604 339 1715 375; x_wconf 84' lang='lat' dir='ltr'>Vestis</span> <span class='ocrx_word' id='word_1_520' title='bbox 1739 339 1839 374; x_wconf 83' lang='lat' dir='ltr'>lanea</span> <span class='ocrx_word' id='word_1_521' title='bbox 1856 343 1915 372; x_wconf 86' lang='lat' dir='ltr'>aut</span> <span class='ocrx_word' id='word_1_522' title='bbox 1937 337 2027 372; x_wconf 87' lang='lat' dir='ltr'>linea</span> <span class='ocrx_word' id='word_1_523' title='bbox 2045 348 2122 383; x_wconf 85' lang='lat' dir='ltr'>quoe</span> <span class='ocrx_word' id='word_1_524' title='bbox 2141 337 2271 384; x_wconf 85' lang='lat' dir='ltr'>lepram</span> <span class='ocrx_word' id='word_1_525' title='bbox 2300 341 2457 380; x_wconf 66' lang='lat' dir='ltr'>‘tabuerit</span> 
     </span>
     <span class='ocr_line' id='line_1_118' title="bbox 1409 397 2460 448; baseline 0.006 -16"><span class='ocrx_word' id='word_1_526' title='bbox 1409 398 1446 432; x_wconf 88' lang='lat' dir='ltr'>in</span> <span class='ocrx_word' id='word_1_527' title='bbox 1465 399 1612 433; x_wconf 80' lang='lat' dir='ltr'>stamine</span> <span class='ocrx_word' id='word_1_528' title='bbox 1626 405 1726 444; x_wconf 81' lang='lat' dir='ltr'>alque</span> <span class='ocrx_word' id='word_1_529' title='bbox 1742 397 1967 442; x_wconf 72' lang='lat' dir='ltr'>subteymine,</span> <span class='ocrx_word' id='word_1_530' title='bbox 1987 402 2049 432; x_wconf 79' lang='lat' dir='ltr'>aut</span> <span class='ocrx_word' id='word_1_531' title='bbox 2065 403 2154 433; x_wconf 83' lang='lat' dir='ltr'>certe</span> <span class='ocrx_word' id='word_1_532' title='bbox 2172 399 2285 444; x_wconf 82' lang='lat' dir='ltr'>pellis,</span> <span class='ocrx_word' id='word_1_533' title='bbox 2301 401 2460 448; x_wconf 77' lang='lat' dir='ltr'>vetquid-</span> 
     </span>
     <span class='ocr_line' id='line_1_119' title="bbox 1409 456 2457 504; baseline 0.006 -13"><span class='ocrx_word' id='word_1_534' title='bbox 1409 457 1491 503; x_wconf 85' lang='lat' dir='ltr'>quid</span> <span class='ocrx_word' id='word_1_535' title='bbox 1509 468 1552 492; x_wconf 77' lang='lat' dir='ltr'>ex</span> <span class='ocrx_word' id='word_1_536' title='bbox 1564 457 1653 503; x_wconf 85' lang='lat' dir='ltr'>pelle</span> <span class='ocrx_word' id='word_1_537' title='bbox 1669 457 1861 502; x_wconf 81' lang='lat' dir='ltr'>consectum</span> <span class='ocrx_word' id='word_1_538' title='bbox 1881 462 1954 499; x_wconf 84' lang='lat' dir='ltr'>est‚·</span> <span class='ocrx_word' id='word_1_539' title='bbox 1972 457 2002 492; x_wconf 84' lang='lat' dir='ltr'>si</span> <span class='ocrx_word' id='word_1_540' title='bbox 2027 456 2107 492; x_wconf 82' lang='lat' dir='ltr'>albu</span> <span class='ocrx_word' id='word_1_541' title='bbox 2133 464 2194 492; x_wconf 81' lang='lat' dir='ltr'>aut</span> <span class='ocrx_word' id='word_1_542' title='bbox 2216 460 2297 504; x_wconf 73' lang='lat' dir='ltr'>rusa</span> <span class='ocrx_word' id='word_1_543' title='bbox 2319 461 2457 498; x_wconf 84' lang='lat' dir='ltr'>macula</span> 
     </span>
     <span class='ocr_line' id='line_1_120' title="bbox 1411 515 2458 564; baseline 0.006 -14"><span class='ocrx_word' id='word_1_544' title='bbox 1411 517 1515 561; x_wconf 75' lang='lat' dir='ltr'>suerit</span> <span class='ocrx_word' id='word_1_545' title='bbox 1539 517 1679 562; x_wconf 80' lang='lat' dir='ltr'>insecta,</span> <span class='ocrx_word' id='word_1_546' title='bbox 1702 517 1805 561; x_wconf 76' lang='lat' dir='ltr'>leproe</span> <span class='ocrx_word' id='word_1_547' title='bbox 1820 515 2045 562; x_wconf 81' lang='lat' dir='ltr'>reputabitur,</span> <span class='ocrx_word' id='word_1_548' title='bbox 2065 518 2327 564; x_wconf 79' lang='lat' dir='ltr'>ostendeturque</span> <span class='ocrx_word' id='word_1_549' title='bbox 2343 531 2458 556; x_wconf 84' lang='lat' dir='ltr'>sacer-</span> 
     </span>
     <span class='ocr_line' id='line_1_121' title="bbox 1410 575 2459 624; baseline 0.004 -13"><span class='ocrx_word' id='word_1_550' title='bbox 1410 578 1496 621; x_wconf 83' lang='lat' dir='ltr'>doti,</span> <span class='ocrx_word' id='word_1_551' title='bbox 1515 579 1573 624; x_wconf 84' lang='lat' dir='ltr'>qm·</span> <span class='ocrx_word' id='word_1_552' title='bbox 1602 577 1855 612; x_wconf 82' lang='lat' dir='ltr'>consideratam</span> <span class='ocrx_word' id='word_1_553' title='bbox 1875 575 2025 611; x_wconf 80' lang='lat' dir='ltr'>recludet</span> <span class='ocrx_word' id='word_1_554' title='bbox 2045 582 2172 622; x_wconf 85' lang='lat' dir='ltr'>septem</span> <span class='ocrx_word' id='word_1_555' title='bbox 2193 578 2325 620; x_wconf 84' lang='lat' dir='ltr'>diebus,</span> <span class='ocrx_word' id='word_1_556' title='bbox 2347 586 2378 614; x_wconf 85' lang='lat' dir='ltr'>et</span> <span class='ocrx_word' id='word_1_557' title='bbox 2403 580 2459 615; x_wconf 83' lang='lat' dir='ltr'>die</span> 
     </span>
     <span class='ocr_line' id='line_1_122' title="bbox 1409 636 2459 684; baseline 0.002 -12"><span class='ocrx_word' id='word_1_558' title='bbox 1409 639 1713 683; x_wconf 31' lang='lat' dir='ltr'>septimo-rursum</span> <span class='ocrx_word' id='word_1_559' title='bbox 1731 636 1913 682; x_wconf 84' lang='lat' dir='ltr'>aspiciens,</span> <span class='ocrx_word' id='word_1_560' title='bbox 1944 636 1975 671; x_wconf 90' lang='lat' dir='ltr'>si</span> <span class='ocrx_word' id='word_1_561' title='bbox 2009 637 2152 672; x_wconf 78' lang='lat' dir='ltr'>crevisse</span> <span class='ocrx_word' id='word_1_562' title='bbox 2183 638 2459 684; x_wconf 79' lang='lat' dir='ltr'>deprehenderit,</span> 
     </span>
     <span class='ocr_line' id='line_1_123' title="bbox 1410 695 2457 744; baseline 0.002 -12"><span class='ocrx_word' id='word_1_563' title='bbox 1410 697 1504 743; x_wconf 86' lang='lat' dir='ltr'>lepra</span> <span class='ocrx_word' id='word_1_564' title='bbox 1515 708 1734 744; x_wconf 84' lang='lat' dir='ltr'>perseverans</span> <span class='ocrx_word' id='word_1_565' title='bbox 1753 703 1824 731; x_wconf 80' lang='lat' dir='ltr'>est:</span> <span class='ocrx_word' id='word_1_566' title='bbox 1842 695 2011 742; x_wconf 81' lang='lat' dir='ltr'>pollutum</span> <span class='ocrx_word' id='word_1_567' title='bbox 2021 697 2192 742; x_wconf 84' lang='lat' dir='ltr'>judicabit</span> <span class='ocrx_word' id='word_1_568' title='bbox 2205 699 2457 742; x_wconf 85' lang='lat' dir='ltr'>vestimentum,</span> 
     </span>
     <span class='ocr_line' id='line_1_124' title="bbox 1411 755 2460 803; baseline 0.001 -11"><span class='ocrx_word' id='word_1_569' title='bbox 1411 764 1442 792; x_wconf 82' lang='lat' dir='ltr'>et</span> <span class='ocrx_word' id='word_1_570' title='bbox 1463 768 1562 792; x_wconf 84' lang='lat' dir='ltr'>omne</span> <span class='ocrx_word' id='word_1_571' title='bbox 1582 758 1618 791; x_wconf 88' lang='lat' dir='ltr'>in</span> <span class='ocrx_word' id='word_1_572' title='bbox 1634 767 1700 803; x_wconf 87' lang='lat' dir='ltr'>quo</span> <span class='ocrx_word' id='word_1_573' title='bbox 1722 755 1827 801; x_wconf 74' lang='lat' dir='ltr'>suerit</span> <span class='ocrx_word' id='word_1_574' title='bbox 1853 756 2004 798; x_wconf 82' lang='lat' dir='ltr'>inventa,</span> <span class='ocrx_word' id='word_1_575' title='bbox 2037 762 2067 790; x_wconf 88' lang='lat' dir='ltr'>ct</span> <span class='ocrx_word' id='word_1_576' title='bbox 2087 756 2216 791; x_wconf 86' lang='lat' dir='ltr'>idcirco</span> <span class='ocrx_word' id='word_1_577' title='bbox 2239 757 2460 793; x_wconf 82' lang='lat' dir='ltr'>comburetur</span> 
     </span>
     <span class='ocr_line' id='line_1_125' title="bbox 1411 815 2459 862; baseline 0 -12"><span class='ocrx_word' id='word_1_578' title='bbox 1411 817 1574 861; x_wconf 75' lang='lat' dir='ltr'>slainmis.</span> <span class='ocrx_word' id='word_1_579' title='bbox 1614 815 1714 858; x_wconf 73' lang='lat' dir='ltr'>Quod</span> <span class='ocrx_word' id='word_1_580' title='bbox 1731 827 1760 850; x_wconf 80' lang='lat' dir='ltr'>st</span> <span class='ocrx_word' id='word_1_581' title='bbox 1775 826 1851 850; x_wconf 76' lang='lat' dir='ltr'>eam</span> <span class='ocrx_word' id='word_1_582' title='bbox 1877 815 2000 849; x_wconf 78' lang='lat' dir='ltr'>viderit</span> <span class='ocrx_word' id='word_1_583' title='bbox 2015 826 2083 850; x_wconf 87' lang='lat' dir='ltr'>non</span> <span class='ocrx_word' id='word_1_584' title='bbox 2101 816 2257 856; x_wconf 74' lang='lat' dir='ltr'>crevisse,</span> <span class='ocrx_word' id='word_1_585' title='bbox 2272 817 2459 862; x_wconf 69' lang='lat' dir='ltr'>praecipiet,</span> 
     </span>
     <span class='ocr_line' id='line_1_126' title="bbox 1412 874 2460 920; baseline -0.001 -10"><span class='ocrx_word' id='word_1_586' title='bbox 1412 884 1442 910; x_wconf 81' lang='lat' dir='ltr'>ct</span> <span class='ocrx_word' id='word_1_587' title='bbox 1462 875 1626 911; x_wconf 79' lang='lat' dir='ltr'>lavabunt</span> <span class='ocrx_word' id='word_1_588' title='bbox 1648 876 1683 910; x_wconf 73' lang='lat' dir='ltr'>ist</span> <span class='ocrx_word' id='word_1_589' title='bbox 1700 876 1818 920; x_wconf 83' lang='lat' dir='ltr'>inquo</span> <span class='ocrx_word' id='word_1_590' title='bbox 1835 874 1929 920; x_wconf 81' lang='lat' dir='ltr'>lepra</span> <span class='ocrx_word' id='word_1_591' title='bbox 1949 881 2013 916; x_wconf 81' lang='lat' dir='ltr'>est,</span> <span class='ocrx_word' id='word_1_592' title='bbox 2033 874 2278 920; x_wconf 82' lang='lat' dir='ltr'>recludensque</span> <span class='ocrx_word' id='word_1_593' title='bbox 2296 874 2384 908; x_wconf 84' lang='lat' dir='ltr'>illud</span> <span class='ocrx_word' id='word_1_594' title='bbox 2404 885 2460 910; x_wconf 87' lang='lat' dir='ltr'>se-</span> 
     </span>
     <span class='ocr_line' id='line_1_127' title="bbox 1412 934 2460 981; baseline -0.002 -11"><span class='ocrx_word' id='word_1_595' title='bbox 1412 942 1502 981; x_wconf 88' lang='lat' dir='ltr'>ptem</span> <span class='ocrx_word' id='word_1_596' title='bbox 1522 935 1641 970; x_wconf 82' lang='lat' dir='ltr'>diebus</span> <span class='ocrx_word' id='word_1_597' title='bbox 1659 934 1753 977; x_wconf 84' lang='lat' dir='ltr'>aliis,</span> <span class='ocrx_word' id='word_1_598' title='bbox 1775 940 1806 968; x_wconf 83' lang='lat' dir='ltr'>et</span> <span class='ocrx_word' id='word_1_599' title='bbox 1826 945 1903 968; x_wconf 84' lang='lat' dir='ltr'>cum</span> <span class='ocrx_word' id='word_1_600' title='bbox 1935 934 2056 969; x_wconf 76' lang='lat' dir='ltr'>viderit</span> <span class='ocrx_word' id='word_1_601' title='bbox 2078 934 2202 978; x_wconf 82' lang='lat' dir='ltr'>faciem</span> <span class='ocrx_word' id='word_1_602' title='bbox 2224 934 2362 979; x_wconf 82' lang='lat' dir='ltr'>quidem</span> <span class='ocrx_word' id='word_1_603' title='bbox 2386 934 2460 980; x_wconf 86' lang='lat' dir='ltr'>pri-</span> 
     </span>
     <span class='ocr_line' id='line_1_128' title="bbox 1413 992 2460 1038; baseline -0.002 -10"><span class='ocrx_word' id='word_1_604' title='bbox 1413 995 1538 1029; x_wconf 84' lang='lat' dir='ltr'>stinam</span> <span class='ocrx_word' id='word_1_605' title='bbox 1554 1005 1622 1029; x_wconf 85' lang='lat' dir='ltr'>non</span> <span class='ocrx_word' id='word_1_606' title='bbox 1637 1004 1820 1035; x_wconf 82' lang='lat' dir='ltr'>reversam,</span> <span class='ocrx_word' id='word_1_607' title='bbox 1835 1004 1895 1028; x_wconf 85' lang='lat' dir='ltr'>nec</span> <span class='ocrx_word' id='word_1_608' title='bbox 1919 999 2031 1028; x_wconf 81' lang='lat' dir='ltr'>tamen</span> <span class='ocrx_word' id='word_1_609' title='bbox 2051 994 2195 1028; x_wconf 72' lang='lat' dir='ltr'>crevisse</span> <span class='ocrx_word' id='word_1_610' title='bbox 2218 992 2362 1038; x_wconf 86' lang='lat' dir='ltr'>lepram,</span> <span class='ocrx_word' id='word_1_611' title='bbox 2394 994 2460 1027; x_wconf 88' lang='lat' dir='ltr'>im-</span> 
     </span>
     <span class='ocr_line' id='line_1_129' title="bbox 1414 1051 2462 1098; baseline -0.001 -11"><span class='ocrx_word' id='word_1_612' title='bbox 1414 1053 1781 1098; x_wconf 81' lang='lat' dir='ltr'>mundumjudicabit‚</span> <span class='ocrx_word' id='word_1_613' title='bbox 1803 1058 1833 1087; x_wconf 89' lang='lat' dir='ltr'>et</span> <span class='ocrx_word' id='word_1_614' title='bbox 1861 1053 1938 1097; x_wconf 74' lang='lat' dir='ltr'>iqnc</span> <span class='ocrx_word' id='word_1_615' title='bbox 1955 1051 2142 1094; x_wconf 82' lang='lat' dir='ltr'>comburet,</span> <span class='ocrx_word' id='word_1_616' title='bbox 2176 1063 2214 1086; x_wconf 91' lang='lat' dir='ltr'>eo</span> <span class='ocrx_word' id='word_1_617' title='bbox 2232 1052 2323 1097; x_wconf 86' lang='lat' dir='ltr'>quod</span> <span class='ocrx_word' id='word_1_618' title='bbox 2343 1052 2462 1096; x_wconf 74' lang='lat' dir='ltr'>infusa</span> 
     </span>
    </p>
   </div>
   <div class='ocr_carea' id='block_1_12' title="bbox 1415 1169 2515 2832">
    <p class='ocr_par' dir='ltr' id='par_1_13' title="bbox 1415 1169 2515 2832">
     <span class='ocr_line' id='line_1_130' title="bbox 1415 1169 2461 1215; baseline -0.003 -9"><span class='ocrx_word' id='word_1_619' title='bbox 1415 1178 1530 1206; x_wconf 85' lang='lat' dir='ltr'>autem</span> <span class='ocrx_word' id='word_1_620' title='bbox 1563 1171 1741 1206; x_wconf 85' lang='lat' dir='ltr'>obscurior</span> <span class='ocrx_word' id='word_1_621' title='bbox 1762 1171 1866 1215; x_wconf 77' lang='lat' dir='ltr'>[uerit</span> <span class='ocrx_word' id='word_1_622' title='bbox 1901 1170 1996 1204; x_wconf 86' lang='lat' dir='ltr'>Iocus</span> <span class='ocrx_word' id='word_1_623' title='bbox 2018 1169 2135 1215; x_wconf 86' lang='lat' dir='ltr'>leproe,</span> <span class='ocrx_word' id='word_1_624' title='bbox 2163 1175 2343 1215; x_wconf 81' lang='lat' dir='ltr'>postquam</span> <span class='ocrx_word' id='word_1_625' title='bbox 2361 1169 2461 1203; x_wconf 81' lang='lat' dir='ltr'>vestis</span> 
     </span>
     <span class='ocr_line' id='line_1_131' title="bbox 1415 1227 2464 1276; baseline -0.003 -11"><span class='ocrx_word' id='word_1_626' title='bbox 1415 1231 1562 1276; x_wconf 38' lang='lat' dir='ltr'>estilota,</span> <span class='ocrx_word' id='word_1_627' title='bbox 1577 1231 1754 1275; x_wconf 81' lang='lat' dir='ltr'>abrumpet</span> <span class='ocrx_word' id='word_1_628' title='bbox 1771 1240 1863 1271; x_wconf 84' lang='lat' dir='ltr'>eum,</span> <span class='ocrx_word' id='word_1_629' title='bbox 1877 1235 1908 1263; x_wconf 84' lang='lat' dir='ltr'>et</span> <span class='ocrx_word' id='word_1_630' title='bbox 1920 1241 1939 1264; x_wconf 88' lang='lat' dir='ltr'>a</span> <span class='ocrx_word' id='word_1_631' title='bbox 1954 1228 2065 1263; x_wconf 89' lang='lat' dir='ltr'>solido</span> <span class='ocrx_word' id='word_1_632' title='bbox 2086 1229 2226 1263; x_wconf 82' lang='lat' dir='ltr'>dividet.</span> <span class='ocrx_word' id='word_1_633' title='bbox 2248 1227 2349 1271; x_wconf 81' lang='lat' dir='ltr'>Quod</span> <span class='ocrx_word' id='word_1_634' title='bbox 2364 1229 2394 1263; x_wconf 90' lang='lat' dir='ltr'>si</span> <span class='ocrx_word' id='word_1_635' title='bbox 2411 1227 2464 1262; x_wconf 86' lang='lat' dir='ltr'>ul-</span> 
     </span>
     <span class='ocr_line' id='line_1_132' title="bbox 1416 1288 2464 1336; baseline -0.002 -12"><span class='ocrx_word' id='word_1_636' title='bbox 1416 1297 1470 1325; x_wconf 86' lang='lat' dir='ltr'>tra</span> <span class='ocrx_word' id='word_1_637' title='bbox 1482 1290 1679 1336; x_wconf 83' lang='lat' dir='ltr'>apparuerit</span> <span class='ocrx_word' id='word_1_638' title='bbox 1695 1290 1731 1324; x_wconf 84' lang='lat' dir='ltr'>in</span> <span class='ocrx_word' id='word_1_639' title='bbox 1749 1289 1800 1324; x_wconf 76' lang='lat' dir='ltr'>leis</span> <span class='ocrx_word' id='word_1_640' title='bbox 1815 1289 1899 1324; x_wconf 85' lang='lat' dir='ltr'>locis</span> <span class='ocrx_word' id='word_1_641' title='bbox 1914 1289 2094 1335; x_wconf 76' lang='lat' dir='ltr'>quct’prius</span> <span class='ocrx_word' id='word_1_642' title='bbox 2108 1288 2332 1323; x_wconf 81' lang='lat' dir='ltr'>immaculata</span> <span class='ocrx_word' id='word_1_643' title='bbox 2350 1294 2464 1332; x_wconf 82' lang='lat' dir='ltr'>erant,</span> 
     </span>
     <span class='ocr_line' id='line_1_133' title="bbox 1416 1346 2464 1395; baseline -0.003 -11"><span class='ocrx_word' id='word_1_644' title='bbox 1416 1349 1512 1395; x_wconf 86' lang='lat' dir='ltr'>l&#39;epra</span> <span class='ocrx_word' id='word_1_645' title='bbox 1530 1348 1678 1383; x_wconf 79' lang='lat' dir='ltr'>volatilis</span> <span class='ocrx_word' id='word_1_646' title='bbox 1693 1355 1724 1383; x_wconf 89' lang='lat' dir='ltr'>ct</span> <span class='ocrx_word' id='word_1_647' title='bbox 1742 1359 1829 1394; x_wconf 71' lang='lat' dir='ltr'>vaya</span> <span class='ocrx_word' id='word_1_648' title='bbox 1844 1348 1939 1383; x_wconf 81' lang='lat' dir='ltr'>debet</span> <span class='ocrx_word' id='word_1_649' title='bbox 1955 1349 2032 1393; x_wconf 76' lang='lat' dir='ltr'>iqnc</span> <span class='ocrx_word' id='word_1_650' title='bbox 2043 1347 2210 1391; x_wconf 80' lang='lat' dir='ltr'>comburi.</span> <span class='ocrx_word' id='word_1_651' title='bbox 2253 1346 2291 1382; x_wconf 88' lang='lat' dir='ltr'>Si</span> <span class='ocrx_word' id='word_1_652' title='bbox 2309 1358 2464 1382; x_wconf 83' lang='lat' dir='ltr'>cessave-</span> 
     </span>
     <span class='ocr_line' id='line_1_134' title="bbox 1418 1407 2462 1454; baseline 0 -12"><span class='ocrx_word' id='word_1_653' title='bbox 1418 1407 1614 1450; x_wconf 79' lang='lat' dir='ltr'>rie‚lavabit</span> <span class='ocrx_word' id='word_1_654' title='bbox 1632 1419 1673 1443; x_wconf 87' lang='lat' dir='ltr'>ea</span> <span class='ocrx_word' id='word_1_655' title='bbox 1692 1419 1865 1454; x_wconf 78' lang='lat' dir='ltr'>qucrpura</span> <span class='ocrx_word' id='word_1_656' title='bbox 1884 1414 1964 1443; x_wconf 83' lang='lat' dir='ltr'>sunt</span> <span class='ocrx_word' id='word_1_657' title='bbox 1979 1408 2142 1451; x_wconf 81' lang='lat' dir='ltr'>secundo,</span> <span class='ocrx_word' id='word_1_658' title='bbox 2158 1414 2190 1443; x_wconf 83' lang='lat' dir='ltr'>et</span> <span class='ocrx_word' id='word_1_659' title='bbox 2208 1408 2337 1442; x_wconf 86' lang='lat' dir='ltr'>munda</span> <span class='ocrx_word' id='word_1_660' title='bbox 2349 1414 2462 1443; x_wconf 85' lang='lat' dir='ltr'>erunt.</span> 
     </span>
     <span class='ocr_line' id='line_1_135' title="bbox 1418 1462 2515 1516; baseline -0.003 -11"><span class='ocrx_word' id='word_1_661' title='bbox 1418 1470 1492 1505; x_wconf 88' lang='lat' dir='ltr'>Ista</span> <span class='ocrx_word' id='word_1_662' title='bbox 1525 1476 1573 1505; x_wconf 85' lang='lat' dir='ltr'>est</span> <span class='ocrx_word' id='word_1_663' title='bbox 1593 1470 1648 1505; x_wconf 77' lang='lat' dir='ltr'>Iex</span> <span class='ocrx_word' id='word_1_664' title='bbox 1671 1470 1775 1516; x_wconf 76' lang='lat' dir='ltr'>leproe</span> <span class='ocrx_word' id='word_1_665' title='bbox 1794 1462 1982 1505; x_wconf 82' lang='lat' dir='ltr'>vestimenti</span> <span class='ocrx_word' id='word_1_666' title='bbox 2005 1469 2096 1504; x_wconf 85' lang='lat' dir='ltr'>lanei</span> <span class='ocrx_word' id='word_1_667' title='bbox 2122 1475 2153 1504; x_wconf 85' lang='lat' dir='ltr'>ct</span> <span class='ocrx_word' id='word_1_668' title='bbox 2173 1469 2266 1511; x_wconf 84' lang='lat' dir='ltr'>linei,</span> <span class='ocrx_word' id='word_1_669' title='bbox 2291 1469 2463 1510; x_wconf 83' lang='lat' dir='ltr'>staminis,</span> <span class='ocrx_word' id='word_1_670' title='bbox 2514 1494 2515 1498; x_wconf 65' lang='lat'>,</span> 
     </span>
     <span class='ocr_line' id='line_1_136' title="bbox 1418 1530 2468 1578; baseline -0.001 -12"><span class='ocrx_word' id='word_1_671' title='bbox 1418 1538 1518 1577; x_wconf 84' lang='lat' dir='ltr'>atque</span> <span class='ocrx_word' id='word_1_672' title='bbox 1533 1531 1771 1577; x_wconf 62' lang='lat' dir='ltr'>subtegminis,</span> <span class='ocrx_word' id='word_1_673' title='bbox 1785 1533 1960 1578; x_wconf 74' lang='lat' dir='ltr'>numisque</span> <span class='ocrx_word' id='word_1_674' title='bbox 1971 1530 2210 1577; x_wconf 84' lang='lat' dir='ltr'>suppellectilis</span> <span class='ocrx_word' id='word_1_675' title='bbox 2221 1530 2370 1577; x_wconf 72' lang='lat' dir='ltr'>pellicem</span> <span class='ocrx_word' id='word_1_676' title='bbox 2382 1541 2468 1576; x_wconf 90' lang='lat' dir='ltr'>quo-</span> 
     </span>
     <span class='ocr_line' id='line_1_137' title="bbox 1419 1589 2466 1638; baseline 0 -13"><span class='ocrx_word' id='word_1_677' title='bbox 1419 1592 1519 1626; x_wconf 76' lang='lat' dir='ltr'>modo</span> <span class='ocrx_word' id='word_1_678' title='bbox 1531 1592 1847 1627; x_wconf 82' lang='lat' dir='ltr'>mundaridcbeant</span> <span class='ocrx_word' id='word_1_679' title='bbox 1864 1592 2165 1627; x_wconf 75' lang='lat' dir='ltr'>velconcaminari.</span> <span class='ocrx_word' id='word_1_680' title='bbox 2184 1591 2253 1638; x_wconf 67' lang='lat' dir='ltr'>(Eas</span> <span class='ocrx_word' id='word_1_681' title='bbox 2265 1589 2466 1638; x_wconf 80' lang='lat' dir='ltr'>Hesychia.)</span> 
     </span>
     <span class='ocr_line' id='line_1_138' title="bbox 1419 1649 2467 1698; baseline -0.001 -12"><span class='ocrx_word' id='word_1_682' title='bbox 1419 1652 1627 1687; x_wconf 84' lang='lat' dir='ltr'>Indecorum</span> <span class='ocrx_word' id='word_1_683' title='bbox 1642 1653 1785 1698; x_wconf 84' lang='lat' dir='ltr'>quidam</span> <span class='ocrx_word' id='word_1_684' title='bbox 1814 1653 1962 1689; x_wconf 78' lang='lat' dir='ltr'>forsitan</span> <span class='ocrx_word' id='word_1_685' title='bbox 1982 1663 2022 1688; x_wconf 91' lang='lat' dir='ltr'>ac</span> <span class='ocrx_word' id='word_1_686' title='bbox 2039 1652 2145 1688; x_wconf 88' lang='lat' dir='ltr'>nimis</span> <span class='ocrx_word' id='word_1_687' title='bbox 2165 1652 2341 1697; x_wconf 83' lang='lat' dir='ltr'>abjectum</span> <span class='ocrx_word' id='word_1_688' title='bbox 2357 1649 2467 1697; x_wconf 81' lang='lat' dir='ltr'>legis-</span> 
     </span>
     <span class='ocr_line' id='line_1_139' title="bbox 1421 1712 2466 1758; baseline -0.001 -12"><span class='ocrx_word' id='word_1_689' title='bbox 1421 1712 1568 1747; x_wconf 83' lang='lat' dir='ltr'>latorem</span> <span class='ocrx_word' id='word_1_690' title='bbox 1582 1713 1770 1755; x_wconf 64' lang='lat' dir='ltr'>sestimant,</span> <span class='ocrx_word' id='word_1_691' title='bbox 1785 1713 1918 1758; x_wconf 79' lang='lat' dir='ltr'>quiade</span> <span class='ocrx_word' id='word_1_692' title='bbox 1939 1713 2092 1748; x_wconf 88' lang='lat' dir='ltr'>stamine</span> <span class='ocrx_word' id='word_1_693' title='bbox 2107 1718 2215 1757; x_wconf 79' lang='lat' dir='ltr'>atque</span> <span class='ocrx_word' id='word_1_694' title='bbox 2231 1712 2466 1758; x_wconf 83' lang='lat' dir='ltr'>subtegmine,</span> 
     </span>
     <span class='ocr_line' id='line_1_140' title="bbox 1423 1773 2469 1822; baseline -0.004 -11"><span class='ocrx_word' id='word_1_695' title='bbox 1423 1787 1500 1822; x_wconf 79' lang='lat' dir='ltr'>quae</span> <span class='ocrx_word' id='word_1_696' title='bbox 1522 1782 1635 1811; x_wconf 84' lang='lat' dir='ltr'>trama</span> <span class='ocrx_word' id='word_1_697' title='bbox 1666 1776 1770 1821; x_wconf 77' lang='lat' dir='ltr'>vulgo</span> <span class='ocrx_word' id='word_1_698' title='bbox 1796 1780 2033 1819; x_wconf 87' lang='lat' dir='ltr'>nuncupatur,</span> <span class='ocrx_word' id='word_1_699' title='bbox 2061 1774 2229 1820; x_wconf 87' lang='lat' dir='ltr'>loquitur,</span> <span class='ocrx_word' id='word_1_700' title='bbox 2261 1773 2469 1818; x_wconf 88' lang='lat' dir='ltr'>relinquens</span> 
     </span>
     <span class='ocr_line' id='line_1_141' title="bbox 1423 1832 2471 1882; baseline -0.005 -11"><span class='ocrx_word' id='word_1_701' title='bbox 1423 1846 1643 1882; x_wconf 78' lang='lat' dir='ltr'>quaecunque</span> <span class='ocrx_word' id='word_1_702' title='bbox 1681 1836 1818 1870; x_wconf 79' lang='lat' dir='ltr'>animas</span> <span class='ocrx_word' id='word_1_703' title='bbox 1848 1835 2066 1870; x_wconf 86' lang='lat' dir='ltr'>audientium</span> <span class='ocrx_word' id='word_1_704' title='bbox 2090 1833 2204 1879; x_wconf 84' lang='lat' dir='ltr'>legem</span> <span class='ocrx_word' id='word_1_705' title='bbox 2241 1837 2390 1878; x_wconf 88' lang='lat' dir='ltr'>possunt</span> <span class='ocrx_word' id='word_1_706' title='bbox 2425 1832 2471 1867; x_wconf 85' lang='lat' dir='ltr'>ad</span> 
     </span>
     <span class='ocr_line' id='line_1_142' title="bbox 1425 1891 2471 1940; baseline -0.003 -11"><span class='ocrx_word' id='word_1_707' title='bbox 1425 1896 1572 1930; x_wconf 84' lang='lat' dir='ltr'>meliora</span> <span class='ocrx_word' id='word_1_708' title='bbox 1615 1903 1843 1940; x_wconf 82' lang='lat' dir='ltr'>componere.</span> <span class='ocrx_word' id='word_1_709' title='bbox 1879 1894 1972 1937; x_wconf 84' lang='lat' dir='ltr'>Quid</span> <span class='ocrx_word' id='word_1_710' title='bbox 2003 1893 2118 1935; x_wconf 88' lang='lat' dir='ltr'>enim,</span> <span class='ocrx_word' id='word_1_711' title='bbox 2142 1893 2321 1937; x_wconf 86' lang='lat' dir='ltr'>inquiunt,</span> <span class='ocrx_word' id='word_1_712' title='bbox 2354 1891 2471 1927; x_wconf 86' lang='lat' dir='ltr'>sordi-</span> 
     </span>
     <span class='ocr_line' id='line_1_143' title="bbox 1427 1952 2471 2000; baseline -0.004 -10"><span class='ocrx_word' id='word_1_713' title='bbox 1427 1956 1550 1990; x_wconf 87' lang='lat' dir='ltr'>datum</span> <span class='ocrx_word' id='word_1_714' title='bbox 1586 1961 1736 1998; x_wconf 85' lang='lat' dir='ltr'>stamen,</span> <span class='ocrx_word' id='word_1_715' title='bbox 1758 1956 1841 2000; x_wconf 87' lang='lat' dir='ltr'>quid</span> <span class='ocrx_word' id='word_1_716' title='bbox 1860 1955 2066 2000; x_wconf 85' lang='lat' dir='ltr'>subtegmen</span> <span class='ocrx_word' id='word_1_717' title='bbox 2088 1954 2162 1989; x_wconf 88' lang='lat' dir='ltr'>sive</span> <span class='ocrx_word' id='word_1_718' title='bbox 2191 1958 2306 1988; x_wconf 85' lang='lat' dir='ltr'>trama</span> <span class='ocrx_word' id='word_1_719' title='bbox 2331 1952 2471 1997; x_wconf 85' lang='lat' dir='ltr'>leprosa</span> 
     </span>
     <span class='ocr_line' id='line_1_144' title="bbox 1427 2010 2471 2057; baseline -0.003 -12"><span class='ocrx_word' id='word_1_720' title='bbox 1427 2011 1536 2053; x_wconf 66' lang='lat' dir='ltr'>sacta,</span> <span class='ocrx_word' id='word_1_721' title='bbox 1559 2012 1643 2056; x_wconf 84' lang='lat' dir='ltr'>quid</span> <span class='ocrx_word' id='word_1_722' title='bbox 1680 2012 1859 2057; x_wconf 86' lang='lat' dir='ltr'>pellicium</span> <span class='ocrx_word' id='word_1_723' title='bbox 1881 2022 1943 2046; x_wconf 80' lang='lat' dir='ltr'>vas</span> <span class='ocrx_word' id='word_1_724' title='bbox 1962 2010 2139 2046; x_wconf 86' lang='lat' dir='ltr'>maculam</span> <span class='ocrx_word' id='word_1_725' title='bbox 2176 2010 2313 2045; x_wconf 88' lang='lat' dir='ltr'>habens</span> <span class='ocrx_word' id='word_1_726' title='bbox 2340 2013 2471 2043; x_wconf 77' lang='lat' dir='ltr'>nostroe</span> 
     </span>
     <span class='ocr_line' id='line_1_145' title="bbox 1427 2068 2472 2115; baseline -0.004 -10"><span class='ocrx_word' id='word_1_727' title='bbox 1427 2072 1542 2106; x_wconf 13' lang='lat' dir='ltr'>ola-:erit</span> <span class='ocrx_word' id='word_1_728' title='bbox 1564 2072 1665 2106; x_wconf 73' lang='lat' dir='ltr'>vitae?</span> <span class='ocrx_word' id='word_1_729' title='bbox 1700 2071 1802 2107; x_wconf 87' lang='lat' dir='ltr'>Unde</span> <span class='ocrx_word' id='word_1_730' title='bbox 1825 2082 1895 2107; x_wconf 89' lang='lat' dir='ltr'>non</span> <span class='ocrx_word' id='word_1_731' title='bbox 1912 2081 1976 2106; x_wconf 89' lang='lat' dir='ltr'>nos</span> <span class='ocrx_word' id='word_1_732' title='bbox 1996 2075 2136 2115; x_wconf 89' lang='lat' dir='ltr'>oportet</span> <span class='ocrx_word' id='word_1_733' title='bbox 2154 2070 2197 2105; x_wconf 89' lang='lat' dir='ltr'>ad</span> <span class='ocrx_word' id='word_1_734' title='bbox 2217 2069 2327 2104; x_wconf 88' lang='lat' dir='ltr'>solam</span> <span class='ocrx_word' id='word_1_735' title='bbox 2356 2068 2472 2102; x_wconf 85' lang='lat' dir='ltr'>inten-</span> 
     </span>
     <span class='ocr_line' id='line_1_146' title="bbox 1427 2127 2472 2176; baseline -0.004 -10"><span class='ocrx_word' id='word_1_736' title='bbox 1427 2131 1510 2166; x_wconf 88' lang='lat' dir='ltr'>dere</span> <span class='ocrx_word' id='word_1_737' title='bbox 1529 2131 1697 2173; x_wconf 85' lang='lat' dir='ltr'>litteram,</span> <span class='ocrx_word' id='word_1_738' title='bbox 1719 2133 1780 2167; x_wconf 88' lang='lat' dir='ltr'>scd</span> <span class='ocrx_word' id='word_1_739' title='bbox 1800 2133 1843 2167; x_wconf 69' lang='lat' dir='ltr'>asl</span> <span class='ocrx_word' id='word_1_740' title='bbox 1863 2132 2018 2167; x_wconf 83' lang='lat' dir='ltr'>fructum</span> <span class='ocrx_word' id='word_1_741' title='bbox 2035 2131 2193 2176; x_wconf 87' lang='lat' dir='ltr'>spiritus,</span> <span class='ocrx_word' id='word_1_742' title='bbox 2220 2129 2280 2174; x_wconf 86' lang='lat' dir='ltr'>qui</span> <span class='ocrx_word' id='word_1_743' title='bbox 2303 2127 2472 2174; x_wconf 82' lang='lat' dir='ltr'>quemad-</span> 
     </span>
     <span class='ocr_line' id='line_1_147' title="bbox 1427 2190 2474 2236; baseline -0.002 -11"><span class='ocrx_word' id='word_1_744' title='bbox 1427 2190 1571 2225; x_wconf 86' lang='lat' dir='ltr'>modum</span> <span class='ocrx_word' id='word_1_745' title='bbox 1591 2190 1656 2225; x_wconf 87' lang='lat' dir='ltr'>snb</span> <span class='ocrx_word' id='word_1_746' title='bbox 1679 2191 1774 2233; x_wconf 86' lang='lat' dir='ltr'>solio,</span> <span class='ocrx_word' id='word_1_747' title='bbox 1799 2192 1846 2226; x_wconf 88' lang='lat' dir='ltr'>ita</span> <span class='ocrx_word' id='word_1_748' title='bbox 1862 2193 1926 2227; x_wconf 86' lang='lat' dir='ltr'>suh</span> <span class='ocrx_word' id='word_1_749' title='bbox 1945 2192 2064 2227; x_wconf 88' lang='lat' dir='ltr'>littera</span> <span class='ocrx_word' id='word_1_750' title='bbox 2083 2190 2205 2236; x_wconf 82' lang='lat' dir='ltr'>legalis</span> <span class='ocrx_word' id='word_1_751' title='bbox 2225 2190 2336 2224; x_wconf 73' lang='lat' dir='ltr'>vinem</span> <span class='ocrx_word' id='word_1_752' title='bbox 2354 2193 2474 2224; x_wconf 86' lang='lat' dir='ltr'>custo·</span> 
     </span>
     <span class='ocr_line' id='line_1_148' title="bbox 1429 2247 2472 2297; baseline -0.004 -11"><span class='ocrx_word' id='word_1_753' title='bbox 1429 2251 1552 2286; x_wconf 86' lang='lat' dir='ltr'>ditur:</span> <span class='ocrx_word' id='word_1_754' title='bbox 1588 2255 1721 2285; x_wconf 88' lang='lat' dir='ltr'>tantam</span> <span class='ocrx_word' id='word_1_755' title='bbox 1738 2251 1833 2286; x_wconf 90' lang='lat' dir='ltr'>enim</span> <span class='ocrx_word' id='word_1_756' title='bbox 1854 2262 1975 2286; x_wconf 90' lang='lat' dir='ltr'>curam</span> <span class='ocrx_word' id='word_1_757' title='bbox 2011 2251 2124 2288; x_wconf 87' lang='lat' dir='ltr'>nostri</span> <span class='ocrx_word' id='word_1_758' title='bbox 2152 2250 2335 2297; x_wconf 85' lang='lat' dir='ltr'>legislator</span> <span class='ocrx_word' id='word_1_759' title='bbox 2367 2247 2472 2294; x_wconf 84' lang='lat' dir='ltr'>gerit,</span> 
     </span>
     <span class='ocr_line' id='line_1_149' title="bbox 1430 2306 2473 2354; baseline -0.004 -9"><span class='ocrx_word' id='word_1_760' title='bbox 1430 2316 1470 2345; x_wconf 87' lang='lat' dir='ltr'>ut</span> <span class='ocrx_word' id='word_1_761' title='bbox 1487 2320 1558 2345; x_wconf 92' lang='lat' dir='ltr'>non</span> <span class='ocrx_word' id='word_1_762' title='bbox 1576 2309 1689 2345; x_wconf 89' lang='lat' dir='ltr'>solum</span> <span class='ocrx_word' id='word_1_763' title='bbox 1705 2309 1748 2345; x_wconf 86' lang='lat' dir='ltr'>de</span> <span class='ocrx_word' id='word_1_764' title='bbox 1764 2310 1822 2344; x_wconf 91' lang='lat' dir='ltr'>illa</span> <span class='ocrx_word' id='word_1_765' title='bbox 1846 2318 1970 2346; x_wconf 87' lang='lat' dir='ltr'>cautos</span> <span class='ocrx_word' id='word_1_766' title='bbox 1987 2310 2094 2346; x_wconf 86' lang='lat' dir='ltr'>saciat</span> <span class='ocrx_word' id='word_1_767' title='bbox 2128 2310 2227 2354; x_wconf 85' lang='lat' dir='ltr'>lepra</span> <span class='ocrx_word' id='word_1_768' title='bbox 2245 2318 2324 2354; x_wconf 81' lang='lat' dir='ltr'>quoe</span> <span class='ocrx_word' id='word_1_769' title='bbox 2339 2317 2381 2344; x_wconf 87' lang='lat' dir='ltr'>ex</span> <span class='ocrx_word' id='word_1_770' title='bbox 2402 2306 2473 2350; x_wconf 87' lang='lat' dir='ltr'>his,</span> 
     </span>
     <span class='ocr_line' id='line_1_150' title="bbox 1429 2366 2476 2414; baseline -0.004 -10"><span class='ocrx_word' id='word_1_771' title='bbox 1429 2379 1508 2414; x_wconf 83' lang='lat' dir='ltr'>quae</span> <span class='ocrx_word' id='word_1_772' title='bbox 1538 2368 1612 2413; x_wconf 89' lang='lat' dir='ltr'>jam</span> <span class='ocrx_word' id='word_1_773' title='bbox 1633 2369 1724 2403; x_wconf 86' lang='lat' dir='ltr'>dicta</span> <span class='ocrx_word' id='word_1_774' title='bbox 1752 2374 1846 2411; x_wconf 90' lang='lat' dir='ltr'>sunt,</span> <span class='ocrx_word' id='word_1_775' title='bbox 1867 2369 2025 2414; x_wconf 86' lang='lat' dir='ltr'>peccatis</span> <span class='ocrx_word' id='word_1_776' title='bbox 2045 2368 2175 2410; x_wconf 82' lang='lat' dir='ltr'>evenit,</span> <span class='ocrx_word' id='word_1_777' title='bbox 2196 2367 2257 2403; x_wconf 89' lang='lat' dir='ltr'>sed</span> <span class='ocrx_word' id='word_1_778' title='bbox 2275 2371 2312 2401; x_wconf 89' lang='lat' dir='ltr'>et</span> <span class='ocrx_word' id='word_1_779' title='bbox 2331 2366 2375 2402; x_wconf 88' lang='lat' dir='ltr'>de</span> <span class='ocrx_word' id='word_1_780' title='bbox 2406 2366 2476 2400; x_wconf 81' lang='lat' dir='ltr'>bac</span> 
     </span>
     <span class='ocr_line' id='line_1_151' title="bbox 1430 2425 2475 2476; baseline -0.004 -12"><span class='ocrx_word' id='word_1_781' title='bbox 1430 2439 1508 2476; x_wconf 83' lang='lat' dir='ltr'>quae</span> <span class='ocrx_word' id='word_1_782' title='bbox 1524 2428 1731 2473; x_wconf 80' lang='lat' dir='ltr'>frequenter</span> <span class='ocrx_word' id='word_1_783' title='bbox 1750 2429 1847 2463; x_wconf 88' lang='lat' dir='ltr'>circa</span> <span class='ocrx_word' id='word_1_784' title='bbox 1868 2429 2019 2463; x_wconf 79' lang='lat' dir='ltr'>virtutes</span> <span class='ocrx_word' id='word_1_785' title='bbox 2033 2427 2189 2470; x_wconf 87' lang='lat' dir='ltr'>evenire,</span> <span class='ocrx_word' id='word_1_786' title='bbox 2210 2427 2294 2462; x_wconf 91' lang='lat' dir='ltr'>dum</span> <span class='ocrx_word' id='word_1_787' title='bbox 2310 2426 2403 2461; x_wconf 87' lang='lat' dir='ltr'>male</span> <span class='ocrx_word' id='word_1_788' title='bbox 2421 2425 2475 2461; x_wconf 86' lang='lat' dir='ltr'>eis</span> 
     </span>
     <span class='ocr_line' id='line_1_152' title="bbox 1430 2485 2472 2533; baseline -0.002 -11"><span class='ocrx_word' id='word_1_789' title='bbox 1430 2489 1558 2533; x_wconf 86' lang='lat' dir='ltr'>aliquis</span> <span class='ocrx_word' id='word_1_790' title='bbox 1575 2488 1701 2530; x_wconf 89' lang='lat' dir='ltr'>utitur,</span> <span class='ocrx_word' id='word_1_791' title='bbox 1736 2487 1839 2522; x_wconf 88' lang='lat' dir='ltr'>solet.</span> <span class='ocrx_word' id='word_1_792' title='bbox 1873 2486 1952 2521; x_wconf 87' lang='lat' dir='ltr'>Alia</span> <span class='ocrx_word' id='word_1_793' title='bbox 1970 2486 2078 2532; x_wconf 85' lang='lat' dir='ltr'>igitur</span> <span class='ocrx_word' id='word_1_794' title='bbox 2098 2485 2310 2521; x_wconf 83' lang='lat' dir='ltr'>vestimenta</span> <span class='ocrx_word' id='word_1_795' title='bbox 2330 2485 2472 2527; x_wconf 82' lang='lat' dir='ltr'>animae,</span> 
     </span>
     <span class='ocr_line' id='line_1_153' title="bbox 1430 2544 2474 2591; baseline -0.004 -8"><span class='ocrx_word' id='word_1_796' title='bbox 1430 2549 1498 2584; x_wconf 90' lang='lat' dir='ltr'>alia</span> <span class='ocrx_word' id='word_1_797' title='bbox 1515 2548 1728 2583; x_wconf 77' lang='lat' dir='ltr'>vestimenta</span> <span class='ocrx_word' id='word_1_798' title='bbox 1742 2553 1824 2582; x_wconf 91' lang='lat' dir='ltr'>sunt</span> <span class='ocrx_word' id='word_1_799' title='bbox 1842 2547 2018 2591; x_wconf 89' lang='lat' dir='ltr'>corporis,</span> <span class='ocrx_word' id='word_1_800' title='bbox 2037 2555 2115 2591; x_wconf 86' lang='lat' dir='ltr'>quae</span> <span class='ocrx_word' id='word_1_801' title='bbox 2130 2555 2196 2580; x_wconf 87' lang='lat' dir='ltr'>nec</span> <span class='ocrx_word' id='word_1_802' title='bbox 2210 2544 2391 2581; x_wconf 87' lang='lat' dir='ltr'>sordidata</span> <span class='ocrx_word' id='word_1_803' title='bbox 2407 2553 2474 2580; x_wconf 84' lang='lat' dir='ltr'>nec</span> 
     </span>
     <span class='ocr_line' id='line_1_154' title="bbox 1431 2603 2476 2653; baseline -0.005 -9"><span class='ocrx_word' id='word_1_804' title='bbox 1431 2609 1627 2653; x_wconf 78' lang='lat' dir='ltr'>exspoliata</span> <span class='ocrx_word' id='word_1_805' title='bbox 1644 2608 1869 2643; x_wconf 88' lang='lat' dir='ltr'>contristant.</span> <span class='ocrx_word' id='word_1_806' title='bbox 1906 2606 2091 2649; x_wconf 87' lang='lat' dir='ltr'>Quomodo</span> <span class='ocrx_word' id='word_1_807' title='bbox 2109 2605 2206 2641; x_wconf 90' lang='lat' dir='ltr'>enim</span> <span class='ocrx_word' id='word_1_808' title='bbox 2234 2605 2415 2650; x_wconf 87' lang='lat' dir='ltr'>pertinent</span> <span class='ocrx_word' id='word_1_809' title='bbox 2429 2603 2476 2640; x_wconf 80' lang='lat' dir='ltr'>ad</span> 
     </span>
     <span class='ocr_line' id='line_1_155' title="bbox 1430 2663 2474 2715; baseline -0.006 -9"><span class='ocrx_word' id='word_1_810' title='bbox 1430 2671 1506 2706; x_wconf 85' lang='lat' dir='ltr'>haec</span> <span class='ocrx_word' id='word_1_811' title='bbox 1526 2670 1620 2715; x_wconf 90' lang='lat' dir='ltr'>quod</span> <span class='ocrx_word' id='word_1_812' title='bbox 1652 2668 1783 2714; x_wconf 87' lang='lat' dir='ltr'>Joseph</span> <span class='ocrx_word' id='word_1_813' title='bbox 1807 2668 1985 2714; x_wconf 84' lang='lat' dir='ltr'>AEgyptiis</span> <span class='ocrx_word' id='word_1_814' title='bbox 2018 2667 2242 2703; x_wconf 88' lang='lat' dir='ltr'>vestimentis</span> <span class='ocrx_word' id='word_1_815' title='bbox 2269 2663 2474 2712; x_wconf 85' lang='lat' dir='ltr'>spoliandus</span> 
     </span>
     <span class='ocr_line' id='line_1_156' title="bbox 1430 2722 2474 2774; baseline -0.006 -9"><span class='ocrx_word' id='word_1_816' title='bbox 1430 2735 1520 2772; x_wconf 88' lang='lat' dir='ltr'>erat,</span> <span class='ocrx_word' id='word_1_817' title='bbox 1547 2729 1604 2765; x_wconf 90' lang='lat' dir='ltr'>vel</span> <span class='ocrx_word' id='word_1_818' title='bbox 1622 2729 1799 2774; x_wconf 88' lang='lat' dir='ltr'>quomodo</span> <span class='ocrx_word' id='word_1_819' title='bbox 1818 2727 1898 2773; x_wconf 89' lang='lat' dir='ltr'>pilis</span> <span class='ocrx_word' id='word_1_820' title='bbox 1923 2727 2049 2763; x_wconf 85' lang='lat' dir='ltr'>cameli</span> <span class='ocrx_word' id='word_1_821' title='bbox 2076 2727 2237 2772; x_wconf 84' lang='lat' dir='ltr'>Baptista</span> <span class='ocrx_word' id='word_1_822' title='bbox 2248 2724 2403 2761; x_wconf 84' lang='lat' dir='ltr'>Joanues</span> <span class='ocrx_word' id='word_1_823' title='bbox 2419 2722 2474 2759; x_wconf 87' lang='lat' dir='ltr'>in-</span> 
     </span>
     <span class='ocr_line' id='line_1_157' title="bbox 1431 2786 2475 2832; baseline -0.007 -6"><span class='ocrx_word' id='word_1_824' title='bbox 1431 2789 1630 2826; x_wconf 80' lang='lat' dir='ltr'>dueretur?</span> <span class='ocrx_word' id='word_1_825' title='bbox 1671 2787 1742 2824; x_wconf 88' lang='lat' dir='ltr'>Sed</span> <span class='ocrx_word' id='word_1_826' title='bbox 1776 2796 1818 2822; x_wconf 83' lang='lat' dir='ltr'>ea</span> <span class='ocrx_word' id='word_1_827' title='bbox 1839 2798 1919 2832; x_wconf 81' lang='lat' dir='ltr'>quae</span> <span class='ocrx_word' id='word_1_828' title='bbox 1953 2793 2037 2822; x_wconf 88' lang='lat' dir='ltr'>sunt</span> <span class='ocrx_word' id='word_1_829' title='bbox 2073 2786 2201 2822; x_wconf 78' lang='lat' dir='ltr'>animae</span> <span class='ocrx_word' id='word_1_830' title='bbox 2236 2789 2376 2831; x_wconf 86' lang='lat' dir='ltr'>oportet</span> <span class='ocrx_word' id='word_1_831' title='bbox 2393 2791 2475 2820; x_wconf 83' lang='lat' dir='ltr'>esse</span> 
     </span>
    </p>
   </div>
   <div class='ocr_carea' id='block_1_13' title="bbox 1433 2902 2489 3746">
    <p class='ocr_par' dir='ltr' id='par_1_14' title="bbox 1433 2902 2489 3746">
     <span class='ocr_line' id='line_1_158' title="bbox 1433 2902 2481 2954; baseline -0.004 -12"><span class='ocrx_word' id='word_1_832' title='bbox 1433 2919 1514 2954; x_wconf 84' lang='lat' dir='ltr'>pore</span> <span class='ocrx_word' id='word_1_833' title='bbox 1529 2908 1597 2942; x_wconf 89' lang='lat' dir='ltr'>sint</span> <span class='ocrx_word' id='word_1_834' title='bbox 1629 2907 1827 2942; x_wconf 85' lang='lat' dir='ltr'>vestimenta</span> <span class='ocrx_word' id='word_1_835' title='bbox 1854 2912 1914 2941; x_wconf 81' lang='lat' dir='ltr'>tua</span> <span class='ocrx_word' id='word_1_836' title='bbox 1937 2906 2087 2941; x_wconf 83' lang='lat' dir='ltr'>candida</span> <span class='ocrx_word' id='word_1_837' title='bbox 2111 2904 2236 2952; x_wconf 81' lang='lat' dir='ltr'>(Eccli.</span> <span class='ocrx_word' id='word_1_838' title='bbox 2259 2903 2327 2951; x_wconf 79' lang='lat' dir='ltr'><strong>lx).</strong></span> <span class='ocrx_word' id='word_1_839' title='bbox 2363 2902 2481 2950; x_wconf 54' lang='lat' dir='ltr'>David„</span> 
     </span>
     <span class='ocr_line' id='line_1_159' title="bbox 1434 2953 2483 3017; baseline -0.005 -14"><span class='ocrx_word' id='word_1_840' title='bbox 1434 2968 1540 3004; x_wconf 86' lang='lat' dir='ltr'>etiam</span> <span class='ocrx_word' id='word_1_841' title='bbox 1558 2979 1566 3002; x_wconf 90' lang='lat'>:</span> <span class='ocrx_word' id='word_1_842' title='bbox 1591 2966 1712 3002; x_wconf 86' lang='lat' dir='ltr'>Omnis</span> <span class='ocrx_word' id='word_1_843' title='bbox 1729 2965 1841 3013; x_wconf 84' lang='lat' dir='ltr'>9toria</span> <span class='ocrx_word' id='word_1_844' title='bbox 1860 2967 1934 3010; x_wconf 72' lang='lat' dir='ltr'>eius</span> <span class='ocrx_word' id='word_1_845' title='bbox 1951 2966 2034 3011; x_wconf 74' lang='lat' dir='ltr'>filice</span> <span class='ocrx_word' id='word_1_846' title='bbox 2048 2966 2137 3012; x_wconf 70' lang='lat' dir='ltr'>repis</span> <span class='ocrx_word' id='word_1_847' title='bbox 2153 2965 2196 3000; x_wconf 85' lang='lat' dir='ltr'>ab</span> <span class='ocrx_word' id='word_1_848' title='bbox 2214 2965 2322 3007; x_wconf 73' lang='lat' dir='ltr'>intus,</span> <span class='ocrx_word' id='word_1_849' title='bbox 2347 2963 2386 2999; x_wconf 80' lang='lat' dir='ltr'>in</span> <span class='ocrx_word' id='word_1_850' title='bbox 2398 2953 2483 3017; x_wconf 43' lang='lat' dir='ltr'>[inq</span> 
     </span>
     <span class='ocr_line' id='line_1_160' title="bbox 1435 3021 2484 3077; baseline -0.004 -15"><span class='ocrx_word' id='word_1_851' title='bbox 1435 3027 1519 3062; x_wconf 83' lang='lat' dir='ltr'>briis</span> <span class='ocrx_word' id='word_1_852' title='bbox 1549 3027 1664 3061; x_wconf 85' lang='lat' dir='ltr'>aureis</span> <span class='ocrx_word' id='word_1_853' title='bbox 1683 3026 1899 3061; x_wconf 78' lang='lat' dir='ltr'>circumdata</span> <span class='ocrx_word' id='word_1_854' title='bbox 1918 3026 2085 3061; x_wconf 83' lang='lat' dir='ltr'>varietate</span> <span class='ocrx_word' id='word_1_855' title='bbox 2116 3023 2230 3072; x_wconf 82' lang='lat' dir='ltr'>(Psal.</span> <span class='ocrx_word' id='word_1_856' title='bbox 2248 3021 2358 3071; x_wconf 80' lang='lat' dir='ltr'>xuv).</span> <span class='ocrx_word' id='word_1_857' title='bbox 2393 3021 2484 3077; x_wconf 63' lang='lat'>⁶¹⁰3</span> 
     </span>
     <span class='ocr_line' id='line_1_161' title="bbox 1436 3083 2479 3125; baseline -0.006 0"><span class='ocrx_word' id='word_1_858' title='bbox 1436 3090 1527 3125; x_wconf 84' lang='lat' dir='ltr'>riam</span> <span class='ocrx_word' id='word_1_859' title='bbox 1543 3089 1637 3124; x_wconf 89' lang='lat' dir='ltr'>intus</span> <span class='ocrx_word' id='word_1_860' title='bbox 1659 3088 1787 3123; x_wconf 85' lang='lat' dir='ltr'>animae</span> <span class='ocrx_word' id='word_1_861' title='bbox 1815 3087 1979 3123; x_wconf 88' lang='lat' dir='ltr'>decorem</span> <span class='ocrx_word' id='word_1_862' title='bbox 2007 3085 2222 3122; x_wconf 84' lang='lat' dir='ltr'>asserensin</span> <span class='ocrx_word' id='word_1_863' title='bbox 2238 3083 2388 3120; x_wconf 88' lang='lat' dir='ltr'>fimbriis</span> <span class='ocrx_word' id='word_1_864' title='bbox 2415 3092 2479 3119; x_wconf 82' lang='lat' dir='ltr'>au-</span> 
     </span>
     <span class='ocr_line' id='line_1_162' title="bbox 1438 3142 2489 3195; baseline -0.006 -9"><span class='ocrx_word' id='word_1_865' title='bbox 1438 3151 1523 3192; x_wconf 88' lang='lat' dir='ltr'>reis,</span> <span class='ocrx_word' id='word_1_866' title='bbox 1543 3159 1623 3195; x_wconf 82' lang='lat' dir='ltr'>quae</span> <span class='ocrx_word' id='word_1_867' title='bbox 1641 3148 1806 3184; x_wconf 88' lang='lat' dir='ltr'>videlicet</span> <span class='ocrx_word' id='word_1_868' title='bbox 1823 3147 1897 3183; x_wconf 91' lang='lat' dir='ltr'>sint</span> <span class='ocrx_word' id='word_1_869' title='bbox 1912 3147 2077 3182; x_wconf 80' lang='lat' dir='ltr'>virtutes.</span> <span class='ocrx_word' id='word_1_870' title='bbox 2109 3145 2180 3182; x_wconf 84' lang='lat' dir='ltr'>Sed</span> <span class='ocrx_word' id='word_1_871' title='bbox 2209 3145 2340 3182; x_wconf 86' lang='lat' dir='ltr'>horum</span> <span class='ocrx_word' id='word_1_872' title='bbox 2370 3142 2489 3195; x_wconf 44' lang='lat' dir='ltr'>vesti,</span> 
     </span>
     <span class='ocr_line' id='line_1_163' title="bbox 1437 3203 2486 3254; baseline -0.006 -10"><span class='ocrx_word' id='word_1_873' title='bbox 1437 3215 1640 3244; x_wconf 86' lang='lat' dir='ltr'>mentorum</span> <span class='ocrx_word' id='word_1_874' title='bbox 1658 3207 1822 3253; x_wconf 79' lang='lat' dir='ltr'>quaedam</span> <span class='ocrx_word' id='word_1_875' title='bbox 1841 3210 1923 3242; x_wconf 83' lang='lat' dir='ltr'>sunt</span> <span class='ocrx_word' id='word_1_876' title='bbox 1938 3206 2055 3247; x_wconf 84' lang='lat' dir='ltr'>lanea,</span> <span class='ocrx_word' id='word_1_877' title='bbox 2072 3205 2236 3251; x_wconf 82' lang='lat' dir='ltr'>quaedam</span> <span class='ocrx_word' id='word_1_878' title='bbox 2252 3208 2336 3242; x_wconf 83' lang='lat' dir='ltr'>sunt</span> <span class='ocrx_word' id='word_1_879' title='bbox 2352 3203 2486 3254; x_wconf 51' lang='lat' dir='ltr'>lineas.-</span> 
     </span>
     <span class='ocr_line' id='line_1_164' title="bbox 1437 3265 2473 3314; baseline -0.004 -10"><span class='ocrx_word' id='word_1_880' title='bbox 1437 3270 1540 3304; x_wconf 86' lang='lat' dir='ltr'>lanea</span> <span class='ocrx_word' id='word_1_881' title='bbox 1566 3267 1724 3314; x_wconf 84' lang='lat' dir='ltr'>pretiosa</span> <span class='ocrx_word' id='word_1_882' title='bbox 1744 3270 1782 3301; x_wconf 85' lang='lat' dir='ltr'>et</span> <span class='ocrx_word' id='word_1_883' title='bbox 1809 3275 1939 3311; x_wconf 77' lang='lat' dir='ltr'>magna</span> <span class='ocrx_word' id='word_1_884' title='bbox 1958 3265 2181 3309; x_wconf 83' lang='lat' dir='ltr'>multumque</span> <span class='ocrx_word' id='word_1_885' title='bbox 2205 3265 2364 3301; x_wconf 83' lang='lat' dir='ltr'>animam</span> <span class='ocrx_word' id='word_1_886' title='bbox 2385 3272 2473 3300; x_wconf 56' lang='lat' dir='ltr'>‹tav-&gt;</span> 
     </span>
     <span class='ocr_line' id='line_1_165' title="bbox 1438 3321 2413 3369; baseline -0.005 -7"><span class='ocrx_word' id='word_1_887' title='bbox 1438 3326 1625 3369; x_wconf 78' lang='lat' dir='ltr'>sacientia3</span> <span class='ocrx_word' id='word_1_888' title='bbox 1661 3325 1756 3361; x_wconf 84' lang='lat' dir='ltr'>linea</span> <span class='ocrx_word' id='word_1_889' title='bbox 1773 3333 1859 3360; x_wconf 83' lang='lat' dir='ltr'>vero</span> <span class='ocrx_word' id='word_1_890' title='bbox 1893 3323 1977 3358; x_wconf 84' lang='lat' dir='ltr'>vilia</span> <span class='ocrx_word' id='word_1_891' title='bbox 1995 3331 2193 3368; x_wconf 82' lang='lat' dir='ltr'>parumque</span> <span class='ocrx_word' id='word_1_892' title='bbox 2219 3321 2413 3358; x_wconf 77' lang='lat' dir='ltr'>calefacien</span> 
     </span>
     <span class='ocr_line' id='line_1_166' title="bbox 1438 3381 2451 3428; baseline -0.006 -6"><span class='ocrx_word' id='word_1_893' title='bbox 1438 3386 1560 3422; x_wconf 81' lang='lat' dir='ltr'>Lanea</span> <span class='ocrx_word' id='word_1_894' title='bbox 1575 3385 1686 3421; x_wconf 86' lang='lat' dir='ltr'>vestis</span> <span class='ocrx_word' id='word_1_895' title='bbox 1699 3383 1828 3420; x_wconf 81' lang='lat' dir='ltr'>animae</span> <span class='ocrx_word' id='word_1_896' title='bbox 1843 3386 1898 3418; x_wconf 86' lang='lat' dir='ltr'>est</span> <span class='ocrx_word' id='word_1_897' title='bbox 1906 3381 2108 3428; x_wconf 76' lang='lat' dir='ltr'>virginitas,</span> <span class='ocrx_word' id='word_1_898' title='bbox 2123 3381 2218 3417; x_wconf 82' lang='lat' dir='ltr'>linea</span> <span class='ocrx_word' id='word_1_899' title='bbox 2230 3381 2379 3418; x_wconf 84' lang='lat' dir='ltr'>castitas</span> <span class='ocrx_word' id='word_1_900' title='bbox 2402 3395 2451 3413; x_wconf 68' lang='lat' dir='ltr'>»m</span> 
     </span>
     <span class='ocr_line' id='line_1_167' title="bbox 1435 3443 2442 3498; baseline -0.009 -11"><span class='ocrx_word' id='word_1_901' title='bbox 1435 3449 1586 3498; x_wconf 80' lang='lat' dir='ltr'>jugalis3</span> <span class='ocrx_word' id='word_1_902' title='bbox 1602 3448 1718 3492; x_wconf 83' lang='lat' dir='ltr'>lanea,</span> <span class='ocrx_word' id='word_1_903' title='bbox 1728 3457 1748 3483; x_wconf 88' lang='lat' dir='ltr'>a</span> <span class='ocrx_word' id='word_1_904' title='bbox 1765 3450 1904 3495; x_wconf 81' lang='lat' dir='ltr'>quaestu</span> <span class='ocrx_word' id='word_1_905' title='bbox 1917 3445 1974 3482; x_wconf 82' lang='lat' dir='ltr'>vel</span> <span class='ocrx_word' id='word_1_906' title='bbox 1983 3455 2004 3480; x_wconf 83' lang='lat' dir='ltr'>a</span> <span class='ocrx_word' id='word_1_907' title='bbox 2017 3443 2232 3491; x_wconf 86' lang='lat' dir='ltr'>possidendo</span> <span class='ocrx_word' id='word_1_908' title='bbox 2245 3443 2379 3480; x_wconf 80' lang='lat' dir='ltr'>contin</span> <span class='ocrx_word' id='word_1_909' title='bbox 2399 3458 2442 3498; x_wconf 40' lang='grc' dir='ltr'>ιη</span> 
     </span>
     <span class='ocr_line' id='line_1_168' title="bbox 1439 3502 2382 3556; baseline -0.011 -6"><span class='ocrx_word' id='word_1_910' title='bbox 1439 3513 1534 3549; x_wconf 80' lang='lat' dir='ltr'>linea</span> <span class='ocrx_word' id='word_1_911' title='bbox 1550 3509 1754 3547; x_wconf 82' lang='lat' dir='ltr'>habitarum</span> <span class='ocrx_word' id='word_1_912' title='bbox 1770 3505 1918 3555; x_wconf 74' lang='lat' dir='ltr'>largitas</span> <span class='ocrx_word' id='word_1_913' title='bbox 1935 3515 2077 3549; x_wconf 79' lang='lat' dir='ltr'>rerum3</span> <span class='ocrx_word' id='word_1_914' title='bbox 2106 3505 2222 3550; x_wconf 81' lang='lat' dir='ltr'>lanea,</span> <span class='ocrx_word' id='word_1_915' title='bbox 2240 3502 2365 3556; x_wconf 67' lang='lat' dir='ltr'>eremi*</span> <span class='ocrx_word' id='word_1_916' title='bbox 2378 3522 2382 3532; x_wconf 73' lang='lat'>·‹</span> 
     </span>
     <span class='ocr_line' id='line_1_169' title="bbox 1441 3561 2446 3619; baseline -0.008 -12"><span class='ocrx_word' id='word_1_917' title='bbox 1441 3571 1582 3619; x_wconf 82' lang='lat' dir='ltr'>sophia,</span> <span class='ocrx_word' id='word_1_918' title='bbox 1601 3569 1710 3612; x_wconf 80' lang='lat' dir='ltr'>linea,</span> <span class='ocrx_word' id='word_1_919' title='bbox 1727 3567 1767 3617; x_wconf 79' lang='lat' dir='ltr'>in</span> <span class='ocrx_word' id='word_1_920' title='bbox 1779 3566 1923 3603; x_wconf 75' lang='lat' dir='ltr'>civitate</span> <span class='ocrx_word' id='word_1_921' title='bbox 1941 3563 2111 3602; x_wconf 76' lang='lat' dir='ltr'>honestas</span> <span class='ocrx_word' id='word_1_922' title='bbox 2128 3565 2204 3601; x_wconf 81' lang='lat' dir='ltr'>sive</span> <span class='ocrx_word' id='word_1_923' title='bbox 2216 3561 2409 3617; x_wconf 44' lang='lat' dir='ltr'>modestiae</span> <span class='ocrx_word' id='word_1_924' title='bbox 2427 3562 2446 3607; x_wconf 58' lang='lat' dir='ltr'><strong><em>J</em></strong></span> 
     </span>
     <span class='ocr_line' id='line_1_170' title="bbox 1441 3617 2367 3674; baseline -0.008 -7"><span class='ocrx_word' id='word_1_925' title='bbox 1441 3639 1564 3673; x_wconf 86' lang='lat' dir='ltr'>neum,</span> <span class='ocrx_word' id='word_1_926' title='bbox 1573 3634 1688 3674; x_wconf 78' lang='lat' dir='ltr'>usque</span> <span class='ocrx_word' id='word_1_927' title='bbox 1704 3625 1751 3662; x_wconf 79' lang='lat' dir='ltr'>ad</span> <span class='ocrx_word' id='word_1_928' title='bbox 1758 3629 1910 3663; x_wconf 83' lang='lat' dir='ltr'>mortem</span> <span class='ocrx_word' id='word_1_929' title='bbox 1921 3634 1988 3671; x_wconf 88' lang='lat' dir='ltr'>pro</span> <span class='ocrx_word' id='word_1_930' title='bbox 1998 3625 2148 3660; x_wconf 82' lang='lat' dir='ltr'>veritate</span> <span class='ocrx_word' id='word_1_931' title='bbox 2158 3617 2326 3668; x_wconf 56' lang='lat' dir='ltr'>certare}</span> <span class='ocrx_word' id='word_1_932' title='bbox 2347 3622 2367 3631; x_wconf 71' lang='grc'>”’</span> 
     </span>
     <span class='ocr_line' id='line_1_171' title="bbox 1443 3673 2447 3746; baseline -0.009 -19"><span class='ocrx_word' id='word_1_933' title='bbox 1443 3687 1623 3727; x_wconf 62' lang='lat' dir='ltr'>tamnen</span> <span class='ocrx_word' id='word_1_934' title='bbox 1635 3683 1748 3732; x_wconf 69' lang='lat' dir='ltr'>toqui.</span> <span class='ocrx_word' id='word_1_935' title='bbox 1789 3682 1946 3723; x_wconf 73' lang='lat' dir='ltr'>undeet</span> <span class='ocrx_word' id='word_1_936' title='bbox 1962 3682 2132 3721; x_wconf 80' lang='lat' dir='ltr'>Salomon</span> <span class='ocrx_word' id='word_1_937' title='bbox 2145 3680 2408 3746; x_wconf 56' lang='lat' dir='ltr'>Eeeloqnq</span> <span class='ocrx_word' id='word_1_938' title='bbox 2443 3673 2447 3675; x_wconf 75' lang='grc'><strong>’</strong></span> 
     </span>
    </p>
   </div>
   <div class='ocr_carea' id='block_1_14' title="bbox 2262 3723 2429 3761">
    <p class='ocr_par' dir='ltr' id='par_1_15' title="bbox 2262 3723 2429 3761">
     <span class='ocr_line' id='line_1_172' title="bbox 2262 3723 2412 3747; baseline -0.02 -4"><span class='ocrx_word' id='word_1_939' title='bbox 2262 3725 2284 3747; x_wconf 88' lang='grc'>.’,</span> <span class='ocrx_word' id='word_1_940' title='bbox 2312 3731 2313 3734; x_wconf 68' lang='grc'>’</span> <span class='ocrx_word' id='word_1_941' title='bbox 2345 3723 2412 3746; x_wconf 18' lang='lat' dir='ltr'>&#39;&#39;v&#39;&#39;</span> 
     </span>
     <span class='ocr_line' id='line_1_173' title="bbox 2403 3750 2429 3761; baseline 0 -5"><span class='ocrx_word' id='word_1_942' title='bbox 2403 3750 2429 3761; x_wconf 46' lang='grc' dir='ltr'>ρ.</span> 
     </span>
    </p>
   </div>
  </div>
 </body>
</html>
