2540 4016
53 217 96 258 81
697 205 1035 246 COMMENTARIA
1060 205 1106 242 ΙΝ
1133 205 1347 244 monum.
1373 221 1424 232 —
1444 206 1531 242 ΜΒ.
1560 207 1602 241 ll.
2217 214 2267 249 ες

50 293 167 331 nubes
183 291 412 339 evangelicas
434 287 604 325 universo
633 283 721 321 orbe
745 283 897 330 pluitur,
937 292 1010 319 non
1042 281 1119 327 jam
1138 285 1172 326 Α
1190 292 1315 330 capere
1331 292 1477 328 ,aomon-
1497 287 1528 316 et
1542 291 1633 328 pone
1649 291 1770 317 coram
1791 280 1946 318 Domino
1975 285 2021 320 ad
2053 286 2265 326 servandum

51 352 294 391 murmuranti
307 355 346 388 et
372 347 525 387 tentanti
558 345 772 394 Synagogae,
793 344 856 382 sed
892 343 1056 381 credenti
1082 349 1120 380 et

51 414 88 451 in
109 414 171 451 illo
184 422 286 461 spem
301 408 449 458 ponenti
469 407 655 444 Ecclesiae.
676 406 753 443 Hoc
772 410 829 442 est
859 410 980 441 autem
1015 414 1119 440 man-

50 485 98 511 na
120 473 342 512 indeficiens.
362 469 430 506 Hic
444 474 500 506 est
515 468 622 516 panis
641 477 750 504 verus
771 471 809 503 et
833 465 996 503 coelestis
1014 465 1118 502 cibus

49 536 271 584 angelorum,
306 531 402 578 quod
432 530 495 567 Dei
520 530 681 567 Verbum
710 527 965 576 corruptibiles
994 527 1117 563 incor-

47 594 264 644 ruptibiliter
281 592 416 639 pascit;
438 591 534 638 quod
549 596 589 626 ut
607 590 845 626 manducaret
878 589 1002 632 homo,
1034 599 1117 624 caro

48 655 181 702 sactum
199 658 262 694 est,
283 658 316 687 et
330 651 499 687 habitavit
517 651 553 686 in
570 650 669 686 nobis
690 650 819 698 (Joan.
839 661 848 685 1
868 649 895 697 ),
917 660 988 695 quo
1006 649 1117 684 etiam

47 717 109 763 qui
124 721 333 758 vescuntur,
351 713 589 760 spiritualiter
614 714 754 749 vivunt.
778 712 869 748 Nam
889 712 939 748 illi
955 717 1117 747 veterem

45 778 195 823 liguram
231 775 427 812 carnaliter
460 773 696 821 accipientes,
731 774 867 810 mortui
904 777 1000 809 sunt.
1037 770 1116 807 Non

43 837 241 884 incongrue
263 842 299 872 et
318 846 383 882 per
400 846 534 872 manna
567 835 678 871 etiam
710 834 875 870 coelestia
906 832 1118 880 significan-

43 905 101 935 tur
119 899 281 945 eloquia;
302 897 396 934 unde
414 904 449 934 et
470 897 723 943 interpretatio
750 895 906 932 nominis
923 895 978 931 sic
997 899 1115 930 sonat.

42 960 173 996 Manna
191 961 300 996 etiam
315 961 390 996 sive
407 959 540 995 manhu
556 958 830 1003 interpretatur,
850 954 937 1001 quid
952 959 1009 990 est
1023 953 1117 990 hoc?

41 1023 131 1059 Cum
151 1024 249 1059 euim
276 1022 442 1058 audimus
463 1021 579 1067 legem
601 1020 663 1055 Dei
689 1018 835 1055 recitari
871 1018 906 1053 in
944 1017 1115 1061 ecclesia,

40 1084 308 1130 interrogamus
326 1083 495 1119 doctores
516 1082 694 1124 dieentes,
711 1080 805 1125 Quid
822 1085 878 1115 est
903 1079 994 1116 hoc?
1025 1078 1116 1114 Item

42 1145 228 1181 moraliter
247 1155 311 1191 per
330 1155 479 1187 manna,
500 1144 596 1190 quod
634 1143 766 1190 populo
797 1143 951 1188 desuper
991 1142 1117 1177 datum

1187 346 1224 381 in
1242 344 1485 391 qenerationes
1501 348 1648 386 vestras,
1665 342 1756 378 sicut
1769 343 1935 390 proecept't
1947 342 2122 383 Dominus
2133 346 2264 396 Moysi.

1189 406 1383 453 Posuitque
1401 405 1491 442 illud
1509 406 1630 441 Aaron
1642 405 1680 441 in
1697 404 1927 442 tabernaculo
1947 407 2210 455 reservandum,
2228 417 2268 450 et

1187 472 1331 505 caetera.
1351 467 1424 514 (Ex
1439 466 1674 514 Auqustino.)
1695 465 1815 511 Quaeri
1831 472 1954 515 potest
1971 468 2034 504 ubi
2054 467 2179 506 Aaron
2203 481 2267 517 po-

1187 534 1290 566 neret
1315 534 1400 565 ante
1434 528 1565 572 Deum,
1602 529 1747 574 quando
1782 539 1851 566 nec
1881 529 1996 566 ullum
2031 530 2267 568 simulacrum

1188 588 1271 633 suit,
1291 599 1359 625 nec
1374 599 1459 625 arca
1486 589 1694 625 testamenti
1723 589 1799 637 iam
1834 589 1953 627 suerat
1991 578 2173 628 instituta.
2212 592 2267 629 An

1187 650 1282 687 forte
1301 651 1383 688 ideo
1400 651 1445 687 de
1461 650 1583 688 l'uturo
1602 651 1709 694 dixit,
1726 651 1909 699 Repones,
1931 659 1971 690 ut
2002 653 2270 701 intelligeretur

1188 719 1275 749 tunc
1295 718 1380 749 ante
1401 713 1515 749 Deum
1533 724 1641 760 posse
1671 714 1812 761 reponi,
1851 715 1998 761 quando
2030 715 2151 752 futura
2187 722 2269 753 erat

1188 775 1297 811 arca?
1314 785 1359 810 an
1380 775 1502 822 potius
1529 780 1612 812 ante
1633 776 1746 812 Deum
1772 775 1909 813 dictum
1928 782 1996 820 est,
2019 778 2115 824 quod
2131 777 2171 813 fit
2190 778 2269 825 ipsa

1188 838 1381 875 devotione
1400 839 1590 881 offerendi,
1618 840 1653 875 iu
1687 850 1904 886 quocunque
1938 840 2016 878 loco
2048 844 2269 888 poneretur?

1188 899 1248 934 ubi
1266 900 1363 935 enini
1383 910 1456 936 non
1479 899 1599 935 Deus?
1619 898 1691 935 Sed
1708 900 1795 936 illud
1812 901 1909 947 quod
1930 900 2117 948 adjungat,
2149 908 2186 939 et
2218 915 2265 939 re-

1187 959 1301 1005 posuit
1314 958 1435 994 Aaron
1452 966 1533 995 ante
1549 960 1786 996 testimonium
1803 960 1849 995 ad
1867 961 2091 1004 servandum,
2105 962 2266 1008 priorem

1189 1020 1303 1066 magis
1329 1029 1474 1055 sensum
1497 1021 1626 1066 aperit.
1650 1021 1727 1057 Hoc
1749 1022 1846 1057 enim
1867 1023 1975 1059 modo
1995 1023 2183 1071 Scriptura
2216 1025 2270 1060 di-

1188 1081 1241 1116 xit
1258 1091 1324 1127 per
1344 1081 1544 1128 prolepsin,
1567 1082 1662 1127 quod
1681 1087 1806 1127 postea
1827 1082 1963 1119 sactum
1985 1090 2055 1127 est,
2073 1095 2156 1121 cum
2186 1096 2267 1122 esse

1190 1145 1301 1190 coepit
1323 1143 1599 1180 tabernaculum
1622 1144 1836 1179 testimonii.
1873 1143 1960 1179 Filii
1994 1152 2114 1180 aulem
2152 1145 2268 1181 Israel

39 1214 109 1250 est,
129 1207 322 1243 admiratio
344 1216 510 1253 superuae
528 1205 730 1242 dulcedinis
751 1205 973 1251 designatur.
992 1203 1115 1240 Dulcis
1134 1201 1166 1240 B
1186 1205 1413 1241 comederant
1435 1218 1564 1241 imnum
1579 1205 1818 1252 quadraginta
1834 1206 1950 1247 annis,
1978 1205 2088 1241 donec
2109 1207 2265 1241 venirent

41 1269 137 1305 enini
156 1269 271 1312 cibus,
293 1269 355 1314 qui
377 1269 421 1304 de
440 1268 607 1315 supernis
625 1267 816 1314 accipitur,
837 1266 974 1302 manhu
1005 1276 1113 1302 voca-

39 1336 117 1374 tur3
145 1330 278 1366 Manbu
306 1330 420 1374 enim,
459 1336 498 1366 ut
533 1340 643 1376 supra
675 1330 812 1365 dictum
852 1334 921 1371 est,
965 1329 1111 1372 dieitur,

38 1393 124 1439 quid
146 1398 201 1430 est
224 1393 317 1429 hoc?
335 1393 393 1436 Et,
421 1392 506 1438 quid
522 1397 578 1428 εει
596 1392 677 1435 hoc,
695 1391 865 1435 dicimus,
881 1391 1028 1438 quando
1044 1391 1112 1427 boc

39 1455 134 1501 quod
173 1456 356 1492 cernimus
388 1456 594 1492 nescientes
629 1455 867 1491 admiramur.
906 1454 1112 1501 Supernum

39 1515 149 1563 igitui-
166 1526 299 1552 manna
316 1518 437 1552 anima
458 1517 649 1563 percipiet,
673 1527 756 1552 cum
777 1527 844 1563 per
860 1527 987 1552 vocem
1009 1527 1112 1552 com-

38 1577 244 1624 punctionis
262 1578 416 1622 elevata,
433 1589 564 1614 novam
586 1579 743 1625 speciem
763 1579 918 1614 internae
945 1578 1115 1615 resectio-

39 1638 96 1673 nis
122 1639 360 1684 obstupescit,
381 1643 419 1674 ut
434 1639 554 1674 divina
574 1639 764 1675 dulcedine
788 1639 926 1686 repleta
954 1639 1038 1686 jure
1057 1650 1114 1676 re-

39 1700 231 1746 spondeat,
253 1700 345 1745 Quid
362 1706 417 1736 est
434 1701 526 1737 hoc?
545 1700 631 1745 Quae
652 1701 736 1736 dum
757 1701 803 1736 ab
830 1700 955 1736 infima
973 1702 1112 1749 cogita·

40 1762 137 1798 tione
153 1763 398 1808 suspenditur,
418 1773 458 1798 ea
477 1773 557 1808 quae
578 1762 622 1798 de
648 1763 817 1809 supernis
845 1763 1024 1809 conspicit
1060 1763 1115 1799 in-

40 1823 144 1859 solite
159 1824 332 1867 miratur;
352 1829 389 1860 et
406 1834 489 1860 cum
514 1825 582 1860 hac
598 1834 686 1860 voce
707 1825 865 1870 torporis
895 1826 1009 1860 nostri
1031 1835 1111 1861 sor-

41 1885 133 1921 ditas
147 1886 340 1932 rumpitur,
359 1891 510 1921 vetustae
525 1886 608 1921 vitae
635 1886 802 1932 protinus
819 1896 908 1922 usus
927 1893 1110 1923 mutatur:

41 1953 80 1983 ut
98 1947 217 1983 anima
235 1958 392 1993 superno
412 1948 540 1995 spiritu
563 1947 698 1992 afflata,
719 1954 756 1984 et
785 1948 821 1983 in
857 1950 1010 1985 summis
1049 1959 1112 1995 ap-

39 2014 138 2055 petat
166 2019 244 2055 quae
276 2015 560 2056 contempserat,
594 2015 630 2046 et
665 2015 875 2046 contemnat
906 2011 943 2046 in
978 2011 1113 2048 intimis

39 2080 119 2118 quae
139 2071 344 2118 appetebat.
363 2071 443 2119 (Ex
480 2071 660 2120 Isidoro.)
699 2071 776 2108 Hoc
817 2078 938 2108 autem
977 2084 1109 2110 manna

1184 1268 1225 1302 in
1243 1273 1375 1302 terram
1393 1266 1634 1302 habitabilem.
1654 1265 1731 1302 Hoc
1747 1267 1824 1301 cibo
1857 1265 1935 1302 alili
1964 1271 2046 1302 sune
2084 1277 2264 1314 usquequo

1185 1334 1367 1375 tansferent
1388 1328 1476 1374 fines
1505 1334 1606 1363 terra‘
1633 1326 1820 1363 Chanaan.
1845 1328 1926 1364 Filii
1957 1333 2094 1372 autem,
2130 1328 2264 1375 inquit,

1184 1389 1294 1426 lsrael
1333 1390 1488 1425 ederunt
1521 1400 1653 1424 manna
1697 1390 1802 1425 annis
1835 1390 2090 1437 quadraginta,
2126 1390 2266 1437 quoad-

1186 1462 1299 1498 usque
1316 1452 1485 1488 venirent
1509 1452 1543 1488 in
1568 1459 1703 1488 terram
1720 1464 1799 1499 quae
1816 1454 2013 1490 habitatur.
2035 1454 2165 1490 Manna
2179 1455 2266 1490 ede-

1186 1519 1283 1555 runt,
1303 1514 1540 1560 quoadusque
1560 1514 1729 1549 venirent
1767 1515 1801 1549 in
1830 1521 1967 1550 terrain
1987 1515 2175 1551 Clianaan.
2206 1514 2264 1551 Si-

1185 1576 1372 1621 gnificavit
1394 1575 1584 1622 Scriptura
1602 1587 1667 1623 per
1682 1577 1882 1624 prolepsin,
1910 1578 1945 1614 id
1970 1584 2038 1621 est,
2078 1579 2147 1615 hoc
2183 1579 2264 1616 loco

1186 1640 1440 1681 memorando,
1462 1640 1556 1685 quod
1595 1640 1704 1675 ctiam
1739 1646 1865 1686 postea
1905 1640 2040 1677 sactum
2076 1646 2139 1685 est·
2191 1652 2263 1677 non

1184 1702 1302 1739 edisse
1319 1702 1412 1739 lilios
1424 1702 1534 1738 lsrael
1553 1703 1586 1738 in
1602 1713 1726 1739 eremo
1749 1703 1819 1739 nisi
1835 1713 1981 1739 manna.
2001 1702 2078 1739 lloc
2091 1708 2147 1739 est
2167 1705 2266 1740 enim

1186 1764 1282 1809 quod
1299 1764 1363 1805 ait,
1386 1763 1555 1810 usquead
1575 1769 1707 1798 terram
1741 1775 1820 1811 quw
1853 1764 2091 1808 inhabitatur,
2127 1765 2161 1800 id
2195 1771 2265 1808 cst,

1181 1824 1256 1871 jam
1283 1836 1355 1861 nou
1379 1831 1434 1862 est
1462 1835 1621 1861 eremus.
1640 1824 1719 1860 Non
1738 1826 1821 1871 quia
1840 1826 2014 1862 continuo
2033 1832 2071 1862 ut
2088 1833 2269 1863 venerunt

1185 1887 1230 1923 ad
1252 1893 1389 1923 terram
1407 1886 1699 1930 inhabitabilem,
1725 1887 1945 1923 destiterunt
1978 1887 2077 1923 vesei
2113 1898 2263 1932 manna,

1184 1948 1247 1984 sed
1268 1948 1352 1994 quia
1371 1958 1443 1983 non
1464 1953 1560 1984 ante.
1579 1948 1749 1993 TraJecto
1771 1949 1867 1985 enim
1888 1948 2049 1986 Jordane
2082 1949 2267 1996 signitica-

1184 2015 1244 2045 tur
1263 2019 1398 2045 manna
1416 2019 1578 2052 cessare,
1594 2008 1655 2044 ubi
1677 2019 1791 2055 panes
1809 2015 1914 2045 terrae
1935 2011 2263 2047 manducaverunt.

1184 2070 1286 2115 Quod
1297 2080 1382 2116 ergo
1391 2069 1547 2116 ingressi
1563 2075 1648 2106 sunt
1657 2069 1895 2106 habitabilem
1908 2075 2056 2115 terram,
2068 2077 2264 2117 antequam

39 2131 215 2168 minutum
233 2138 312 2168 erat
327 2133 557 2169 sieutsemen
573 2133 770 2177 coriandri,
793 2134 912 2170 album
930 2140 966 2170 et
982 2146 1106 2172 suave.
1130 2125 1158 2166 C
1182 2134 1384 2169 transirent
1401 2131 1613 2176 Jordanem,
1636 2132 1693 2169 vel
1715 2138 1857 2169 tantum
1889 2144 2023 2170 manna
2055 2134 2169 2178 vesci,
2207 2134 2266 2170 vel

40 2192 132 2237 Quid
151 2195 262 2231 verbo
283 2194 346 2231 Dei
366 2196 556 2239 minutius,
573 2196 705 2242 quidve
727 2196 910 2240 subtilius,
929 2204 992 2234 aut
1022 2199 1109 2245 quid

40 2255 180 2293 dulcius
197 2263 234 2293 et
257 2259 402 2295 suavius
427 2259 581 2305 eloquiis
601 2260 679 2303 Dei,
702 2271 783 2307 quae
800 2269 885 2297 sunt
909 2271 1017 2308 super
1038 2260 1109 2298 mel

40 2321 76 2354 et
96 2316 216 2353 favum
233 2319 248 2353 ἱ)
266 2318 336 2355 Sed
352 2320 438 2366 quid
459 2326 515 2356 est
533 2322 629 2367 quod
651 2328 755 2358 sexta
776 2322 834 2358 die
851 2321 999 2368 duplum
1037 2323 1111 2359 col-

41 2379 100 2426 ligi
116 2379 276 2426 jubetur,
300 2383 395 2428 quod
411 2383 521 2419 etiam
543 2383 700 2419 sufficiat
727 2385 763 2420 in
789 2385 966 2420 sabbato?
997 2384 1109 2420 Sexta

40 2444 117 2480 dies
135 2444 204 2480 ista
218 2448 274 2479 est
290 2449 391 2480 sexta
409 2449 498 2480 aetas
515 2445 653 2487 mundi,
677 2445 711 2480 in
732 2455 804 2491 qua
834 2456 931 2481 nuuc
968 2456 1107 2482 sumus.

38 2505 78 2542 ln
98 2506 165 2541 hac
179 2516 265 2553 ergo
283 2506 428 2552 duplum
445 2507 593 2553 colligit,
614 2507 676 2553 qui
711 2514 862 2555 propter
892 2519 994 2555 spem
1029 2509 1111 2544 vitze

40 2571 184 2604 aeternae
202 2569 351 2604 verbum
373 2569 435 2604 Dei
456 2574 492 2604 et
511 2569 611 2604 audit
629 2568 781 2605 etfacit.
808 2569 847 2604 In
872 2570 940 2605 hac
962 2569 1110 2615 duplum

41 2629 220 2672 recondit,
242 2629 303 2675 qui
326 2635 362 2665 et
386 2631 478 2666 bene
512 2630 604 2666 vivit
630 2635 666 2666 et
704 2631 786 2666 aliis
821 2631 1110 2666 misericordiam

41 2691 191 2738 praebet.
212 2689 313 2733 Quod
336 2690 579 2736 reponebatur
607 2696 759 2736 propter
793 2691 996 2733 sabbatum,
1039 2700 1112 2727 non

40 2751 353 2797 corrumpebatur.
376 2751 474 2786 Bona
490 2751 587 2786 enim
607 2761 716 2797 opera
738 2750 833 2787 sacta
870 2757 1019 2797 propter
1052 2750 1109 2787 fu-

42 2819 158 2850 turam
178 2812 340 2858 requiem
358 2812 395 2847 in
413 2811 535 2848 futuro
555 2812 686 2848 saeculo
716 2818 944 2858 permanent.
968 2812 1035 2857 Qui
1053 2823 1112 2849 ve-

41 2884 81 2910 ro
95 2873 256 2910 infideles
274 2880 392 2916 erant,
415 2878 451 2910 et
468 2879 602 2919 praeter
619 2883 767 2910 causam
805 2874 947 2910 sabbati
986 2884 1110 2910 serva-

42 2935 128 2971 bant
146 2935 189 2970 de
208 2944 353 2977 manna,
374 2934 596 2971 ebulliebant
614 2944 659 2971 ex
689 2944 733 2971 eo
756 2945 900 2971 vermes
937 2940 974 2971 et
1009 2945 1109 2972 com-

42 2996 280 3042 putrescebat.
301 2995 362 3032 Sic
378 3001 414 3033 et
432 2997 493 3043 qui
510 3000 659 3042 propter
674 3002 893 3042 praesentem
922 2996 1037 3032 vitam
1071 3002 1108 3033 et

43 3066 202 3094 amorem
222 3056 344 3094 saeculi
364 3057 632 3100 thesaurizant,
654 3057 712 3093 his
730 3062 766 3093 et
786 3057 847 3093 ille
857 3058 994 3094 vermis
1007 3058 1110 3095 ebul-

42 3116 84 3154 lit
97 3119 160 3166 qui
177 3129 250 3155 non
269 3119 461 3155 morietur.
483 3118 547 3155 Isti
567 3123 654 3155 sunt
669 3127 828 3163 vermes,
847 3128 939 3164 quos
957 3125 1108 3164 generat

44 3179 193 3217 avaritia
212 3185 250 3217 et
267 3181 479 3218 divitiarum
494 3191 591 3217 caeca
612 3181 808 3227 cupiditas.
847 3180 892 3216 Hi
926 3187 1011 3217 sunt
1047 3183 1109 3228 qui

20 3239 175 3279 ‘bahent
197 3243 385 3290 pecunias,
401 3248 438 3280 et
456 3242 623 3279 videntes
655 3243 693 3279 in
726 3242 945 3279 necessitate
974 3243 1109 3280 fratres

0 3327 1 3348 ;
45 3309 140 3348 flos,
167 3303 338 3340 claudunt
356 3305 403 3341 ab
424 3304 479 3340 eis
492 3304 632 3341 viscera
649 3314 727 3340 sua.
749 3303 822 3341 Sed
839 3309 876 3340 et
899 3305 931 3341 is
948 3305 1011 3351 qui
1026 3311 1109 3352 post

173 3370 248 3402 tum
278 3365 344 3402 Dei
376 3365 528 3402 verBum
560 3371 704 3413 peccat,
737 3365 897 3402 efficitur
925 3366 959 3403 ei
989 3367 1108 3413 ipsum

144 3427 274 3464 erbum
287 3428 438 3473 vermis,
469 3428 534 3475 qui
561 3427 640 3474 ejus
670 3437 816 3475 semper
846 3429 1108 3466 conscientiam

21 3489 24 3512 ¹
182 3495 226 3526 ,et
243 3500 378 3528 arcana
393 3491 554 3538 pectoris
573 3491 704 3535 rodat;
727 3501 937 3538 quanquam
964 3496 1001 3526 et
1029 3501 1112 3527 ver-

21 3560 25 3583 ·
49 3543 194 3732 ξ
159 3592 162 3594 ,
192 3551 380 3599 obustus,
395 3554 476 3602 ipso
492 3554 665 3600 loquente
685 3566 695 3590 :
716 3553 794 3600 Eyo
811 3559 929 3589 autem
943 3564 1022 3589 sum
1036 3563 1112 3589 ver-

20 3621 25 3636 *
72 3612 75 3614 ’
250 3614 506 3664 ltomo(Psal.
539 3615 640 3664 xxi).
676 3614 779 3652 Sicut
809 3615 906 3652 enim
942 3615 1020 3661 ipse
1053 3619 1111 3651 est

347 3677 489 3716 aliis·
478 3689 519 3715 m
534 3677 858 3721 resurrectionem,
874 3677 925 3713 ita
954 3682 990 3712 et
1028 3675 1107 3722 ipse

23 3725 431 3791 m
444 3741 591 3788 ῳιᾱαη
617 3740 772 3778 mnodo
790 3739 922 3783 melus,
953 3738 1110 3775 infideli-

22 3796 26 3829 ¹
51 3793 142 3832 ΜΒ
140 3786 684 3850 marsisque
706 3800 848 3849 noym
874 3800 932 3837 aa·
952 3800 1108 3837 Aaron:

23 3853 165 3898 Sume
180 3866 241 3894 vas
254 3863 381 3906 uniunt,
393 3865 430 3900 et
449 3861 548 3901 mitte
561 3862 611 3900 ibi
624 3873 772 3909 manna,
802 3867 976 3911 quantum
997 3864 1112 3910 potest

20 3952 27 4016 ,ὲ
56 3952 93 4016 R

1180 2203 1338 2242 utroque
1355 2195 1437 2231 cibo
1452 2200 1662 2241 potuerunt.
1685 2195 1763 2231 Hoc
1780 2196 1914 2243 quippe
1949 2195 2098 2244 intelligi
2128 2202 2262 2243 potest,

1180 2258 1326 2304 quando
1350 2268 1516 2294 cessasse
1542 2268 1674 2293 manna
1706 2267 1779 2294 non
1823 2258 1969 2300 dicitur,
2006 2258 2077 2295 nisi
2109 2257 2264 2305 trajecto

1179 2318 1349 2355 Jordane.
1370 2317 1443 2354 Cur
1465 2324 1589 2354 autem
1608 2319 1644 2355 in
1662 2318 1722 2355 illa
1745 2319 1862 2355 eremi
1883 2319 2003 2366 inopia
2025 2320 2138 2357 etiam
2175 2330 2258 2356 ear-

1181 2392 1245 2418 nes
1265 2381 1583 2424 desideraverunt,
1613 2381 1760 2427 quando
1793 2381 1837 2417 de
1858 2376 2031 2430 'AEgypto
2065 2393 2147 2418 eum
2186 2383 2264 2418 suis

1181 2443 1307 2478 multis
1326 2443 1521 2489 pecoribus
1536 2443 1720 2486 exierunt,
1745 2453 1876 2491 magna
1903 2443 2058 2490 quaestio
2094 2449 2173 2487 est;
2191 2443 2263 2480 nisi

1183 2504 1277 2539 sorte
1293 2504 1450 2546 dicatur,
1471 2514 1554 2539 eum
1590 2513 1656 2549 per
1685 2513 1851 2539 eremum
1884 2514 2019 2549 pascua
2053 2509 2154 2538 tanta
2189 2513 2262 2539 non

1181 2570 1317 2607 essent,
1340 2570 1442 2601 etex
1477 2575 1519 2600 eo
1553 2565 1673 2599 minor
1701 2564 1823 2599 sutura
1857 2564 2025 2599 videatur
2058 2564 2263 2602 fecunditas

1180 2637 1368 2672 pecorum,
1389 2625 1597 2671 pepercisse
1618 2624 1687 2660 illis
1706 2624 1914 2670 pecoribus,
1931 2635 1991 2668 ne,
2010 2625 2179 2661 omnibus
2193 2625 2260 2662 de-

1182 2686 1401 2726 ficientibus,
1430 2685 1539 2720 etiam
1574 2683 1765 2720 sacrificiis
1798 2684 2005 2720 necessaria
2030 2684 2260 2722 defuissent:

1180 2747 1237 2784 vel
1262 2748 1291 2783 si
1315 2747 1403 2793 quid
1417 2746 1513 2782 aliud
1530 2746 1600 2782 dici
1618 2750 1739 2791 potest
1758 2745 1855 2781 unde
1880 2746 2034 2792 quaestio
2054 2746 2113 2782 illa
2142 2747 2263 2784 solva-

1182 2816 1254 2845 tur.
1274 2807 1544 2855 Congruentius
1562 2812 1684 2844 tamen
1701 2807 1864 2844 creditur
1883 2817 1953 2844 non
1974 2818 2037 2844 eos
2054 2818 2184 2844 carnes
2202 2809 2263 2845 de-

1181 2871 1342 2907 siderare
1358 2868 1467 2915 'quas
1500 2868 1545 2905 de
1575 2869 1771 2916 pecoribus
1811 2869 1949 2905 habere
1978 2874 2164 2915 poterant,
2197 2869 2263 2906 sed

1178 2942 1257 2977 eas,
1272 2942 1353 2978 quae
1372 2932 1538 2975 deerant,
1559 2941 1604 2966 ex
1626 2931 1732 2978 aquis
1750 2931 1932 2968 videlicet.
1952 2930 2054 2978 lpsas
2073 2932 2207 2978 quippe
2222 2931 2261 2968 in

1181 2993 1240 3030 illa
1259 3003 1383 3030 eremo
1411 3003 1483 3030 non
1505 2992 1750 3036 inveniebant,
1782 2992 1880 3029 unde
1908 2992 1981 3029 illis
2011 2998 2262 3040 ortygometra

1183 3057 1268 3092 data
1292 3062 1362 3099 est,
1389 3056 1426 3091 id
1442 3060 1511 3100 est,
1531 3066 1634 3099 aves,
1655 3066 1747 3102 quas
1773 3056 1982 3093 coturnices
1999 3055 2103 3092 multi
2136 3055 2259 3094 Latini

1183 3118 1412 3165 interpretati
1438 3123 1538 3162 sunt,
1565 3129 1648 3155 cum
1670 3118 1719 3154 sit
1740 3118 1835 3155 aliud
1863 3129 1979 3166 genus
2011 3118 2132 3155 avium
2158 3123 2260 3164 orty-

1182 3187 1360 3229 gometra‚
1397 3181 1565 3228 quamvis
1603 3181 1852 3218 coturnicibus
1889 3192 1963 3218 non
1995 3188 2259 3228 usquequaque

1183 3245 1371 3283 dissimile.
1387 3243 1548 3281 Noverat
1574 3244 1674 3281 enim
1702 3244 1799 3280 Deus
1838 3243 1926 3291 quid
1952 3240 2255 3282 desideraverint,

1183 3312 1220 3343 et
1254 3306 1475 3343 desiderium
1513 3316 1656 3350 eorum,
1690 3316 1763 3352 quo
1780 3306 1903 3342 carnis
1935 3313 2068 3350 genere
2089 3302 2255 3339 satiaret.

1183 3370 1256 3407 Sed
1272 3370 1357 3418 quia
1389 3369 1580 3415 Scriptura
1599 3368 1852 3414 concupivisse
1884 3367 1963 3403 illos
1993 3374 2123 3401 carnes
2151 3363 2256 3400 dixe-

1182 3436 1254 3475 rat,
1271 3440 1342 3468 nec
1371 3434 1604 3477 expresserat
1634 3427 1836 3474 cujusmodi
1865 3434 2010 3467 earnm,
2042 3423 2125 3460 ideo
2152 3433 2256 3471 quae-

1182 3492 1254 3528 stio
1283 3490 1382 3527 facta
1415 3497 1485 3526 est.
1522 3488 1729 3525 Notandum
1767 3490 1888 3520 autem
1923 3484 2023 3530 quod
2046 3483 2255 3520 secundum

1180 3553 1290 3588 aliam
1317 3551 1515 3588 editionem
1542 3549 1600 3584 bic
1634 3547 1734 3582 locus
1774 3543 1973 3592 Scripturae
2003 3545 2056 3582 ita
2089 3544 2251 3592 legitur:

1181 3612 1319 3649 Manna
1337 3611 1486 3646 ederunt
1509 3607 1575 3653 filii
1603 3604 1735 3650 Israel,
1771 3606 2003 3654 quoadusque
2033 3607 2190 3643 venirent
2214 3606 2255 3642 in

1179 3675 1315 3720 partem
1332 3667 1528 3704 Phoem'ces.
1545 3665 1627 3703 Jam
1643 3665 1803 3711 dixerat,
1819 3677 2000 3715 quousque
2027 3665 2185 3702 venirene
2211 3665 2254 3703 itt

1181 3738 1312 3768 terram
1327 3739 1406 3777 quoe
1430 3727 1664 3764 inhabitatur.
1699 3726 1772 3765 Sed
1795 3727 1882 3774 quia
1910 3737 1985 3764 non
2011 3733 2254 3775 expresserat

1180 3792 1328 3842 proprie
1345 3801 1456 3838 quam
1474 3789 1627 3834 diceret,
1645 3788 1864 3837 repetitione
1889 3787 2037 3827 videtur
2051 3787 2250 3836 quamdam

1182 3854 1440 3906 proprietatem
1452 3851 1677 3901 expressisse
1692 3850 1862 3900 dicendo,
1878 3851 1918 3890 in
1933 3855 2072 3900 partem
2102 3848 2251 3890 Pboem’-
