2540 4016
68 209 144 248 457
480 208 547 254 -ae

71 350 198 393 gentes
218 357 343 384 omnes
373 346 535 384 esibilem
561 348 650 396 legis
669 349 841 396 fructum,
877 356 1122 399 operationem

71 405 252 451 videlicet,
281 408 494 444 habuerunt.
519 407 591 456 (Ex
606 408 804 459 Gregorio.)
823 411 1028 451 Secundum
1049 420 1124 451 tro-

68 466 249 512 pologiam
264 476 360 510 vero,
382 467 479 514 ligna
494 469 669 514 pomifera
689 476 773 507 sunt
791 481 901 518 opera
926 473 1122 511 virtutibus

69 522 235 562 fecunda.
262 527 442 573 Praeputia
459 529 579 575 itaque
593 528 772 576 lignorum
790 531 1000 578 auferimus,
1038 545 1120 572 cum

67 583 113 619 de
130 585 206 631 ipsa
226 587 462 624 inchoationis
488 588 695 626 infirmitate
715 593 886 638 suspecti,
913 594 1113 639 primordia

67 649 276 681 nostrorum
304 657 454 692 operum
472 659 542 685 non
562 651 815 696 approbamus.
853 652 964 689 Poma
1000 659 1121 691 autem

66 712 147 748 quae
173 705 377 750 germinant
414 708 598 745 immunda
619 711 795 755 ducimus,
829 713 1035 759 nostrisque
1053 716 1120 751 esi-

65 762 134 800 bus
156 774 228 800 non
247 770 427 810 aptamus,
446 769 530 813 quia
554 779 635 805 cum
650 771 846 816 primordia
865 773 952 808 boni
966 773 1119 809 laudan-

67 826 126 858 tur
145 824 275 868 operis,
316 826 463 871 dignum
487 833 542 863 est
559 834 597 864 ut
624 830 693 865 hoc
719 831 878 866 animum
903 841 974 866 non
990 839 1118 877 pascat

61 883 264 927 operantis,
295 895 340 920 ne
366 886 450 921 dum
476 894 621 934 accepta
646 889 725 925 laus
750 890 911 925 suaviter
936 892 1109 937 carpitur,

62 939 202 978 fructus
225 944 344 988 operis
364 944 615 992 intempestive
629 947 850 983 comedatur.
872 948 939 992 Qui
958 960 1044 996 ergo
1060 951 1116 986 in-

62 1000 201 1037 choatae
231 1003 376 1040 virtutis
411 1006 456 1040 ab
486 1006 641 1041 humano
660 1016 722 1042 ore
745 1006 885 1043 laudem
922 1012 1113 1056 receperit,

61 1062 166 1106 quasi
191 1062 343 1108 plantati
369 1063 456 1108 ligni
488 1069 571 1099 ante
597 1069 736 1110 tempus
766 1076 913 1112 pomum
943 1071 1110 1107 comedit.

60 1119 153 1157 Hinc
170 1131 235 1167 per
248 1121 475 1158 Psalmistam
495 1123 637 1161 Veritas
652 1125 760 1162 dicit·
785 1126 922 1164 Vanum
941 1137 991 1165 est
1017 1133 1112 1168 vobis

101 254 113 265 ⁸
674 212 1008 254 EXPOSITIONES
1031 216 1079 255 IN
1101 219 1368 260 LEVlTICUM.
1393 216 1442 251 -ss-‘-
1465 224 1551 262 Lm.
1577 218 1637 265 vl.
1709 184 1780 259 ’

71 287 154 323 n‘t‘n
172 285 337 332 populus,
372 287 488 346 idest,
513 286 552 323 hi
578 287 641 335 qui
661 298 706 326 ex
722 290 776 326 eis
811 293 1055 339 crediderunt,
1086 300 1123 331 et
1139 298 1175 338 A

2165 245 2235 282 458

1192 299 1338 336 student
1355 309 1477 338 comas
1494 314 1503 337 ε
1522 307 1672 349 propter
1686 305 1783 350 quod
1796 298 1866 344 hoc
1882 307 2236 368 Septuaginta-simu,

1190 357 1345 394 forsitan
1359 365 1507 407 propter
1521 363 1807 409 magnitudinem
1821 376 2080 408 concursorum
2094 380 2240 422 capillo-

1191 426 1284 460 rum,
1302 419 1585 464 appellaverunt.
1596 421 1678 458 Non
1691 430 1836 470 oportet
1846 432 1966 464 autem
1982 429 2048 466 boc
2069 433 2161 477 tieri,
2179 438 2243 474 sed

1189 481 1378 515 contentos
1390 490 1470 516 esse
1486 482 1708 520 naturalibus
1724 488 1961 531 ornamentis,
1971 495 2007 525 et
2019 491 2110 527 nihil
2119 495 2244 539 exqui-

1187 546 1286 581 rere,
1318 538 1389 575 nisi
1405 539 1560 577 forsitan
1578 541 1788 586 Creatorem
1817 545 1954 593 aliquid
1981 549 2179 598 indiguisse
2197 555 2243 592 ad

1188 596 1450 642 perficiendum
1466 600 1600 637 animal
1622 612 1850 641 accusamus.
1873 605 1945 643 Sed
1970 619 2038 646 nec
2057 611 2245 651 cincinnos

1188 655 1329 692 nutrire
1347 656 1385 692 in
1400 657 1538 695 honore
1554 659 1758 698 daemonum
1787 665 1924 710 capillis
1950 668 2031 705 aliis
2060 669 2243 718 fortiores,

1189 718 1225 749 et
1243 715 1313 752 hoc
1332 726 1478 762 vovere,
1510 720 1658 756 student
1673 722 1769 758 enim
1783 723 1851 760 hoc
1876 728 2007 773 pagani
2031 737 2138 776 caput
2157 743 2245 778 pue-

1191 783 1315 810 rorum
1347 776 1479 813 offerre
1512 779 1736 818 daemonibus
1752 795 1760 818 :
1789 785 1886 821 unde
1914 786 1959 823 de
1991 788 2061 825 hoc
2086 793 2244 829 maxime

1186 840 1328 879 oportet
1335 838 1454 882 putari
1463 838 1703 885 legislatorem
1715 844 1923 890 praecipere.
1936 846 2007 883 Sed
2018 860 2085 885 nec
2092 850 2244 889 barbam

1185 896 1330 940 radere,
1365 898 1436 942 vel,
1466 902 1662 937 secundum
1685 902 1932 952 Septuaginta,
1954 921 2176 959 corrumpere
2192 915 2245 960 fa-

1185 955 1272 990 ciem
1290 957 1420 994 barboe.
1442 960 1518 996 Nec
1533 961 1713 999 incisuras
1730 964 1766 1000 in
1782 976 1935 1012 corpore
1950 969 2018 1006 sibi
2037 971 2159 1010 facere
2179 984 2243 1011 eos

1184 1015 1245 1059 qui
1273 1014 1360 1051 ssent
1388 1028 1496 1064 supra
1530 1027 1707 1065 mortuos,
1751 1026 1859 1061 etiam
1893 1028 1963 1064 hoc
1994 1031 2090 1068 enim
2109 1035 2243 1080 pagani

1182 1084 1462 1113 consueverunt.
1476 1078 1536 1115 Sic
1546 1081 1643 1117 enim
1660 1082 1767 1130 affligi
1783 1095 1891 1131 supra
1907 1095 2070 1127 mortuos
2084 1100 2243 1139 oportet,

1182 1138 1222 1168 ut
1235 1145 1303 1170 nec
1313 1134 1446 1172 faciem
1460 1137 1580 1182 laedat,
1598 1150 1665 1177 nec
1682 1152 1814 1188 corpus
1830 1153 2052 1193 corrumpat.
2072 1150 2102 1185 A
2113 1153 2243 1197 quibus

60 1186 139 1215 ante
152 1180 261 1216 lucem
277 1194 430 1228 sumere,
458 1185 587 1231 surqt'te
612 1193 794 1233 postquam
816 1189 976 1226 sederitis
992 1191 1109 1239 (Psal.
1132 1198 1163 1237 Β
1182 1204 1249 1231 nos
1263 1195 1395 1233 Paulus
1412 1199 1610 1242 prohibens
1626 1202 1677 1236 ait
1695 1214 1702 1237 :
1722 1201 1891 1240 Nolo-vos
1906 1206 2082 1252 iynorare,
2099 1210 2240 1256 fratres,

60 1241 192 1289 cxxvi).
220 1243 312 1279 Ante
331 1244 445 1280 lucem
472 1247 602 1292 quippe
630 1258 789 1294 surgere,
823 1257 879 1287 est
902 1254 1112 1300 priusquam

59 1301 204 1339 claritas
223 1297 365 1341 aeternae
382 1306 628 1344 retributionis
647 1317 831 1355 appareat,
865 1313 901 1347 in
920 1317 1111 1359 praesentis

58 1362 140 1398 vitae
167 1368 272 1400 nocte
295 1366 478 1411 gaudere:
507 1357 702 1405 sedendum
729 1381 814 1418 ergo
845 1374 944 1417 prius
968 1382 1034 1418 est,
1073 1383 1114 1413 ut

57 1428 138 1470 post
155 1431 253 1460 recte
270 1436 472 1473 surgamus,
499 1429 584 1474 quia
606 1430 769 1477 quisquis
789 1444 884 1469 nunc
912 1445 991 1471 sese
1010 1447 1113 1482 spon-

57 1487 93 1518 te
118 1493 188 1518 non
213 1484 390 1529 humiliat,
424 1497 654 1533 nequaquam
687 1491 783 1527 hunc
811 1502 965 1539 sequens
997 1496 1111 1542 gloria

57 1542 204 1578 exaltat.

450 1605 601 1644 CAPUT
629 1609 701 1645 Vll.

56 1662 109 1699 De
134 1665 241 1700 variis
271 1668 504 1711 caeremoniis,
538 1671 759 1716 comedendi,
788 1676 977 1721 tondendi,
1001 1690 1110 1725 auqu-

470 1716 592 1759 randi,
623 1724 693 1754 etc.

103 1786 227 1834 (lem.)
255 1787 336 1823 Non
355 1790 538 1824 comedetis
559 1802 636 1826 cum
651 1796 832 1840 sanquine.
856 1797 938 1833 Non
958 1811 1109 1846 auqura-

56 1846 192 1890 bimini,
223 1859 283 1883 nec
301 1849 523 1884 observabitis
543 1853 690 1887 somnia.
729 1854 852 1901 Neque
867 1859 903 1892 in
918 1862 1107 1897 rotundum

53 1909 201 1950 tondetis
227 1919 375 1952 comam,
395 1921 454 1944 nec
469 1911 596 1947 radetis
611 1913 765 1950 barbam.
787 1916 835 1951 Et
850 1929 953 1964 super
970 1929 1106 1957 mortuo

53 1978 121 2004 non
146 1968 304 2004 incidetis
333 1981 472 2005 carnem
499 1978 659 2016 vestram,
686 1986 793 2021 neque
814 1978 947 2023 fiquras
969 1980 1105 2027 aliquas

53 2033 85 2062 et
100 2029 264 2074 stiqmata
290 2029 426 2075 facietis
453 2031 544 2066 vobis
564 2044 572 2066 ε
591 2032 666 2079 Eyo
687 2034 871 2072 Dominus.
897 2038 968 2085 (Ex
992 2040 1104 2077 Hest-

52 2089 159 2136 cln‘o.)
176 2090 230 2126 Ab
248 2092 345 2127 omni
362 2091 537 2129 fermento
555 2094 701 2131 malitiae
717 2100 886 2135 mundum
906 2111 985 2138 esse
1013 2103 1102 2140 fide-

51 2148 122 2186 lem
144 2150 234 2194 vult,
264 2157 301 2187 et
313 2158 502 2199 propterea
520 2165 615 2190 nunc
641 2156 783 2200 quidem
805 2160 970 2204 prohihet
987 2172 1007 2197 a
1028 2173 1104 2199 ser-

50 2210 165 2247 vitute
190 2211 278 2256 legis
289 2212 432 2256 litterae,
462 2219 499 2249 et
515 2213 700 2251 ludaicam
728 2218 928 2255 doctrinam
955 2222 1103 2259 demon-

50 2275 144 2307 strat
160 2270 334 2307 inutilem.
355 2272 456 2308 Nunc
469 2279 587 2310 autem
610 2287 734 2312 rursus
752 2278 796 2313 ad
810 2288 971 2316 errorem
989 2284 1103 2328 genti-

49 2331 138 2367 lium
152 2342 354 2369 sermonem
379 2334 499 2369 vertit.
521 2335 642 2382 Neque
658 2338 753 2373 enim
770 2341 891 2376 omnia
912 2352 991 2387 quae
1007 2354 1102 2380 nunc

50 2393 160 2428 vetita
179 2399 262 2429 sunt
276 2394 478 2438 studentur,
496 2397 723 2442 quippecum
743 2410 815 2435 non
836 2401 951 2437 solum
972 2404 1042 2438 sint
1058 2405 1102 2440 ri-

51 2451 181 2496 dicula,
205 2454 267 2489 sed
284 2455 393 2490 etiam
409 2462 443 2490 et
463 2458 570 2492 noxia
592 2459 818 2497 studentibus
835 2473 893 2506 ea,
911 2466 1007 2510 quod
1026 2477 1102 2501 ma-

48 2513 145 2548 xime
167 2514 324 2549 ostendit
354 2515 615 2561 Ecclesiastcs3
643 2520 692 2555 ait
711 2522 806 2556 enim
829 2535 837 2557 :
859 2523 928 2565 Qui
947 2525 1101 2560 observat

49 2578 199 2615 ventum,
210 2575 447 2618 nonseminat;
457 2578 554 2622 etqui
568 2580 763 2615 considerat
774 2582 912 2625 nubem,
924 2594 1102 2630 nunquam

47 2638 149 2666 metet
166 2631 291 2678 (Eccti.
308 2634 376 2679 xi).
392 2634 591 2680 Augurium
610 2649 696 2684 crgo
719 2650 791 2675 non
810 2642 924 2677 solum
937 2653 1006 2678 vox
1025 2645 1100 2680 avis

49 2691 240 2736 cujuslibet
259 2697 321 2728 aut
339 2694 478 2730 volatus
504 2697 716 2741 appellatur,
741 2700 801 2745 qui
827 2701 883 2737 vel
899 2703 1100 2747 prohibeta

49 2752 203 2797 quadam
217 2754 370 2797 actione,
380 2755 435 2790 vel
450 2756 559 2791 etiam
577 2759 771 2795 studiosius
787 2761 950 2797 imminet
963 2764 1100 2801 accele-

49 2813 210 2856 randam,
223 2814 285 2849 sed
300 2815 457 2861 etsignis
474 2817 527 2851 uti
538 2817 772 2862 loquentium,
786 2824 1096 2868 praetereuntium,

32 2871 281 2916 obviantium,
302 2879 339 2909 et
360 2877 597 2920 quorumdam
618 2878 654 2912 in
677 2878 805 2915 itinere
830 2881 1097 2918 obvenientium

31 2948 34 2961 ·
49 2931 356 2979 offendiculorum,
389 2937 587 2984 taliumque
606 2939 758 2974 aliorum
791 2947 858 2977 est.
888 2942 943 2979 Ab
971 2944 1096 2980 avibus

30 2993 143 3037 «enim
164 2997 367 3043 augurium,
389 2998 449 3034 sed
467 3005 504 3034 et
520 3000 672 3036 aliorum
690 3001 872 3047 signorum
889 3004 1094 3042 observatio

31 3055 188 3093 ·dicitur.
210 3059 438 3106 Aruspicium
458 3069 577 3098 autem
596 3067 665 3104 est,
687 3067 914 3099 transeuntes
931 3067 1095 3102 conside-

31 3105 129 3154 trare
144 3128 241 3162 aves,
264 3125 303 3161 et
317 3127 464 3166 propter
484 3121 548 3157 has
569 3122 604 3157 in
625 3122 805 3158 desertam
827 3125 872 3160 ab
891 3125 1095 3165 hominibus

29 3175 138 3213 ‘viam
152 3179 288 3224 egredi,
309 3185 349 3216 ut
368 3182 487 3217 avium
509 3182 665 3218 volatum
683 3189 744 3218 aut
762 3194 868 3220 voces
886 3187 1010 3231 quales
1023 3189 1095 3225 sint

28 3244 329 3284 mersorutentur‚
346 3247 440 3278 etex
453 3243 506 3278 eis
522 3249 740 3289 cognoscant
759 3255 838 3289 quae
847 3245 970 3283 sutura
990 3255 1088 3284 sunt.

26 3293 147 3340 lstuod
157 3308 328 3336 accusare
345 3308 402 3338 est
416 3303 542 3349 Deum,
564 3306 647 3351 quia
664 3317 704 3341 ea
719 3315 800 3350 quae
814 3307 962 3352 homini,
984 3320 1091 3355 quem

28 3358 241 3395 ineundum
259 3371 362 3397 suam
375 3363 566 3410 imaginem
585 3369 745 3405 omnium
763 3370 971 3405 animalium
990 3371 1092 3416 prin-

26 3413 162 3464 «alpem
177 3422 377 3466 constituit,
394 3423 619 3470 abscondita,
637 3428 712 3464 haec
730 3429 765 3465 in
786 3430 1091 3466 irrationabilibus

27 3477 171 3523 navibus
184 3481 350 3526 credidit,
363 3487 401 3518 et
418 3483 463 3519 ab
481 3484 533 3520 eis
548 3486 732 3532 quidpiam
749 3489 856 3524 discit
870 3498 951 3535 quae
964 3499 1032 3525 nec
1045 3489 1090 3526 ab

26 3535 267 3583 neptritalibus
282 3541 388 3586 viris,
407 3543 471 3580 sed
490 3554 558 3581 nec
573 3555 594 3581 a
608 3546 681 3582 Deo
700 3547 763 3593 qui
781 3547 853 3583 illis
869 3548 1007 3583 revelat
1023 3558 1089 3594 pon

26 3591 122 3631 ttebt
140 3597 296 3645 discere,
312 3601 406 3638 sicut
420 3603 459 3639 hi
475 3605 535 3650 qui
558 3605 595 3641 in
616 3606 788 3651 praedicto
806 3617 930 3643 errore
951 3607 1090 3643 seducti

26 3660 134 3694 esunt
147 3654 375 3699 arbitrantur.
411 3663 560 3712 Insuper
577 3677 645 3704 nec
669 3677 811 3705 comam
841 3668 878 3704 in
897 3669 1089 3706 rotundum

27 3725 36 3749 ι
50 3721 195 3762 aspectu
205 3720 352 3766 capitis,
370 3723 464 3760 sicut
471 3731 509 3762 et
523 3725 760 3774 Symmachus
772 3728 899 3773 edidit,
913 3739 1044 3775 quema
1050 3729 1089 3765 d-

26 3774 193 3815 ehodum
216 3776 375 3816 etiamlti
390 3781 509 3821 faeere
521 3793 787 3824 consueverunt
802 3789 865 3834 qui
879 3789 1088 3827 barbaricas

30 3824 101 3875 ’Ψ
260 3834 446 3881 Parnon:
459 3839 615 3886 cvm.

1183 1261 1221 1290 ut
1238 1267 1307 1292 non
1335 1258 1586 1295 contristemini
1613 1262 1705 1297 sicut
1723 1269 1756 1298 et
1770 1265 1886 1300 coeteri
1903 1268 1963 1312 qui
1979 1279 2073 1313 spem
2093 1281 2163 1307 non
2178 1272 2243 1308 Ιια-

1183 1314 1261 1350 bent
1282 1315 1320 1363 (Ι
1342 1316 1461 1354 Thess.
1490 1319 1554 1367 lv).

1229 1374 1320 1410 Nam
1346 1378 1532 1421 quodlibet
1555 1390 1680 1417 eorum
1714 1393 1793 1429 quae
1818 1387 1990 1430 praedicta
2022 1396 2105 1426 sunt
2131 1402 2240 1438 agere

1182 1443 1254 1468 non
1291 1440 1347 1470 est
1387 1446 1487 1482 spem
1523 1439 1658 1477 habere
1692 1446 1967 1483 resurrectionis
1997 1456 2237 1498 mortuorum,

1182 1493 1267 1537 quia
1292 1499 1465 1540 tanquam
1504 1498 1574 1534 illis
1607 1503 1787 1548 corruptis
1817 1507 2029 1553 semetipsos
2061 1510 2240 1557 dissipant

1180 1556 1287 1597 atque
1303 1563 1553 1602 corrumpunt.
1581 1558 1752 1597 Prohibet
1778 1564 1887 1600 etiam
1917 1567 2083 1613 stigmata
2100 1571 2178 1607 fieri
2199 1573 2239 1608 in

1181 1623 1347 1658 corpore,
1378 1616 1535 1662 undique
1554 1618 1694 1656 decoris
1720 1621 1905 1667 legislator
1935 1636 2058 1662 curam
2091 1640 2236 1675 gerens,

1179 1677 1215 1707 et
1235 1683 1306 1710 non
1328 1676 1460 1711 cedens
1495 1677 1593 1714 abuti
1621 1689 1727 1716 carne
1752 1682 1789 1716 in
1819 1683 1979 1727 quolibet
1996 1687 2138 1732 horum,
2156 1700 2238 1735 quae

1179 1734 1324 1779 quidem
1343 1735 1430 1780 ipsis
1452 1744 1596 1783 nocent,
1619 1745 1804 1788 totumque
1830 1744 1964 1780 animal
1990 1746 2125 1784 soedum
2157 1751 2239 1787 red-

1177 1793 1278 1829 dunt.
1291 1795 1488 1833 Comedere
1502 1800 1597 1834 enim
1613 1811 1720 1847 super
1735 1809 1886 1847 montes,
1897 1807 1991 1851 quod
2002 1807 2237 1857 Septuaginta

1175 1853 1214 1889 in
1232 1855 1334 1891 initio
1367 1860 1556 1902 praesentis
1578 1860 1668 1907 legis
1685 1871 1896 1909 posuerunt,
1913 1877 1979 1912 pro
1995 1878 2038 1904 eo
2064 1872 2159 1916 quod
2175 1883 2237 1907 no-

1177 1921 1250 1951 stra
1265 1917 1375 1953 editio
1391 1919 1511 1963 habet,
1523 1932 1591 1956 non
1602 1925 1785 1960 comedetis
1801 1937 1878 1962 cum
1894 1930 2077 1974 sanquine,
2089 1939 2236 1979 propter

1176 1987 1238 2013 eos
1262 1979 1322 2023 qui
1341 1979 1519 2016 idolorum
1545 1981 1801 2021 festivitatibus
1823 1990 2079 2027 consuetisunt
2111 1994 2235 2038 prohi-

1174 2037 1263 2074 buit.
1285 2038 1359 2075 Hoc
1376 2041 1471 2076 enim
1481 2047 1516 2077 et
1527 2041 1639 2079 Oseas
1653 2055 1827 2082 accusans
1845 2050 2012 2094 populum
2028 2052 2234 2090 Judaeorum

1119 2090 1153 2134 C
1175 2101 1278 2137 dixit:
1290 2101 1442 2148 Spiritus
1450 2105 1724 2150 fornicationum
1731 2109 1863 2155 decepit
1870 2122 1927 2146 eos
1937 2119 1966 2147 et
1978 2113 2139 2158 fornicati
2153 2122 2236 2151 sunt

1174 2174 1196 2196 a
1215 2162 1289 2198 Deo
1316 2175 1379 2199 suo
1411 2177 1423 2200 .·
1452 2177 1556 2212 super
1577 2169 1717 2204 veraces
1743 2172 1913 2207 montium
1940 2174 2119 2211 incensam
2147 2178 2235 2213 ado-

1173 2222 1303 2267 lebant,
1334 2230 1366 2260 et
1394 2236 1498 2272 super
1525 2227 1631 2263 colles
1652 2231 1900 2275 sacrificabant
1935 2234 2030 2281 (Ose.
2052 2236 2117 2283 ιν).
2160 2237 2232 2274 Sed

1172 2282 1358 2320 videamus
1376 2291 1510 2330 praeter
1523 2287 1601 2324 haec
1618 2300 1699 2335 quae
1719 2301 1784 2326 nos
1796 2291 1924 2336 jubeat
1942 2305 2083 2336 cavere,
2103 2308 2232 2334 secun-

1173 2344 1256 2378 dum
1271 2345 1471 2389 spiritalem
1496 2351 1850 2396 contemplationem,
1873 2364 1945 2390 non
1962 2358 2151 2393 comedere
2171 2370 2231 2394 su-

1170 2413 1235 2448 per
1250 2410 1404 2448 montes,
1422 2406 1456 2441 id
1471 2412 1540 2450 est,
1559 2410 1833 2455 cogitationibus
1849 2415 2013 2459 superbis
2028 2427 2097 2452 non
2113 2419 2227 2462 pasci,

1172 2465 1214 2499 de
1234 2465 1364 2508 quibus
1383 2465 1494 2502 lsaias
1514 2467 1564 2502 ait
1583 2480 1591 2503 ε
1611 2469 1732 2506 Omnis
1748 2483 1846 2507 mons
1860 2480 1891 2507 et
1907 2474 2006 2509 collis
2027 2476 2228 2513 humiliabi-

1171 2530 1227 2558 tur
1246 2524 1335 2570 (Iso.
1355 2525 1415 2572 xi.)
1431 2537 1439 2568 ;
1458 2537 1529 2562 non
1554 2531 1737 2574 augurari,
1766 2541 1835 2566 non
1861 2534 2073 2578 aruspicari,
2095 2542 2135 2571 ut
2154 2548 2226 2574 non

1170 2584 1398 2621 intendentes
1418 2587 1612 2631 daemones,
1639 2591 1834 2628 secundum
1856 2605 1981 2630 eorum
2000 2597 2225 2636 voluntatem

1169 2644 1346 2689 vivamus,
1381 2657 1498 2692 neque
1526 2658 1589 2684 cor
1604 2655 1767 2687 nostrum
1787 2653 1993 2692 volucribus
2026 2660 2224 2705 tradamus,

1169 2716 1248 2751 quae
1266 2707 1412 2753 rapiunt
1437 2718 1558 2744 semen
1574 2710 1719 2755 pietatis
1747 2714 1898 2756 anobis,
1932 2715 2025 2751 sicut
2051 2717 2226 2756 Dominus

1170 2767 1204 2802 in
1220 2769 1401 2812 parabolis
1430 2770 1646 2817 evangelicis
1675 2772 1777 2808 dixit.
1810 2772 1958 2810 Comam
1986 2787 2057 2813 non
2074 2780 2223 2816 tondea-

1167 2837 1261 2870 mus,
1291 2828 1349 2864 vel
1369 2829 1462 2864 sicut
1478 2829 1727 2878 Septuaginta,
1764 2834 1859 2880 sisyn
1888 2836 1930 2871 de
1945 2839 2081 2884 capillis
2100 2842 2223 2887 capitis

1167 2898 1235 2921 non
1262 2887 1456 2932 faciamus;
1485 2891 1602 2936 capilli
1633 2893 1727 2927 enim
1764 2895 1879 2930 nostri
1903 2907 1970 2941 pro
1992 2900 2220 2944 cogitationi-

1167 2948 1232 2984 hus
1250 2949 1488 2995 accipiuntur,
1501 2958 1650 2998 propter
1675 2955 1768 2999 quod
1787 2956 1875 2991 dixit
1895 2957 2087 2996 Dominus:
2109 2961 2222 2998 Vestri

1167 3014 1282 3042 aulem
1300 3015 1330 3043 et
1347 3009 1467 3055 capilli
1487 3011 1611 3057 capitis
1632 3023 1749 3049 omnes
1782 3018 1954 3052 numerati
1970 3026 2050 3054 sunt
2074 3020 2218 3067 (Manli.

1166 3068 1234 3115 x);
1262 3069 1329 3114 ipsi
1347 3071 1456 3114 enim,
1477 3076 1518 3106 ut
1536 3077 1619 3117 pote
1629 3073 1741 3118 judici
1761 3080 1796 3110 et
1815 3077 1925 3112 corda
1945 3082 2132 3124 scrutanti,
2155 3093 2221 3117 nu-

1166 3135 1313 3165 meratae
1330 3136 1414 3166 sunt
1438 3142 1565 3168 omnes
1590 3140 1724 3170 nostrae
1739 3136 1987 3181 cogitationes.
2015 3139 2092 3174 Non
2112 3150 2219 3184 opor-

1166 3193 1217 3225 tet
1235 3199 1320 3236 ergo
1356 3200 1418 3227 eas
1435 3180 1572 3238 agitare
1604 3195 1807 3239 quempiam
1839 3195 1894 3229 vel
1918 3202 2122 3238 concutere,
2153 3198 2215 3232 sed

1165 3260 1231 3286 nec
1251 3250 1381 3287 offerre
1397 3252 1553 3296 diabolo,
1571 3254 1665 3298 quod
1690 3253 1827 3289 faciunt
1843 3254 1986 3298 quidam
2013 3255 2109 3290 etde
2133 3266 2216 3291 sen·

1165 3309 1327 3346 sibilibus
1355 3312 1492 3357 capillis
1522 3312 1661 3348 crinem
1690 3313 1895 3355 offerentes,
1928 3314 2019 3348 sicut
2049 3317 2214 3360 superius

1163 3368 1332 3406 diximus.
1350 3370 1579 3416 lnsupernon
1600 3377 1754 3416 oportet,
1767 3373 1861 3407 sicut
1878 3372 2048 3416 diximus,
2060 3374 2211 3413 barbam

1163 3429 1306 3472 radere,
1326 3429 1383 3464 vel
1403 3431 1600 3465 secundum
1621 3429 1871 3474 Septuaginta,
1903 3441 2123 3478 corrumpere
2151 3435 2211 3481 sa-

1163 3488 1250 3522 ciem
1268 3488 1397 3531 barboe,
1419 3489 1502 3533 quia
1520 3488 1754 3533 perfectionis
1779 3493 1911 3524 nostrae
1928 3490 2069 3536 signum
2095 3493 2210 3532 barba

1162 3553 1231 3589 est,
1251 3547 1402 3583 virtutes
1430 3553 1549 3582 autem
1569 3547 1757 3592 designant
1774 3557 1897 3584 veram
1916 3555 2076 3588 nostram
2091 3554 2211 3600 perfe—

1158 3606 1325 3647 ctionem,
1341 3615 1431 3650 quas
1443 3606 1678 3652 incongruum
1686 3611 1742 3641 est
1757 3616 2002 3654 corrumpere,
2016 3620 2208 3657 operantes

1159 3675 1230 3702 non
1249 3675 1347 3708 vere,
1365 3665 1428 3700 sed
1447 3665 1514 3700 sub
1534 3664 1624 3701 salso
1646 3670 1682 3701 et
1702 3665 1787 3702 ficto
1806 3667 1944 3704 habitu.
1961 3669 2035 3706 Nec
2059 3672 2205 3711 incisio-

1158 3735 1222 3760 nes
1242 3724 1362 3760 racere
1385 3734 1493 3770 super
1520 3724 1639 3760 anima
1663 3725 1798 3762 bonum
1813 3732 1883 3771 est,
1901 3729 1938 3764 in
1956 3739 2107 3777 corpore
2120 3741 2205 3772 sunt

1158 3786 1254 3823 enim
1272 3785 1528 3823 delectationes
1542 3797 1620 3833 quae
1638 3787 1684 3824 ad
1710 3789 1908 3828 nocendam
1930 3793 2086 3831 animam
2109 3796 2202 3834 inci-

1836 3852 1886 3893 15
