2540 4016
300 175 371 212 579
715 162 758 200 Β.
784 159 956 198 ΒΑΒΑΝΙ
982 154 1129 198 limum
1154 155 1368 193 ARCHIEP.
1395 154 1605 193 MOGUNT.
1631 155 1823 192 OPERUM
1850 155 1970 191 PARS
1996 155 2023 189 l.
2391 157 2460 193 550

292 244 519 294 iudicabitur,
555 236 776 278 consenescit
806 235 902 271 enim
927 238 1078 280 peccato
1095 237 1132 268 et
1162 242 1234 268 non
1253 240 1335 266 cot·—
1354 229 1390 269 A
1406 235 1442 265 el
1459 231 1604 276 quidem
1622 231 1840 268 obedierunt
1855 236 2031 276 quantum
2045 231 2091 266 ad
2106 231 2236 268 faeiem
2254 236 2464 285 apparentis

297 303 486 350 rumpitur,
516 299 599 346 quia
618 305 773 344 pugnam
792 293 829 328 in
850 303 889 329 se
917 293 1126 329 continuam
1157 297 1193 327 et
1220 291 1338 326 rixam

296 359 546 404 habet,du1n
538 369 573 393 in
593 354 768 400 aliquibus
787 352 903 397 legem
922 351 1111 396 despicit,
1102 361 1139 385 in
1157 349 1339 395 aliquibus
1363 354 1366 355 ’

295 420 465 462 defendit,
485 423 629 465 propter
647 413 740 459 quod
758 422 840 448 eum
861 412 1083 446 contaminat
1106 410 1276 446 sacerdos
1303 414 1339 445 et

294 491 365 516 non
380 478 542 519 recludit,
557 475 624 517 vel,
646 474 737 508 sicut
756 471 1002 517 Septuaginta,
1024 475 1058 506 et
1077 475 1232 516 separat,
1256 469 1339 515 quia

293 540 478 586 perspicue
498 533 719 572 immunditia
750 538 817 567 est.
841 531 1030 575 Quomodo
1049 531 1146 567 enim
1177 542 1249 566 non
1274 531 1338 566 ab·-

293 596 492 635 ominabilis
512 599 547 630 et
569 591 772 628 immundus
797 595 872 634 est,
902 591 963 636 qui
995 590 1110 636 legem
1131 590 1338 631 inhonorat,

293 666 399 703 quam
430 656 506 700 ipse
526 653 593 688 sibi
623 651 867 686 necessariam
898 660 979 686 esse
1009 660 1055 685 ex
1084 655 1187 695 parte
1219 656 1340 684 custo-

293 706 423 751 'diendo
457 710 668 748 confirmat?
699 709 763 744 Sin
790 715 904 744 autem
935 709 1119 754 effloruerit
1142 709 1339 743 discurrens

293 775 388 820 lepra
403 773 440 807 in
460 778 534 806 cute
545 777 575 806 ct
592 769 762 816 operuerit
778 779 913 803 omnem
928 774 1055 810 cutem,
1071 780 1091 802 α
1106 768 1217 814 capite
1234 778 1339 812 nsque

294 834 341 869 ad
358 833 474 880 pedes,
493 830 658 877 quidquid
680 829 742 864 sub
761 834 902 874 aspectu
929 828 1109 862 oculorum
1128 828 1237 869 cadit,
1253 832 1341 861 'con-

293 892 455 928 siderabit
484 893 561 925 eunt
594 888 770 930 sacerdos,
800 893 830 922 ct
856 887 964 922 teneri
989 886 1084 932 lepra
1106 886 1338 920 retundi-ssima

292 951 474 996 iudicabit,
493 961 531 984 eo
550 949 640 995 quod
661 947 771 982 omnis
792 947 827 981 in
842 946 1027 981 candorem
1048 956 1145 980 versa
1166 946 1224 987 sit,
1242 951 1272 979 et
1288 945 1341 979 id-

293 1013 382 1048 circo
404 1012 506 1046 homo
525 1009 674 1045 mundus
696 1008 773 1043 erit.
796 1006 944 1049 Quando
969 1017 1045 1040 vero
1063 1017 1144 1040 curo
1164 1006 1277 1039 virens
1305 1006 1339 1040 in

292 1083 331 1108 eo
361 1071 575 1118 apparuerit,
608 1076 687 1104 lunc
719 1068 908 1103 sacerdotis
929 1067 1066 1113 judicio
1093 1065 1282 1111 polluetur,
1307 1072 1338 1100 ct

294 1133 385 1168 inter
411 1130 606 1167 immundos
627 1129 853 1175 reputabitur,
875 1139 955 1162 caro
974 1128 1065 1162 cuim
1088 1128 1173 1169 viva,
1194 1127 1223 1160 si
1243 1126 1339 1172 lepra
1358 1119 1390 1156 B
1410 1124 1560 1160 recludet
1580 1137 1658 1160 eum
1677 1133 1803 1171 septem
1823 1126 1958 1170 diebus,
1981 1132 2012 1161 ct
2043 1127 2213 1174 siquidem
2239 1127 2382 1162 creverit
2404 1125 2468 1162 ad-

295 1199 512 1240 asperqatur‚
534 1191 712 1226 immwtda
729 1196 792 1225 est.
818 1189 918 1232 Quod
951 1190 980 1224 si
1002 1200 1121 1224 rursus
1144 1200 1239 1223 versa
1266 1188 1342 1233 sue-

297 1253 341 1287 rit
359 1253 396 1286 in
414 1251 564 1286 alborem
583 1256 614 1284 ct
646 1256 753 1284 totum
774 1250 946 1284 hominem
968 1250 1162 1295 operuerit,
1185 1248 1343 1283 conside-

299 1312 388 1346 rabit
409 1322 485 1345 eum
504 1310 678 1350 sacerdos,
701 1315 732 1344 et
753 1309 968 1343 immunitum
991 1320 1063 1343 esse
1079 1309 1250 1343 decernet.
1273 1307 1344 1354 (Ex

298 1371 499 1417 Hesychio.)
534 1371 684 1415 Lepram
718 1370 753 1404 in
786 1375 866 1404 cute
888 1369 1078 1404 didicimus
1109 1369 1233 1414 legalis
1265 1379 1345 1404 esse

301 1433 429 1466 litterae
447 1430 778 1476 praevaiicationem
796 1441 802 1463 :
825 1430 914 1464 bene
934 1435 1054 1464 autem
1071 1430 1175 1472 dixit,
1194 1431 1229 1464 in
1251 1436 1342 1472 cute,

299 1491 383 1537 quia
421 1491 558 1526 sabbati
574 1517 583 1532 ,
619 1489 903 1525 circumcisionis
935 1489 990 1523 vel
1028 1489 1317 1533 purificationum
1336 1515 1345 1531 ‚

299 1563 379 1597 quae
402 1562 465 1596 pcr
495 1551 608 1596 legem
632 1551 852 1592 sanciuntur,
889 1550 1126 1596 transgressio
1155 1560 1225 1585 nou
1244 1549 1346 1585 alferi

302 1611 429 1647 animae
451 1611 645 1651 laesionem,
666 1615 808 1645 coercet
833 1610 964 1654 quippe
989 1610 1077 1655 legis
1101 1610 1220 1644 littera
1249 1614 1349 1644 exte-

303 1671 434 1706 riorem
455 1670 648 1705 hominem.
667 1669 705 1703 Si
724 1679 807 1714 ergo
826 1670 950 1704 eadem
969 1669 1067 1714 lepra
1090 1674 1185 1715 tegat
1203 1679 1348 1704 omnem

308 1735 429 1767 cutem
462 1740 481 1764 a
515 1730 630 1775 capite
654 1740 765 1775 usque
787 1729 830 1764 ad
852 1730 980 1775 pedes,
1014 1736 1049 1766 et
1080 1730 1253 1776 quidquid
1283 1731 1350 1766 sub

305 1796 451 1836 aspectu
485 1791 670 1826 oculorum
699 1792 896 1827 sacerdotis
931 1793 1036 1834 eadit,
1059 1794 1231 1828 nuunlum
1267 1803 1350 1829 eum

309 1852 490 1887 decernit:
513 1852 542 1887 si
573 1853 667 1888 enim
693 1853 870 1898 quispiam
892 1864 911 1887 a
927 1853 1010 1889 'tota
1039 1854 1126 1899 legis
1145 1854 1275 1890 lsstterae
1296 1866 1352 1891 re-

305 1914 410 1948 cedat
427 1914 601 1957 custodia,
621 1918 656 1948 et
676 1924 791 1958 neque
809 1915 1120 1949 circumcisionem
1133 1941 1142 1957 ,
1164 1926 1280 1961 neque
1299 1918 1353 1952 ci-

303 1973 430 2007 borum
450 1972 701 2016 differentiam,
723 1982 840 2018 neque
860 1973 1093 2008 sabbatorum
1125 1976 1327 2010 custodiam
1341 2004 1350 2020 ,

307 2043 374 2069 nec
404 2033 641 2078 pollutionum
677 2038 739 2068 aut
769 2033 1030 2068 sacrificiorum
1065 2039 1127 2068 aut
1148 2035 1352 2080 aliquorum

305 2092 457 2126 aliorum
479 2092 608 2126 talium
627 2098 795 2127 exerceat
818 2102 939 2137 opera,
963 2093 1025 2128 sed
1046 2093 1091 2128 ab
1111 2094 1280 2130 omnibus
1300 2095 1352 2131 le-

306 2150 445 2195 galibus
466 2149 657 2186 elementis
677 2151 834 2194 recedat,
855 2157 961 2196 atque
979 2162 998 2187 a
1019 2153 1136 2198 capite
1166 2164 1280 2198 usque
1308 2156 1354 2190 ad

312 2210 432 2255 pedes,
462 2220 481 2244 a
509 2211 624 2254 primo
646 2211 809 2246 videlicet
840 2222 952 2257 usquc-
973 2213 1017 2247 ad
1038 2213 1203 2248 ultimum
1226 2216 1354 2250 horum

313 2271 571 2313 mandatorum,
585 2271 630 2306 ad
643 2271 790 2307 meliora
802 2273 1115 2319 cucurreritatque
1124 2275 1352 2319 perfectiora,

312 2329 507 2375 feceritque
525 2331 592 2366 hoc
612 2331 646 2365 in
665 2339 860 2376 conspeetu
881 2334 1092 2375 sacerdotis,
1113 2335 1147 2369 id
1162 2342 1230 2377 est,
1249 2335 1354 2370 Chri-

311 2389 371 2432 sti,
392 2396 431 2424 ut
450 2390 526 2435 ipse
544 2391 668 2426 videns
702 2393 1022 2437 transgressionem
1046 2394 1352 2438 imperfectorum,

310 2450 491 2495 suscipiat,
515 2451 627 2486 teneri
642 2461 721 2486 eum
741 2452 837 2496 lepra
856 2453 1091 2488 mundissima
1105 2453 1296 2498 judicabit,
1311 2465 1355 2491 eo

310 2509 405 2554 quod
435 2510 551 2545 omnis
583 2510 619 2545 in
640 2511 832 2546 candorem
863 2522 970 2547 versa
993 2513 1053 2556 sit,
1076 2514 1120 2548 ad
1154 2514 1355 2550 claritatem

311 2569 493 2612 videlicet,
515 2569 574 2605 hic
594 2571 825 2615 semetipsum
855 2572 1079 2618 Evangelieae
1107 2574 1354 2610 conversatio-

312 2629 368 2664 nis
390 2630 583 2672 transtulit,
615 2632 707 2666 sicut
727 2632 877 2676 populus
908 2643 951 2668 ex
972 2634 1152 2678 gentibus,
1185 2635 1230 2670 ad
1264 2645 1355 2679 quos

314 2688 451 2723 dictum
480 2694 549 2730 est,
585 2689 712 2724 Luceat
752 2691 813 2726 lua:
843 2682 954 2728 veffstra
998 2705 1116 2729 coram
1157 2695 1354 2730 hominibus

314 2747 456 2794 (Manli.
475 2747 511 2793 v)
530 2759 538 2781 :
563 2748 608 2782 Et
627 2759 766 2784 rursus.
788 2750 882 2785 Sicut
912 2753 947 2786 in
966 2752 1021 2787 die
1035 2753 1176 2788 honeste
1202 2755 1356 2790 anzbule-

313 2817 390 2841 mus
408 2805 524 2853 (Rom.
544 2809 640 2853 xiii),
659 2814 806 2853 propter
829 2810 922 2854 quod
941 2809 1003 2844 filii
1022 2810 1110 2846 lucis
1127 2822 1197 2846 non
1217 2814 1353 2856 noctis,

315 2878 430 2913 neque
461 2868 688 2903 tenebrarum
707 2869 949 2904 nominantur.
969 2869 1071 2912 Quod
1101 2871 1130 2905 si
1158 2881 1244 2906 caro
1271 2872 1378 2907 viva'

316 2928 353 2962 in
391 2937 434 2962 ea
469 2928 694 2972 apparuerit,
724 2928 759 2962 id
797 2932 852 2963 est
883 2928 1069 2964 Judaieum
1112 2930 1320 2965 mandatum
1341 2957 1352 2974 ,

315 2988 399 3033 quia
415 2988 570 3023 viventia
588 2998 660 3023 non
693 2995 838 3033 propter
868 2990 1097 3034 accipientes,
1119 2991 1182 3026 sed
1210 2997 1356 3036 propter

316 3047 460 3081 dantem
479 3045 540 3080 illa
565 3051 736 3091 putantur
755 3046 908 3091 eloquia,
940 3048 1054 3092 magis
1072 3054 1192 3084 autem
1215 3054 1252 3084 et
1269 3060 1354 3094 pro-

315 3112 393 3152 pter
414 3106 644 3152 accipientes,
669 3106 699 3142 si
723 3107 919 3142 secundum
949 3107 1048 3142 illum
1075 3108 1219 3143 modum
1248 3120 1356 3154 quem

315 3167 399 3202 data
419 3172 502 3202 sunt
517 3167 776 3210 custodiantur,
799 3177 947 3203 necesse
971 3171 1026 3202 est
1052 3172 1090 3203 ut
1107 3167 1168 3213 qui
1187 3179 1255 3204 nee
1279 3170 1358 3204 haec

315 3232 507 3272 operatur,
539 3237 655 3273 neque
685 3228 745 3264 illa
778 3238 798 3263 a
827 3228 957 3273 quibus
982 3229 1132 3264 recessit
1157 3229 1353 3274 polluatur;

317 3288 381 3323 sed
410 3289 598 3334 utriusque
631 3289 879 3335 probationem
921 3289 1159 3335 proferamus,
1201 3289 1359 3325 viventia

319 3350 478 3395 quidem,
497 3351 582 3395 quia
604 3350 772 3387 dieantur
798 3350 923 3396 legalia
945 3349 1150 3386 Judaeorum
1166 3350 1355 3393 mandata,

319 3410 504 3447 audiamus
535 3410 756 3457 Stephanum
776 3413 820 3448 de
841 3411 960 3458 Moyse
987 3411 1120 3448 ludaeis
1146 3411 1324 3447 dicentem
1345 3422 1355 3446 :

322 3465 392 3502 Hie
406 3473 455 3502 est
471 3469 529 3514 qui
557 3470 621 3514 suit
638 3471 675 3507 in
694 3471 851 3508 Ecclesia
867 3472 904 3507 in
931 3481 1046 3507 eremo
1063 3481 1140 3507 cum
1157 3470 1280 3517 angelo
1298 3470 1358 3517 qui

322 3526 523 3572 loquebatur
550 3529 581 3566 ei
609 3531 647 3566 in
665 3537 779 3568 monte
809 3531 896 3568 Sina
922 3542 1001 3568 cum
1026 3531 1185 3579 patribus
1214 3531 1358 3574 nostris,

322 3585 382 3630 qui
398 3587 548 3633 πει-φῆ
564 3588 664 3624 verta
682 3590 827 3626 vit-emta
842 3590 927 3627 dare
944 3589 1065 3627 nobie-¹
1077 3590 1292 3627 Ecoeverha
1305 3589 1360 3626 vi·-

325 3643 444 3679 ventia
473 3645 662 3690 appellavit
687 3647 966 3693 justificationes
982 3648 1087 3695 legis.
1113 3647 1209 3693 Quid
1236 3652 1362 3685 autent·

328 3700 508 3739 mmmm
520 3701 592 3741 ’(Ξαί
606 3704 793 3744 notuerunt
805 3706 999 3747 chodham
1007 3706 1358 3755 essemus-unani,

1405 290 1548 326 litteme.
1570 291 1640 327 Sed
1661 302 1731 327 non
1750 291 1896 327 obedire
1918 289 2024 332 dixit,
2055 299 2127 326 non
2158 291 2307 328 obedire
2334 295 2462 338 menti,

1406 359 1474 384 nec
1493 350 1700 392 intentioni,
1720 350 1785 385 sed
1813 349 1848 383 in
1868 347 1954 384 solis
1972 348 2104 385 litteris
2127 349 2242 395 legem
2262 351 2396 394 dantis,
2417 363 2463 389 ex

1406 408 1637 444 multitudine
1656 418 1736 454 quae
1759 412 1907 452 putatur
1924 407 2164 444 immunditiae
2183 409 2383 447 secundum
2412 411 2465 448 le-

1407 480 1488 516 gem
1508 470 1663 505 muudus
1690 468 1861 511 eflicitur3
1882 468 1932 503 ita
1955 473 1992 503 et
2011 468 2110 514 plebs
2128 469 2173 505 de
2204 471 2372 517 gentibus
2387 499 2398 515 ,
2426 472 2464 508 in

1407 529 1637 564 multitudine
1654 533 1690 564 et
1708 527 1929 573 perfectione
1947 528 2074 574 legalis
2091 529 2224 566 litterae
2242 532 2465 576 proevariea-

1407 589 1516 623 tionis
1534 588 1666 623 munda
1682 597 1746 632 per
1764 588 1878 632 ipsam
1894 587 2011 634 legem
2025 587 2192 631 efficitur,
2218 600 2299 635 quae
2318 601 2389 626 non
2408 591 2463 627 lit-

1408 653 1525 682 teram
1543 647 1605 682 sed
1625 646 1822 691 spiritalem
1843 646 2003 683 mandati
2021 647 2151 692 quaerit
2169 648 2460 696 intelligentiam.

1408 706 1500 741 Caro
1529 712 1560 740 et
1579 707 1668 741 cutis
1688 706 1725 740 in
1759 717 1828 752 qua
1848 705 1947 741 ulcus
1976 713 2095 742 natum
2112 713 2161 742 est
2181 713 2214 743 et
2229 715 2408 754 sanat-nm,
2426 715 2459 744 et

1407 765 1444 799 in
1475 765 1548 799 loco
1568 764 1694 800 ulceris
1715 766 1862 800 cicatrix
1891 761 2093 811 apparuerit
2110 765 2190 802 alba
2215 768 2285 803 siue
2300 769 2462 814 subrufa,

1408 824 1603 859 adducetur
1617 825 1718 859 homo
1736 825 1781 859 (ed
1800 825 2029 867 sacerdotem,
2043 827 2103 872 qui
2119 837 2197 862 cum
2211 827 2335 862 viderit
2351 827 2464 864 {ocum

1408 884 1513 931 leprae
1547 885 1768 921 humiliorem
1800 898 1905 922 carne
1943 885 2087 933 reliqna,
2110 894 2142 922 et
2175 887 2263 933 pilos
2295 899 2409 924 versos
2430 889 2466 924 in

1408 945 1611 988 candorem,
1637 946 1885 980 contaminabit
1904 957 1981 980 eum
1999 957 2010 981 .·
2029 946 2133 992 playa
2152 946 2244 981 enim
2264 945 2369 992 leproe
2389 954 2466 982 orta

1408 1010 1456 1039 est
1474 1004 1509 1039 in
1527 1003 1654 1040 ulcere.
1674 1004 1774 1047 Quod
1796 1006 1826 1040 si
1845 1005 1936 1051 pilus
1962 1005 2087 1040 coloris
2118 1011 2166 1041 est
2187 1007 2340 1052 pristini,
2364 1012 2395 1041 et
2415 995 2467 1040 ci-

1409 1065 1522 1100 catrix
1549 1065 1774 1108 subobscura,
1806 1072 1836 1101 ct
1859 1066 1971 1101 vicina
2004 1077 2085 1101 caro
2107 1078 2175 1101 non
2204 1074 2253 1102 est
2275 1066 2466 1110 humilior,

1405 1187 1579 1232 judic-abit
1597 1198 1675 1222 cum
1695 1186 1812 1233 leprae.

1820 1260 1971 1297 CAPUT
1996 1262 2038 1297 ll.

1413 1320 1594 1363 Quomodo
1629 1321 1783 1367 leprosus
1818 1321 2047 1357 recludendus
2081 1322 2125 1357 sit
2145 1328 2238 1357 certo
2259 1329 2410 1369 tempore
2427 1330 2464 1360 ut

1685 1369 1850 1413 probetur
1874 1379 1935 1414 per
1951 1369 2181 1404 sacerdotem.

1462 1427 1581 1474 (Iulo.)
1610 1427 1673 1463 Sin
1693 1435 1807 1463 autem
1840 1430 1972 1464 steterit
1993 1429 2028 1464 in
2063 1429 2138 1464 loco
2166 1441 2244 1473 suo,
2267 1430 2392 1466 ulceris
2419 1438 2469 1466 est

1415 1486 1577 1528 cicatrix,
1599 1492 1630 1520 et
1650 1486 1753 1520 homo
1771 1486 1920 1521 nntndns
1938 1486 2015 1521 erit.
2038 1486 2109 1532 (Ex
2131 1486 2336 1534 Hesychia.)
2356 1487 2468 1523 Beata

1416 1552 1471 1581 est
1492 1546 1662 1581 continua
1686 1545 1775 1591 logis
1799 1546 1985 1582 meditatio
2011 1552 2118 1591 atquc
2145 1547 2384 1589 conversatio,
2405 1547 2470 1582 ha-

1416 1606 1571 1650 bereque
1590 1616 1732 1650 semper
1766 1606 1799 1640 in
1822 1607 1987 1642 manibus
2009 1607 2233 1648 thesaurum,
2253 1617 2295 1642 ex
2317 1617 2388 1652 quo
2407 1617 2470 1642 co-

1419 1666 1590 1711 gnitionis
1623 1666 1684 1700 Dei
1715 1666 1914 1711 procedunt
1948 1665 2094 1701 divitiae.
2129 1666 2369 1710 Quamobrem
2405 1675 2472 1702 nos

1419 1735 1561 1769 quoque
1598 1735 1679 1759 cum
1698 1726 1794 1760 omni
1816 1725 1934 1760 studio
1970 1736 2011 1760 ca
2033 1736 2112 1771 qua}
2136 1736 2231 1760 nune
2248 1731 2331 1769 sunt
2351 1726 2386 1760 in
2409 1725 2470 1761 lit-

1422 1790 1494 1819 tera
1517 1785 1665 1821 latentia
1684 1786 1949 1831 perquiramus.
1972 1785 2080 1821 Ulcus
2107 1793 2230 1821 natum
2252 1791 2286 1821 et
2305 1791 2471 1822 sanatum

1420 1857 1483 1892 per
1513 1849 1761 1892 poenitoutiam
1795 1853 1958 1883 curatum
1979 1854 2164 1894 peccatum
2186 1854 2253 1890 cst,
2275 1849 2359 1893 quid
2374 1847 2470 1883 enim

1422 1909 1473 1943 sic
1490 1909 1653 1943 vulnerat
1690 1910 1846 1944 animam
1870 1914 1905 1944 ct
1923 1910 2080 1955 complet
2105 1910 2268 1953 maculis,
2289 1909 2470 1955 quomodo

1422 1971 1636 2012 peccatum?
1658 1971 1750 2005 unde
1785 1976 1822 2006 et
1840 1971 1952 2006 David
1979 1971 2146 2006 dicebat:
2177 1959 2472 2017 Computruerzmt

1423 2033 1452 2061 ct
1473 2027 1768 2064 deterioraverunt
1789 2031 1967 2066 cicatrices
2003 2041 2088 2066 ntea:
2105 2043 2125 2066 a
2146 2031 2236 2077 [acie
2263 2032 2471 2077 insipientiae

1422 2098 1506 2121 mese
1525 2086 1638 2133 (Pb-al.
1661 2089 1814 2136 xxxvii).
1849 2090 1941 2133 Quid
1961 2097 2081 2126 autem
2108 2101 2233 2126 rursus
2267 2095 2370 2126 curat
2389 2090 2470 2126 ani-

1422 2155 1489 2179 mae
1506 2146 1633 2182 vulnus
1650 2148 1664 2181 ἱ)
1682 2159 1753 2193 quo
1772 2156 1913 2194 oportet
1940 2152 2045 2187 modo
2078 2158 2223 2197 peraeta
2243 2152 2472 2197 poenitentia.
2498 2175 2499 2178 =

1423 2204 1538 2240 Locus
1563 2205 1669 2250 hujus
1690 2208 1848 2245 vulneris
1874 2217 1928 2246 est
1966 2212 2061 2247 actio
2079 2218 2115 2247 et
2150 2211 2352 2255 consilium,
2376 2212 2473 2248 eirca

1424 2266 1517 2310 quod
1541 2273 1731 2310 peccatum
1768 2275 1907 2314 gestum
1931 2277 1998 2313 est,
2017 2272 2126 2307 veluti
2150 2272 2263 2307 David
2297 2272 2396 2308 loeus
2421 2271 2474 2306 ul-

1422 2326 1516 2362 ceris
1540 2327 1606 2362 fuit
1634 2328 1853 2364 desilerium
1890 2332 2076 2376 corporis,
2101 2338 2249 2376 propter
2267 2332 2361 2367 hanc
2377 2331 2472 2366 enim

1423 2388 1511 2422 etin
1529 2387 1717 2424 Bersabeae
1746 2390 1976 2434 adulterium,
1996 2397 2032 2426 et
2068 2391 2103 2425 in
2124 2391 2247 2426 Uriam
2287 2390 2474 2426 homicidii

1422 2448 1558 2483 crimen
1575 2448 1720 2482 admisit
1741 2460 1748 2483 :
1775 2450 1836 2483 sed
1854 2450 2088 2494 quamobrem
2106 2459 2187 2484 cum
2207 2449 2356 2485 dlxisset
2372 2449 2474 2486 uleus

1422 2507 1554 2549 album,
1594 2507 1662 2542 hoe
1699 2507 1815 2552 ipsum
1852 2513 1971 2543 tamen
2011 2508 2102 2543 dixit
2132 2508 2250 2542 album
2270 2518 2334 2543 seu
2354 2507 2473 2544 rufum

1421 2565 1526 2600 fieri?
1546 2565 1629 2610 quia
1652 2565 1770 2600 album
1790 2565 1935 2610 quidem
1953 2566 2041 2601 dixit
2064 2565 2160 2611 quod
2192 2566 2233 2600 lit
2261 2576 2304 2602 ex
2324 2566 2475 2602 vulnere

1422 2626 1546 2672 legalis
1586 2628 1899 2673 transgressionis,
1940 2629 2021 2664 alba
2063 2629 2178 2673 legem
2217 2638 2364 2672 vocans,
2402 2639 2474 2664 non

1422 2688 1518 2723 enim
1539 2693 1616 2723 erat
1649 2687 1823 2724 calefacta
1844 2689 1918 2724 sole
1935 2689 2085 2735 justitiae
2105 2695 2141 2725 et
2158 2696 2345 2735 propterea
2363 2690 2474 2725 rubra

1422 2759 1493 2783 non
1512 2754 1591 2783 erat
1610 2759 1619 2791 ;
1641 2759 1727 2793 ergo
1764 2751 1916 2785 rubrum
1934 2751 2029 2796 quod
2057 2761 2100 2786 ex
2122 2750 2336 2795 Evangelica
2371 2749 2473 2786 venit

1422 2808 1718 2851 praevaricatione
1762 2809 1964 2846 evidentius
2013 2810 2227 2856 appellatur,
2275 2815 2472 2856 utrumque

1426 2872 1543 2903 tamen
1569 2868 1604 2903 in
1621 2867 1802 2903 Christum
1829 2876 1893 2911 est,
1915 2870 1951 2905 in
1972 2881 2043 2916 quo
2061 2872 2106 2907 ab
2126 2870 2286 2906 Ecclesia
2319 2870 2357 2905 in
2375 2870 2472 2906 Can-

1425 2926 1505 2961 ticis
1530 2927 1752 2962 cantieorum
1771 2928 1914 2972 (licitur,
1952 2929 2113 2974 [atraciis
2134 2940 2230 2970 meus
2249 2928 2350 2964 albus
2364 2934 2396 2964 et
2414 2936 2474 2962 ru-

1426 2986 1595 3021 bicundus
1627 2986 1742 3033 (Cant.
1781 2987 1816 3033 v)
1837 2999 1847 3031 ;
1887 2989 2000 3034 ipsius
2023 2989 2118 3024 enin}
2158 2993 2214 3024 est
2250 2988 2324 3031 lex,
2360 2986 2477 3032 ipsius

1425 3047 1668 3092 Evangelium.
1691 3047 1761 3083 Sed
1779 3058 1858 3093 quae
1877 3054 1947 3091 est,
1968 3049 2100 3095 inquis,
2124 3049 2213 3093 legis
2235 3045 2473 3093 transgressio

1426 3107 1471 3141 ad
1502 3107 1616 3152 ipsum
1635 3107 1820 3151 pertinens
1834 3134 1843 3150 ,
1865 3108 1992 3154 utique
2019 3108 2206 3144 Christum
2224 3107 2374 3152 ejusque
2389 3115 2472 3156 my-¹

1427 3167 1600 3202 sterium?
1620 3167 1655 3202 id
1673 3172 1743 3210 est,
1762 3167 1940 3203 idolothiti
1965 3168 2098 3211 omnis,
2126 3167 2326 3214 sanguinis,
2344 3171 2382 3203 et
2395 3159 2481 3213 suf-f

1425 3225 1533 3261 focati
1567 3236 1664 3268 esus,
1699 3235 1783 3260 nam
1806 3227 1882 3262 haee
1899 3232 1936 3262 et
1960 3228 1991 3264 si
2015 3227 2144 3274 legalia
2168 3231 2254 3263 sunt
2272 3229 2483 3282 μεωεορω,

1425 3284 1622 3319 Ecclesiam
1639 3289 1758 3319 tamen
1774 3294 1815 3320 ea
1836 3286 2019 3323 custodire
2037 3285 2189 3332 apostoli
2199 3290 2485 3342 praeceperunt,

1426 3342 1522 3389 quod
1553 3342 1711 3378 ostendit
1740 3342 1894 3381 Iacobus
1927 3345 2084 3382 dicens.
2129 3342 2252 3381 Visum
2266 3349 2331 3386 est
2343 3340 2463 3380 samem

1427 3402 1574 3450 Spiritui
1589 3408 1620 3437 et
1638 3402 1748 3445 nobis,
1785 3403 1871 3439 nihil
1901 3404 2050 3452 amptius
2068 3404 2351 3451 superimponere
2375 3402 2452 3447 vob

1426 3463 1553 3505 oneris,
1570 3462 1718 3508 exceptis
1737 3462 1805 3504 his,
1834 3463 2005 3500 abstinere
2033 3463 2077 3500 ab
2106 3462 2379 3509 Μοὶοιὴἱιίε,εζ

1424 3523 1528 3569 quino
1544 3526 1576 3558 at
1588 3521 1776 3574 suffocato,
1794 3526 1827 3556 et
1839 3521 2072 3566 fornicatione
2091 3522 2194 3571 (Acte
2203 3522 2297 3571 n)
2401 3533 2408 3543 ¹

1425 3582 1498 3624 lica
1521 3585 1585 3619 est
1610 3585 1766 3624 autem,
1774 3588 1856 3626 quae
1883 3590 1959 3622 non
1989 3582 2188 3630 seeundum
2203 3582 2354 3635 ‚m
2381 3584 2398 3600 -’

1427 3643 1631 3690 edam
1639 3640 1786 3679 dixerit
1782 3640 1891 3687 fratri
1909 3642 1978 3679 nto
1987 3640 2110 3684 &tue
2119 3637 2274 3686 reus]
2368 3635 2419 3665 71

1426 3703 1546 3752 etqui
1542 3699 1871 3744 mantiam
1876 3699 1940 3743 wad
1955 3701 2239 3748 mammew*
2364 3708 2366 3711 '
2392 3701 2415 3709 ”
