2540 4016
1083 109 1088 115 -
1107 105 1119 120 π

61 0 97 184 ἷ

76 174 151 216 'tos

543 167 909 213 ‚suaamrtouas
933 169 981 209 m
1004 168 1180 211 1111111111
1202 170 1516 220 namneum.
1539 192 1588 203 -
1605 176 1697 227 un.
1716 178 1777 218 m.
1823 206 1842 229 Ι,

77 255 142 294 sed
169 251 330 300 5111116101
368 259 436 288 aec
466 248 571 296 lapsu
586 250 716 287 motus
727 268 740 292 ,
772 247 837 285 5611
864 245 1137 294 perseverantia
1152 247 1191 292 Α
1203 253 1371 284 curentur
1388 245 1512 296 (Apoe.
1529 247 1586 294 ιι).
1603 249 1701 299 Ergo
1714 253 1935 298 temporibus
1946 257 2092 301 loannis
2102 265 2257 314 aponum

77 318 308 367 perduratus«

126 434 354 481 Surrexitque
385 430 562 474 Balaam,
599 435 632 466 et
678 439 834 465 reversus
873 433 924 466 est
951 428 991 464 in
1020 427 1139 465 locam

78 506 194 532 suam.
228 495 274 530 Et
298 493 409 530 Ratae
439 492 494 529 via
521 503 592 539 qua
621 497 758 528 venerat
788 490 904 526 rediit.
938 489 1136 536 Postquam

78 557 224 592 Balaam
249 555 474 602 prophetiam
493 564 594 589 suam
622 552 779 594 linierat,
799 551 930 587 reverti
948 550 1080 587 dicitur
1099 550 1135 586 111

78 617 196 653 locum
217 626 335 657 suum,
368 621 403 650 et
421 614 529 650 Balac
551 615 609 650 via
628 624 698 660 qua
716 618 865 649 venerat
897 612 1039 655 redire;
1069 621 1136 647 nec

78 677 213 723 aliquid
232 675 347 711 hocin
366 675 445 710 loco
464 675 508 710 de
528 674 605 719 ejus
624 673 774 710 consilio
794 674 879 709 dato
894 673 940 708 ad
954 672 1136 718 decipien-

77 739 161 774 dum
181 736 291 772 lsrael
309 742 447 778 narrat,
475 735 538 771 sed
559 734 809 771 tantummodo
825 734 926 776 dicit,
953 734 1048 779 quod
1069 743 1135 778 ap-

75 798 262 846 plicuisset
296 797 406 832 lsrael
442 796 476 831 in
497 795 648 838 861111111,
674 800 710 830 61
740 794 896 840 pollutus
916 793 962 828 sit
982 791 1135 838 populus

75 858 259 895 fornicans
278 858 423 893 insilias
444 856 547 892 Moab
565 883 575 899 ,
605 865 684 902 quae
698 858 918 890 vocaverunt
935 862 998 887 eos
1016 852 1059 887 ad
1078 863 1135 888 sa-

75 919 211 955 crificia
231 919 408 954 idolorum
425 927 572 954 suorum
588 927 597 959 ;
620 921 656 951 et
674 913 904 950 manducavit
921 912 1075 958 populus
1092 913 1134 948 de

75 980 265 1017 sacrificiis
285 989 407 1015 eorum
427 1005 436 1021 ,
459 983 496 1013 et
524 978 769 1012 adoraverunt
791 973 886 1009 idola
914 983 1054 1008 eorum.
1091 972 1135 1007 Et

74 1045 308 1077 consecratus
339 1043 394 1073 est
413 1037 647 1082 Beelphegor,
678 1039 714 1069 et
745 1034 858 1068 iratus
887 1038 942 1068 est
959 1032 1134 1069 Dominus

73 1101 195 1136 surore
224 1103 350 1134 contra
374 1096 499 1132 lsrael.
531 1095 568 1131 ln
599 1096 655 1130 his
690 1094 893 1130 ostenditur
927 1094 1012 1128 illud
1037 1094 1133 1139 quod

1205 313 1311 344 erant
1326 309 1474 356 quidam
1487 309 1526 344 in
1539 298 1703 346 Ecclesia
1719 310 1779 348 illa
1795 313 1842 348 ad
1859 323 1970 361 quam
1987 323 2177 371 notingha,
2193 327 2257 367 do.

1204 375 1330 406 centes
1349 370 1550 406 doctrinam
1567 369 1728 407 Balaam.
1752 370 1928 410 Putas-ne
1944 375 1995 411 ita
2009 382 2255 427 accipiendum

1206 433 1274 471 est,
1294 429 1390 474 quod
1406 429 1542 465 suerint
1559 429 1596 464 in
1613 428 1683 464 11115
1708 428 1837 466 diebus
1849 458 1859 474 ,
1884 433 1945 478 qui
1964 434 2125 474 dicerent
2140 451 2180 477 se
2195 445 2258 482 ‹10-

1206 499 1289 526 cere
1306 500 1350 526 ea
1370 500 1452 536 quae
1469 488 1617 527 Balaam
1637 488 1781 535 docuit,
1810 496 1846 528 et
1873 493 1934 539 qui
1952 496 2205 541 profiterentur
2221 513 2259 542 se

1207 552 1412 599 dogmatum
1439 558 1475 588 et
1494 553 1730 589 traditionum
1758 553 1855 590 illius
1883 566 1965 592 esse
1989 557 2184 596 doctores?
2205 562 2260 599 An

1206 602 1292 649 illud
1309 613 1429 658 potius
1448 613 1621 649 debemus
1646 614 1856 658 advertere,
1877 617 1974 663 quod
2004 617 2034 653 si
2066 617 2130 664 qui
2153 620 2262 659 saei'at

1206 685 1294 721 opus
1314 675 1410 721 quod
1428 673 1514 710 fecit
1532 674 1691 718 Balaam,
1707 676 1737 712 is
1756 677 1960 715 doctrinam
1977 678 2120 715 Balaam
2134 681 2263 718 doecre

1206 736 1398 772 videatur?
1425 735 1526 772 Sicut
1543 742 1579 772 et
1597 738 1756 773 doctrina
1783 738 1927 775 Jezabel
1947 741 1982 776 in
1999 742 2124 777 eadem
2145 742 2262 779 Reve-

1205 797 1339 833 latione
1363 804 1596 841 memoratur,
1629 810 1700 835 non
1733 811 1804 846 quo
1825 801 1956 847 aliquis
1988 813 2032 838 ex
2066 803 2265 850 disciplinis

1204 857 1346 895 Jezabel
1370 860 1495 895 doceat
1515 871 1594 906 quse
1613 861 1671 896 illa
1703 861 1913 906 tradiderit,
1939 863 2000 899 sed
2018 865 2114 910 quod
2134 866 2163 901 si
2184 866 2266 912 quis

1205 920 1305 956 verbi
1335 931 1443 956 causa
1473 928 1533 956 aut
1557 922 1749 967 prophetas
1777 923 1839 958 Dei
1870 930 2109 970 persequatur
2137 931 2177 962 ut
2203 925 2264 961 illa

1206 979 1306 1023 facit,
1319 987 1380 1016 aut
1395 981 1499 1017 1110115
1517 982 1656 1027 1111111105
1671 984 1839 1028 decipiat,
1851 985 1906 1020 vel
1921 984 2021 1021 salsis
2039 986 2265 1023 circumscri-

1204 1037 1402 1085 ptionihus'
1417 1042 1571 1086 perimat
1599 1043 1831 1087 innoeentes,
1858 1045 1927 1080 iste
1958 1046 2092 1082 dieitur
2118 1046 2265 1084 Jezabel

1205 1104 1329 1134 tenere
1345 1099 1562 1134 doctrinam.
1589 1100 1650 1136 Sic
1669 1112 1755 1147 ergo
1777 1108 1813 1138 ct
1834 1103 1862 1138 si
1882 1104 1962 1148 quis
1980 1105 2084 1141 malis
2104 1107 2265 1143 consiliis

73 1172 166 1207 saepe
183 1160 462 1197 memoravimus
482 1171 489 1193 :
517 1158 600 1204 quia
633 1157 777 1192 Balaam
803 1163 1036 1203 posteaquam
1070 1157 1133 1192 Dei
1155 1153 1184 1192 ls
1204 1159 1372 1195 seandala
1393 1166 1538 1206 generet
1560 1161 1690 1207 populo
1706 1162 1783 1205 Dei,
1802 1168 1838 1198 et
1854 1164 2088 1201 offensionem
2107 1167 2265 1203 divinam

71 1225 204 1261 virtute
226 1222 443 1260 constrictus
459 1248 470 1265 ,
504 1231 576 1257 non
607 1225 664 1256 est
683 1220 884 1266 permissus
915 1219 1133 1255 maledicere

71 1283 197 1327 Israel,
222 1283 344 1319 volens
366 1289 483 1318 tamen
502 1282 646 1327 plaeere
661 1280 736 1326 regi
762 1279 884 1322 Bulae,
906 1279 957 1314 ait
977 1278 1020 1314 ad
1051 1289 1133 1314 eum

71 1345 166 1381 sicut
182 1344 355 1390 scriptum
380 1348 435 1378 est
452 1355 459 1378 :
493 1341 591 1386 Veni,
608 1340 793 1376 consilinm
809 1340 854 1375 do
874 1340 963 1382 tibi,·
988 1345 1024 1375 ct
1047 1339 1134 1386 quid

70 1404 210 1441 consilii
261 1404 427 1443 dederit,
478 1403 527 1438 ibi
570 1413 640 1438 non
684 1401 837 1448 aperuit.
882 1400 921 1435 ln
957 1400 1135 1446 posterio-

70 1465 170 1501 ribus
206 1470 324 1500 tamen
364 1464 468 1499 istius
493 1463 574 1499 libri
600 1462 840 1497 Numcrorum
867 1462 1040 1506 scriptum
1079 1471 1135 1496 re-

70 1526 210 1569 fertur,
249 1526 310 1562 sed
342 1525 484 1570 plenius
514 1524 549 1559 in
579 1523 800 1559 revelatione
831 1521 979 1557 Joannis
1014 1533 1021 1556 ε
1057 1520 1135 1556 Πα-

70 1587 148 1629 bes,
189 1587 334 1632 inquit,
371 1586 417 1620 ibi
450 1591 603 1620 tenentes
640 1585 837 1619 doctrinam
862 1583 1039 1627 Balaam,
1075 1583 1134 1629 qui

69 1646 185 1682 docuit
230 1645 362 1689 Baiae,
406 1651 442 1680 ut
476 1647 623 1681 mitteret
662 1644 869 1680 scandatum
912 1645 948 1679 in
991 1655 1135 1690 conspe-

68 1713 126 1742 ctu
160 1706 315 1751 filioram
351 1706 485 1749 Israel,
512 1713 548 1741 ut
590 1706 843 1741 manducarent
872 1705 976 1741 idolis
1005 1707 1133 1742 intuto-

72 1767 160 1810 tata,
180 1774 211 1803 et
229 1768 488 1813 fornicarentur
504 1767 626 1815 (Apoc.
645 1767 700 1814 n).
720 1768 770 1802 Ex
786 1767 852 1803 hoe
867 1777 952 1813 crgo
971 1774 1131 1814 apparet,

70 1829 167 1874 quod
188 1829 347 1873 nequitia
370 1839 455 1864 usus
476 1829 524 1864 sit
545 1828 709 1870 Balaam,
728 1834 767 1864 et
786 1828 977 1864 consilium
995 1828 1134 1864 dederit

70 1889 146 1934 regi
169 1888 251 1923 talia
273 1888 437 1934 (ptaedam
455 1888 579 1924 dicens
606 1889 651 1923 ad
675 1898 756 1923 eum
774 1900 783 1923 z
805 1888 963 1934 Populus
983 1888 1041 1924 hie
1062 1898 1134 1924 non

68 1951 228 1996 propriis
242 1951 394 1993 viribus,
415 1950 477 1985 sed
498 1951 610 1985 Deum
629 1950 779 1985 colendo
794 1950 920 1992 vincit,
942 1950 1132 1995 etpudici-

68 2012 155 2048 tiam
179 2012 441 2047 conservando.
465 2010 503 2046 Si
521 2011 574 2046 vis
597 2022 679 2046 eum
699 2011 855 2054 vincere,
874 2011 992 2056 primo
1006 2022 1131 2046 eorum

67 2075 281 2124 pudicitiam
314 2073 446 2120 dejice,
474 2080 511 2109 et
538 2079 666 2120 sponte
691 2074 894 2109 vincentur.
917 2073 987 2109 Sed
1003 2073 1131 2109 adver·
1151 2062 1180 2103 C

70 2146 149 2172 sum
171 2137 248 2172 haec
273 2146 342 2171 non
363 2136 496 2171 virtute
518 2135 687 2177 militum,
704 2135 766 2170 sed
787 2134 980 2170 mulierum
1001 2135 1131 2170 decore

67 2197 300 2244 pugnandum
320 2202 402 2240 est;
432 2206 498 2232 nec
516 2207 698 2231 armorum
726 2196 867 2240 rigore,
891 2196 954 2230 sed
979 2195 1131 2231 mollitie

69 2257 299 2294 sentinarum.
320 2257 449 2293 Procul
468 2268 553 2304 ergo
576 2257 677 2299 hinc,
711 2256 834 2303 procul
863 2267 990 2292 amove
1011 2267 1131 2291 arma-

71 2326 189 2357 torum
209 2331 371 2363 manum,
392 2325 427 2356 et
446 2320 595 2355 electam
616 2330 793 2365 congrega
821 2319 978 2364 speciem
997 2318 1132 2364 puella-

70 2392 163 2418 rum.
184 2381 365 2418 Ludentes
384 2381 534 2428 pedibus
555 2387 671 2424 erant,
696 2382 933 2426 manibusque
953 2381 1128 2426 plauden-

70 2449 137 2479 tes.
159 2443 290 2479 Forma
317 2444 429 2479 vincit
452 2449 626 2486 armatos,
647 2443 781 2479 serrum
806 2444 1038 2489 pulchritudo
1067 2453 1128 2479 ca-

68 2505 196 2551 ptivat.
228 2505 426 2541 vincentur
459 2515 478 2540 a
513 2506 651 2550 specie,
685 2505 746 2550 qui
776 2515 847 2540 uon
866 2505 1060 2539 vincuntur
1085 2504 1130 2539 ad

70 2567 246 2613 praelium.
267 2567 399 2603 Verum
417 2567 476 2602 11111
497 2567 675 2603 senserint
691 2576 752 2601 eos
773 2566 941 2602 mulieres
965 2565 1129 2602 Moabitae

69 2628 127 2663 vel
142 2628 344 2663 Madianitae
361 2639 488 2663 manus
508 2629 651 2663 dedisse
672 2627 823 2669 libidini,
845 2634 880 2662 ct
903 2632 1052 2672 peccato
1071 2627 1128 2662 in-

71 2691 227 2726 clinasse
245 2690 418 2730 cervices,
439 2700 509 2724 non
534 2690 634 2735 prius
663 2689 877 2735 semetipsas
903 2690 1128 2734 cupientibus

68 2752 271 2799 praeheant,
292 2761 398 2797 quam
416 2751 459 2786 dc
479 2750 668 2786 sacrificiis
686 2750 863 2786 idolorum
881 2751 1128 2796 acquieverint

70 2811 276 2857 degustare,
294 2816 333 2846 ut
350 2818 501 2857 cogente
521 2811 682 2854 libidine,
702 2811 862 2847 consiliis
879 2812 1128 2857 obtemperent

70 2871 301 2915 feminarum,
320 2878 357 2908 et
374 2877 632 2908 consecrentur
650 2872 751 2918 prius
769 2871 1006 2918 Beelphegor,
1031 2873 1127 2919 quod

70 2939 126 2968 est
139 2933 270 2969 idolum
286 2933 532 2979 turpitudinis.
544 2931 627 2968 llaec
642 2931 786 2968 suerunt
799 2933 948 2968 consilia
965 2933 1122 2968 Balaam.

69 2991 206 3036 Quibus
225 2994 395 3039 acceptis,
408 2993 515 3029 Balac
531 3004 593 3028 rex
610 2999 712 3039 parat
725 2994 896 3030 continuo
910 2995 1126 3039 exercitum,

70 3064 140 3089 non
163 3054 290 3097 armis,
312 3065 382 3090 non
400 3054 558 3099 viribus,
585 3055 647 3091 sed
674 3054 829 3091 femineo
846 3056 964 3091 nitore
981 3066 1127 3102 compo-

69 3114 191 3150 situm.
213 3114 291 3150 Non
311 3113 433 3151 surore
451 3115 595 3158 bellico,
616 3115 679 3152 sed
697 3115 856 3152 libidinis
883 3115 1025 3152 flamma
1046 3127 1128 3154 suc-

69 3185 230 3211 censum.
249 3175 333 3213 Haec
348 3186 436 3222 ergo
452 3182 536 3213 sunt
550 3187 630 3223 quae
642 3187 708 3213 nos
724 3177 885 3213 historiae
904 3182 1023 3214 textus
1041 3179 1127 3214 edo-

68 3235 156 3272 cuit.
180 3236 314 3274 Verum
346 3237 517 3282 quoniam
546 3235 702 3273 Joannes
729 3237 765 3273 in
789 3237 1010 3274 revelatione
1037 3248 1123 3282 sua,

68 3307 112 3334 ea
141 3309 221 3345 quae
246 3299 283 3335 in
312 3299 390 3346 lege
421 3300 618 3336 seeundum
650 3300 841 3337 historiam
861 3302 994 3348 scripta
1016 3307 1123 3344 sunt,

69 3359 214 3412 adducit
232 3360 277 3396 ad
292 3360 465 3407 mysteria
484 3360 628 3405 divina,
653 3366 690 3397 et
706 3367 934 3398 sacramenta
959 3363 1124 3408 quaedam

7 3457 14 3462 ,
70 3416 108 3454 111
127 3419 184 3456 1115
204 3419 332 3456 edocet
349 3420 541 3465 contineri,
560 3422 808 3458 necessarium
833 3423 941 3458 etiam
967 3423 1122 3466 videtur,
1160 3453 1162 3455 ,

69 3479 265 3516 seeundum
283 3481 378 3527 quod
396 3481 456 3518 ille
473 3483 600 3527 sensit,
618 3494 684 3520 nos
699 3493 842 3530 quoque
860 3484 905 3519 ab
923 3483 983 3519 illo
1002 3484 1122 3519 datam

69 3541 303 3587 expositionis
322 3543 485 3589 regulam
504 3545 626 3590 sequi,
660 3551 696 3582 et
714 3545 831 3591 primo
858 3554 1060 3580 memorare
1079 3554 1123 3580 ea

69 3603 213 3647 murati
236 3602 389 3657 gloriam
418 3604 590 3643 Ecclesia!
613 3605 797 3652 cuiusdam
827 3605 988 3642 scribens
1007 3604 1120 3640 dicit:

73 3657 271 3702 flamia
293 3663 475 3710 quosdam,
496 3666 556 3712 qui
574 3671 689 3704 tenent
720 3667 916 3703 doctrinam
940 3664 1092 3700 Balaam
1110 3674 1122 3699 :

69 3719 132 3768 4⁸⁸⁵
148 3718 388 3767 domic-Ratae
402 3725 538 3769 mittere
553 3726 762 3765 wandalum
780 3728 818 3764 in
831 3733 1015 3774 conspectu
1030 3724 1123 3772 filio-

69 3794 152 3828 Μ
168 3782 737 3835 ἱκὴϋῑηᾶηηησϋνίὴ
752 3790 952 3845 immolata.
964 3798 998 3829 at
1011 3788 1125 3842 sorni«

1204 1227 1312 1267 atque
1331 1222 1553 1257 iracundiam
1575 1223 1759 1259 eoelestem
1777 1232 1949 1271 provocet
1966 1228 2059 1273 plebi
2078 1229 2133 1264 vel
2154 1230 2266 1266 idolo-

1204 1293 1284 1317 rum
1306 1283 1496 1319 sacritieiis
1516 1285 1832 1328 communicando,
1850 1287 1904 1322 vel
1922 1290 2055 1333 stupris
2072 1300 2112 1325 ac
2128 1290 2266 1327 libidini

1203 1344 1414 1387 serviendo,
1441 1345 1499 1380 hie
1528 1345 1730 1380 doctrinam
1764 1347 1909 1382 Balaam
1944 1355 2066 1384 tenere
2093 1351 2265 1388 dicendus

1203 1411 1271 1441 est.
1292 1406 1355 1441 Est
1375 1417 1460 1452 ergo
1477 1407 1710 1442 exsecrabilis
1731 1408 1841 1444 ctiam
1868 1411 2030 1455 corporis
2053 1410 2260 1448 fornicatio.

1203 1467 1296 1511 Quid
1325 1468 1421 1503 enim
1450 1468 1497 1503 ita
1523 1470 1746 1505 exsecrabile
1771 1481 1879 1515 quam
1908 1472 2078 1517 templum
2099 1473 2162 1508 Dei
2187 1474 2263 1509 vio-

1203 1527 1292 1568 lare,
1312 1537 1353 1563 ac
1376 1527 1499 1563 tollere
1522 1529 1683 1564 membra
1703 1529 1859 1573 Christi,
1890 1539 1926 1567 et
1956 1532 2076 1568 facere
2101 1535 2264 1570 membra

1203 1589 1432 1624 meretricis?
1456 1589 1566 1625 Multo
1594 1596 1715 1626 tamen
1735 1591 1850 1637 magis
1869 1593 2104 1629 exsecrabilis
2129 1600 2184 1630 cst
2204 1605 2266 1641 ge-

1202 1649 1336 1686 neralis
1355 1650 1414 1685 illa
1443 1650 1653 1695 fornicatio,
1686 1652 1723 1687 in
1749 1663 1820 1698 qua
1847 1663 1955 1689 omne
1983 1664 2095 1700 genus
2124 1657 2264 1701 peccati

1201 1710 1339 1754 pariter
1352 1711 1568 1747 continetur.
1579 1711 1763 1748 Generalis
1776 1718 1894 1748 autem
1911 1712 2100 1750 fornicatio
2115 1715 2262 1759 dieitur,

1203 1780 1283 1805 cum
1300 1772 1432 1815 anima,
1454 1783 1534 1818 quae
1553 1773 1589 1808 in
1604 1775 1824 1810 consortium
1842 1776 1942 1811 verbi
1959 1776 2022 1812 Dei
2040 1777 2178 1812 adscita
2193 1784 2261 1821 est,

1202 1837 1237 1866 et
1259 1833 1490 1869 matrimonio
1523 1835 1600 1880 ejus
1627 1836 1783 1880 quodam
1813 1837 1919 1872 modo
1942 1838 2091 1880 sociata,
2119 1839 2164 1874 ab
2191 1838 2266 1876 ullo

1203 1892 1272 1927 alio
1289 1893 1419 1935 alieno,
1440 1894 1580 1930 scilicet
1597 1896 1808 1932 adversario
1823 1897 1918 1932 illius
1937 1898 2003 1933 viri
2021 1898 2082 1944 qui
2099 1909 2178 1934 eam
2195 1899 2264 1936 sibi

1203 1953 1404 1998 despondit,
1426 1954 1462 1989 in
1490 1955 1559 1991 fide
1578 1957 1823 2003 corrumpitur
1842 1964 1877 1994 et
1894 1958 2062 1995 violatur.
2090 1960 2156 1995 Est
2178 1971 2264 2007 ergo

1203 2024 1357 2060 sponsus
1376 2020 1411 2050 et
1425 2016 1480 2050 vir
1496 2017 1624 2052 animae
1641 2019 1781 2053 mundae
1797 2023 1833 2054 et
1847 2020 2000 2064 pudicae,
2018 2021 2167 2056 verbum
2183 2021 2263 2066 Dei,

1202 2075 1262 2121 qui
1293 2081 1348 2110 est
1379 2075 1545 2112 Christus
1565 2078 1750 2114 Dominus.
1782 2078 1883 2114 Sicut
1904 2085 1940 2115 et
1963 2080 2158 2126 Apostolus
2178 2082 2266 2117 dicit

1204 2136 1257 2172 vel
1278 2137 1403 2172 scribit
1421 2150 1427 2171 :
1467 2136 1549 2172 Volo
1567 2145 1682 2174 autem
1703 2151 1761 2174 vos
1783 2151 1899 2175 01111165
1920 2142 1981 2176 ani
2006 2142 2077 2177 viro
2096 2143 2264 2189 viryinem

1201 2204 1333 2233 castam
1355 2199 1514 2234 exhibere
1533 2199 1685 2235 Christo.
1711 2199 1828 2236 Timeo
1850 2208 1981 2246 autem,
2005 2214 2048 2238 ne
2064 2203 2154 2249 sorte
2173 2204 2263 2239 sicut

1200 2271 1339 2306 serpens
1356 2260 1493 2296 seduxit
1510 2260 1622 2296 Eram
1651 2263 1781 2296 astutia
1800 2274 1886 2305 saa,
1911 2262 1962 2298 ita
1992 2270 2263 2310 corrumpamur

1200 2333 1320 2357 sensas
1341 2323 1442 2356 vestri
1461 2334 1480 2356 a
1498 2323 1744 2368 simplicitate,
1769 2335 1847 2369 qaoe
1874 2330 1924 2358 est
1951 2324 1988 2359 in
2019 2322 2158 2359 Christo
2175 2324 2261 2360 Iesu

1202 2380 1255 2426 (II
1274 2380 1355 2414 Cor.
1371 2379 1436 2426 xi).
1454 2381 1574 2416 Donec
1593 2381 1702 2427 igitur
1718 2382 1838 2416 anima
1857 2382 2016 2418 adhaerct
2031 2392 2164 2428 sponso
2180 2391 2261 2426 suo,

1199 2447 1236 2477 et
1255 2441 1354 2475 audit
1375 2441 1525 2475 verbum
1548 2442 1648 2486 ejus,
1674 2447 1709 2476 et
1742 2442 1857 2488 ipsum
1878 2442 2153 2488 complectitur,
2182 2442 2262 2480 sine

1200 2503 1306 2538 11111110
1336 2503 1380 2537 ab
1410 2503 1487 2549 ipso
1514 2504 1664 2549 suscipit
1685 2514 1806 2539 semen
1823 2505 1972 2540 verbum
1995 2505 2071 2540 Dei.
2094 2505 2138 2540 Et
2166 2505 2261 2542 sicut

1199 2564 1257 2600 ille
1275 2565 1385 2600 dixit:
1400 2564 1452 2599 De
1470 2565 1598 2600 timore
1618 2570 1692 2609 tuo,
1711 2565 1877 2608 Domine,
1897 2566 1932 2601 in
1949 2571 2075 2602 ventre
2093 2567 2261 2612 concepi-

1198 2636 1279 2661 mus
1297 2632 1334 2661 et
1353 2627 1628 2672 parturivimus,
1651 2632 1687 2662 et
1713 2638 1777 2674 per
1796 2628 1962 2674 spiritum
1980 2628 2106 2665 salutis
2123 2635 2191 2665 tuae
2206 2629 2259 2666 se-

1199 2689 1314 2725 cimus
1330 2698 1437 2734 super
1458 2694 1585 2724 terras.
1609 2688 1647 2724 Si
1673 2699 1759 2735 ergo
1777 2690 1829 2725 sie
1851 2690 1894 2725 de
1920 2689 2065 2726 Christo
2092 2691 2258 2737 concepit

1198 2753 1317 2787 anima
1332 2779 1341 2795 ‚
1364 2752 1449 2788 facit
1470 2752 1562 2788 111105
1587 2762 1652 2798 pro
1681 2752 1811 2798 quihus
1832 2752 1972 2788 dicatur
2001 2753 2044 2788 de
2078 2763 2143 2796 ea,
2174 2753 2256 2799 quia

1198 2814 1295 2850 salva
1316 2814 1385 2850 erit
1403 2825 1467 2860 per
1483 2813 1640 2849 liliorum
1661 2814 1946 2861 generationem,
1968 2814 1998 2850 si
2015 2815 2258 2860 permanserit

1198 2875 1234 2910 111
1267 2875 1336 2910 11116
1365 2879 1402 2911 et
1429 2875 1607 2911 charitate
1636 2885 1718 2911 cum
1747 2875 1958 2911 sobrietate.
1980 2875 2066 2911 Inde
2087 2880 2257 2911 nascetur

1197 2947 1370 2983 generosa
1403 2938 1614 2984 progenies;
1650 2938 1733 2974 inde
1765 2938 1938 2984 pudicitia
1974 2938 2136 2981 orietur;
2173 2937 2255 2973 inde

1191 2996 1353 3042 justitia;
1375 2998 1457 3034 inde
1473 3000 1712 3034 mansuetudo
1728 3005 1764 3035 et
1779 2999 1951 3042 charitas,
1971 3004 2078 3045 atque
2095 2998 2254 3034 omnium

1195 3058 1369 3094 virtutum
1388 3058 1509 3104 proles
1524 3059 1729 3095 veneranda
1748 3059 1930 3096 succedet.
1950 3058 2052 3103 Quod
2075 3047 2104 3094 si
2129 3057 2253 3094 infelix

1196 3118 1317 3154 anima
1335 3119 1447 3154 divini
1467 3119 1566 3155 verbi
1594 3119 1828 3166 dereliquerit
1849 3125 1973 3156 sancta
1991 3118 2188 3159 connubia,
2216 3122 2255 3154 et

1195 3179 1231 3214 in
1251 3179 1472 3216 adulterinos
1492 3190 1530 3216 56
1549 3180 1758 3226 complexus
1776 3178 1922 3221 diaboli,
1945 3177 2166 3221 aliorumque
2180 3176 2252 3211 1166-

1194 3250 1341 3276 11101111111
1363 3240 1544 3278 illecebris
1573 3241 1722 3285 decepta
1747 3237 1950 3280 tradiderit,
1971 3235 2154 3282 generabit
2172 3236 2249 3272 sinc

1193 3302 1301 3339 dubio
1319 3303 1427 3339 etiam
1447 3301 1529 3338 inde
1550 3301 1653 3342 111105,
1676 3298 1832 3335 sedilios
1853 3299 1896 3334 de
1915 3297 2045 3343 quibus
2074 3296 2247 3342 scriptum

1193 3368 1271 3398 est:
1299 3362 1386 3398 Filii
1404 3369 1519 3397 autem
1539 3359 1777 3394 adulterorum
1792 3356 1984 3403 imperfecti
2001 3361 2116 3398 erunt,
2130 3361 2161 3391 et
2181 3356 2246 3391 im·-

1191 3434 1259 3469 quo
1280 3422 1462 3458 concubitu
1479 3430 1594 3455 semen
1606 3415 1892 3453 exterminabitur
1909 3414 2008 3462 (Sap.
2028 3414 2100 3462 111).
2117 3415 2245 3452 Omnia

1191 3493 1277 3528 ergo
1296 3487 1459 3527 peccata,
1475 3479 1537 3514 11111
1552 3482 1635 3514 sunt
1650 3475 1832 3518 adulterii,
1849 3479 1884 3511 et
1900 3475 1962 3511 11111
1978 3475 2242 3512 fornicationis.

1193 3543 1294 3580 Unde
1313 3538 1514 3578 ostenditur
1530 3537 1625 3584 quod
1641 3547 1706 3583 per
1722 3536 1862 3583 singula
1881 3547 2033 3584 quaeque
2052 3547 2134 3584 quae.
2147 3537 2243 3584 geri·

1191 3613 1284 3644 mus,
1306 3601 1399 3647 parit
1421 3601 1539 3636 anima
1553 3604 1677 3635 nostra
1692 3603 1729 3635 et
1741 3602 1890 3643 generat
1906 3597 2014 3642 111105,
2035 3608 2160 3635 56115115
2174 3597 2243 3634 561-

1189 3663 1275 3698 licet
1288 3666 1324 3697 et
1338 3671 1448 3707 opera
1467 3670 1547 3706 qua:
1565 3659 1672 3706 gerit.
1704 3658 1749 3695 Et
1779 3657 1956 3704 siquidem
1977 3658 2175 3695 secundum
2192 3657 2246 3696 le·

1191 3733 1272 3771 gem
1291 3727 1347 3759 est
1367 3722 1463 3768 quod
1478 3721 1587 3769 geris,
1607 3725 1645 3757 et
1661 3719 1858 3757 secundum
1880 3719 2032 3757 verbum
2051 3719 2244 3773 0611511111-

1190 3791 1268 3825 tum
1279 3784 1376 3837 parit
1388 3782 1528 3830 salutis,
1540 3788 1578 3822 et
1591 3786 1783 3839 propterea
1797 3771 1996 3821 salvabitur
2005 3789 2072 3836 per
2085 3779 2244 3823 tiliorum
