<?xml version="1.0" encoding="UTF-8"?>
<!DOCTYPE html PUBLIC "-//W3C//DTD XHTML 1.0 Transitional//EN"
    "http://www.w3.org/TR/xhtml1/DTD/xhtml1-transitional.dtd">
<html xmlns="http://www.w3.org/1999/xhtml" xml:lang="en" lang="en">
 <head>
  <title>
</title>
<meta http-equiv="Content-Type" content="text/html;charset=utf-8" />
  <meta name='ocr-system' content='tesseract 3.04.00' />
  <meta name='ocr-capabilities' content='ocr_page ocr_carea ocr_par ocr_line ocrx_word'/>
</head>
<body>
  <div class='ocr_page' id='page_1' title='image "./patrologiae00unknuoft_0408.png"; bbox 0 0 2540 4016; ppageno 0'>
   <div class='ocr_carea' id='block_1_1' title="bbox 343 176 1414 217">
    <p class='ocr_par' dir='ltr' id='par_1_1' title="bbox 343 176 1414 217">
     <span class='ocr_line' id='line_1_1' title="bbox 343 176 1414 217; baseline 0.004 -7"><span class='ocrx_word' id='word_1_1' title='bbox 343 181 412 217; x_wconf 79' lang='lat'><strong>805</strong></span> <span class='ocrx_word' id='word_1_2' title='bbox 766 176 807 212; x_wconf 84' lang='lat' dir='ltr'><strong>B.</strong></span> <span class='ocrx_word' id='word_1_3' title='bbox 837 176 1007 215; x_wconf 78' lang='lat' dir='ltr'><strong>RABANI</strong></span> <span class='ocrx_word' id='word_1_4' title='bbox 1032 176 1179 215; x_wconf 85' lang='lat' dir='ltr'><strong>MAURI</strong></span> <span class='ocrx_word' id='word_1_5' title='bbox 1201 178 1414 216; x_wconf 85' lang='lat' dir='ltr'>ARCHIEP.</span> 
     </span>
    </p>
   </div>
   <div class='ocr_carea' id='block_1_2' title="bbox 342 250 2440 306">
    <p class='ocr_par' dir='ltr' id='par_1_2' title="bbox 342 250 2440 306">
     <span class='ocr_line' id='line_1_2' title="bbox 342 250 2440 306; baseline 0.004 -18"><span class='ocrx_word' id='word_1_6' title='bbox 342 252 517 291; x_wconf 81' lang='lat' dir='ltr'><strong>chiorum,</strong></span> <span class='ocrx_word' id='word_1_7' title='bbox 555 250 629 286; x_wconf 87' lang='lat' dir='ltr'><strong>sive</strong></span> <span class='ocrx_word' id='word_1_8' title='bbox 653 251 864 298; x_wconf 83' lang='lat' dir='ltr'><strong>digitorum,</strong></span> <span class='ocrx_word' id='word_1_9' title='bbox 895 252 931 287; x_wconf 93' lang='lat' dir='ltr'><strong>id</strong></span> <span class='ocrx_word' id='word_1_10' title='bbox 956 257 1025 296; x_wconf 89' lang='lat' dir='ltr'><strong>est,</strong></span> <span class='ocrx_word' id='word_1_11' title='bbox 1059 251 1232 299; x_wconf 87' lang='lat' dir='ltr'><strong>quidquid</strong></span> <span class='ocrx_word' id='word_1_12' title='bbox 1250 252 1391 289; x_wconf 86' lang='lat' dir='ltr'><strong>intelle·</strong></span> <span class='ocrx_word' id='word_1_13' title='bbox 1406 258 1443 299; x_wconf 77' lang='lat' dir='ltr'>A</span> <span class='ocrx_word' id='word_1_14' title='bbox 1458 253 1643 290; x_wconf 67' lang='lat' dir='ltr'><strong>uberrimae</strong></span> <span class='ocrx_word' id='word_1_15' title='bbox 1659 257 1800 292; x_wconf 81' lang='lat' dir='ltr'><strong><em>suntad</em></strong></span> <span class='ocrx_word' id='word_1_16' title='bbox 1815 257 1954 303; x_wconf 73' lang='lat' dir='ltr'><strong>pastum</strong></span> <span class='ocrx_word' id='word_1_17' title='bbox 1968 255 2205 293; x_wconf 81' lang='lat' dir='ltr'><strong>animalium:</strong></span> <span class='ocrx_word' id='word_1_18' title='bbox 2221 263 2255 294; x_wconf 80' lang='lat' dir='ltr'><strong>et</strong></span> <span class='ocrx_word' id='word_1_19' title='bbox 2265 268 2328 296; x_wconf 75' lang='lat' dir='ltr'><strong>nos</strong></span> <span class='ocrx_word' id='word_1_20' title='bbox 2349 264 2440 306; x_wconf 60' lang='lat' dir='ltr'><strong>‘arvi</strong></span> 
     </span>
    </p>
   </div>
   <div class='ocr_carea' id='block_1_3' title="bbox 289 309 1392 479">
    <p class='ocr_par' dir='ltr' id='par_1_3' title="bbox 289 309 1392 479">
     <span class='ocr_line' id='line_1_3' title="bbox 341 309 1389 358; baseline 0.006 -14"><span class='ocrx_word' id='word_1_21' title='bbox 341 314 432 352; x_wconf 88' lang='lat' dir='ltr'><strong>ctus,</strong></span> <span class='ocrx_word' id='word_1_22' title='bbox 465 309 639 356; x_wconf 78' lang='lat' dir='ltr'><strong>quidquid</strong></span> <span class='ocrx_word' id='word_1_23' title='bbox 667 311 704 346; x_wconf 91' lang='lat' dir='ltr'><strong>in</strong></span> <span class='ocrx_word' id='word_1_24' title='bbox 736 312 906 358; x_wconf 86' lang='lat' dir='ltr'><strong>operibus</strong></span> <span class='ocrx_word' id='word_1_25' title='bbox 936 312 1085 356; x_wconf 86' lang='lat' dir='ltr'><strong>habent,</strong></span> <span class='ocrx_word' id='word_1_26' title='bbox 1117 313 1190 348; x_wconf 85' lang='lat' dir='ltr'><strong>neo</strong></span> <span class='ocrx_word' id='word_1_27' title='bbox 1219 310 1389 350; x_wconf 81' lang='lat' dir='ltr'><strong>offerunt.</strong></span> 
     </span>
     <span class='ocr_line' id='line_1_4' title="bbox 289 367 1392 418; baseline 0.006 -15"><span class='ocrx_word' id='word_1_28' title='bbox 289 401 296 404; x_wconf 62' lang='grc'>,</span> <span class='ocrx_word' id='word_1_29' title='bbox 340 367 468 404; x_wconf 81' lang='lat' dir='ltr'><strong>Sciunt</strong></span> <span class='ocrx_word' id='word_1_30' title='bbox 493 369 591 404; x_wconf 87' lang='lat' dir='ltr'><strong>enim</strong></span> <span class='ocrx_word' id='word_1_31' title='bbox 616 369 699 414; x_wconf 83' lang='lat' dir='ltr'><strong>quia</strong></span> <span class='ocrx_word' id='word_1_32' title='bbox 723 380 874 407; x_wconf 88' lang='lat' dir='ltr'><strong>munere</strong></span> <span class='ocrx_word' id='word_1_33' title='bbox 906 371 985 416; x_wconf 84' lang='lat' dir='ltr'><strong>ejus</strong></span> <span class='ocrx_word' id='word_1_34' title='bbox 1015 371 1100 407; x_wconf 86' lang='lat' dir='ltr'><strong>data</strong></span> <span class='ocrx_word' id='word_1_35' title='bbox 1129 378 1226 418; x_wconf 87' lang='lat' dir='ltr'><strong>sunt,</strong></span> <span class='ocrx_word' id='word_1_36' title='bbox 1256 377 1293 410; x_wconf 81' lang='lat' dir='ltr'><strong>et</strong></span> <span class='ocrx_word' id='word_1_37' title='bbox 1311 369 1392 411; x_wconf 90' lang='lat' dir='ltr'><strong>ideo</strong></span> 
     </span>
     <span class='ocr_line' id='line_1_5' title="bbox 338 425 1392 479; baseline 0.009 -18"><span class='ocrx_word' id='word_1_38' title='bbox 338 436 409 462; x_wconf 87' lang='lat' dir='ltr'><strong>non</strong></span> <span class='ocrx_word' id='word_1_39' title='bbox 436 426 601 463; x_wconf 75' lang='lat' dir='ltr'><strong>dissentit</strong></span> <span class='ocrx_word' id='word_1_40' title='bbox 630 425 667 463; x_wconf 85' lang='lat' dir='ltr'><strong>in</strong></span> <span class='ocrx_word' id='word_1_41' title='bbox 694 429 748 464; x_wconf 89' lang='lat' dir='ltr'><strong>eis</strong></span> <span class='ocrx_word' id='word_1_42' title='bbox 778 434 845 465; x_wconf 85' lang='lat' dir='ltr'><strong>nce</strong></span> <span class='ocrx_word' id='word_1_43' title='bbox 870 435 977 466; x_wconf 88' lang='lat' dir='ltr'><strong>unus.</strong></span> <span class='ocrx_word' id='word_1_44' title='bbox 1014 430 1088 467; x_wconf 89' lang='lat' dir='ltr'><strong>Nee</strong></span> <span class='ocrx_word' id='word_1_45' title='bbox 1122 431 1218 468; x_wconf 89' lang='lat' dir='ltr'><strong>enim</strong></span> <span class='ocrx_word' id='word_1_46' title='bbox 1246 439 1392 479; x_wconf 83' lang='lat' dir='ltr'><strong>possent</strong></span> 
     </span>
    </p>
   </div>
   <div class='ocr_carea' id='block_1_4' title="bbox 331 485 1391 1143">
    <p class='ocr_par' dir='ltr' id='par_1_4' title="bbox 331 485 1391 1143">
     <span class='ocr_line' id='line_1_6' title="bbox 337 485 1391 540; baseline 0.006 -16"><span class='ocrx_word' id='word_1_47' title='bbox 337 495 486 524; x_wconf 83' lang='lat' dir='ltr'><strong>munera</strong></span> <span class='ocrx_word' id='word_1_48' title='bbox 505 485 636 524; x_wconf 77' lang='lat' dir='ltr'><strong>offerre</strong></span> <span class='ocrx_word' id='word_1_49' title='bbox 658 487 732 524; x_wconf 88' lang='lat' dir='ltr'><strong>Deo</strong></span> <span class='ocrx_word' id='word_1_50' title='bbox 755 489 862 535; x_wconf 88' lang='lat' dir='ltr'><strong>positi</strong></span> <span class='ocrx_word' id='word_1_51' title='bbox 883 490 918 525; x_wconf 90' lang='lat' dir='ltr'><strong>in</strong></span> <span class='ocrx_word' id='word_1_52' title='bbox 939 490 1174 528; x_wconf 85' lang='lat' dir='ltr'><strong>dissensione.</strong></span> <span class='ocrx_word' id='word_1_53' title='bbox 1195 492 1286 529; x_wconf 87' lang='lat' dir='ltr'><strong>Istos</strong></span> <span class='ocrx_word' id='word_1_54' title='bbox 1304 498 1391 540; x_wconf 85' lang='lat' dir='ltr'><strong>puto</strong></span> 
     </span>
     <span class='ocr_line' id='line_1_7' title="bbox 337 544 1391 599; baseline 0.005 -15"><span class='ocrx_word' id='word_1_55' title='bbox 337 556 417 584; x_wconf 87' lang='lat' dir='ltr'><strong>esse</strong></span> <span class='ocrx_word' id='word_1_56' title='bbox 449 544 645 584; x_wconf 85' lang='lat' dir='ltr'><strong>secundum</strong></span> <span class='ocrx_word' id='word_1_57' title='bbox 679 547 927 596; x_wconf 85' lang='lat' dir='ltr'><strong>Evangelium,</strong></span> <span class='ocrx_word' id='word_1_58' title='bbox 963 551 1026 597; x_wconf 82' lang='lat' dir='ltr'><strong>q&#39;ui</strong></span> <span class='ocrx_word' id='word_1_59' title='bbox 1053 556 1271 599; x_wconf 80' lang='lat' dir='ltr'><strong>praeceptum</strong></span> <span class='ocrx_word' id='word_1_60' title='bbox 1303 553 1391 590; x_wconf 90' lang='lat' dir='ltr'><strong>illud</strong></span> 
     </span>
     <span class='ocr_line' id='line_1_8' title="bbox 336 606 1389 655; baseline 0.007 -13"><span class='ocrx_word' id='word_1_61' title='bbox 336 606 527 654; x_wconf 84' lang='lat' dir='ltr'><strong>diligenter</strong></span> <span class='ocrx_word' id='word_1_62' title='bbox 553 608 760 653; x_wconf 79' lang='lat' dir='ltr'><strong>observant,</strong></span> <span class='ocrx_word' id='word_1_63' title='bbox 784 610 880 655; x_wconf 90' lang='lat' dir='ltr'><strong>quod</strong></span> <span class='ocrx_word' id='word_1_64' title='bbox 902 611 1049 647; x_wconf 88' lang='lat' dir='ltr'><strong>mandat</strong></span> <span class='ocrx_word' id='word_1_65' title='bbox 1066 612 1239 648; x_wconf 85' lang='lat' dir='ltr'><strong>Dominus</strong></span> <span class='ocrx_word' id='word_1_66' title='bbox 1257 617 1292 649; x_wconf 89' lang='lat' dir='ltr'><strong>et</strong></span> <span class='ocrx_word' id='word_1_67' title='bbox 1311 613 1389 649; x_wconf 87' lang='lat' dir='ltr'><strong>Sal-</strong></span> 
     </span>
     <span class='ocr_line' id='line_1_9' title="bbox 334 668 1387 717; baseline 0.004 -13"><span class='ocrx_word' id='word_1_68' title='bbox 334 673 438 705; x_wconf 81' lang='lat' dir='ltr'><strong>vator</strong></span> <span class='ocrx_word' id='word_1_69' title='bbox 456 680 463 703; x_wconf 90' lang='lat'>:</span> <span class='ocrx_word' id='word_1_70' title='bbox 484 668 524 705; x_wconf 87' lang='lat' dir='ltr'><strong>Si</strong></span> <span class='ocrx_word' id='word_1_71' title='bbox 544 668 649 715; x_wconf 77' lang='lat' dir='ltr'><strong>offers</strong></span> <span class='ocrx_word' id='word_1_72' title='bbox 675 681 801 706; x_wconf 78' lang='lat' dir='ltr'><strong>munus</strong></span> <span class='ocrx_word' id='word_1_73' title='bbox 825 677 923 707; x_wconf 79' lang='lat' dir='ltr'><strong>tuum</strong></span> <span class='ocrx_word' id='word_1_74' title='bbox 950 671 995 708; x_wconf 87' lang='lat' dir='ltr'><strong>ad</strong></span> <span class='ocrx_word' id='word_1_75' title='bbox 1016 671 1140 717; x_wconf 82' lang='lat' dir='ltr'><strong>altare,</strong></span> <span class='ocrx_word' id='word_1_76' title='bbox 1167 681 1198 709; x_wconf 82' lang='lat' dir='ltr'><strong>et</strong></span> <span class='ocrx_word' id='word_1_77' title='bbox 1219 685 1387 710; x_wconf 86' lang='lat' dir='ltr'><strong>rememo-</strong></span> 
     </span>
     <span class='ocr_line' id='line_1_10' title="bbox 336 729 1388 780; baseline 0.005 -17"><span class='ocrx_word' id='word_1_78' title='bbox 336 735 433 764; x_wconf 86' lang='lat' dir='ltr'><strong>ratus</strong></span> <span class='ocrx_word' id='word_1_79' title='bbox 459 729 565 775; x_wconf 78' lang='lat' dir='ltr'><strong>fueris</strong></span> <span class='ocrx_word' id='word_1_80' title='bbox 593 729 675 776; x_wconf 82' lang='lat' dir='ltr'><strong>quia</strong></span> <span class='ocrx_word' id='word_1_81' title='bbox 698 730 807 776; x_wconf 73' lang='lat' dir='ltr'><strong>frater</strong></span> <span class='ocrx_word' id='word_1_82' title='bbox 826 737 906 768; x_wconf 82' lang='lat' dir='ltr'><strong>tuus</strong></span> <span class='ocrx_word' id='word_1_83' title='bbox 929 731 1030 768; x_wconf 78' lang='lat' dir='ltr'><strong>habet</strong></span> <span class='ocrx_word' id='word_1_84' title='bbox 1052 733 1186 780; x_wconf 82' lang='lat' dir='ltr'><strong>aliquid</strong></span> <span class='ocrx_word' id='word_1_85' title='bbox 1204 734 1388 770; x_wconf 71' lang='lat' dir='ltr'><strong>aduersum</strong></span> 
     </span>
     <span class='ocr_line' id='line_1_11' title="bbox 334 786 1387 839; baseline 0.006 -17"><span class='ocrx_word' id='word_1_86' title='bbox 334 793 379 831; x_wconf 83' lang='lat' dir='ltr'><strong>te,</strong></span> <span class='ocrx_word' id='word_1_87' title='bbox 397 786 549 835; x_wconf 81' lang='lat' dir='ltr'><strong>relinque</strong></span> <span class='ocrx_word' id='word_1_88' title='bbox 568 789 616 824; x_wconf 80' lang='lat' dir='ltr'><strong>ibi</strong></span> <span class='ocrx_word' id='word_1_89' title='bbox 631 792 876 827; x_wconf 84' lang='lat' dir='ltr'><strong>munus&#39;tuum</strong></span> <span class='ocrx_word' id='word_1_90' title='bbox 891 799 970 828; x_wconf 86' lang='lat' dir='ltr'><strong>ante</strong></span> <span class='ocrx_word' id='word_1_91' title='bbox 989 789 1114 837; x_wconf 84' lang='lat' dir='ltr'><strong>altare,</strong></span> <span class='ocrx_word' id='word_1_92' title='bbox 1135 800 1167 828; x_wconf 85' lang='lat' dir='ltr'><strong>et</strong></span> <span class='ocrx_word' id='word_1_93' title='bbox 1187 793 1273 828; x_wconf 86' lang='lat' dir='ltr'><strong>vade</strong></span> <span class='ocrx_word' id='word_1_94' title='bbox 1290 794 1387 839; x_wconf 82' lang='lat' dir='ltr'><strong>prius</strong></span> 
     </span>
     <span class='ocr_line' id='line_1_12' title="bbox 334 851 1387 901; baseline 0.004 -15"><span class='ocrx_word' id='word_1_95' title='bbox 334 851 552 887; x_wconf 71' lang='lat' dir='ltr'><strong>reconciliari</strong></span> <span class='ocrx_word' id='word_1_96' title='bbox 574 852 676 898; x_wconf 77' lang='lat' dir='ltr'><strong>fratri</strong></span> <span class='ocrx_word' id='word_1_97' title='bbox 703 859 762 889; x_wconf 82' lang='lat' dir='ltr'><strong>tuo</strong></span> <span class='ocrx_word' id='word_1_98' title='bbox 778 863 789 887; x_wconf 88' lang='grc'><strong>.·</strong></span> <span class='ocrx_word' id='word_1_99' title='bbox 804 860 835 889; x_wconf 83' lang='lat' dir='ltr'><strong>et</strong></span> <span class='ocrx_word' id='word_1_100' title='bbox 859 859 939 890; x_wconf 82' lang='lat' dir='ltr'><strong>tanc</strong></span> <span class='ocrx_word' id='word_1_101' title='bbox 959 856 1094 891; x_wconf 77' lang='lat' dir='ltr'><strong>veniens</strong></span> <span class='ocrx_word' id='word_1_102' title='bbox 1118 856 1240 901; x_wconf 84' lang='lat' dir='ltr'><strong>offeres</strong></span> <span class='ocrx_word' id='word_1_103' title='bbox 1260 866 1387 890; x_wconf 71' lang='lat' dir='ltr'><strong>ritanus</strong></span> 
     </span>
     <span class='ocr_line' id='line_1_13' title="bbox 331 910 1387 959; baseline 0.005 -13"><span class='ocrx_word' id='word_1_104' title='bbox 331 917 430 947; x_wconf 82' lang='lat' dir='ltr'><strong>tuum</strong></span> <span class='ocrx_word' id='word_1_105' title='bbox 460 910 601 958; x_wconf 67' lang='lat' dir='ltr'><strong>(Mansa.</strong></span> <span class='ocrx_word' id='word_1_106' title='bbox 621 911 670 959; x_wconf 80' lang='lat' dir='ltr'><strong>v).</strong></span> <span class='ocrx_word' id='word_1_107' title='bbox 698 913 798 957; x_wconf 85' lang='lat' dir='ltr'><strong>Quod</strong></span> <span class='ocrx_word' id='word_1_108' title='bbox 830 914 969 951; x_wconf 84' lang='lat' dir='ltr'><strong>scilicet</strong></span> <span class='ocrx_word' id='word_1_109' title='bbox 995 915 1115 951; x_wconf 81' lang='lat' dir='ltr'><strong>levent</strong></span> <span class='ocrx_word' id='word_1_110' title='bbox 1140 926 1270 952; x_wconf 87' lang='lat' dir='ltr'><strong>manus</strong></span> <span class='ocrx_word' id='word_1_111' title='bbox 1304 924 1387 952; x_wconf 88' lang='lat' dir='ltr'><strong>suas</strong></span> 
     </span>
     <span class='ocr_line' id='line_1_14' title="bbox 332 973 1386 1020; baseline 0.003 -12"><span class='ocrx_word' id='word_1_112' title='bbox 332 973 378 1008; x_wconf 88' lang='lat' dir='ltr'><strong>ad</strong></span> <span class='ocrx_word' id='word_1_113' title='bbox 399 973 510 1009; x_wconf 89' lang='lat' dir='ltr'><strong>Deum</strong></span> <span class='ocrx_word' id='word_1_114' title='bbox 539 973 616 1009; x_wconf 90' lang='lat' dir='ltr'><strong>sine</strong></span> <span class='ocrx_word' id='word_1_115' title='bbox 637 973 690 1009; x_wconf 85' lang='lat' dir='ltr'><strong>ira</strong></span> <span class='ocrx_word' id='word_1_116' title='bbox 710 979 746 1010; x_wconf 90' lang='lat' dir='ltr'><strong>et</strong></span> <span class='ocrx_word' id='word_1_117' title='bbox 763 975 1000 1020; x_wconf 83' lang='lat' dir='ltr'><strong>dissensione,</strong></span> <span class='ocrx_word' id='word_1_118' title='bbox 1028 984 1133 1012; x_wconf 88' lang='lat' dir='ltr'><strong>omne</strong></span> <span class='ocrx_word' id='word_1_119' title='bbox 1153 987 1215 1013; x_wconf 79' lang='lat' dir='ltr'><strong>vas</strong></span> <span class='ocrx_word' id='word_1_120' title='bbox 1237 986 1386 1012; x_wconf 69' lang='lat' dir='ltr'><strong>aureum</strong></span> 
     </span>
     <span class='ocr_line' id='line_1_15' title="bbox 331 1037 1383 1082; baseline 0.005 -14"><span class='ocrx_word' id='word_1_121' title='bbox 331 1039 392 1069; x_wconf 89' lang='lat' dir='ltr'><strong>aut</strong></span> <span class='ocrx_word' id='word_1_122' title='bbox 420 1044 567 1070; x_wconf 81' lang='lat' dir='ltr'><strong>auream</strong></span> <span class='ocrx_word' id='word_1_123' title='bbox 600 1040 778 1080; x_wconf 82' lang='lat' dir='ltr'><strong>torquem,</strong></span> <span class='ocrx_word' id='word_1_124' title='bbox 815 1041 874 1070; x_wconf 86' lang='lat' dir='ltr'><strong>aut</strong></span> <span class='ocrx_word' id='word_1_125' title='bbox 907 1037 1094 1080; x_wconf 87' lang='lat' dir='ltr'><strong>annulum,</strong></span> <span class='ocrx_word' id='word_1_126' title='bbox 1125 1042 1186 1072; x_wconf 85' lang='lat' dir='ltr'><strong>aut</strong></span> <span class='ocrx_word' id='word_1_127' title='bbox 1208 1038 1383 1082; x_wconf 77' lang='lat' dir='ltr'><strong>dextrale,</strong></span> 
     </span>
     <span class='ocr_line' id='line_1_16' title="bbox 331 1094 1384 1143; baseline 0.006 -15"><span class='ocrx_word' id='word_1_128' title='bbox 331 1099 391 1128; x_wconf 87' lang='lat' dir='ltr'><strong>aut</strong></span> <span class='ocrx_word' id='word_1_129' title='bbox 411 1095 626 1129; x_wconf 85' lang='lat' dir='ltr'><strong>catenulam.</strong></span> <span class='ocrx_word' id='word_1_130' title='bbox 657 1094 819 1140; x_wconf 87' lang='lat' dir='ltr'><strong>Torques</strong></span> <span class='ocrx_word' id='word_1_131' title='bbox 844 1101 1096 1131; x_wconf 74' lang='lat' dir='ltr'><strong>ornamentum</strong></span> <span class='ocrx_word' id='word_1_132' title='bbox 1122 1098 1316 1143; x_wconf 48' lang='lat' dir='ltr'><strong>sapienti-tt.</strong></span> <span class='ocrx_word' id='word_1_133' title='bbox 1346 1099 1384 1135; x_wconf 88' lang='lat' dir='ltr'><strong>ln</strong></span> 
     </span>
    </p>
   </div>
   <div class='ocr_carea' id='block_1_5' title="bbox 329 1151 2465 1211">
    <p class='ocr_par' dir='ltr' id='par_1_5' title="bbox 329 1151 2465 1211">
     <span class='ocr_line' id='line_1_17' title="bbox 329 1151 2465 1211; baseline 0.007 -24"><span class='ocrx_word' id='word_1_134' title='bbox 329 1151 534 1189; x_wconf 84' lang='lat' dir='ltr'><strong>Proverbiis</strong></span> <span class='ocrx_word' id='word_1_135' title='bbox 554 1154 650 1188; x_wconf 86' lang='lat' dir='ltr'><strong>enim</strong></span> <span class='ocrx_word' id='word_1_136' title='bbox 667 1153 710 1189; x_wconf 90' lang='lat' dir='ltr'><strong>de</strong></span> <span class='ocrx_word' id='word_1_137' title='bbox 727 1154 901 1200; x_wconf 77' lang='lat' dir='ltr'><strong>sapientia</strong></span> <span class='ocrx_word' id='word_1_138' title='bbox 918 1154 1048 1190; x_wconf 91' lang='lat' dir='ltr'><strong>dicitur</strong></span> <span class='ocrx_word' id='word_1_139' title='bbox 1069 1156 1163 1201; x_wconf 82' lang='lat' dir='ltr'><strong>quod</strong></span> <span class='ocrx_word' id='word_1_140' title='bbox 1187 1157 1245 1202; x_wconf 81' lang='lat' dir='ltr'><strong>qai</strong></span> <span class='ocrx_word' id='word_1_141' title='bbox 1261 1157 1380 1203; x_wconf 78' lang='lat' dir='ltr'><strong>acqui·</strong></span> <span class='ocrx_word' id='word_1_142' title='bbox 1400 1160 1432 1198; x_wconf 89' lang='grc' dir='ltr'>Β</span> <span class='ocrx_word' id='word_1_143' title='bbox 1453 1162 1523 1196; x_wconf 83' lang='lat' dir='ltr'><strong>ritu</strong></span> <span class='ocrx_word' id='word_1_144' title='bbox 1538 1171 1566 1197; x_wconf 99' lang='grc'>3</span> <span class='ocrx_word' id='word_1_145' title='bbox 1558 1163 1684 1198; x_wconf 80' lang='lat' dir='ltr'><strong>meto?</strong></span> <span class='ocrx_word' id='word_1_146' title='bbox 1700 1162 1762 1199; x_wconf 84' lang='lat' dir='ltr'><strong>Sic</strong></span> <span class='ocrx_word' id='word_1_147' title='bbox 1774 1163 1868 1199; x_wconf 86' lang='lat' dir='ltr'><strong>enim</strong></span> <span class='ocrx_word' id='word_1_148' title='bbox 1886 1170 1921 1200; x_wconf 78' lang='lat' dir='ltr'><strong>et</strong></span> <span class='ocrx_word' id='word_1_149' title='bbox 1936 1165 2013 1211; x_wconf 80' lang='lat' dir='ltr'><strong>ipse</strong></span> <span class='ocrx_word' id='word_1_150' title='bbox 2027 1165 2195 1204; x_wconf 82' lang='lat' dir='ltr'><strong>Christus</strong></span> <span class='ocrx_word' id='word_1_151' title='bbox 2209 1173 2246 1203; x_wconf 79' lang='lat' dir='ltr'><strong>et</strong></span> <span class='ocrx_word' id='word_1_152' title='bbox 2258 1169 2465 1206; x_wconf 79' lang='lat' dir='ltr'><strong>testimoniu</strong></span> 
     </span>
    </p>
   </div>
   <div class='ocr_carea' id='block_1_6' title="bbox 312 1213 1420 2956">
    <p class='ocr_par' dir='ltr' id='par_1_6' title="bbox 312 1213 1420 2956">
     <span class='ocr_line' id='line_1_18' title="bbox 328 1213 1381 1260; baseline 0.006 -14"><span class='ocrx_word' id='word_1_153' title='bbox 328 1213 425 1247; x_wconf 66' lang='lat' dir='ltr'><strong>sterit</strong></span> <span class='ocrx_word' id='word_1_154' title='bbox 445 1224 534 1256; x_wconf 86' lang='lat' dir='ltr'><strong>eam,</strong></span> <span class='ocrx_word' id='word_1_155' title='bbox 561 1219 717 1259; x_wconf 76' lang='lat' dir='ltr'><strong>torquem</strong></span> <span class='ocrx_word' id='word_1_156' title='bbox 732 1224 874 1249; x_wconf 80' lang='lat' dir='ltr'><strong>auream</strong></span> <span class='ocrx_word' id='word_1_157' title='bbox 894 1221 999 1260; x_wconf 82' lang='lat' dir='ltr'><strong>ponat</strong></span> <span class='ocrx_word' id='word_1_158' title='bbox 1019 1216 1111 1250; x_wconf 81' lang='lat' dir='ltr'><strong>eirca</strong></span> <span class='ocrx_word' id='word_1_159' title='bbox 1133 1216 1259 1251; x_wconf 83' lang='lat' dir='ltr'><strong>collum</strong></span> <span class='ocrx_word' id='word_1_160' title='bbox 1280 1227 1381 1252; x_wconf 85' lang='lat' dir='ltr'><strong>suum</strong></span> 
     </span>
     <span class='ocr_line' id='line_1_19' title="bbox 328 1271 1381 1320; baseline 0.007 -13"><span class='ocrx_word' id='word_1_161' title='bbox 328 1271 448 1319; x_wconf 87' lang='lat' dir='ltr'><strong>(Prov.</strong></span> <span class='ocrx_word' id='word_1_162' title='bbox 468 1272 509 1320; x_wconf 88' lang='lat'><strong>1).</strong></span> <span class='ocrx_word' id='word_1_163' title='bbox 542 1273 667 1309; x_wconf 86' lang='lat' dir='ltr'><strong>Phiala</strong></span> <span class='ocrx_word' id='word_1_164' title='bbox 695 1279 730 1310; x_wconf 88' lang='lat' dir='ltr'><strong>et</strong></span> <span class='ocrx_word' id='word_1_165' title='bbox 760 1275 914 1311; x_wconf 88' lang='lat' dir='ltr'><strong>annulus</strong></span> <span class='ocrx_word' id='word_1_166' title='bbox 943 1282 1157 1312; x_wconf 87' lang='lat' dir='ltr'><strong>ornamenta</strong></span> <span class='ocrx_word' id='word_1_167' title='bbox 1190 1283 1272 1314; x_wconf 86' lang='lat' dir='ltr'><strong>sunt</strong></span> <span class='ocrx_word' id='word_1_168' title='bbox 1306 1289 1381 1314; x_wconf 85' lang='lat' dir='ltr'><strong>ma-</strong></span> 
     </span>
     <span class='ocr_line' id='line_1_20' title="bbox 327 1333 1382 1382; baseline 0.007 -15"><span class='ocrx_word' id='word_1_169' title='bbox 327 1343 452 1376; x_wconf 86' lang='lat' dir='ltr'><strong>nuum,</strong></span> <span class='ocrx_word' id='word_1_170' title='bbox 487 1333 522 1367; x_wconf 87' lang='lat' dir='ltr'><strong>in</strong></span> <span class='ocrx_word' id='word_1_171' title='bbox 550 1334 679 1378; x_wconf 83' lang='lat' dir='ltr'><strong>quibus</strong></span> <span class='ocrx_word' id='word_1_172' title='bbox 707 1344 857 1380; x_wconf 86' lang='lat' dir='ltr'><strong>operum</strong></span> <span class='ocrx_word' id='word_1_173' title='bbox 891 1337 1079 1382; x_wconf 82' lang='lat' dir='ltr'><strong>signantur</strong></span> <span class='ocrx_word' id='word_1_174' title='bbox 1101 1337 1248 1372; x_wconf 89' lang='lat' dir='ltr'><strong>indicia.</strong></span> <span class='ocrx_word' id='word_1_175' title='bbox 1274 1338 1382 1374; x_wconf 87' lang='lat' dir='ltr'><strong>Simi-</strong></span> 
     </span>
     <span class='ocr_line' id='line_1_21' title="bbox 324 1391 1380 1433; baseline 0.006 -7"><span class='ocrx_word' id='word_1_176' title='bbox 324 1391 406 1427; x_wconf 90' lang='lat' dir='ltr'><strong>liter</strong></span> <span class='ocrx_word' id='word_1_177' title='bbox 431 1397 467 1427; x_wconf 84' lang='lat' dir='ltr'><strong>et</strong></span> <span class='ocrx_word' id='word_1_178' title='bbox 493 1392 664 1428; x_wconf 76' lang='lat' dir='ltr'><strong>dextrale.</strong></span> <span class='ocrx_word' id='word_1_179' title='bbox 699 1392 880 1429; x_wconf 84' lang='lat' dir='ltr'><strong>Catcnulae</strong></span> <span class='ocrx_word' id='word_1_180' title='bbox 905 1403 992 1429; x_wconf 79' lang='lat' dir='ltr'><strong>vero</strong></span> <span class='ocrx_word' id='word_1_181' title='bbox 1023 1396 1123 1430; x_wconf 84' lang='lat' dir='ltr'><strong>verbi</strong></span> <span class='ocrx_word' id='word_1_182' title='bbox 1145 1402 1180 1431; x_wconf 86' lang='lat' dir='ltr'><strong>ct</strong></span> <span class='ocrx_word' id='word_1_183' title='bbox 1207 1397 1380 1433; x_wconf 73' lang='lat' dir='ltr'><strong>doctrinae</strong></span> 
     </span>
     <span class='ocr_line' id='line_1_22' title="bbox 325 1453 1377 1503; baseline 0.005 -15"><span class='ocrx_word' id='word_1_184' title='bbox 325 1454 567 1489; x_wconf 81' lang='lat' dir='ltr'><strong>connexiones</strong></span> <span class='ocrx_word' id='word_1_185' title='bbox 602 1453 801 1489; x_wconf 85' lang='lat' dir='ltr'><strong>declarant.</strong></span> <span class='ocrx_word' id='word_1_186' title='bbox 837 1453 891 1488; x_wconf 88' lang='lat' dir='ltr'><strong>Ad</strong></span> <span class='ocrx_word' id='word_1_187' title='bbox 922 1455 1211 1500; x_wconf 85' lang='lat' dir='ltr'><strong>propitiandum,</strong></span> <span class='ocrx_word' id='word_1_188' title='bbox 1249 1458 1377 1503; x_wconf 87' lang='lat' dir='ltr'><strong>inquit,</strong></span> 
     </span>
     <span class='ocr_line' id='line_1_23' title="bbox 323 1512 1379 1560; baseline 0.004 -12"><span class='ocrx_word' id='word_1_189' title='bbox 323 1512 435 1549; x_wconf 84' lang='lat' dir='ltr'><strong>Deum</strong></span> <span class='ocrx_word' id='word_1_190' title='bbox 454 1523 520 1559; x_wconf 88' lang='lat' dir='ltr'><strong>pro</strong></span> <span class='ocrx_word' id='word_1_191' title='bbox 544 1514 662 1549; x_wconf 90' lang='lat' dir='ltr'><strong>nobis.</strong></span> <span class='ocrx_word' id='word_1_192' title='bbox 680 1512 718 1548; x_wconf 90' lang='lat' dir='ltr'><strong>Si</strong></span> <span class='ocrx_word' id='word_1_193' title='bbox 736 1513 899 1550; x_wconf 84' lang='lat' dir='ltr'><strong>dicamus</strong></span> <span class='ocrx_word' id='word_1_194' title='bbox 925 1520 1074 1560; x_wconf 89' lang='lat' dir='ltr'><strong>propter</strong></span> <span class='ocrx_word' id='word_1_195' title='bbox 1106 1526 1234 1551; x_wconf 88' lang='lat' dir='ltr'><strong>aurum</strong></span> <span class='ocrx_word' id='word_1_196' title='bbox 1265 1517 1379 1552; x_wconf 87' lang='lat' dir='ltr'><strong>Deum</strong></span> 
     </span>
     <span class='ocr_line' id='line_1_24' title="bbox 322 1573 1375 1621; baseline 0.002 -12"><span class='ocrx_word' id='word_1_197' title='bbox 322 1574 517 1620; x_wconf 89' lang='lat' dir='ltr'><strong>propitium</strong></span> <span class='ocrx_word' id='word_1_198' title='bbox 551 1573 630 1610; x_wconf 86' lang='lat' dir='ltr'><strong>fieri</strong></span> <span class='ocrx_word' id='word_1_199' title='bbox 662 1574 883 1617; x_wconf 89' lang='lat' dir='ltr'><strong>hominibus,</strong></span> <span class='ocrx_word' id='word_1_200' title='bbox 914 1575 995 1611; x_wconf 81' lang='lat' dir='ltr'><strong>vide</strong></span> <span class='ocrx_word' id='word_1_201' title='bbox 1027 1585 1134 1620; x_wconf 86' lang='lat' dir='ltr'><strong>quam</strong></span> <span class='ocrx_word' id='word_1_202' title='bbox 1167 1577 1375 1621; x_wconf 87' lang='lat' dir='ltr'><strong>absurdum,</strong></span> 
     </span>
     <span class='ocr_line' id='line_1_25' title="bbox 322 1635 1377 1682; baseline 0.004 -12"><span class='ocrx_word' id='word_1_203' title='bbox 322 1635 395 1672; x_wconf 91' lang='lat' dir='ltr'><strong>imo</strong></span> <span class='ocrx_word' id='word_1_204' title='bbox 427 1646 533 1681; x_wconf 86' lang='lat' dir='ltr'><strong>quam</strong></span> <span class='ocrx_word' id='word_1_205' title='bbox 567 1636 716 1682; x_wconf 89' lang='lat' dir='ltr'><strong>impium</strong></span> <span class='ocrx_word' id='word_1_206' title='bbox 747 1635 943 1681; x_wconf 85' lang='lat' dir='ltr'><strong>judicetur.</strong></span> <span class='ocrx_word' id='word_1_207' title='bbox 975 1637 1050 1673; x_wconf 90' lang='lat' dir='ltr'><strong>Hoc</strong></span> <span class='ocrx_word' id='word_1_208' title='bbox 1077 1639 1173 1674; x_wconf 91' lang='lat' dir='ltr'><strong>enim</strong></span> <span class='ocrx_word' id='word_1_209' title='bbox 1207 1639 1315 1674; x_wconf 88' lang='lat' dir='ltr'><strong>etiam</strong></span> <span class='ocrx_word' id='word_1_210' title='bbox 1341 1640 1377 1675; x_wconf 89' lang='lat' dir='ltr'><strong>in</strong></span> 
     </span>
     <span class='ocr_line' id='line_1_26' title="bbox 322 1688 1377 1743; baseline 0.003 -12"><span class='ocrx_word' id='word_1_211' title='bbox 322 1696 400 1732; x_wconf 90' lang='lat' dir='ltr'><strong>viro</strong></span> <span class='ocrx_word' id='word_1_212' title='bbox 418 1688 512 1732; x_wconf 71' lang='lat' dir='ltr'><strong>bono</strong></span> <span class='ocrx_word' id='word_1_213' title='bbox 531 1700 632 1742; x_wconf 81' lang='lat' dir='ltr'><strong>turpe</strong></span> <span class='ocrx_word' id='word_1_214' title='bbox 659 1697 802 1732; x_wconf 81' lang='lat' dir='ltr'><strong>ducitur</strong></span> <span class='ocrx_word' id='word_1_215' title='bbox 826 1698 855 1733; x_wconf 90' lang='lat' dir='ltr'><strong>si</strong></span> <span class='ocrx_word' id='word_1_216' title='bbox 886 1703 1033 1743; x_wconf 87' lang='lat' dir='ltr'><strong>accepto</strong></span> <span class='ocrx_word' id='word_1_217' title='bbox 1064 1709 1152 1734; x_wconf 86' lang='lat' dir='ltr'><strong>auro</strong></span> <span class='ocrx_word' id='word_1_218' title='bbox 1169 1699 1214 1734; x_wconf 88' lang='lat' dir='ltr'><strong>ab</strong></span> <span class='ocrx_word' id='word_1_219' title='bbox 1231 1699 1377 1735; x_wconf 82' lang='lat' dir='ltr'><strong>inferio-</strong></span> 
     </span>
     <span class='ocr_line' id='line_1_27' title="bbox 324 1757 1377 1805; baseline 0.004 -13"><span class='ocrx_word' id='word_1_220' title='bbox 324 1757 424 1793; x_wconf 85' lang='lat' dir='ltr'><strong>ribus</strong></span> <span class='ocrx_word' id='word_1_221' title='bbox 443 1757 620 1803; x_wconf 87' lang='lat' dir='ltr'><strong>placetur,</strong></span> <span class='ocrx_word' id='word_1_222' title='bbox 644 1764 780 1803; x_wconf 86' lang='lat' dir='ltr'><strong>quanto</strong></span> <span class='ocrx_word' id='word_1_223' title='bbox 805 1768 890 1805; x_wconf 83' lang='lat' dir='ltr'><strong>crgo</strong></span> <span class='ocrx_word' id='word_1_224' title='bbox 910 1759 1024 1805; x_wconf 81' lang='lat' dir='ltr'><strong>magis</strong></span> <span class='ocrx_word' id='word_1_225' title='bbox 1050 1760 1118 1795; x_wconf 90' lang='lat' dir='ltr'><strong>hoc</strong></span> <span class='ocrx_word' id='word_1_226' title='bbox 1135 1759 1179 1795; x_wconf 91' lang='lat' dir='ltr'><strong>dc</strong></span> <span class='ocrx_word' id='word_1_227' title='bbox 1200 1760 1275 1796; x_wconf 87' lang='lat' dir='ltr'><strong>Deo</strong></span> <span class='ocrx_word' id='word_1_228' title='bbox 1297 1771 1377 1797; x_wconf 89' lang='lat' dir='ltr'><strong>sen-</strong></span> 
     </span>
     <span class='ocr_line' id='line_1_28' title="bbox 323 1817 1376 1868; baseline 0.004 -15"><span class='ocrx_word' id='word_1_229' title='bbox 323 1817 389 1853; x_wconf 90' lang='lat' dir='ltr'><strong>tire</strong></span> <span class='ocrx_word' id='word_1_230' title='bbox 409 1826 481 1853; x_wconf 83' lang='lat' dir='ltr'><strong>non</strong></span> <span class='ocrx_word' id='word_1_231' title='bbox 501 1818 693 1854; x_wconf 89' lang='lat' dir='ltr'><strong>convenit?</strong></span> <span class='ocrx_word' id='word_1_232' title='bbox 712 1818 813 1855; x_wconf 91' lang='lat' dir='ltr'><strong>Undc</strong></span> <span class='ocrx_word' id='word_1_233' title='bbox 830 1823 917 1864; x_wconf 86' lang='lat' dir='ltr'><strong>puto</strong></span> <span class='ocrx_word' id='word_1_234' title='bbox 935 1820 1173 1865; x_wconf 86' lang='lat' dir='ltr'><strong>expositionis</strong></span> <span class='ocrx_word' id='word_1_235' title='bbox 1197 1822 1304 1868; x_wconf 79' lang='lat' dir='ltr'><strong>huJ&#39;us</strong></span> <span class='ocrx_word' id='word_1_236' title='bbox 1322 1832 1376 1857; x_wconf 86' lang='lat' dir='ltr'><strong>cc-</strong></span> 
     </span>
     <span class='ocr_line' id='line_1_29' title="bbox 319 1877 1375 1927; baseline 0.003 -13"><span class='ocrx_word' id='word_1_237' title='bbox 319 1877 531 1914; x_wconf 86' lang='lat' dir='ltr'><strong>clesiasticae</strong></span> <span class='ocrx_word' id='word_1_238' title='bbox 561 1878 675 1924; x_wconf 82' lang='lat' dir='ltr'><strong>magis</strong></span> <span class='ocrx_word' id='word_1_239' title='bbox 708 1884 873 1915; x_wconf 80' lang='lat' dir='ltr'><strong>constare</strong></span> <span class='ocrx_word' id='word_1_240' title='bbox 906 1879 1093 1922; x_wconf 79' lang='lat' dir='ltr'><strong>rationem,</strong></span> <span class='ocrx_word' id='word_1_241' title='bbox 1115 1891 1193 1926; x_wconf 66' lang='lat' dir='ltr'><strong>qua}</strong></span> <span class='ocrx_word' id='word_1_242' title='bbox 1213 1892 1278 1927; x_wconf 88' lang='lat' dir='ltr'><strong>per</strong></span> <span class='ocrx_word' id='word_1_243' title='bbox 1297 1883 1375 1917; x_wconf 86' lang='lat' dir='ltr'><strong>auri</strong></span> 
     </span>
     <span class='ocr_line' id='line_1_30' title="bbox 319 1937 1373 1983; baseline 0.003 -10"><span class='ocrx_word' id='word_1_244' title='bbox 319 1937 458 1983; x_wconf 89' lang='lat' dir='ltr'><strong>species</strong></span> <span class='ocrx_word' id='word_1_245' title='bbox 489 1938 649 1974; x_wconf 84' lang='lat' dir='ltr'><strong>indicare</strong></span> <span class='ocrx_word' id='word_1_246' title='bbox 681 1938 771 1974; x_wconf 87' lang='lat' dir='ltr'><strong>solet</strong></span> <span class='ocrx_word' id='word_1_247' title='bbox 803 1938 914 1974; x_wconf 86' lang='lat' dir='ltr'><strong>animi</strong></span> <span class='ocrx_word' id='word_1_248' title='bbox 948 1939 1100 1975; x_wconf 83' lang='lat' dir='ltr'><strong>virtutes</strong></span> <span class='ocrx_word' id='word_1_249' title='bbox 1132 1946 1169 1975; x_wconf 91' lang='lat' dir='ltr'><strong>ct</strong></span> <span class='ocrx_word' id='word_1_250' title='bbox 1196 1941 1373 1976; x_wconf 84' lang='lat' dir='ltr'><strong>bonorum</strong></span> 
     </span>
     <span class='ocr_line' id='line_1_31' title="bbox 318 1998 1372 2044; baseline 0.002 -10"><span class='ocrx_word' id='word_1_251' title='bbox 318 2007 467 2043; x_wconf 85' lang='lat' dir='ltr'><strong>operum</strong></span> <span class='ocrx_word' id='word_1_252' title='bbox 484 2003 598 2043; x_wconf 82' lang='lat' dir='ltr'><strong>gesta,</strong></span> <span class='ocrx_word' id='word_1_253' title='bbox 618 2008 697 2044; x_wconf 69' lang='lat' dir='ltr'><strong>quac</strong></span> <span class='ocrx_word' id='word_1_254' title='bbox 722 1998 798 2034; x_wconf 88' lang='lat' dir='ltr'><strong>sola</strong></span> <span class='ocrx_word' id='word_1_255' title='bbox 828 1998 949 2034; x_wconf 83' lang='lat' dir='ltr'><strong>offerri</strong></span> <span class='ocrx_word' id='word_1_256' title='bbox 983 2000 1057 2034; x_wconf 87' lang='lat' dir='ltr'><strong>Deo</strong></span> <span class='ocrx_word' id='word_1_257' title='bbox 1090 2000 1134 2036; x_wconf 80' lang='lat' dir='ltr'><strong>ab</strong></span> <span class='ocrx_word' id='word_1_258' title='bbox 1168 2001 1372 2037; x_wconf 87' lang='lat' dir='ltr'><strong>hominibus</strong></span> 
     </span>
     <span class='ocr_line' id='line_1_32' title="bbox 319 2057 1420 2104; baseline 0.005 -12"><span class='ocrx_word' id='word_1_259' title='bbox 319 2057 463 2103; x_wconf 85' lang='lat' dir='ltr'><strong>dignum</strong></span> <span class='ocrx_word' id='word_1_260' title='bbox 477 2062 544 2101; x_wconf 89' lang='lat' dir='ltr'><strong>est,</strong></span> <span class='ocrx_word' id='word_1_261' title='bbox 564 2061 599 2093; x_wconf 87' lang='lat' dir='ltr'><strong>et</strong></span> <span class='ocrx_word' id='word_1_262' title='bbox 614 2068 679 2103; x_wconf 90' lang='lat' dir='ltr'><strong>pro</strong></span> <span class='ocrx_word' id='word_1_263' title='bbox 699 2059 829 2104; x_wconf 85' lang='lat' dir='ltr'><strong>quibus</strong></span> <span class='ocrx_word' id='word_1_264' title='bbox 848 2059 934 2094; x_wconf 88' lang='lat' dir='ltr'><strong>solis</strong></span> <span class='ocrx_word' id='word_1_265' title='bbox 948 2060 1145 2104; x_wconf 87' lang='lat' dir='ltr'><strong>propitium</strong></span> <span class='ocrx_word' id='word_1_266' title='bbox 1162 2059 1240 2095; x_wconf 77' lang='lat' dir='ltr'><strong>sieri</strong></span> <span class='ocrx_word' id='word_1_267' title='bbox 1258 2061 1370 2097; x_wconf 86' lang='lat' dir='ltr'><strong>Deum</strong></span> <span class='ocrx_word' id='word_1_268' title='bbox 1391 2057 1420 2098; x_wconf 94' lang='lat' dir='ltr'>C</span> 
     </span>
     <span class='ocr_line' id='line_1_33' title="bbox 317 2117 1371 2167; baseline 0.007 -16"><span class='ocrx_word' id='word_1_269' title='bbox 317 2117 522 2153; x_wconf 90' lang='lat' dir='ltr'><strong>hominibus</strong></span> <span class='ocrx_word' id='word_1_270' title='bbox 541 2117 654 2154; x_wconf 87' lang='lat' dir='ltr'><strong>decet.</strong></span> <span class='ocrx_word' id='word_1_271' title='bbox 674 2118 720 2152; x_wconf 85' lang='lat' dir='ltr'><strong>Et</strong></span> <span class='ocrx_word' id='word_1_272' title='bbox 741 2120 885 2165; x_wconf 83' lang='lat' dir='ltr'><strong>accepit,</strong></span> <span class='ocrx_word' id='word_1_273' title='bbox 909 2120 1037 2165; x_wconf 86' lang='lat' dir='ltr'><strong>inquit,</strong></span> <span class='ocrx_word' id='word_1_274' title='bbox 1064 2120 1202 2167; x_wconf 78' lang='lat' dir='ltr'><strong>Moyses</strong></span> <span class='ocrx_word' id='word_1_275' title='bbox 1218 2132 1249 2157; x_wconf 78' lang='lat' dir='ltr'><strong>et</strong></span> <span class='ocrx_word' id='word_1_276' title='bbox 1267 2123 1371 2159; x_wconf 82' lang='lat' dir='ltr'><strong>Elea-</strong></span> 
     </span>
     <span class='ocr_line' id='line_1_34' title="bbox 319 2176 1372 2220; baseline 0.009 -11"><span class='ocrx_word' id='word_1_277' title='bbox 319 2186 382 2210; x_wconf 81' lang='lat' dir='ltr'><strong>zar</strong></span> <span class='ocrx_word' id='word_1_278' title='bbox 396 2176 558 2211; x_wconf 83' lang='lat' dir='ltr'><strong>sacerdos</strong></span> <span class='ocrx_word' id='word_1_279' title='bbox 576 2187 717 2220; x_wconf 79' lang='lat' dir='ltr'><strong>aarum,</strong></span> <span class='ocrx_word' id='word_1_280' title='bbox 743 2178 785 2212; x_wconf 86' lang='lat' dir='ltr'><strong>ab</strong></span> <span class='ocrx_word' id='word_1_281' title='bbox 805 2179 963 2214; x_wconf 82' lang='lat' dir='ltr'><strong>omnibus</strong></span> <span class='ocrx_word' id='word_1_282' title='bbox 983 2180 1132 2215; x_wconf 71' lang='lat' dir='ltr'><strong>tribunis</strong></span> <span class='ocrx_word' id='word_1_283' title='bbox 1150 2187 1181 2215; x_wconf 85' lang='lat' dir='ltr'><strong>et</strong></span> <span class='ocrx_word' id='word_1_284' title='bbox 1199 2184 1372 2218; x_wconf 81' lang='lat' dir='ltr'><strong>centurio-</strong></span> 
     </span>
     <span class='ocr_line' id='line_1_35' title="bbox 318 2235 1372 2286; baseline 0.009 -17"><span class='ocrx_word' id='word_1_285' title='bbox 318 2235 441 2278; x_wconf 83' lang='lat' dir='ltr'><strong>nibus;</strong></span> <span class='ocrx_word' id='word_1_286' title='bbox 457 2241 488 2270; x_wconf 85' lang='lat' dir='ltr'><strong>et</strong></span> <span class='ocrx_word' id='word_1_287' title='bbox 502 2235 619 2271; x_wconf 83' lang='lat' dir='ltr'><strong>intulit</strong></span> <span class='ocrx_word' id='word_1_288' title='bbox 633 2236 721 2271; x_wconf 81' lang='lat' dir='ltr'><strong>illud</strong></span> <span class='ocrx_word' id='word_1_289' title='bbox 739 2237 774 2272; x_wconf 82' lang='lat' dir='ltr'><strong>in</strong></span> <span class='ocrx_word' id='word_1_290' title='bbox 793 2238 1059 2274; x_wconf 82' lang='lat' dir='ltr'><strong>tabernaculam</strong></span> <span class='ocrx_word' id='word_1_291' title='bbox 1087 2242 1286 2286; x_wconf 79' lang='lat' dir='ltr'><strong>testimonii,</strong></span> <span class='ocrx_word' id='word_1_292' title='bbox 1304 2254 1372 2278; x_wconf 83' lang='lat' dir='ltr'><strong>me-</strong></span> 
     </span>
     <span class='ocr_line' id='line_1_36' title="bbox 316 2294 1371 2348; baseline 0.009 -19"><span class='ocrx_word' id='word_1_293' title='bbox 316 2294 462 2330; x_wconf 86' lang='lat' dir='ltr'><strong>moriale</strong></span> <span class='ocrx_word' id='word_1_294' title='bbox 477 2295 560 2339; x_wconf 80' lang='lat' dir='ltr'><strong>filiis</strong></span> <span class='ocrx_word' id='word_1_295' title='bbox 586 2295 699 2331; x_wconf 85' lang='lat' dir='ltr'><strong>Israel</strong></span> <span class='ocrx_word' id='word_1_296' title='bbox 723 2308 841 2333; x_wconf 87' lang='lat' dir='ltr'><strong>eoram</strong></span> <span class='ocrx_word' id='word_1_297' title='bbox 870 2299 1035 2336; x_wconf 83' lang='lat' dir='ltr'><strong>Domino.</strong></span> <span class='ocrx_word' id='word_1_298' title='bbox 1054 2302 1161 2337; x_wconf 80' lang='lat' dir='ltr'><strong>Vides</strong></span> <span class='ocrx_word' id='word_1_299' title='bbox 1182 2303 1265 2348; x_wconf 83' lang='lat' dir='ltr'><strong>quia</strong></span> <span class='ocrx_word' id='word_1_300' title='bbox 1291 2313 1371 2348; x_wconf 81' lang='lat' dir='ltr'><strong>quae</strong></span> 
     </span>
     <span class='ocr_line' id='line_1_37' title="bbox 317 2353 1370 2405; baseline 0.011 -17"><span class='ocrx_word' id='word_1_301' title='bbox 317 2353 484 2389; x_wconf 86' lang='lat' dir='ltr'><strong>dicuntur</strong></span> <span class='ocrx_word' id='word_1_302' title='bbox 498 2364 569 2390; x_wconf 88' lang='lat' dir='ltr'><strong>non</strong></span> <span class='ocrx_word' id='word_1_303' title='bbox 588 2356 637 2401; x_wconf 87' lang='lat' dir='ltr'><strong>ad</strong></span> <span class='ocrx_word' id='word_1_304' title='bbox 654 2362 886 2403; x_wconf 89' lang='lat' dir='ltr'><strong>conspectum</strong></span> <span class='ocrx_word' id='word_1_305' title='bbox 907 2360 1101 2405; x_wconf 71' lang='lat' dir='ltr'><strong>visibilem,</strong></span> <span class='ocrx_word' id='word_1_306' title='bbox 1124 2363 1185 2398; x_wconf 87' lang='lat' dir='ltr'><strong>scd</strong></span> <span class='ocrx_word' id='word_1_307' title='bbox 1208 2364 1252 2398; x_wconf 88' lang='lat' dir='ltr'><strong>ad</strong></span> <span class='ocrx_word' id='word_1_308' title='bbox 1271 2374 1370 2400; x_wconf 91' lang='lat' dir='ltr'><strong>men-</strong></span> 
     </span>
     <span class='ocr_line' id='line_1_38' title="bbox 318 2414 1369 2472; baseline 0.01 -23"><span class='ocrx_word' id='word_1_309' title='bbox 318 2414 362 2449; x_wconf 87' lang='lat' dir='ltr'><strong>tis</strong></span> <span class='ocrx_word' id='word_1_310' title='bbox 388 2416 599 2452; x_wconf 81' lang='lat' dir='ltr'><strong>memoriam</strong></span> <span class='ocrx_word' id='word_1_311' title='bbox 634 2417 854 2455; x_wconf 83' lang='lat' dir='ltr'><strong>reseruntur.</strong></span> <span class='ocrx_word' id='word_1_312' title='bbox 888 2421 1019 2457; x_wconf 85' lang='lat' dir='ltr'><strong>Beatus</strong></span> <span class='ocrx_word' id='word_1_313' title='bbox 1038 2428 1092 2458; x_wconf 87' lang='lat' dir='ltr'><strong>est</strong></span> <span class='ocrx_word' id='word_1_314' title='bbox 1116 2423 1211 2459; x_wconf 85' lang='lat' dir='ltr'><strong>enim</strong></span> <span class='ocrx_word' id='word_1_315' title='bbox 1232 2424 1291 2460; x_wconf 88' lang='lat' dir='ltr'><strong>illc</strong></span> <span class='ocrx_word' id='word_1_316' title='bbox 1308 2426 1369 2472; x_wconf 89' lang='lat' dir='ltr'><strong>qui</strong></span> 
     </span>
     <span class='ocr_line' id='line_1_39' title="bbox 315 2475 1370 2530; baseline 0.013 -21"><span class='ocrx_word' id='word_1_317' title='bbox 315 2475 526 2511; x_wconf 88' lang='lat' dir='ltr'><strong>recordatur</strong></span> <span class='ocrx_word' id='word_1_318' title='bbox 543 2486 583 2512; x_wconf 88' lang='lat' dir='ltr'><strong>se</strong></span> <span class='ocrx_word' id='word_1_319' title='bbox 603 2478 691 2513; x_wconf 92' lang='lat' dir='ltr'><strong>boni</strong></span> <span class='ocrx_word' id='word_1_320' title='bbox 713 2480 847 2525; x_wconf 88' lang='lat' dir='ltr'><strong>aliquid</strong></span> <span class='ocrx_word' id='word_1_321' title='bbox 869 2483 988 2528; x_wconf 87' lang='lat' dir='ltr'><strong>operis</strong></span> <span class='ocrx_word' id='word_1_322' title='bbox 1013 2480 1129 2530; x_wconf 73' lang='lat' dir='ltr'><strong>egisse¹</strong></span> <span class='ocrx_word' id='word_1_323' title='bbox 1151 2495 1276 2522; x_wconf 87' lang='lat' dir='ltr'><strong>coram</strong></span> <span class='ocrx_word' id='word_1_324' title='bbox 1299 2488 1370 2523; x_wconf 92' lang='lat' dir='ltr'><strong>Do-</strong></span> 
     </span>
     <span class='ocr_line' id='line_1_40' title="bbox 315 2537 1366 2592; baseline 0.011 -20"><span class='ocrx_word' id='word_1_325' title='bbox 315 2537 423 2580; x_wconf 89' lang='lat' dir='ltr'><strong>mino,</strong></span> <span class='ocrx_word' id='word_1_326' title='bbox 452 2543 488 2574; x_wconf 85' lang='lat' dir='ltr'><strong>et</strong></span> <span class='ocrx_word' id='word_1_327' title='bbox 504 2539 677 2576; x_wconf 82' lang='lat' dir='ltr'><strong>obtulisse</strong></span> <span class='ocrx_word' id='word_1_328' title='bbox 710 2551 860 2578; x_wconf 87' lang='lat' dir='ltr'><strong>munera</strong></span> <span class='ocrx_word' id='word_1_329' title='bbox 898 2545 989 2580; x_wconf 90' lang='lat' dir='ltr'><strong>bene</strong></span> <span class='ocrx_word' id='word_1_330' title='bbox 1023 2546 1155 2592; x_wconf 88' lang='lat' dir='ltr'><strong>placita</strong></span> <span class='ocrx_word' id='word_1_331' title='bbox 1187 2549 1366 2586; x_wconf 73' lang='lat' dir='ltr'><strong>Dominoe</strong></span> 
     </span>
     <span class='ocr_line' id='line_1_41' title="bbox 313 2598 1368 2650; baseline 0.013 -17"><span class='ocrx_word' id='word_1_332' title='bbox 313 2598 425 2634; x_wconf 84' lang='lat' dir='ltr'><strong>animi</strong></span> <span class='ocrx_word' id='word_1_333' title='bbox 446 2600 596 2637; x_wconf 87' lang='lat' dir='ltr'><strong>virtutes</strong></span> <span class='ocrx_word' id='word_1_334' title='bbox 621 2606 657 2638; x_wconf 86' lang='lat' dir='ltr'><strong>et</strong></span> <span class='ocrx_word' id='word_1_335' title='bbox 682 2609 895 2639; x_wconf 85' lang='lat' dir='ltr'><strong>ornamenta</strong></span> <span class='ocrx_word' id='word_1_336' title='bbox 919 2605 1077 2650; x_wconf 87' lang='lat' dir='ltr'><strong>pietatis.</strong></span> <span class='ocrx_word' id='word_1_337' title='bbox 1106 2606 1190 2644; x_wconf 88' lang='lat' dir='ltr'><strong>Post</strong></span> <span class='ocrx_word' id='word_1_338' title='bbox 1213 2609 1289 2646; x_wconf 85' lang='lat' dir='ltr'><strong>haec</strong></span> <span class='ocrx_word' id='word_1_339' title='bbox 1312 2621 1368 2646; x_wconf 87' lang='lat' dir='ltr'><strong>se-</strong></span> 
     </span>
     <span class='ocr_line' id='line_1_42' title="bbox 316 2659 1366 2705; baseline 0.012 -12"><span class='ocrx_word' id='word_1_340' title='bbox 316 2659 441 2704; x_wconf 79' lang='lat' dir='ltr'><strong>quitur</strong></span> <span class='ocrx_word' id='word_1_341' title='bbox 469 2660 621 2696; x_wconf 87' lang='lat' dir='ltr'><strong>historia</strong></span> <span class='ocrx_word' id='word_1_342' title='bbox 649 2662 691 2698; x_wconf 90' lang='lat' dir='ltr'><strong>de</strong></span> <span class='ocrx_word' id='word_1_343' title='bbox 717 2663 928 2700; x_wconf 80' lang='lat' dir='ltr'><strong>liaereditate</strong></span> <span class='ocrx_word' id='word_1_344' title='bbox 958 2665 1085 2702; x_wconf 88' lang='lat' dir='ltr'><strong>Rubcn</strong></span> <span class='ocrx_word' id='word_1_345' title='bbox 1108 2673 1145 2702; x_wconf 90' lang='lat' dir='ltr'><strong>et</strong></span> <span class='ocrx_word' id='word_1_346' title='bbox 1166 2666 1242 2704; x_wconf 86' lang='lat' dir='ltr'><strong>Gad</strong></span> <span class='ocrx_word' id='word_1_347' title='bbox 1261 2674 1298 2705; x_wconf 90' lang='lat' dir='ltr'><strong>et</strong></span> <span class='ocrx_word' id='word_1_348' title='bbox 1314 2669 1366 2705; x_wconf 90' lang='lat' dir='ltr'><strong>di-</strong></span> 
     </span>
     <span class='ocr_line' id='line_1_43' title="bbox 314 2718 1366 2775; baseline 0.013 -23"><span class='ocrx_word' id='word_1_349' title='bbox 314 2718 435 2754; x_wconf 79' lang='lat' dir='ltr'><strong>midiae</strong></span> <span class='ocrx_word' id='word_1_350' title='bbox 457 2719 572 2755; x_wconf 86' lang='lat' dir='ltr'><strong>tribus</strong></span> <span class='ocrx_word' id='word_1_351' title='bbox 599 2721 787 2758; x_wconf 75' lang='lat' dir='ltr'><strong>Manasser</strong></span> <span class='ocrx_word' id='word_1_352' title='bbox 809 2724 853 2759; x_wconf 89' lang='lat' dir='ltr'><strong>dc</strong></span> <span class='ocrx_word' id='word_1_353' title='bbox 882 2734 953 2770; x_wconf 88' lang='lat' dir='ltr'><strong>qua</strong></span> <span class='ocrx_word' id='word_1_354' title='bbox 980 2728 1214 2772; x_wconf 88' lang='lat' dir='ltr'><strong>proponimus</strong></span> <span class='ocrx_word' id='word_1_355' title='bbox 1247 2729 1366 2775; x_wconf 84' lang='lat' dir='ltr'><strong>aliqua</strong></span> 
     </span>
     <span class='ocr_line' id='line_1_44' title="bbox 313 2778 1365 2836; baseline 0.014 -23"><span class='ocrx_word' id='word_1_356' title='bbox 313 2778 507 2822; x_wconf 85' lang='lat' dir='ltr'><strong>disserere,</strong></span> <span class='ocrx_word' id='word_1_357' title='bbox 527 2785 564 2816; x_wconf 90' lang='lat' dir='ltr'><strong>et</strong></span> <span class='ocrx_word' id='word_1_358' title='bbox 581 2781 720 2818; x_wconf 87' lang='lat' dir='ltr'><strong>animos</strong></span> <span class='ocrx_word' id='word_1_359' title='bbox 736 2784 939 2821; x_wconf 85' lang='lat' dir='ltr'><strong>auditorum</strong></span> <span class='ocrx_word' id='word_1_360' title='bbox 960 2788 1005 2823; x_wconf 88' lang='lat' dir='ltr'><strong>ad</strong></span> <span class='ocrx_word' id='word_1_361' title='bbox 1024 2790 1365 2836; x_wconf 82' lang='lat' dir='ltr'><strong>contemplationem</strong></span> 
     </span>
     <span class='ocr_line' id='line_1_45' title="bbox 313 2838 1365 2894; baseline 0.015 -22"><span class='ocrx_word' id='word_1_362' title='bbox 313 2838 486 2883; x_wconf 84' lang='lat' dir='ltr'><strong>spiritalis</strong></span> <span class='ocrx_word' id='word_1_363' title='bbox 513 2840 758 2887; x_wconf 66' lang='lat' dir='ltr'><strong>intelligentiae</strong></span> <span class='ocrx_word' id='word_1_364' title='bbox 778 2845 968 2882; x_wconf 85' lang='lat' dir='ltr'><strong>suscitare.</strong></span> <span class='ocrx_word' id='word_1_365' title='bbox 990 2846 1119 2883; x_wconf 82' lang='lat' dir='ltr'><strong>Omnia</strong></span> <span class='ocrx_word' id='word_1_366' title='bbox 1142 2860 1221 2894; x_wconf 87' lang='lat' dir='ltr'><strong>quae</strong></span> <span class='ocrx_word' id='word_1_367' title='bbox 1241 2851 1365 2887; x_wconf 91' lang='lat' dir='ltr'><strong>dicun-</strong></span> 
     </span>
     <span class='ocr_line' id='line_1_46' title="bbox 312 2899 1365 2956; baseline 0.016 -24"><span class='ocrx_word' id='word_1_368' title='bbox 312 2902 371 2932; x_wconf 92' lang='lat' dir='ltr'><strong>tur</strong></span> <span class='ocrx_word' id='word_1_369' title='bbox 388 2909 459 2934; x_wconf 90' lang='lat' dir='ltr'><strong>non</strong></span> <span class='ocrx_word' id='word_1_370' title='bbox 481 2899 595 2936; x_wconf 89' lang='lat' dir='ltr'><strong>solum</strong></span> <span class='ocrx_word' id='word_1_371' title='bbox 612 2911 655 2937; x_wconf 86' lang='lat' dir='ltr'><strong>ex</strong></span> <span class='ocrx_word' id='word_1_372' title='bbox 678 2902 756 2948; x_wconf 88' lang='lat' dir='ltr'><strong>ipso</strong></span> <span class='ocrx_word' id='word_1_373' title='bbox 777 2905 837 2949; x_wconf 89' lang='lat' dir='ltr'><strong>qui</strong></span> <span class='ocrx_word' id='word_1_374' title='bbox 855 2906 987 2943; x_wconf 86' lang='lat' dir='ltr'><strong>dicitur</strong></span> <span class='ocrx_word' id='word_1_375' title='bbox 1001 2918 1167 2946; x_wconf 85' lang='lat' dir='ltr'><strong>sermone</strong></span> <span class='ocrx_word' id='word_1_376' title='bbox 1181 2913 1365 2956; x_wconf 88' lang='lat' dir='ltr'><strong>pensanda</strong></span> 
     </span>
    </p>
   </div>
   <div class='ocr_carea' id='block_1_7' title="bbox 312 2951 1418 3070">
    <p class='ocr_par' dir='ltr' id='par_1_7' title="bbox 312 2951 1418 3070">
     <span class='ocr_line' id='line_1_47' title="bbox 312 2951 1418 3018; baseline 0.018 -24"><span class='ocrx_word' id='word_1_377' title='bbox 312 2966 408 3001; x_wconf 86' lang='lat' dir='ltr'><strong>sunt,</strong></span> <span class='ocrx_word' id='word_1_378' title='bbox 438 2963 500 2997; x_wconf 88' lang='lat' dir='ltr'><strong>sed</strong></span> <span class='ocrx_word' id='word_1_379' title='bbox 528 2966 563 2998; x_wconf 88' lang='lat' dir='ltr'><strong>et</strong></span> <span class='ocrx_word' id='word_1_380' title='bbox 588 2973 743 3009; x_wconf 88' lang='lat' dir='ltr'><strong>persona</strong></span> <span class='ocrx_word' id='word_1_381' title='bbox 776 2967 928 3006; x_wconf 87' lang='lat' dir='ltr'><strong>dicentis</strong></span> <span class='ocrx_word' id='word_1_382' title='bbox 960 2981 1177 3018; x_wconf 80' lang='lat' dir='ltr'><strong>magnopere</strong></span> <span class='ocrx_word' id='word_1_383' title='bbox 1212 2975 1364 3013; x_wconf 83' lang='lat' dir='ltr'><strong>dicenda</strong></span> <span class='ocrx_word' id='word_1_384' title='bbox 1382 2951 1418 2989; x_wconf 79' lang='lat' dir='ltr'>D</span> 
     </span>
     <span class='ocr_line' id='line_1_48' title="bbox 312 3018 837 3070; baseline 0.006 -15"><span class='ocrx_word' id='word_1_385' title='bbox 312 3018 526 3068; x_wconf 88' lang='lat' dir='ltr'><strong>[pensanda]</strong></span> <span class='ocrx_word' id='word_1_386' title='bbox 545 3028 612 3058; x_wconf 89' lang='lat' dir='ltr'><strong>est.</strong></span> <span class='ocrx_word' id='word_1_387' title='bbox 639 3022 810 3070; x_wconf 85' lang='lat' dir='ltr'><strong>Sequitur</strong></span> <span class='ocrx_word' id='word_1_388' title='bbox 829 3040 837 3058; x_wconf 65' lang='grc' dir='ltr'><em>ε</em></span> 
     </span>
    </p>
   </div>
   <div class='ocr_carea' id='block_1_8' title="bbox 714 3098 973 3140">
    <p class='ocr_par' dir='ltr' id='par_1_8' title="bbox 714 3098 973 3140">
     <span class='ocr_line' id='line_1_49' title="bbox 714 3098 973 3140; baseline 0.021 -7"><span class='ocrx_word' id='word_1_389' title='bbox 714 3098 864 3137; x_wconf 85' lang='lat' dir='ltr'>CAPUT</span> <span class='ocrx_word' id='word_1_390' title='bbox 891 3103 973 3140; x_wconf 82' lang='lat' dir='ltr'><strong>vlt.</strong></span> 
     </span>
    </p>
   </div>
   <div class='ocr_carea' id='block_1_9' title="bbox 294 3151 1362 3294">
    <p class='ocr_par' dir='ltr' id='par_1_9' title="bbox 294 3151 1362 3294">
     <span class='ocr_line' id='line_1_50' title="bbox 312 3151 1359 3215; baseline 0.017 -27"><span class='ocrx_word' id='word_1_391' title='bbox 312 3151 379 3190; x_wconf 79' lang='lat' dir='ltr'><strong>Ubi</strong></span> <span class='ocrx_word' id='word_1_392' title='bbox 403 3165 486 3200; x_wconf 85' lang='lat' dir='ltr'><strong>pars</strong></span> <span class='ocrx_word' id='word_1_393' title='bbox 519 3156 642 3210; x_wconf 80' lang='lat' dir='ltr'><strong>epuli,</strong></span> <span class='ocrx_word' id='word_1_394' title='bbox 660 3158 724 3194; x_wconf 85' lang='lat' dir='ltr'><strong>hoe</strong></span> <span class='ocrx_word' id='word_1_395' title='bbox 739 3167 802 3203; x_wconf 84' lang='lat' dir='ltr'><strong>est,</strong></span> <span class='ocrx_word' id='word_1_396' title='bbox 821 3161 931 3198; x_wconf 80' lang='lat' dir='ltr'><strong>tribus</strong></span> <span class='ocrx_word' id='word_1_397' title='bbox 947 3162 1068 3200; x_wconf 85' lang='lat' dir='ltr'><strong>Ruben</strong></span> <span class='ocrx_word' id='word_1_398' title='bbox 1085 3171 1117 3201; x_wconf 85' lang='lat' dir='ltr'><strong>et</strong></span> <span class='ocrx_word' id='word_1_399' title='bbox 1137 3168 1246 3205; x_wconf 83' lang='lat' dir='ltr'><strong>tribus</strong></span> <span class='ocrx_word' id='word_1_400' title='bbox 1268 3169 1359 3215; x_wconf 88' lang='lat' dir='ltr'><strong>Gad,</strong></span> 
     </span>
     <span class='ocr_line' id='line_1_51' title="bbox 355 3199 1362 3252; baseline 0.019 -18"><span class='ocrx_word' id='word_1_401' title='bbox 355 3207 388 3236; x_wconf 86' lang='lat' dir='ltr'><strong>et</strong></span> <span class='ocrx_word' id='word_1_402' title='bbox 402 3200 525 3237; x_wconf 77' lang='lat' dir='ltr'><strong>dnm</strong></span> <span class='ocrx_word' id='word_1_403' title='bbox 513 3203 549 3238; x_wconf 80' lang='lat' dir='ltr'><strong>ia</strong></span> <span class='ocrx_word' id='word_1_404' title='bbox 581 3205 692 3240; x_wconf 82' lang='lat' dir='ltr'><strong>tribus</strong></span> <span class='ocrx_word' id='word_1_405' title='bbox 718 3205 916 3252; x_wconf 82' lang='lat' dir='ltr'><strong>Manassoe,</strong></span> <span class='ocrx_word' id='word_1_406' title='bbox 949 3210 1187 3250; x_wconf 79' lang='lat' dir='ltr'><strong>hoeredieacem</strong></span> <span class='ocrx_word' id='word_1_407' title='bbox 1219 3199 1362 3252; x_wconf 69' lang='lat' dir='ltr'><strong>Domin’t&#39;</strong></span> 
     </span>
     <span class='ocr_line' id='line_1_52' title="bbox 294 3247 1088 3294; baseline 0.019 -15"><span class='ocrx_word' id='word_1_408' title='bbox 294 3273 300 3279; x_wconf 92' lang='lat'>.</span> <span class='ocrx_word' id='word_1_409' title='bbox 356 3247 580 3294; x_wconf 81' lang='lat' dir='ltr'><strong>postulabant</strong></span> <span class='ocrx_word' id='word_1_410' title='bbox 595 3251 661 3286; x_wconf 83' lang='lat' dir='ltr'><strong>sibi</strong></span> <span class='ocrx_word' id='word_1_411' title='bbox 679 3252 758 3288; x_wconf 80' lang='lat' dir='ltr'><strong>dari</strong></span> <span class='ocrx_word' id='word_1_412' title='bbox 773 3253 868 3290; x_wconf 81' lang='lat' dir='ltr'><strong>ultra</strong></span> <span class='ocrx_word' id='word_1_413' title='bbox 883 3255 1088 3293; x_wconf 72' lang='lat' dir='ltr'><strong>Iordanem.</strong></span> 
     </span>
    </p>
   </div>
   <div class='ocr_carea' id='block_1_10' title="bbox 305 3320 1361 3812">
    <p class='ocr_par' dir='ltr' id='par_1_10' title="bbox 305 3320 1361 3684">
     <span class='ocr_line' id='line_1_53' title="bbox 357 3320 1361 3372; baseline 0.015 -15"><span class='ocrx_word' id='word_1_414' title='bbox 357 3320 458 3369; x_wconf 58' lang='lat' dir='ltr'><strong>(Car.</strong></span> <span class='ocrx_word' id='word_1_415' title='bbox 479 3323 612 3372; x_wconf 80' lang='lat' dir='ltr'><strong>xxm.)</strong></span> <span class='ocrx_word' id='word_1_416' title='bbox 638 3324 725 3361; x_wconf 78' lang='lat' dir='ltr'><strong>Filii</strong></span> <span class='ocrx_word' id='word_1_417' title='bbox 753 3333 870 3364; x_wconf 83' lang='lat' dir='ltr'><strong>autem</strong></span> <span class='ocrx_word' id='word_1_418' title='bbox 893 3329 1016 3367; x_wconf 79' lang='lat' dir='ltr'><strong>Ruben</strong></span> <span class='ocrx_word' id='word_1_419' title='bbox 1036 3338 1069 3367; x_wconf 82' lang='lat' dir='ltr'><strong>et</strong></span> <span class='ocrx_word' id='word_1_420' title='bbox 1093 3331 1171 3369; x_wconf 86' lang='lat' dir='ltr'><strong>Gad</strong></span> <span class='ocrx_word' id='word_1_421' title='bbox 1191 3335 1361 3372; x_wconf 79' lang='lat' dir='ltr'><strong>habebant</strong></span> 
     </span>
     <span class='ocr_line' id='line_1_54' title="bbox 308 3385 1360 3438; baseline 0.014 -21"><span class='ocrx_word' id='word_1_422' title='bbox 308 3393 434 3430; x_wconf 69' lang='lat' dir='ltr'><strong>pecora</strong></span> <span class='ocrx_word' id='word_1_423' title='bbox 446 3385 569 3428; x_wconf 80' lang='lat' dir='ltr'><strong>multa,</strong></span> <span class='ocrx_word' id='word_1_424' title='bbox 589 3392 622 3422; x_wconf 81' lang='lat' dir='ltr'><strong>et</strong></span> <span class='ocrx_word' id='word_1_425' title='bbox 638 3393 713 3422; x_wconf 76' lang='lat' dir='ltr'><strong>erat</strong></span> <span class='ocrx_word' id='word_1_426' title='bbox 730 3387 801 3424; x_wconf 77' lang='lat' dir='ltr'><strong>illis</strong></span> <span class='ocrx_word' id='word_1_427' title='bbox 815 3389 852 3424; x_wconf 84' lang='lat' dir='ltr'><strong>in</strong></span> <span class='ocrx_word' id='word_1_428' title='bbox 863 3390 1034 3436; x_wconf 73' lang='lat' dir='ltr'><strong>ffumentis</strong></span> <span class='ocrx_word' id='word_1_429' title='bbox 1049 3388 1187 3438; x_wconf 78' lang='lat' dir='ltr'><strong>infinita</strong></span> <span class='ocrx_word' id='word_1_430' title='bbox 1203 3397 1360 3432; x_wconf 80' lang='lat' dir='ltr'><strong>substan-</strong></span> 
     </span>
     <span class='ocr_line' id='line_1_55' title="bbox 305 3442 1358 3500; baseline 0.016 -25"><span class='ocrx_word' id='word_1_431' title='bbox 305 3442 373 3476; x_wconf 69' lang='lat' dir='ltr'><strong>tia.</strong></span> <span class='ocrx_word' id='word_1_432' title='bbox 396 3442 550 3490; x_wconf 78' lang='lat' dir='ltr'><strong>Cumque</strong></span> <span class='ocrx_word' id='word_1_433' title='bbox 575 3446 741 3483; x_wconf 77' lang='lat' dir='ltr'><strong>vidissent</strong></span> <span class='ocrx_word' id='word_1_434' title='bbox 767 3447 875 3485; x_wconf 78' lang='lat' dir='ltr'><strong>Jazer</strong></span> <span class='ocrx_word' id='word_1_435' title='bbox 895 3457 926 3486; x_wconf 82' lang='lat' dir='ltr'><strong>et</strong></span> <span class='ocrx_word' id='word_1_436' title='bbox 946 3449 1083 3488; x_wconf 81' lang='lat' dir='ltr'><strong>Golaad</strong></span> <span class='ocrx_word' id='word_1_437' title='bbox 1102 3459 1200 3500; x_wconf 82' lang='lat' dir='ltr'><strong>aptas</strong></span> <span class='ocrx_word' id='word_1_438' title='bbox 1224 3455 1358 3492; x_wconf 81' lang='lat' dir='ltr'><strong>alendis</strong></span> 
     </span>
     <span class='ocr_line' id='line_1_56' title="bbox 310 3501 1359 3560; baseline 0.016 -25"><span class='ocrx_word' id='word_1_439' title='bbox 310 3501 521 3540; x_wconf 78' lang='lat' dir='ltr'><strong>animalibus</strong></span> <span class='ocrx_word' id='word_1_440' title='bbox 539 3511 664 3551; x_wconf 79' lang='lat' dir='ltr'><strong>terras,</strong></span> <span class='ocrx_word' id='word_1_441' title='bbox 685 3516 851 3546; x_wconf 83' lang='lat' dir='ltr'><strong>venerunt</strong></span> <span class='ocrx_word' id='word_1_442' title='bbox 868 3511 914 3546; x_wconf 86' lang='lat' dir='ltr'><strong>ad</strong></span> <span class='ocrx_word' id='word_1_443' title='bbox 931 3511 1075 3560; x_wconf 76' lang='lat' dir='ltr'><strong>Moysen</strong></span> <span class='ocrx_word' id='word_1_444' title='bbox 1095 3520 1128 3550; x_wconf 83' lang='lat' dir='ltr'><strong>et</strong></span> <span class='ocrx_word' id='word_1_445' title='bbox 1147 3514 1359 3551; x_wconf 76' lang='lat' dir='ltr'><strong>Eleazarum</strong></span> 
     </span>
     <span class='ocr_line' id='line_1_57' title="bbox 310 3565 1357 3623; baseline 0.014 -24"><span class='ocrx_word' id='word_1_446' title='bbox 310 3565 536 3611; x_wconf 71' lang='lat' dir='ltr'><strong>sacerdotem,</strong></span> <span class='ocrx_word' id='word_1_447' title='bbox 554 3575 584 3604; x_wconf 75' lang='lat' dir='ltr'><strong>et</strong></span> <span class='ocrx_word' id='word_1_448' title='bbox 596 3570 767 3619; x_wconf 84' lang='lat' dir='ltr'><strong>principes</strong></span> <span class='ocrx_word' id='word_1_449' title='bbox 781 3572 1034 3619; x_wconf 74' lang='lat' dir='ltr'><strong>multitudinis,</strong></span> <span class='ocrx_word' id='word_1_450' title='bbox 1046 3581 1150 3623; x_wconf 70' lang='lat' dir='ltr'><strong>atque</strong></span> <span class='ocrx_word' id='word_1_451' title='bbox 1167 3577 1357 3614; x_wconf 74' lang='lat' dir='ltr'><strong>dixeram:</strong></span> 
     </span>
     <span class='ocr_line' id='line_1_58' title="bbox 315 3625 1358 3684; baseline 0.015 -24"><span class='ocrx_word' id='word_1_452' title='bbox 315 3625 456 3663; x_wconf 60' lang='lat' dir='ltr'><strong>staron·</strong></span> <span class='ocrx_word' id='word_1_453' title='bbox 471 3634 504 3663; x_wconf 84' lang='lat' dir='ltr'><strong>et</strong></span> <span class='ocrx_word' id='word_1_454' title='bbox 521 3629 640 3666; x_wconf 87' lang='lat' dir='ltr'><strong>Didon</strong></span> <span class='ocrx_word' id='word_1_455' title='bbox 661 3639 694 3668; x_wconf 85' lang='lat' dir='ltr'><strong>et</strong></span> <span class='ocrx_word' id='word_1_456' title='bbox 718 3632 839 3678; x_wconf 79' lang='lat' dir='ltr'><strong>Jazer,</strong></span> <span class='ocrx_word' id='word_1_457' title='bbox 861 3641 893 3671; x_wconf 79' lang='lat' dir='ltr'><strong>et</strong></span> <span class='ocrx_word' id='word_1_458' title='bbox 910 3636 1058 3681; x_wconf 84' lang='lat' dir='ltr'><strong>Nemra,</strong></span> <span class='ocrx_word' id='word_1_459' title='bbox 1082 3638 1113 3673; x_wconf 86' lang='lat' dir='ltr'><strong>e&#39;t</strong></span> <span class='ocrx_word' id='word_1_460' title='bbox 1132 3637 1305 3684; x_wconf 79' lang='lat' dir='ltr'><strong>Hesebon,</strong></span> <span class='ocrx_word' id='word_1_461' title='bbox 1325 3637 1358 3676; x_wconf 74' lang='lat' dir='ltr'><strong>et</strong></span> 
     </span>
    </p>

    <p class='ocr_par' dir='ltr' id='par_1_11' title="bbox 311 3684 1357 3812">
     <span class='ocr_line' id='line_1_59' title="bbox 311 3684 1357 3751; baseline 0.017 -29.28"><span class='ocrx_word' id='word_1_462' title='bbox 311 3684 446 3734; x_wconf 76' lang='lat' dir='ltr'><strong>¹leole,</strong></span> <span class='ocrx_word' id='word_1_463' title='bbox 462 3695 494 3726; x_wconf 85' lang='lat' dir='ltr'><strong>et</strong></span> <span class='ocrx_word' id='word_1_464' title='bbox 514 3690 647 3737; x_wconf 80' lang='lat' dir='ltr'><strong>Sabou,</strong></span> <span class='ocrx_word' id='word_1_465' title='bbox 677 3700 710 3730; x_wconf 84' lang='lat' dir='ltr'><strong>et</strong></span> <span class='ocrx_word' id='word_1_466' title='bbox 730 3695 844 3740; x_wconf 84' lang='lat' dir='ltr'><strong>Nebo,</strong></span> <span class='ocrx_word' id='word_1_467' title='bbox 864 3703 896 3732; x_wconf 88' lang='lat' dir='ltr'><strong>et</strong></span> <span class='ocrx_word' id='word_1_468' title='bbox 915 3698 1023 3743; x_wconf 86' lang='lat' dir='ltr'><strong>Beon,</strong></span> <span class='ocrx_word' id='word_1_469' title='bbox 1040 3706 1132 3737; x_wconf 81' lang='lat' dir='ltr'><strong>terra</strong></span> <span class='ocrx_word' id='word_1_470' title='bbox 1149 3711 1255 3748; x_wconf 83' lang='lat' dir='ltr'><strong>quam</strong></span> <span class='ocrx_word' id='word_1_471' title='bbox 1275 3709 1357 3751; x_wconf 76' lang='lat' dir='ltr'><strong>per-</strong></span> 
     </span>
     <span class='ocr_line' id='line_1_60' title="bbox 311 3748 1356 3812; baseline 0.022 -30"><span class='ocrx_word' id='word_1_472' title='bbox 311 3748 419 3787; x_wconf 61' lang='lat' dir='ltr'><strong>aruit</strong></span> <span class='ocrx_word' id='word_1_473' title='bbox 452 3749 547 3787; x_wconf 70' lang='lat' dir='ltr'><strong>Deae</strong></span> <span class='ocrx_word' id='word_1_474' title='bbox 573 3753 614 3789; x_wconf 72' lang='lat' dir='ltr'><strong>in</strong></span> <span class='ocrx_word' id='word_1_475' title='bbox 639 3758 823 3809; x_wconf 58' lang='lat' dir='ltr'><strong>conspecta</strong></span> <span class='ocrx_word' id='word_1_476' title='bbox 851 3756 1007 3802; x_wconf 76' lang='lat' dir='ltr'><strong>fitiorum</strong></span> <span class='ocrx_word' id='word_1_477' title='bbox 1034 3758 1169 3806; x_wconf 79' lang='lat' dir='ltr'><strong>Israel,</strong></span> <span class='ocrx_word' id='word_1_478' title='bbox 1203 3765 1356 3812; x_wconf 55' lang='lat' dir='ltr'><strong>refiert&amp;</strong></span> 
     </span>
    </p>
   </div>
   <div class='ocr_carea' id='block_1_11' title="bbox 2312 0 2540 1644">
    <p class='ocr_par' dir='ltr' id='par_1_12' title="bbox 2312 0 2540 1644">
     <span class='ocr_line' id='line_1_61' title="bbox 2312 0 2540 348; baseline 0 0"><span class='ocrx_word' id='word_1_479' title='bbox 2312 0 2540 348; x_wconf 95' lang='lat' dir='ltr'><strong>   </strong></span> 
     </span>
     <span class='ocr_line' id='line_1_62' title="bbox 2449 348 2540 407; baseline 0 3609"><span class='ocrx_word' id='word_1_480' title='bbox 2449 348 2540 407; x_wconf 95' lang='lat' dir='ltr'><strong> </strong></span> 
     </span>
     <span class='ocr_line' id='line_1_63' title="bbox 2445 407 2540 572; baseline 0 0"><span class='ocrx_word' id='word_1_481' title='bbox 2445 407 2540 572; x_wconf 95' lang='lat' dir='ltr'><strong>   </strong></span> 
     </span>
     <span class='ocr_line' id='line_1_64' title="bbox 2411 572 2540 880; baseline 0 -169"><span class='ocrx_word' id='word_1_482' title='bbox 2411 572 2540 880; x_wconf 95' lang='lat' dir='ltr'><strong>    </strong></span> 
     </span>
     <span class='ocr_line' id='line_1_65' title="bbox 2471 880 2540 1061; baseline 0 0"><span class='ocrx_word' id='word_1_483' title='bbox 2471 880 2540 1061; x_wconf 95' lang='lat' dir='ltr'><strong>   </strong></span> 
     </span>
     <span class='ocr_line' id='line_1_66' title="bbox 2468 1061 2540 1241; baseline 0.042 -122"><span class='ocrx_word' id='word_1_484' title='bbox 2468 1061 2540 1241; x_wconf 95' lang='lat' dir='ltr'><strong>     </strong></span> 
     </span>
     <span class='ocr_line' id='line_1_67' title="bbox 2462 1241 2540 1644; baseline 0 -382"><span class='ocrx_word' id='word_1_485' title='bbox 2462 1241 2540 1644; x_wconf 95' lang='lat' dir='ltr'><strong>   </strong></span> 
     </span>
    </p>
   </div>
   <div class='ocr_carea' id='block_1_12' title="bbox 1445 178 2063 220">
    <p class='ocr_par' dir='ltr' id='par_1_13' title="bbox 1445 178 2063 220">
     <span class='ocr_line' id='line_1_68' title="bbox 1445 178 2063 220; baseline 0.003 -3"><span class='ocrx_word' id='word_1_486' title='bbox 1445 178 1651 218; x_wconf 79' lang='lat' dir='ltr'><strong>MOGUNT.</strong></span> <span class='ocrx_word' id='word_1_487' title='bbox 1679 180 1869 219; x_wconf 82' lang='lat' dir='ltr'><strong>OPERUM</strong></span> <span class='ocrx_word' id='word_1_488' title='bbox 1891 182 2012 220; x_wconf 83' lang='lat' dir='ltr'><strong>PARS</strong></span> <span class='ocrx_word' id='word_1_489' title='bbox 2036 182 2063 219; x_wconf 91' lang='lat'><strong>1.</strong></span> 
     </span>
    </p>
   </div>
   <div class='ocr_carea' id='block_1_13' title="bbox 1457 309 2465 601">
    <p class='ocr_par' dir='ltr' id='par_1_14' title="bbox 1457 309 2455 601">
     <span class='ocr_line' id='line_1_69' title="bbox 1459 309 2302 375; baseline 0.005 -26"><span class='ocrx_word' id='word_1_490' title='bbox 1459 309 1623 350; x_wconf 75' lang='lat' dir='ltr'><strong>habemus</strong></span> <span class='ocrx_word' id='word_1_491' title='bbox 1631 314 1979 375; x_wconf 49' lang='lat' dir='ltr'><strong>Jumentaglurima:</strong></span> <span class='ocrx_word' id='word_1_492' title='bbox 1992 319 2302 365; x_wconf 47' lang='lat' dir='ltr'><strong>pronuntiaturum&amp;</strong></span> 
     </span>
     <span class='ocr_line' id='line_1_70' title="bbox 1458 373 2465 423; baseline 0.01 -14"><span class='ocrx_word' id='word_1_493' title='bbox 1458 374 1608 421; x_wconf 73' lang='lat' dir='ltr'><strong>qratiam</strong></span> <span class='ocrx_word' id='word_1_494' title='bbox 1626 386 1744 411; x_wconf 84' lang='lat' dir='ltr'><strong>coram</strong></span> <span class='ocrx_word' id='word_1_495' title='bbox 1762 381 1808 418; x_wconf 77' lang='lat' dir='ltr'><strong>te,</strong></span> <span class='ocrx_word' id='word_1_496' title='bbox 1825 381 1865 410; x_wconf 85' lang='lat' dir='ltr'><strong>ut</strong></span> <span class='ocrx_word' id='word_1_497' title='bbox 1890 373 1953 411; x_wconf 77' lang='lat' dir='ltr'><strong>des</strong></span> <span class='ocrx_word' id='word_1_498' title='bbox 1980 375 2079 412; x_wconf 70' lang='lat' dir='ltr'><strong>notis</strong></span> <span class='ocrx_word' id='word_1_499' title='bbox 2111 376 2255 423; x_wconf 76' lang='lat' dir='ltr'><strong>famulis</strong></span> <span class='ocrx_word' id='word_1_500' title='bbox 2280 380 2350 417; x_wconf 70' lang='lat' dir='ltr'><strong>tuis</strong></span> <span class='ocrx_word' id='word_1_501' title='bbox 2370 383 2465 420; x_wconf 66' lang='lat' dir='ltr'><strong>eom·</strong></span> 
     </span>
     <span class='ocr_line' id='line_1_71' title="bbox 1457 434 2455 489; baseline 0.01 -20"><span class='ocrx_word' id='word_1_502' title='bbox 1457 435 1720 480; x_wconf 82' lang='lat' dir='ltr'><strong>possessionem,</strong></span> <span class='ocrx_word' id='word_1_503' title='bbox 1737 445 1798 470; x_wconf 87' lang='lat' dir='ltr'><strong>nec</strong></span> <span class='ocrx_word' id='word_1_504' title='bbox 1816 434 1927 480; x_wconf 71' lang='lat' dir='ltr'><strong>facias</strong></span> <span class='ocrx_word' id='word_1_505' title='bbox 1950 446 2012 472; x_wconf 81' lang='lat' dir='ltr'><strong>nos</strong></span> <span class='ocrx_word' id='word_1_506' title='bbox 2031 438 2182 475; x_wconf 72' lang='lat' dir='ltr'><strong>transire</strong></span> <span class='ocrx_word' id='word_1_507' title='bbox 2203 437 2407 480; x_wconf 74' lang='lat' dir='ltr'><strong>Iordanem.</strong></span> <span class='ocrx_word' id='word_1_508' title='bbox 2424 443 2455 489; x_wconf 75' lang='lat' dir='ltr'><em>Q</em></span> 
     </span>
     <span class='ocr_line' id='line_1_72' title="bbox 1459 494 2445 546; baseline 0.01 -16"><span class='ocrx_word' id='word_1_509' title='bbox 1459 496 1522 532; x_wconf 81' lang='lat' dir='ltr'><strong>bus</strong></span> <span class='ocrx_word' id='word_1_510' title='bbox 1551 495 1725 541; x_wconf 76' lang='lat' dir='ltr'><strong>respondit</strong></span> <span class='ocrx_word' id='word_1_511' title='bbox 1751 494 1915 542; x_wconf 76' lang='lat' dir='ltr'><strong>Moyses:</strong></span> <span class='ocrx_word' id='word_1_512' title='bbox 1934 495 2106 545; x_wconf 81' lang='lat' dir='ltr'><strong>Nunquid</strong></span> <span class='ocrx_word' id='word_1_513' title='bbox 2137 499 2264 546; x_wconf 75' lang='lat' dir='ltr'><strong>fratres</strong></span> <span class='ocrx_word' id='word_1_514' title='bbox 2290 503 2395 539; x_wconf 74' lang='lat' dir='ltr'><strong>vestri</strong></span> <span class='ocrx_word' id='word_1_515' title='bbox 2411 504 2445 540; x_wconf 68' lang='lat' dir='ltr'><strong>tlt</strong></span> 
     </span>
     <span class='ocr_line' id='line_1_73' title="bbox 1457 555 2400 601; baseline 0.012 -12"><span class='ocrx_word' id='word_1_516' title='bbox 1457 555 1504 590; x_wconf 82' lang='lat' dir='ltr'><strong>ad</strong></span> <span class='ocrx_word' id='word_1_517' title='bbox 1523 565 1687 601; x_wconf 83' lang='lat' dir='ltr'><strong>puynam,</strong></span> <span class='ocrx_word' id='word_1_518' title='bbox 1715 561 1749 591; x_wconf 78' lang='lat' dir='ltr'><strong>et</strong></span> <span class='ocrx_word' id='word_1_519' title='bbox 1766 566 1824 591; x_wconf 79' lang='lat' dir='ltr'><strong>vos</strong></span> <span class='ocrx_word' id='word_1_520' title='bbox 1839 555 1895 592; x_wconf 81' lang='lat' dir='ltr'><strong>hic</strong></span> <span class='ocrx_word' id='word_1_521' title='bbox 1912 557 2072 594; x_wconf 78' lang='lat' dir='ltr'><strong>sedebitis</strong></span> <span class='ocrx_word' id='word_1_522' title='bbox 2083 560 2100 595; x_wconf 85' lang='lat'><strong>?</strong></span> <span class='ocrx_word' id='word_1_523' title='bbox 2121 558 2194 596; x_wconf 83' lang='lat' dir='ltr'><strong>Cur</strong></span> <span class='ocrx_word' id='word_1_524' title='bbox 2205 562 2400 600; x_wconf 74' lang='lat' dir='ltr'><strong>subvertitis</strong></span> 
     </span>
    </p>
   </div>
   <div class='ocr_carea' id='block_1_14' title="bbox 1452 739 2493 1157">
    <p class='ocr_par' dir='ltr' id='par_1_15' title="bbox 1452 739 2493 1157">
     <span class='ocr_line' id='line_1_74' title="bbox 1454 739 2488 795; baseline 0.014 -24"><span class='ocrx_word' id='word_1_525' title='bbox 1454 744 1570 784; x_wconf 82' lang='lat' dir='ltr'><strong>patres</strong></span> <span class='ocrx_word' id='word_1_526' title='bbox 1594 739 1709 781; x_wconf 80' lang='lat' dir='ltr'><strong>vestri,</strong></span> <span class='ocrx_word' id='word_1_527' title='bbox 1734 739 1874 786; x_wconf 83' lang='lat' dir='ltr'><strong>quando</strong></span> <span class='ocrx_word' id='word_1_528' title='bbox 1899 741 1978 777; x_wconf 73' lang='lat' dir='ltr'><strong>mist</strong></span> <span class='ocrx_word' id='word_1_529' title='bbox 2004 742 2047 778; x_wconf 87' lang='lat' dir='ltr'><strong>de</strong></span> <span class='ocrx_word' id='word_1_530' title='bbox 2070 742 2290 782; x_wconf 81' lang='lat' dir='ltr'><strong>Cadesbarne</strong></span> <span class='ocrx_word' id='word_1_531' title='bbox 2313 746 2360 783; x_wconf 82' lang='lat' dir='ltr'><strong>od</strong></span> <span class='ocrx_word' id='word_1_532' title='bbox 2387 747 2488 795; x_wconf 67' lang='lat' dir='ltr'><strong>expio</strong></span> 
     </span>
     <span class='ocr_line' id='line_1_75' title="bbox 1455 799 2468 853; baseline 0.014 -22"><span class='ocrx_word' id='word_1_533' title='bbox 1455 799 1604 834; x_wconf 75' lang='lat' dir='ltr'><strong>randum</strong></span> <span class='ocrx_word' id='word_1_534' title='bbox 1641 800 1798 835; x_wconf 83' lang='lat' dir='ltr'><strong>terram?</strong></span> <span class='ocrx_word' id='word_1_535' title='bbox 1822 805 1893 837; x_wconf 89' lang='lat' dir='ltr'><strong>etc.</strong></span> <span class='ocrx_word' id='word_1_536' title='bbox 1917 800 2036 844; x_wconf 22' lang='lat' dir='ltr'><strong>*Sicut</strong></span> <span class='ocrx_word' id='word_1_537' title='bbox 2071 804 2216 842; x_wconf 82' lang='lat' dir='ltr'><strong>traditio</strong></span> <span class='ocrx_word' id='word_1_538' title='bbox 2239 805 2416 853; x_wconf 66' lang='lat' dir='ltr'><strong>malorum</strong></span> <span class='ocrx_word' id='word_1_539' title='bbox 2454 813 2468 844; x_wconf 95' lang='lat' dir='ltr'><strong>t</strong></span> 
     </span>
     <span class='ocr_line' id='line_1_76' title="bbox 1454 859 2488 915; baseline 0.013 -22"><span class='ocrx_word' id='word_1_540' title='bbox 1454 864 1535 901; x_wconf 82' lang='lat' dir='ltr'><strong>net,</strong></span> <span class='ocrx_word' id='word_1_541' title='bbox 1566 859 1720 905; x_wconf 87' lang='lat' dir='ltr'><strong>Spiritus</strong></span> <span class='ocrx_word' id='word_1_542' title='bbox 1755 867 1901 898; x_wconf 82' lang='lat' dir='ltr'><strong>sanctus</strong></span> <span class='ocrx_word' id='word_1_543' title='bbox 1926 869 2052 900; x_wconf 87' lang='lat' dir='ltr'><strong>narrat</strong></span> <span class='ocrx_word' id='word_1_544' title='bbox 2076 864 2166 902; x_wconf 85' lang='lat' dir='ltr'><strong>haec.</strong></span> <span class='ocrx_word' id='word_1_545' title='bbox 2195 865 2299 904; x_wconf 88' lang='lat' dir='ltr'><strong>Unde</strong></span> <span class='ocrx_word' id='word_1_546' title='bbox 2319 868 2418 904; x_wconf 87' lang='lat' dir='ltr'><strong>enim</strong></span> <span class='ocrx_word' id='word_1_547' title='bbox 2442 878 2488 915; x_wconf 88' lang='lat' dir='ltr'><strong>po</strong></span> 
     </span>
     <span class='ocr_line' id='line_1_77' title="bbox 1455 919 2484 975; baseline 0.01 -21"><span class='ocrx_word' id='word_1_548' title='bbox 1455 924 1547 955; x_wconf 86' lang='lat' dir='ltr'><strong>terat</strong></span> <span class='ocrx_word' id='word_1_549' title='bbox 1572 920 1713 966; x_wconf 85' lang='lat' dir='ltr'><strong>Moyses</strong></span> <span class='ocrx_word' id='word_1_550' title='bbox 1750 922 1807 957; x_wconf 86' lang='lat' dir='ltr'><strong>vel</strong></span> <span class='ocrx_word' id='word_1_551' title='bbox 1839 932 1918 968; x_wconf 77' lang='lat' dir='ltr'><strong>quae</strong></span> <span class='ocrx_word' id='word_1_552' title='bbox 1954 919 2000 959; x_wconf 85' lang='lat' dir='ltr'><strong>ad</strong></span> <span class='ocrx_word' id='word_1_553' title='bbox 2036 924 2214 971; x_wconf 87' lang='lat' dir='ltr'><strong>originem</strong></span> <span class='ocrx_word' id='word_1_554' title='bbox 2250 927 2375 964; x_wconf 85' lang='lat' dir='ltr'><strong>mundi</strong></span> <span class='ocrx_word' id='word_1_555' title='bbox 2405 933 2484 975; x_wconf 84' lang='lat' dir='ltr'><strong>gest</strong></span> 
     </span>
     <span class='ocr_line' id='line_1_78' title="bbox 1453 982 2477 1035; baseline 0.011 -20"><span class='ocrx_word' id='word_1_556' title='bbox 1453 985 1559 1024; x_wconf 91' lang='lat' dir='ltr'><strong>sunt,</strong></span> <span class='ocrx_word' id='word_1_557' title='bbox 1589 982 1646 1017; x_wconf 88' lang='lat' dir='ltr'><strong>vel</strong></span> <span class='ocrx_word' id='word_1_558' title='bbox 1677 993 1756 1028; x_wconf 77' lang='lat' dir='ltr'><strong>quae</strong></span> <span class='ocrx_word' id='word_1_559' title='bbox 1782 985 1817 1019; x_wconf 91' lang='lat' dir='ltr'><strong>in</strong></span> <span class='ocrx_word' id='word_1_560' title='bbox 1843 984 1951 1021; x_wconf 84' lang='lat' dir='ltr'><strong>finem</strong></span> <span class='ocrx_word' id='word_1_561' title='bbox 1978 984 2056 1030; x_wconf 89' lang='lat' dir='ltr'><strong>ejus</strong></span> <span class='ocrx_word' id='word_1_562' title='bbox 2079 991 2184 1023; x_wconf 88' lang='lat' dir='ltr'><strong>erant</strong></span> <span class='ocrx_word' id='word_1_563' title='bbox 2214 989 2391 1035; x_wconf 87' lang='lat' dir='ltr'><strong>gerenda,</strong></span> <span class='ocrx_word' id='word_1_564' title='bbox 2423 996 2477 1026; x_wconf 70' lang='lat' dir='ltr'><strong>na‘</strong></span> 
     </span>
     <span class='ocr_line' id='line_1_79' title="bbox 1452 1040 2466 1095; baseline 0.01 -20"><span class='ocrx_word' id='word_1_565' title='bbox 1452 1050 1547 1084; x_wconf 84' lang='lat' dir='ltr'><strong>rare,</strong></span> <span class='ocrx_word' id='word_1_566' title='bbox 1575 1040 1645 1077; x_wconf 87' lang='lat' dir='ltr'><strong>nisi</strong></span> <span class='ocrx_word' id='word_1_567' title='bbox 1662 1051 1726 1087; x_wconf 91' lang='lat' dir='ltr'><strong>per</strong></span> <span class='ocrx_word' id='word_1_568' title='bbox 1746 1043 2017 1088; x_wconf 84' lang='lat' dir='ltr'><strong>inspirationem</strong></span> <span class='ocrx_word' id='word_1_569' title='bbox 2035 1044 2192 1091; x_wconf 89' lang='lat' dir='ltr'><strong>Spiritus</strong></span> <span class='ocrx_word' id='word_1_570' title='bbox 2217 1046 2306 1083; x_wconf 77' lang='lat' dir='ltr'><strong>Dei⁹</strong></span> <span class='ocrx_word' id='word_1_571' title='bbox 2324 1047 2426 1085; x_wconf 89' lang='lat' dir='ltr'><strong>Unde</strong></span> <span class='ocrx_word' id='word_1_572' title='bbox 2443 1059 2466 1095; x_wconf 91' lang='lat' dir='ltr'><strong>p</strong></span> 
     </span>
     <span class='ocr_line' id='line_1_80' title="bbox 1452 1101 2493 1157; baseline 0.012 -22"><span class='ocrx_word' id='word_1_573' title='bbox 1452 1101 1565 1137; x_wconf 87' lang='lat' dir='ltr'><strong>tuisse</strong></span> <span class='ocrx_word' id='word_1_574' title='bbox 1597 1103 1814 1148; x_wconf 84' lang='lat' dir='ltr'><strong>prophetare</strong></span> <span class='ocrx_word' id='word_1_575' title='bbox 1828 1104 1872 1140; x_wconf 86' lang='lat' dir='ltr'><strong>de</strong></span> <span class='ocrx_word' id='word_1_576' title='bbox 1886 1105 2043 1149; x_wconf 90' lang='lat' dir='ltr'><strong>Christo,</strong></span> <span class='ocrx_word' id='word_1_577' title='bbox 2058 1107 2127 1143; x_wconf 90' lang='lat' dir='ltr'><strong>nisi</strong></span> <span class='ocrx_word' id='word_1_578' title='bbox 2141 1107 2331 1153; x_wconf 89' lang='lat' dir='ltr'><strong>loquente</strong></span> <span class='ocrx_word' id='word_1_579' title='bbox 2321 1120 2358 1145; x_wconf 86' lang='grc' dir='ltr'><strong>ιιι</strong></span> <span class='ocrx_word' id='word_1_580' title='bbox 2371 1119 2415 1146; x_wconf 92' lang='lat' dir='ltr'><strong>eo</strong></span> <span class='ocrx_word' id='word_1_581' title='bbox 2430 1109 2493 1157; x_wconf 78' lang='lat' dir='ltr'><strong>Spi</strong></span> 
     </span>
    </p>
   </div>
   <div class='ocr_carea' id='block_1_15' title="bbox 1447 1223 2515 1515">
    <p class='ocr_par' dir='ltr' id='par_1_16' title="bbox 1447 1223 2515 1515">
     <span class='ocr_line' id='line_1_81' title="bbox 1450 1223 2515 1277; baseline 0.008 -20"><span class='ocrx_word' id='word_1_582' title='bbox 1450 1223 1569 1258; x_wconf 85' lang='lat' dir='ltr'><strong>reddit</strong></span> <span class='ocrx_word' id='word_1_583' title='bbox 1586 1229 1621 1259; x_wconf 92' lang='lat' dir='ltr'><strong>ct</strong></span> <span class='ocrx_word' id='word_1_584' title='bbox 1638 1224 1752 1259; x_wconf 87' lang='lat' dir='ltr'><strong>dicit:</strong></span> <span class='ocrx_word' id='word_1_585' title='bbox 1774 1223 1816 1260; x_wconf 85' lang='lat' dir='ltr'><strong>Si</strong></span> <span class='ocrx_word' id='word_1_586' title='bbox 1835 1226 2019 1262; x_wconf 82' lang='lat' dir='ltr'><strong>crederetis</strong></span> <span class='ocrx_word' id='word_1_587' title='bbox 2040 1225 2168 1273; x_wconf 80' lang='lat' dir='ltr'><strong>Moysi,</strong></span> <span class='ocrx_word' id='word_1_588' title='bbox 2185 1228 2369 1265; x_wconf 80' lang='lat' dir='ltr'><strong>crederetis</strong></span> <span class='ocrx_word' id='word_1_589' title='bbox 2388 1231 2461 1277; x_wconf 86' lang='lat' dir='ltr'><strong>utiq</strong></span> <span class='ocrx_word' id='word_1_590' title='bbox 2507 1255 2515 1274; x_wconf 61' lang='lat'><em>3</em></span> 
     </span>
     <span class='ocr_line' id='line_1_82' title="bbox 1449 1283 2510 1326; baseline 0.009 -10"><span class='ocrx_word' id='word_1_591' title='bbox 1449 1288 1481 1317; x_wconf 86' lang='lat' dir='ltr'><strong>et</strong></span> <span class='ocrx_word' id='word_1_592' title='bbox 1501 1283 1609 1325; x_wconf 50' lang='lat' dir='ltr'><strong>mian</strong></span> <span class='ocrx_word' id='word_1_593' title='bbox 1633 1283 1674 1318; x_wconf 90' lang='lat' dir='ltr'><strong>de</strong></span> <span class='ocrx_word' id='word_1_594' title='bbox 1694 1294 1748 1318; x_wconf 88' lang='lat' dir='ltr'><strong>me</strong></span> <span class='ocrx_word' id='word_1_595' title='bbox 1767 1285 1858 1319; x_wconf 75' lang='lat' dir='ltr'><strong>enim</strong></span> <span class='ocrx_word' id='word_1_596' title='bbox 1889 1284 1949 1320; x_wconf 81' lang='lat' dir='ltr'><strong>ille</strong></span> <span class='ocrx_word' id='word_1_597' title='bbox 1965 1285 2067 1321; x_wconf 70' lang='lat' dir='ltr'><strong>dixit.</strong></span> <span class='ocrx_word' id='word_1_598' title='bbox 2099 1286 2142 1323; x_wconf 79' lang='lat' dir='ltr'><strong>Si</strong></span> <span class='ocrx_word' id='word_1_599' title='bbox 2166 1293 2281 1323; x_wconf 84' lang='lat' dir='ltr'><strong>autem</strong></span> <span class='ocrx_word' id='word_1_600' title='bbox 2305 1288 2401 1325; x_wconf 79' lang='lat' dir='ltr'><strong>illius</strong></span> <span class='ocrx_word' id='word_1_601' title='bbox 2418 1289 2510 1326; x_wconf 63' lang='lat' dir='ltr'><strong>tinet·</strong></span> 
     </span>
     <span class='ocr_line' id='line_1_83' title="bbox 1449 1341 2510 1395; baseline 0.008 -20"><span class='ocrx_word' id='word_1_602' title='bbox 1449 1342 1497 1376; x_wconf 84' lang='lat' dir='ltr'><strong>ris</strong></span> <span class='ocrx_word' id='word_1_603' title='bbox 1521 1341 1753 1385; x_wconf 68' lang='lat' dir='ltr'><strong>noncredids,</strong></span> <span class='ocrx_word' id='word_1_604' title='bbox 1767 1343 1940 1388; x_wconf 87' lang='lat' dir='ltr'><strong>quomodo</strong></span> <span class='ocrx_word' id='word_1_605' title='bbox 1953 1345 2037 1380; x_wconf 82' lang='lat' dir='ltr'><strong>meis</strong></span> <span class='ocrx_word' id='word_1_606' title='bbox 2060 1345 2171 1381; x_wconf 83' lang='lat' dir='ltr'><strong>verbis</strong></span> <span class='ocrx_word' id='word_1_607' title='bbox 2193 1346 2363 1383; x_wconf 73' lang='lat' dir='ltr'><strong>credetis?</strong></span> <span class='ocrx_word' id='word_1_608' title='bbox 2379 1347 2510 1395; x_wconf 56' lang='lat' dir='ltr'><strong>(Joamss</strong></span> 
     </span>
     <span class='ocr_line' id='line_1_84' title="bbox 1447 1399 2515 1458; baseline 0.011 -24"><span class='ocrx_word' id='word_1_609' title='bbox 1447 1399 1500 1446; x_wconf 88' lang='lat' dir='ltr'><strong>v.)</strong></span> <span class='ocrx_word' id='word_1_610' title='bbox 1521 1400 1671 1436; x_wconf 80' lang='lat' dir='ltr'><strong>Constat</strong></span> <span class='ocrx_word' id='word_1_611' title='bbox 1688 1411 1773 1447; x_wconf 84' lang='lat' dir='ltr'><strong>ergo</strong></span> <span class='ocrx_word' id='word_1_612' title='bbox 1800 1412 1842 1438; x_wconf 89' lang='lat' dir='ltr'><strong>ea</strong></span> <span class='ocrx_word' id='word_1_613' title='bbox 1866 1413 1931 1449; x_wconf 90' lang='lat' dir='ltr'><strong>per</strong></span> <span class='ocrx_word' id='word_1_614' title='bbox 1960 1404 2132 1450; x_wconf 90' lang='lat' dir='ltr'><strong>Spiritum</strong></span> <span class='ocrx_word' id='word_1_615' title='bbox 2152 1412 2314 1443; x_wconf 88' lang='lat' dir='ltr'><strong>sanctum</strong></span> <span class='ocrx_word' id='word_1_616' title='bbox 2336 1409 2442 1453; x_wconf 84' lang='lat' dir='ltr'><strong>dicta,</strong></span> <span class='ocrx_word' id='word_1_617' title='bbox 2469 1407 2515 1458; x_wconf 57' lang='lat' dir='ltr'><strong>ebs}</strong></span> 
     </span>
     <span class='ocr_line' id='line_1_85' title="bbox 1447 1458 2509 1515; baseline 0.013 -23"><span class='ocrx_word' id='word_1_618' title='bbox 1447 1458 1528 1493; x_wconf 86' lang='lat' dir='ltr'><strong>ideo</strong></span> <span class='ocrx_word' id='word_1_619' title='bbox 1555 1460 1771 1496; x_wconf 87' lang='lat' dir='ltr'><strong>conveniens</strong></span> <span class='ocrx_word' id='word_1_620' title='bbox 1796 1461 1940 1497; x_wconf 90' lang='lat' dir='ltr'><strong>videtur</strong></span> <span class='ocrx_word' id='word_1_621' title='bbox 1962 1464 2037 1499; x_wconf 83' lang='lat' dir='ltr'><strong>haee</strong></span> <span class='ocrx_word' id='word_1_622' title='bbox 2070 1466 2265 1512; x_wconf 84' lang='lat' dir='ltr'><strong>secundum</strong></span> <span class='ocrx_word' id='word_1_623' title='bbox 2293 1462 2509 1515; x_wconf 78' lang='lat' dir='ltr'><strong>dignitatem</strong></span> 
     </span>
    </p>
   </div>
   <div class='ocr_carea' id='block_1_16' title="bbox 2531 2054 2540 2188">
    <p class='ocr_par' dir='ltr' id='par_1_17' title="bbox 2531 2054 2540 2188">
     <span class='ocr_line' id='line_1_86' title="bbox 2531 2054 2540 2188; baseline 0 1828"><span class='ocrx_word' id='word_1_624' title='bbox 2531 2054 2540 2188; x_wconf 95' lang='lat' dir='ltr'><strong> </strong></span> 
     </span>
    </p>
   </div>
   <div class='ocr_carea' id='block_1_17' title="bbox 2416 2757 2540 4016">
    <p class='ocr_par' dir='ltr' id='par_1_18' title="bbox 2416 2757 2540 4016">
     <span class='ocr_line' id='line_1_87' title="bbox 2527 2757 2540 2818; baseline 0 1198"><span class='ocrx_word' id='word_1_625' title='bbox 2527 2757 2540 2818; x_wconf 95' lang='lat' dir='ltr'><strong> </strong></span> 
     </span>
     <span class='ocr_line' id='line_1_88' title="bbox 2498 2818 2540 3012; baseline 0 -67"><span class='ocrx_word' id='word_1_626' title='bbox 2498 2818 2540 3012; x_wconf 95' lang='lat' dir='ltr'><strong>   </strong></span> 
     </span>
     <span class='ocr_line' id='line_1_89' title="bbox 2497 3012 2540 3240; baseline 0 -116"><span class='ocrx_word' id='word_1_627' title='bbox 2497 3012 2540 3240; x_wconf 95' lang='lat' dir='ltr'><strong>    </strong></span> 
     </span>
     <span class='ocr_line' id='line_1_90' title="bbox 2493 3240 2540 3431; baseline 0 0"><span class='ocrx_word' id='word_1_628' title='bbox 2493 3240 2540 3431; x_wconf 95' lang='lat' dir='ltr'><strong>   </strong></span> 
     </span>
     <span class='ocr_line' id='line_1_91' title="bbox 2489 3431 2540 3495; baseline 0 521"><span class='ocrx_word' id='word_1_629' title='bbox 2489 3431 2540 3495; x_wconf 95' lang='lat' dir='ltr'><strong> </strong></span> 
     </span>
     <span class='ocr_line' id='line_1_92' title="bbox 2416 3495 2540 3733; baseline 0 -63"><span class='ocrx_word' id='word_1_630' title='bbox 2416 3605 2540 3733; x_wconf 95' lang='lat' dir='ltr'><strong>    </strong></span> <span class='ocrx_word' id='word_1_631' title='bbox 2485 3495 2540 3684; x_wconf 95' lang='lat' dir='ltr'><strong>    </strong></span> 
     </span>
     <span class='ocr_line' id='line_1_93' title="bbox 2420 3733 2540 4016; baseline 0 0"><span class='ocrx_word' id='word_1_632' title='bbox 2420 3733 2540 4016; x_wconf 95' lang='lat' dir='ltr'><strong>  </strong></span> 
     </span>
    </p>
   </div>
   <div class='ocr_carea' id='block_1_18' title="bbox 1424 1519 2540 3836">
    <p class='ocr_par' dir='ltr' id='par_1_19' title="bbox 1438 1519 2540 2364">
     <span class='ocr_line' id='line_1_94' title="bbox 1447 1519 2503 1567; baseline 0.012 -14"><span class='ocrx_word' id='word_1_633' title='bbox 1447 1519 1630 1565; x_wconf 83' lang='lat' dir='ltr'><strong>loquentis</strong></span> <span class='ocrx_word' id='word_1_634' title='bbox 1651 1520 1816 1567; x_wconf 83' lang='lat' dir='ltr'><strong>intelligi.</strong></span> <span class='ocrx_word' id='word_1_635' title='bbox 1845 1522 1915 1557; x_wconf 87' lang='lat' dir='ltr'><strong>Sed</strong></span> <span class='ocrx_word' id='word_1_636' title='bbox 1943 1529 1978 1558; x_wconf 85' lang='lat' dir='ltr'><strong>et</strong></span> <span class='ocrx_word' id='word_1_637' title='bbox 2004 1523 2090 1559; x_wconf 84' lang='lat' dir='ltr'><strong>illud</strong></span> <span class='ocrx_word' id='word_1_638' title='bbox 2113 1525 2150 1560; x_wconf 88' lang='lat' dir='ltr'><strong>in</strong></span> <span class='ocrx_word' id='word_1_639' title='bbox 2179 1524 2259 1562; x_wconf 94' lang='lat' dir='ltr'><strong>loco</strong></span> <span class='ocrx_word' id='word_1_640' title='bbox 2282 1535 2503 1566; x_wconf 88' lang='lat' dir='ltr'><strong>commemo-</strong></span> 
     </span>
     <span class='ocr_line' id='line_1_95' title="bbox 1447 1579 2504 1628; baseline 0.013 -15"><span class='ocrx_word' id='word_1_641' title='bbox 1447 1589 1527 1614; x_wconf 83' lang='lat' dir='ltr'><strong>rare</strong></span> <span class='ocrx_word' id='word_1_642' title='bbox 1547 1579 1772 1626; x_wconf 84' lang='lat' dir='ltr'><strong>aptissimum</strong></span> <span class='ocrx_word' id='word_1_643' title='bbox 1796 1581 1886 1618; x_wconf 89' lang='lat' dir='ltr'><strong>duco</strong></span> <span class='ocrx_word' id='word_1_644' title='bbox 1906 1583 2001 1628; x_wconf 90' lang='lat' dir='ltr'><strong>quod</strong></span> <span class='ocrx_word' id='word_1_645' title='bbox 2025 1583 2209 1620; x_wconf 89' lang='lat' dir='ltr'><strong>Abraham</strong></span> <span class='ocrx_word' id='word_1_646' title='bbox 2235 1596 2316 1622; x_wconf 90' lang='lat' dir='ltr'><strong>cum</strong></span> <span class='ocrx_word' id='word_1_647' title='bbox 2342 1589 2504 1628; x_wconf 79' lang='lat' dir='ltr'><strong>audisset</strong></span> 
     </span>
     <span class='ocr_line' id='line_1_96' title="bbox 1446 1639 2540 1693; baseline 0.011 -19"><span class='ocrx_word' id='word_1_648' title='bbox 1446 1639 1546 1675; x_wconf 87' lang='lat' dir='ltr'><strong>illum</strong></span> <span class='ocrx_word' id='word_1_649' title='bbox 1573 1640 1721 1676; x_wconf 83' lang='lat' dir='ltr'><strong>divitem</strong></span> <span class='ocrx_word' id='word_1_650' title='bbox 1744 1642 1901 1687; x_wconf 82' lang='lat' dir='ltr'><strong>positum</strong></span> <span class='ocrx_word' id='word_1_651' title='bbox 1922 1643 1958 1678; x_wconf 93' lang='lat' dir='ltr'><strong>in</strong></span> <span class='ocrx_word' id='word_1_652' title='bbox 1985 1645 2172 1681; x_wconf 88' lang='lat' dir='ltr'><strong>tormentis</strong></span> <span class='ocrx_word' id='word_1_653' title='bbox 2193 1656 2318 1693; x_wconf 80' lang='lat' dir='ltr'><strong>rogare</strong></span> <span class='ocrx_word' id='word_1_654' title='bbox 2335 1657 2373 1684; x_wconf 90' lang='lat' dir='ltr'><strong>se</strong></span> <span class='ocrx_word' id='word_1_655' title='bbox 2391 1654 2431 1685; x_wconf 88' lang='lat' dir='ltr'><strong>ut</strong></span> <span class='ocrx_word' id='word_1_656' title='bbox 2447 1649 2504 1686; x_wconf 74' lang='lat' dir='ltr'><strong>‹ii-</strong></span> <span class='ocrx_word' id='word_1_657' title='bbox 2527 1646 2540 1691; x_wconf 76' lang='grc' dir='ltr'>Ι</span> 
     </span>
     <span class='ocr_line' id='line_1_97' title="bbox 1446 1694 2540 1756; baseline 0.012 -21"><span class='ocrx_word' id='word_1_658' title='bbox 1446 1702 1663 1745; x_wconf 73' lang='lat' dir='ltr'><strong>mitteretur,</strong></span> <span class='ocrx_word' id='word_1_659' title='bbox 1684 1706 1720 1739; x_wconf 87' lang='lat' dir='ltr'><strong>et</strong></span> <span class='ocrx_word' id='word_1_660' title='bbox 1743 1703 1892 1739; x_wconf 80' lang='lat' dir='ltr'><strong>veniens</strong></span> <span class='ocrx_word' id='word_1_661' title='bbox 1924 1710 2087 1741; x_wconf 85' lang='lat' dir='ltr'><strong>moneret</strong></span> <span class='ocrx_word' id='word_1_662' title='bbox 2106 1705 2237 1743; x_wconf 73' lang='lat' dir='ltr'><strong>Fratres</strong></span> <span class='ocrx_word' id='word_1_663' title='bbox 2264 1718 2346 1745; x_wconf 87' lang='lat' dir='ltr'><strong>suos</strong></span> <span class='ocrx_word' id='word_1_664' title='bbox 2371 1710 2430 1756; x_wconf 81' lang='lat' dir='ltr'><strong>pie</strong></span> <span class='ocrx_word' id='word_1_665' title='bbox 2449 1710 2510 1747; x_wconf 86' lang='lat' dir='ltr'><strong>vi·</strong></span> <span class='ocrx_word' id='word_1_666' title='bbox 2527 1694 2540 1737; x_wconf 70' lang='lat'>¹</span> 
     </span>
     <span class='ocr_line' id='line_1_98' title="bbox 1444 1739 2540 1820; baseline 0.01 -23"><span class='ocrx_word' id='word_1_667' title='bbox 1444 1772 1528 1798; x_wconf 58' lang='lat' dir='ltr'><strong>ieie</strong></span> <span class='ocrx_word' id='word_1_668' title='bbox 1556 1773 1600 1798; x_wconf 91' lang='lat' dir='ltr'><strong>nc</strong></span> <span class='ocrx_word' id='word_1_669' title='bbox 1626 1763 1664 1799; x_wconf 88' lang='lat' dir='ltr'><strong>in</strong></span> <span class='ocrx_word' id='word_1_670' title='bbox 1684 1763 1802 1800; x_wconf 85' lang='lat' dir='ltr'><strong>locum</strong></span> <span class='ocrx_word' id='word_1_671' title='bbox 1822 1764 1918 1800; x_wconf 92' lang='lat' dir='ltr'><strong>illum</strong></span> <span class='ocrx_word' id='word_1_672' title='bbox 1939 1765 2200 1804; x_wconf 87' lang='lat' dir='ltr'><strong>descenderent</strong></span> <span class='ocrx_word' id='word_1_673' title='bbox 2224 1774 2500 1817; x_wconf 89' lang='lat' dir='ltr'><strong>tormentorum,</strong></span> <span class='ocrx_word' id='word_1_674' title='bbox 2507 1739 2540 1820; x_wconf 65' lang='grc'><strong>,1</strong></span> 
     </span>
     <span class='ocr_line' id='line_1_99' title="bbox 1445 1822 2540 1876; baseline 0.011 -19"><span class='ocrx_word' id='word_1_675' title='bbox 1445 1823 1629 1868; x_wconf 80' lang='lat' dir='ltr'><strong>respondit</strong></span> <span class='ocrx_word' id='word_1_676' title='bbox 1658 1824 1720 1860; x_wconf 89' lang='lat' dir='ltr'><strong>ei:</strong></span> <span class='ocrx_word' id='word_1_677' title='bbox 1745 1824 1836 1867; x_wconf 83' lang='lat' dir='ltr'><strong>Quia</strong></span> <span class='ocrx_word' id='word_1_678' title='bbox 1855 1826 1981 1862; x_wconf 83' lang='lat' dir='ltr'><strong>habent</strong></span> <span class='ocrx_word' id='word_1_679' title='bbox 2001 1826 2145 1873; x_wconf 88' lang='lat' dir='ltr'><strong>Moysen</strong></span> <span class='ocrx_word' id='word_1_680' title='bbox 2169 1834 2200 1863; x_wconf 84' lang='lat' dir='ltr'><strong>et</strong></span> <span class='ocrx_word' id='word_1_681' title='bbox 2221 1829 2417 1876; x_wconf 80' lang='lat' dir='ltr'><strong>prophetas,</strong></span> <span class='ocrx_word' id='word_1_682' title='bbox 2437 1842 2518 1868; x_wconf 83' lang='lat' dir='ltr'><strong>au-·</strong></span> <span class='ocrx_word' id='word_1_683' title='bbox 2514 1822 2540 1876; x_wconf 67' lang='grc' dir='ltr'>Ι</span> 
     </span>
     <span class='ocr_line' id='line_1_100' title="bbox 1444 1877 2540 1947; baseline 0.01 -29"><span class='ocrx_word' id='word_1_684' title='bbox 1444 1884 1541 1919; x_wconf 80' lang='lat' dir='ltr'><strong>‹iiant</strong></span> <span class='ocrx_word' id='word_1_685' title='bbox 1571 1884 1649 1920; x_wconf 81' lang='lat' dir='ltr'><strong>illos</strong></span> <span class='ocrx_word' id='word_1_686' title='bbox 1676 1885 1774 1932; x_wconf 86' lang='lat' dir='ltr'><strong>(Lue.</strong></span> <span class='ocrx_word' id='word_1_687' title='bbox 1808 1886 1882 1933; x_wconf 83' lang='lat' dir='ltr'><strong>xv.)</strong></span> <span class='ocrx_word' id='word_1_688' title='bbox 1914 1886 1990 1923; x_wconf 89' lang='lat' dir='ltr'><strong>Non</strong></span> <span class='ocrx_word' id='word_1_689' title='bbox 2019 1888 2144 1934; x_wconf 87' lang='lat' dir='ltr'><strong>utique</strong></span> <span class='ocrx_word' id='word_1_690' title='bbox 2169 1889 2331 1927; x_wconf 88' lang='lat' dir='ltr'><strong>homines</strong></span> <span class='ocrx_word' id='word_1_691' title='bbox 2359 1877 2540 1947; x_wconf 66' lang='lat' dir='ltr'><strong>aliquos}</strong></span> 
     </span>
     <span class='ocr_line' id='line_1_101' title="bbox 1443 1945 2540 1997; baseline 0.01 -18"><span class='ocrx_word' id='word_1_692' title='bbox 1443 1945 1545 1981; x_wconf 86' lang='lat' dir='ltr'><strong>dicei</strong></span> <span class='ocrx_word' id='word_1_693' title='bbox 1550 1951 1586 1980; x_wconf 80' lang='lat' dir='ltr'><strong>at</strong></span> <span class='ocrx_word' id='word_1_694' title='bbox 1607 1946 1643 1980; x_wconf 90' lang='lat' dir='ltr'><strong>in</strong></span> <span class='ocrx_word' id='word_1_695' title='bbox 1661 1956 1812 1992; x_wconf 88' lang='lat' dir='ltr'><strong>corpore</strong></span> <span class='ocrx_word' id='word_1_696' title='bbox 1830 1947 1966 1993; x_wconf 84' lang='lat' dir='ltr'><strong>positos</strong></span> <span class='ocrx_word' id='word_1_697' title='bbox 1989 1947 2135 1994; x_wconf 88' lang='lat' dir='ltr'><strong>Moysen</strong></span> <span class='ocrx_word' id='word_1_698' title='bbox 2157 1954 2194 1986; x_wconf 85' lang='lat' dir='ltr'><strong>et</strong></span> <span class='ocrx_word' id='word_1_699' title='bbox 2210 1951 2416 1997; x_wconf 86' lang='lat' dir='ltr'><strong>prophetas,</strong></span> <span class='ocrx_word' id='word_1_700' title='bbox 2437 1947 2510 1990; x_wconf 77' lang='lat' dir='ltr'><strong>sed·</strong></span> <span class='ocrx_word' id='word_1_701' title='bbox 2528 1949 2540 1991; x_wconf 82' lang='lat'><strong>¹.</strong></span> 
     </span>
     <span class='ocr_line' id='line_1_102' title="bbox 1443 1993 2540 2060; baseline 0.009 -19"><span class='ocrx_word' id='word_1_702' title='bbox 1443 2007 1473 2041; x_wconf 90' lang='grc' dir='ltr'><strong>1ι</strong></span> <span class='ocrx_word' id='word_1_703' title='bbox 1468 2018 1518 2042; x_wconf 80' lang='lat' dir='ltr'><strong>ec</strong></span> <span class='ocrx_word' id='word_1_704' title='bbox 1535 2018 1614 2053; x_wconf 82' lang='lat' dir='ltr'><strong>quae</strong></span> <span class='ocrx_word' id='word_1_705' title='bbox 1632 2019 1696 2054; x_wconf 90' lang='lat' dir='ltr'><strong>per</strong></span> <span class='ocrx_word' id='word_1_706' title='bbox 1715 2009 1858 2055; x_wconf 86' lang='lat' dir='ltr'><strong>Moysen</strong></span> <span class='ocrx_word' id='word_1_707' title='bbox 1885 2009 2021 2056; x_wconf 87' lang='lat' dir='ltr'><strong>Spiritu</strong></span> <span class='ocrx_word' id='word_1_708' title='bbox 2039 2010 2102 2047; x_wconf 91' lang='lat' dir='ltr'><strong>Dei</strong></span> <span class='ocrx_word' id='word_1_709' title='bbox 2121 2011 2278 2048; x_wconf 83' lang='lat' dir='ltr'><strong>dictante</strong></span> <span class='ocrx_word' id='word_1_710' title='bbox 2294 2014 2498 2060; x_wconf 86' lang='lat' dir='ltr'><strong>conscripta</strong></span> <span class='ocrx_word' id='word_1_711' title='bbox 2528 1993 2540 2052; x_wconf 72' lang='lat' dir='ltr'><strong>l</strong></span> 
     </span>
     <span class='ocr_line' id='line_1_103' title="bbox 1442 2070 2498 2119; baseline 0.009 -15"><span class='ocrx_word' id='word_1_712' title='bbox 1442 2075 1537 2112; x_wconf 82' lang='lat' dir='ltr'><strong>sunt,</strong></span> <span class='ocrx_word' id='word_1_713' title='bbox 1559 2070 1705 2117; x_wconf 85' lang='lat' dir='ltr'><strong>Moysen</strong></span> <span class='ocrx_word' id='word_1_714' title='bbox 1723 2081 1766 2107; x_wconf 86' lang='lat' dir='ltr'><strong>ea</strong></span> <span class='ocrx_word' id='word_1_715' title='bbox 1784 2071 1996 2108; x_wconf 79' lang='lat' dir='ltr'><strong>nominavit.</strong></span> <span class='ocrx_word' id='word_1_716' title='bbox 2014 2072 2117 2108; x_wconf 87' lang='lat' dir='ltr'><strong>Dicat</strong></span> <span class='ocrx_word' id='word_1_717' title='bbox 2137 2073 2266 2119; x_wconf 86' lang='lat' dir='ltr'><strong>aliquis</strong></span> <span class='ocrx_word' id='word_1_718' title='bbox 2288 2086 2295 2108; x_wconf 95' lang='lat'><strong>:</strong></span> <span class='ocrx_word' id='word_1_719' title='bbox 2315 2074 2404 2111; x_wconf 84' lang='lat' dir='ltr'><strong>Cum</strong></span> <span class='ocrx_word' id='word_1_720' title='bbox 2420 2076 2498 2114; x_wconf 81' lang='lat' dir='ltr'><strong>haec</strong></span> 
     </span>
     <span class='ocr_line' id='line_1_104' title="bbox 1440 2130 2497 2184; baseline 0.009 -19"><span class='ocrx_word' id='word_1_721' title='bbox 1440 2130 1488 2165; x_wconf 87' lang='lat' dir='ltr'><strong>ita</strong></span> <span class='ocrx_word' id='word_1_722' title='bbox 1520 2133 1652 2177; x_wconf 79' lang='lat' dir='ltr'><strong>scripta</strong></span> <span class='ocrx_word' id='word_1_723' title='bbox 1690 2138 1796 2177; x_wconf 84' lang='lat' dir='ltr'><strong>sunt,</strong></span> <span class='ocrx_word' id='word_1_724' title='bbox 1831 2133 1860 2169; x_wconf 93' lang='lat' dir='ltr'><strong>si</strong></span> <span class='ocrx_word' id='word_1_725' title='bbox 1887 2133 2069 2170; x_wconf 83' lang='lat' dir='ltr'><strong>Abraham</strong></span> <span class='ocrx_word' id='word_1_726' title='bbox 2102 2145 2160 2172; x_wconf 91' lang='lat' dir='ltr'><strong>me</strong></span> <span class='ocrx_word' id='word_1_727' title='bbox 2188 2136 2232 2171; x_wconf 86' lang='lat' dir='ltr'><strong>ad</strong></span> <span class='ocrx_word' id='word_1_728' title='bbox 2256 2136 2369 2184; x_wconf 89' lang='lat' dir='ltr'><strong>Moysi</strong></span> <span class='ocrx_word' id='word_1_729' title='bbox 2401 2138 2497 2176; x_wconf 83' lang='lat' dir='ltr'><strong>dicta</strong></span> 
     </span>
     <span class='ocr_line' id='line_1_105' title="bbox 1441 2193 2521 2243; baseline 0.01 -18"><span class='ocrx_word' id='word_1_730' title='bbox 1441 2193 1665 2236; x_wconf 87' lang='lat' dir='ltr'><strong>transmittit,</strong></span> <span class='ocrx_word' id='word_1_731' title='bbox 1682 2200 1719 2229; x_wconf 87' lang='lat' dir='ltr'><strong>ut</strong></span> <span class='ocrx_word' id='word_1_732' title='bbox 1743 2195 1866 2240; x_wconf 85' lang='lat' dir='ltr'><strong>legens</strong></span> <span class='ocrx_word' id='word_1_733' title='bbox 1883 2204 1925 2231; x_wconf 85' lang='lat' dir='ltr'><strong>ca</strong></span> <span class='ocrx_word' id='word_1_734' title='bbox 1942 2196 2077 2242; x_wconf 88' lang='lat' dir='ltr'><strong>possim</strong></span> <span class='ocrx_word' id='word_1_735' title='bbox 2094 2197 2212 2233; x_wconf 90' lang='lat' dir='ltr'><strong>locum</strong></span> <span class='ocrx_word' id='word_1_736' title='bbox 2231 2198 2383 2235; x_wconf 85' lang='lat' dir='ltr'><strong>evadere</strong></span> <span class='ocrx_word' id='word_1_737' title='bbox 2397 2199 2496 2236; x_wconf 90' lang='lat' dir='ltr'><strong>illum</strong></span> <span class='ocrx_word' id='word_1_738' title='bbox 2518 2238 2521 2243; x_wconf 27' lang='lat'><strong>⁴</strong></span> 
     </span>
     <span class='ocr_line' id='line_1_106' title="bbox 1439 2249 2513 2308; baseline 0.011 -22"><span class='ocrx_word' id='word_1_739' title='bbox 1439 2255 1714 2297; x_wconf 86' lang='lat' dir='ltr'><strong>tormentorum,</strong></span> <span class='ocrx_word' id='word_1_740' title='bbox 1747 2255 1832 2300; x_wconf 90' lang='lat' dir='ltr'><strong>quid</strong></span> <span class='ocrx_word' id='word_1_741' title='bbox 1851 2266 1908 2292; x_wconf 91' lang='lat' dir='ltr'><strong>me</strong></span> <span class='ocrx_word' id='word_1_742' title='bbox 1926 2249 2066 2302; x_wconf 83' lang='lat' dir='ltr'><strong>juvabit</strong></span> <span class='ocrx_word' id='word_1_743' title='bbox 2099 2259 2143 2294; x_wconf 89' lang='lat' dir='ltr'><strong>ad</strong></span> <span class='ocrx_word' id='word_1_744' title='bbox 2172 2257 2410 2306; x_wconf 77' lang='lat' dir='ltr'><strong>effugiendam</strong></span> <span class='ocrx_word' id='word_1_745' title='bbox 2436 2270 2513 2308; x_wconf 75' lang='lat' dir='ltr'><strong>ge-:</strong></span> 
     </span>
     <span class='ocr_line' id='line_1_107' title="bbox 1438 2313 2493 2368; baseline 0.009 -18"><span class='ocrx_word' id='word_1_746' title='bbox 1438 2315 1593 2351; x_wconf 86' lang='lat' dir='ltr'><strong>hennam</strong></span> <span class='ocrx_word' id='word_1_747' title='bbox 1614 2316 1644 2352; x_wconf 90' lang='lat' dir='ltr'><strong>si</strong></span> <span class='ocrx_word' id='word_1_748' title='bbox 1670 2317 1786 2364; x_wconf 81' lang='lat' dir='ltr'><strong>legam</strong></span> <span class='ocrx_word' id='word_1_749' title='bbox 1808 2319 1987 2363; x_wconf 91' lang='lat' dir='ltr'><strong>quomodo</strong></span> <span class='ocrx_word' id='word_1_750' title='bbox 2007 2313 2068 2356; x_wconf 86' lang='lat' dir='ltr'><strong>filii</strong></span> <span class='ocrx_word' id='word_1_751' title='bbox 2094 2319 2235 2365; x_wconf 86' lang='lat' dir='ltr'><strong>Ruben,</strong></span> <span class='ocrx_word' id='word_1_752' title='bbox 2260 2326 2296 2357; x_wconf 89' lang='lat' dir='ltr'><strong>et</strong></span> <span class='ocrx_word' id='word_1_753' title='bbox 2320 2321 2383 2358; x_wconf 85' lang='lat' dir='ltr'><strong>filii</strong></span> <span class='ocrx_word' id='word_1_754' title='bbox 2402 2317 2493 2368; x_wconf 88' lang='lat' dir='ltr'><strong>Gad,</strong></span> 
     </span>
    </p>

    <p class='ocr_par' dir='ltr' id='par_1_20' title="bbox 1424 2376 2540 3835">
     <span class='ocr_line' id='line_1_108' title="bbox 1437 2376 2540 2431; baseline 0.009 -20"><span class='ocrx_word' id='word_1_755' title='bbox 1437 2381 1472 2411; x_wconf 90' lang='lat' dir='ltr'><strong>et</strong></span> <span class='ocrx_word' id='word_1_756' title='bbox 1496 2376 1643 2412; x_wconf 84' lang='lat' dir='ltr'><strong>dimidia</strong></span> <span class='ocrx_word' id='word_1_757' title='bbox 1669 2378 1783 2414; x_wconf 85' lang='lat' dir='ltr'><strong>tribus</strong></span> <span class='ocrx_word' id='word_1_758' title='bbox 1806 2378 1984 2423; x_wconf 85' lang='lat' dir='ltr'><strong>Manasse,</strong></span> <span class='ocrx_word' id='word_1_759' title='bbox 2016 2380 2264 2418; x_wconf 62' lang='lat' dir='ltr'><strong>haereditatem</strong></span> <span class='ocrx_word' id='word_1_760' title='bbox 2294 2383 2440 2431; x_wconf 86' lang='lat' dir='ltr'><strong>capiunt</strong></span> <span class='ocrx_word' id='word_1_761' title='bbox 2473 2393 2494 2420; x_wconf 88' lang='lat' dir='ltr'><strong>a</strong></span> <span class='ocrx_word' id='word_1_762' title='bbox 2533 2390 2540 2428; x_wconf 67' lang='grc' dir='ltr'>ξ</span> 
     </span>
     <span class='ocr_line' id='line_1_109' title="bbox 1437 2434 2540 2487; baseline 0.007 -17"><span class='ocrx_word' id='word_1_763' title='bbox 1437 2434 1558 2481; x_wconf 91' lang='lat' dir='ltr'><strong>Moyse</strong></span> <span class='ocrx_word' id='word_1_764' title='bbox 1578 2442 1677 2471; x_wconf 85' lang='lat' dir='ltr'><strong>trans</strong></span> <span class='ocrx_word' id='word_1_765' title='bbox 1690 2435 1895 2481; x_wconf 86' lang='lat' dir='ltr'><strong>Jordanem,</strong></span> <span class='ocrx_word' id='word_1_766' title='bbox 1918 2439 2003 2484; x_wconf 87' lang='lat' dir='ltr'><strong>quia</strong></span> <span class='ocrx_word' id='word_1_767' title='bbox 2021 2446 2124 2476; x_wconf 87' lang='lat' dir='ltr'><strong>erant</strong></span> <span class='ocrx_word' id='word_1_768' title='bbox 2142 2441 2212 2477; x_wconf 88' lang='lat' dir='ltr'><strong>iliis</strong></span> <span class='ocrx_word' id='word_1_769' title='bbox 2230 2452 2361 2487; x_wconf 88' lang='lat' dir='ltr'><strong>pecora</strong></span> <span class='ocrx_word' id='word_1_770' title='bbox 2382 2443 2493 2480; x_wconf 87' lang='lat' dir='ltr'><strong>multa</strong></span> <span class='ocrx_word' id='word_1_771' title='bbox 2534 2435 2540 2478; x_wconf 68' lang='grc' dir='ltr'>ἶ</span> 
     </span>
     <span class='ocr_line' id='line_1_110' title="bbox 1435 2497 2492 2549; baseline 0.009 -17"><span class='ocrx_word' id='word_1_772' title='bbox 1435 2507 1510 2543; x_wconf 85' lang='lat' dir='ltr'><strong>prae</strong></span> <span class='ocrx_word' id='word_1_773' title='bbox 1537 2497 1676 2533; x_wconf 83' lang='lat' dir='ltr'><strong>caeteris</strong></span> <span class='ocrx_word' id='word_1_774' title='bbox 1706 2498 1895 2534; x_wconf 83' lang='lat' dir='ltr'><strong>tribubus?</strong></span> <span class='ocrx_word' id='word_1_775' title='bbox 1913 2504 1948 2535; x_wconf 87' lang='lat' dir='ltr'><strong>et</strong></span> <span class='ocrx_word' id='word_1_776' title='bbox 1973 2499 2056 2546; x_wconf 84' lang='lat' dir='ltr'><strong>quia</strong></span> <span class='ocrx_word' id='word_1_777' title='bbox 2075 2501 2160 2537; x_wconf 86' lang='lat' dir='ltr'><strong>dicit</strong></span> <span class='ocrx_word' id='word_1_778' title='bbox 2185 2503 2230 2537; x_wconf 87' lang='lat' dir='ltr'><strong>ad</strong></span> <span class='ocrx_word' id='word_1_779' title='bbox 2247 2512 2308 2539; x_wconf 92' lang='lat' dir='ltr'><strong>eos</strong></span> <span class='ocrx_word' id='word_1_780' title='bbox 2328 2502 2492 2549; x_wconf 82' lang='lat' dir='ltr'><strong>Moyses:</strong></span> 
     </span>
     <span class='ocr_line' id='line_1_111' title="bbox 1436 2556 2507 2615; baseline 0.012 -23"><span class='ocrx_word' id='word_1_781' title='bbox 1436 2556 1564 2594; x_wconf 86' lang='lat' dir='ltr'><strong>Videte</strong></span> <span class='ocrx_word' id='word_1_782' title='bbox 1582 2569 1627 2595; x_wconf 89' lang='lat' dir='ltr'><strong>ne</strong></span> <span class='ocrx_word' id='word_1_783' title='bbox 1651 2561 1875 2598; x_wconf 82' lang='lat' dir='ltr'><strong>exacerbetis</strong></span> <span class='ocrx_word' id='word_1_784' title='bbox 1900 2561 2029 2608; x_wconf 89' lang='lat' dir='ltr'><strong>Deum,</strong></span> <span class='ocrx_word' id='word_1_785' title='bbox 2054 2565 2146 2601; x_wconf 90' lang='lat' dir='ltr'><strong>sicut</strong></span> <span class='ocrx_word' id='word_1_786' title='bbox 2165 2571 2200 2602; x_wconf 89' lang='lat' dir='ltr'><strong>et</strong></span> <span class='ocrx_word' id='word_1_787' title='bbox 2219 2566 2271 2602; x_wconf 90' lang='lat' dir='ltr'><strong>illi</strong></span> <span class='ocrx_word' id='word_1_788' title='bbox 2289 2567 2413 2603; x_wconf 80' lang='lat' dir='ltr'><strong>deceni</strong></span> <span class='ocrx_word' id='word_1_789' title='bbox 2431 2563 2507 2615; x_wconf 72' lang='lat' dir='ltr'><strong>qui</strong></span> 
     </span>
     <span class='ocr_line' id='line_1_112' title="bbox 1435 2618 2540 2671; baseline 0.008 -18"><span class='ocrx_word' id='word_1_790' title='bbox 1435 2618 1537 2654; x_wconf 86' lang='lat' dir='ltr'><strong>missi</strong></span> <span class='ocrx_word' id='word_1_791' title='bbox 1562 2624 1645 2655; x_wconf 84' lang='lat' dir='ltr'><strong>sunt</strong></span> <span class='ocrx_word' id='word_1_792' title='bbox 1670 2630 1751 2656; x_wconf 87' lang='lat' dir='ltr'><strong>eum</strong></span> <span class='ocrx_word' id='word_1_793' title='bbox 1780 2620 1866 2658; x_wconf 73' lang='lat' dir='ltr'><strong>Jesu</strong></span> <span class='ocrx_word' id='word_1_794' title='bbox 1897 2626 1932 2658; x_wconf 90' lang='lat' dir='ltr'><strong>et</strong></span> <span class='ocrx_word' id='word_1_795' title='bbox 1961 2622 2070 2660; x_wconf 83' lang='lat' dir='ltr'><strong>Caleb</strong></span> <span class='ocrx_word' id='word_1_796' title='bbox 2096 2625 2284 2671; x_wconf 86' lang='lat' dir='ltr'><strong>explorare</strong></span> <span class='ocrx_word' id='word_1_797' title='bbox 2303 2631 2437 2663; x_wconf 85' lang='lat' dir='ltr'><strong>terram</strong></span> <span class='ocrx_word' id='word_1_798' title='bbox 2456 2632 2494 2665; x_wconf 82' lang='lat' dir='ltr'><strong>et</strong></span> <span class='ocrx_word' id='word_1_799' title='bbox 2532 2619 2540 2662; x_wconf 78' lang='grc' dir='ltr'><strong>’ἑ</strong></span> 
     </span>
     <span class='ocr_line' id='line_1_113' title="bbox 1437 2679 2540 2752; baseline 0.011 -38"><span class='ocrx_word' id='word_1_800' title='bbox 1437 2679 1618 2724; x_wconf 89' lang='lat' dir='ltr'><strong>dicebant,</strong></span> <span class='ocrx_word' id='word_1_801' title='bbox 1639 2680 1722 2726; x_wconf 86' lang='lat' dir='ltr'><strong>quia</strong></span> <span class='ocrx_word' id='word_1_802' title='bbox 1742 2685 1840 2718; x_wconf 89' lang='lat' dir='ltr'><strong>terra</strong></span> <span class='ocrx_word' id='word_1_803' title='bbox 1870 2681 1952 2719; x_wconf 90' lang='lat' dir='ltr'><strong>talis</strong></span> <span class='ocrx_word' id='word_1_804' title='bbox 1968 2688 2005 2720; x_wconf 91' lang='lat' dir='ltr'><strong>et</strong></span> <span class='ocrx_word' id='word_1_805' title='bbox 2025 2684 2107 2722; x_wconf 90' lang='lat' dir='ltr'><strong>talis</strong></span> <span class='ocrx_word' id='word_1_806' title='bbox 2124 2686 2192 2731; x_wconf 69' lang='lat' dir='ltr'><strong>est,</strong></span> <span class='ocrx_word' id='word_1_807' title='bbox 2218 2691 2254 2723; x_wconf 89' lang='lat' dir='ltr'><strong>et</strong></span> <span class='ocrx_word' id='word_1_808' title='bbox 2271 2697 2342 2724; x_wconf 92' lang='lat' dir='ltr'><strong>non</strong></span> <span class='ocrx_word' id='word_1_809' title='bbox 2366 2697 2492 2735; x_wconf 80' lang='lat' dir='ltr'><strong>possa·</strong></span> <span class='ocrx_word' id='word_1_810' title='bbox 2532 2691 2540 2752; x_wconf 64' lang='lat' dir='ltr'><strong>i</strong></span> 
     </span>
     <span class='ocr_line' id='line_1_114' title="bbox 1435 2743 2490 2794; baseline 0.01 -19"><span class='ocrx_word' id='word_1_811' title='bbox 1435 2750 1516 2776; x_wconf 89' lang='lat' dir='ltr'><strong>mus</strong></span> <span class='ocrx_word' id='word_1_812' title='bbox 1536 2751 1616 2777; x_wconf 86' lang='lat' dir='ltr'><strong>eam</strong></span> <span class='ocrx_word' id='word_1_813' title='bbox 1636 2752 1779 2788; x_wconf 86' lang='lat' dir='ltr'><strong>capere,</strong></span> <span class='ocrx_word' id='word_1_814' title='bbox 1807 2748 1844 2779; x_wconf 87' lang='lat' dir='ltr'><strong>et</strong></span> <span class='ocrx_word' id='word_1_815' title='bbox 1861 2743 1945 2789; x_wconf 88' lang='lat' dir='ltr'><strong>quia</strong></span> <span class='ocrx_word' id='word_1_816' title='bbox 1967 2745 2013 2781; x_wconf 91' lang='lat' dir='ltr'><strong>ad</strong></span> <span class='ocrx_word' id='word_1_817' title='bbox 2038 2745 2115 2782; x_wconf 88' lang='lat' dir='ltr'><strong>haec</strong></span> <span class='ocrx_word' id='word_1_818' title='bbox 2137 2747 2401 2794; x_wconf 83' lang='lat' dir='ltr'><strong>responderunt</strong></span> <span class='ocrx_word' id='word_1_819' title='bbox 2425 2748 2490 2786; x_wconf 89' lang='lat' dir='ltr'><strong>filii</strong></span> 
     </span>
     <span class='ocr_line' id='line_1_115' title="bbox 1435 2800 2521 2851; baseline 0.011 -16"><span class='ocrx_word' id='word_1_820' title='bbox 1435 2800 1573 2844; x_wconf 87' lang='lat' dir='ltr'><strong>Ruben,</strong></span> <span class='ocrx_word' id='word_1_821' title='bbox 1596 2806 1632 2837; x_wconf 83' lang='lat' dir='ltr'><strong>et</strong></span> <span class='ocrx_word' id='word_1_822' title='bbox 1655 2803 1774 2839; x_wconf 77' lang='lat' dir='ltr'><strong>caeteri</strong></span> <span class='ocrx_word' id='word_1_823' title='bbox 1798 2814 1880 2840; x_wconf 92' lang='lat' dir='ltr'><strong>cum</strong></span> <span class='ocrx_word' id='word_1_824' title='bbox 1906 2805 2018 2851; x_wconf 89' lang='lat' dir='ltr'><strong>ipsis:</strong></span> <span class='ocrx_word' id='word_1_825' title='bbox 2036 2805 2088 2842; x_wconf 90' lang='lat' dir='ltr'><strong>Da</strong></span> <span class='ocrx_word' id='word_1_826' title='bbox 2104 2805 2210 2844; x_wconf 81' lang='lat' dir='ltr'><strong>nobis&#39;</strong></span> <span class='ocrx_word' id='word_1_827' title='bbox 2235 2812 2368 2845; x_wconf 84' lang='lat' dir='ltr'><strong>terram</strong></span> <span class='ocrx_word' id='word_1_828' title='bbox 2397 2810 2490 2849; x_wconf 85' lang='lat' dir='ltr'><strong>hanc</strong></span> <span class='ocrx_word' id='word_1_829' title='bbox 2515 2829 2521 2835; x_wconf 94' lang='lat'>-</span> 
     </span>
     <span class='ocr_line' id='line_1_116' title="bbox 1434 2861 2527 2917; baseline 0.011 -20"><span class='ocrx_word' id='word_1_830' title='bbox 1434 2865 1470 2897; x_wconf 91' lang='lat' dir='ltr'><strong>ct</strong></span> <span class='ocrx_word' id='word_1_831' title='bbox 1490 2861 1736 2898; x_wconf 77' lang='lat' dir='ltr'><strong>haereditatem</strong></span> <span class='ocrx_word' id='word_1_832' title='bbox 1770 2863 1860 2909; x_wconf 89' lang='lat' dir='ltr'><strong>ejus,</strong></span> <span class='ocrx_word' id='word_1_833' title='bbox 1894 2870 1930 2902; x_wconf 87' lang='lat' dir='ltr'><strong>et</strong></span> <span class='ocrx_word' id='word_1_834' title='bbox 1959 2876 2031 2903; x_wconf 91' lang='lat' dir='ltr'><strong>non</strong></span> <span class='ocrx_word' id='word_1_835' title='bbox 2061 2878 2263 2915; x_wconf 75' lang='lat' dir='ltr'><strong>quaeremus</strong></span> <span class='ocrx_word' id='word_1_836' title='bbox 2289 2869 2366 2917; x_wconf 87' lang='lat' dir='ltr'><strong>jam</strong></span> <span class='ocrx_word' id='word_1_837' title='bbox 2393 2871 2489 2908; x_wconf 88' lang='lat' dir='ltr'><strong>ultra</strong></span> <span class='ocrx_word' id='word_1_838' title='bbox 2512 2873 2527 2883; x_wconf 78' lang='grc'><strong>“’</strong></span> 
     </span>
     <span class='ocr_line' id='line_1_117' title="bbox 1434 2919 2485 2981; baseline 0.015 -25"><span class='ocrx_word' id='word_1_839' title='bbox 1434 2919 1626 2958; x_wconf 83' lang='lat' dir='ltr'><strong>Jordanem</strong></span> <span class='ocrx_word' id='word_1_840' title='bbox 1647 2925 1870 2964; x_wconf 77' lang='lat' dir='ltr'><strong>haereditatis</strong></span> <span class='ocrx_word' id='word_1_841' title='bbox 1890 2933 2024 2965; x_wconf 87' lang='lat' dir='ltr'><strong>terram</strong></span> <span class='ocrx_word' id='word_1_842' title='bbox 2043 2940 2125 2966; x_wconf 90' lang='lat' dir='ltr'><strong>eum</strong></span> <span class='ocrx_word' id='word_1_843' title='bbox 2143 2930 2317 2970; x_wconf 82' lang='lat' dir='ltr'><strong>fratribus</strong></span> <span class='ocrx_word' id='word_1_844' title='bbox 2338 2935 2485 2981; x_wconf 86' lang='lat' dir='ltr'><strong>nostris,</strong></span> 
     </span>
     <span class='ocr_line' id='line_1_118' title="bbox 1436 2982 2488 3036; baseline 0.014 -19"><span class='ocrx_word' id='word_1_845' title='bbox 1436 2982 1498 3018; x_wconf 87' lang='lat' dir='ltr'><strong>sed</strong></span> <span class='ocrx_word' id='word_1_846' title='bbox 1518 2983 1576 3019; x_wconf 92' lang='lat' dir='ltr'><strong>hic</strong></span> <span class='ocrx_word' id='word_1_847' title='bbox 1597 2984 1839 3032; x_wconf 87' lang='lat' dir='ltr'><strong>relinquemus</strong></span> <span class='ocrx_word' id='word_1_848' title='bbox 1853 2987 2015 3034; x_wconf 90' lang='lat' dir='ltr'><strong>jumenta</strong></span> <span class='ocrx_word' id='word_1_849' title='bbox 2034 2995 2170 3036; x_wconf 84' lang='lat' dir='ltr'><strong>nostra,</strong></span> <span class='ocrx_word' id='word_1_850' title='bbox 2191 2985 2228 3030; x_wconf 69' lang='grc' dir='ltr'><strong>εἰ</strong></span> <span class='ocrx_word' id='word_1_851' title='bbox 2249 2993 2409 3032; x_wconf 80' lang='lat' dir='ltr'><strong>sarcinas</strong></span> <span class='ocrx_word' id='word_1_852' title='bbox 2424 3005 2488 3032; x_wconf 87' lang='lat' dir='ltr'><strong>no-</strong></span> 
     </span>
     <span class='ocr_line' id='line_1_119' title="bbox 1434 3046 2486 3098; baseline 0.014 -19"><span class='ocrx_word' id='word_1_853' title='bbox 1434 3046 1543 3086; x_wconf 86' lang='lat' dir='ltr'><strong>stras,</strong></span> <span class='ocrx_word' id='word_1_854' title='bbox 1561 3049 1598 3079; x_wconf 90' lang='lat' dir='ltr'><strong>et</strong></span> <span class='ocrx_word' id='word_1_855' title='bbox 1627 3046 1794 3084; x_wconf 86' lang='lat' dir='ltr'><strong>mulieres</strong></span> <span class='ocrx_word' id='word_1_856' title='bbox 1819 3054 1857 3085; x_wconf 86' lang='lat' dir='ltr'><strong>et</strong></span> <span class='ocrx_word' id='word_1_857' title='bbox 1881 3047 2036 3088; x_wconf 77' lang='lat' dir='ltr'><strong>infantes</strong></span> <span class='ocrx_word' id='word_1_858' title='bbox 2065 3052 2234 3098; x_wconf 71' lang='lat' dir='ltr'><strong>nostros:</strong></span> <span class='ocrx_word' id='word_1_859' title='bbox 2264 3049 2334 3091; x_wconf 83' lang='lat' dir='ltr'><strong>viri</strong></span> <span class='ocrx_word' id='word_1_860' title='bbox 2365 3061 2486 3095; x_wconf 86' lang='lat' dir='ltr'><strong>autem</strong></span> 
     </span>
     <span class='ocr_line' id='line_1_120' title="bbox 1433 3107 2485 3166; baseline 0.014 -25"><span class='ocrx_word' id='word_1_861' title='bbox 1433 3107 1547 3143; x_wconf 88' lang='lat' dir='ltr'><strong>nostri</strong></span> <span class='ocrx_word' id='word_1_862' title='bbox 1568 3107 1668 3145; x_wconf 91' lang='lat' dir='ltr'><strong>ibunt</strong></span> <span class='ocrx_word' id='word_1_863' title='bbox 1685 3111 1822 3156; x_wconf 85' lang='lat' dir='ltr'><strong>pariter</strong></span> <span class='ocrx_word' id='word_1_864' title='bbox 1840 3118 1876 3149; x_wconf 79' lang='lat' dir='ltr'><strong>et</strong></span> <span class='ocrx_word' id='word_1_865' title='bbox 1894 3112 2097 3153; x_wconf 86' lang='lat' dir='ltr'><strong>transibunt</strong></span> <span class='ocrx_word' id='word_1_866' title='bbox 2112 3115 2325 3162; x_wconf 83' lang='lat' dir='ltr'><strong>Jordanem;</strong></span> <span class='ocrx_word' id='word_1_867' title='bbox 2345 3123 2383 3155; x_wconf 85' lang='lat' dir='ltr'><strong>et</strong></span> <span class='ocrx_word' id='word_1_868' title='bbox 2399 3117 2485 3166; x_wconf 81' lang='lat' dir='ltr'><strong>quia·</strong></span> 
     </span>
     <span class='ocr_line' id='line_1_121' title="bbox 1431 3167 2486 3230; baseline 0.014 -29"><span class='ocrx_word' id='word_1_869' title='bbox 1431 3171 1512 3211; x_wconf 87' lang='lat' dir='ltr'><strong>post</strong></span> <span class='ocrx_word' id='word_1_870' title='bbox 1531 3167 1607 3204; x_wconf 81' lang='lat' dir='ltr'><strong>haec</strong></span> <span class='ocrx_word' id='word_1_871' title='bbox 1627 3168 1767 3216; x_wconf 88' lang='lat' dir='ltr'><strong>Moyses</strong></span> <span class='ocrx_word' id='word_1_872' title='bbox 1782 3174 2008 3211; x_wconf 82' lang='lat' dir='ltr'><strong>commendat</strong></span> <span class='ocrx_word' id='word_1_873' title='bbox 2033 3185 2094 3212; x_wconf 90' lang='lat' dir='ltr'><strong>eos</strong></span> <span class='ocrx_word' id='word_1_874' title='bbox 2118 3174 2200 3213; x_wconf 87' lang='lat' dir='ltr'><strong>Jesu</strong></span> <span class='ocrx_word' id='word_1_875' title='bbox 2219 3172 2317 3230; x_wconf 88' lang='lat' dir='ltr'><strong>Nave</strong></span> <span class='ocrx_word' id='word_1_876' title='bbox 2336 3182 2373 3215; x_wconf 88' lang='lat' dir='ltr'><strong>et</strong></span> <span class='ocrx_word' id='word_1_877' title='bbox 2383 3177 2486 3216; x_wconf 83' lang='lat' dir='ltr'><strong>Elea-</strong></span> 
     </span>
     <span class='ocr_line' id='line_1_122' title="bbox 1432 3228 2484 3277; baseline 0.014 -16"><span class='ocrx_word' id='word_1_878' title='bbox 1432 3235 1517 3262; x_wconf 83' lang='lat' dir='ltr'><strong>zaro</strong></span> <span class='ocrx_word' id='word_1_879' title='bbox 1549 3228 1726 3264; x_wconf 82' lang='lat' dir='ltr'><strong>sacerdoti</strong></span> <span class='ocrx_word' id='word_1_880' title='bbox 1763 3230 1835 3266; x_wconf 87' lang='lat' dir='ltr'><strong>filio</strong></span> <span class='ocrx_word' id='word_1_881' title='bbox 1861 3231 2003 3277; x_wconf 84' lang='lat' dir='ltr'><strong>Aaron,</strong></span> <span class='ocrx_word' id='word_1_882' title='bbox 2041 3234 2106 3270; x_wconf 90' lang='lat' dir='ltr'><strong>sub</strong></span> <span class='ocrx_word' id='word_1_883' title='bbox 2131 3245 2174 3271; x_wconf 88' lang='lat' dir='ltr'><strong>ea</strong></span> <span class='ocrx_word' id='word_1_884' title='bbox 2206 3241 2327 3274; x_wconf 86' lang='lat' dir='ltr'><strong>tamen</strong></span> <span class='ocrx_word' id='word_1_885' title='bbox 2359 3235 2484 3275; x_wconf 83' lang='lat' dir='ltr'><strong>condi-</strong></span> 
     </span>
     <span class='ocr_line' id='line_1_123' title="bbox 1430 3285 2484 3344; baseline 0.014 -25"><span class='ocrx_word' id='word_1_886' title='bbox 1430 3285 1528 3321; x_wconf 87' lang='lat' dir='ltr'><strong>tione</strong></span> <span class='ocrx_word' id='word_1_887' title='bbox 1561 3292 1601 3321; x_wconf 86' lang='lat' dir='ltr'><strong>ut</strong></span> <span class='ocrx_word' id='word_1_888' title='bbox 1635 3292 1820 3324; x_wconf 84' lang='lat' dir='ltr'><strong>transeant</strong></span> <span class='ocrx_word' id='word_1_889' title='bbox 1855 3300 1937 3326; x_wconf 91' lang='lat' dir='ltr'><strong>cum</strong></span> <span class='ocrx_word' id='word_1_890' title='bbox 1972 3287 2055 3329; x_wconf 80' lang='lat' dir='ltr'><strong>filiis</strong></span> <span class='ocrx_word' id='word_1_891' title='bbox 2086 3293 2224 3339; x_wconf 83' lang='lat' dir='ltr'><strong>lsrael,</strong></span> <span class='ocrx_word' id='word_1_892' title='bbox 2256 3301 2294 3332; x_wconf 88' lang='lat' dir='ltr'><strong>et</strong></span> <span class='ocrx_word' id='word_1_893' title='bbox 2322 3296 2484 3344; x_wconf 69' lang='lat' dir='ltr'><strong>pugnent</strong></span> 
     </span>
     <span class='ocr_line' id='line_1_124' title="bbox 1429 3344 2478 3412; baseline 0.015 -35"><span class='ocrx_word' id='word_1_894' title='bbox 1429 3347 1511 3378; x_wconf 87' lang='lat' dir='ltr'><strong>eum</strong></span> <span class='ocrx_word' id='word_1_895' title='bbox 1529 3344 1583 3379; x_wconf 90' lang='lat' dir='ltr'><strong>eis</strong></span> <span class='ocrx_word' id='word_1_896' title='bbox 1608 3344 1798 3382; x_wconf 81' lang='lat' dir='ltr'><strong>adversum</strong></span> <span class='ocrx_word' id='word_1_897' title='bbox 1816 3347 1938 3386; x_wconf 89' lang='lat' dir='ltr'><strong>hostes</strong></span> <span class='ocrx_word' id='word_1_898' title='bbox 1955 3350 2017 3396; x_wconf 88' lang='lat' dir='ltr'><strong>qui</strong></span> <span class='ocrx_word' id='word_1_899' title='bbox 2037 3348 2140 3388; x_wconf 75' lang='lat' dir='ltr'><strong>erant</strong></span> <span class='ocrx_word' id='word_1_900' title='bbox 2157 3358 2256 3390; x_wconf 88' lang='lat' dir='ltr'><strong>trans</strong></span> <span class='ocrx_word' id='word_1_901' title='bbox 2273 3352 2478 3412; x_wconf 71' lang='lat' dir='ltr'><strong>lemanem,</strong></span> 
     </span>
     <span class='ocr_line' id='line_1_125' title="bbox 1430 3398 2481 3464; baseline 0.017 -26"><span class='ocrx_word' id='word_1_902' title='bbox 1430 3398 1542 3440; x_wconf 83' lang='lat' dir='ltr'><strong>donec</strong></span> <span class='ocrx_word' id='word_1_903' title='bbox 1573 3404 1787 3443; x_wconf 86' lang='lat' dir='ltr'><strong>liberaretur</strong></span> <span class='ocrx_word' id='word_1_904' title='bbox 1817 3407 1862 3444; x_wconf 86' lang='lat' dir='ltr'><strong>ab</strong></span> <span class='ocrx_word' id='word_1_905' title='bbox 1893 3409 1945 3446; x_wconf 86' lang='lat' dir='ltr'><strong>eis</strong></span> <span class='ocrx_word' id='word_1_906' title='bbox 1976 3415 2086 3456; x_wconf 84' lang='lat' dir='ltr'><strong>terra,</strong></span> <span class='ocrx_word' id='word_1_907' title='bbox 2117 3418 2154 3450; x_wconf 89' lang='lat' dir='ltr'><strong>et</strong></span> <span class='ocrx_word' id='word_1_908' title='bbox 2184 3419 2269 3452; x_wconf 83' lang='lat' dir='ltr'><strong>tunc</strong></span> <span class='ocrx_word' id='word_1_909' title='bbox 2303 3417 2481 3464; x_wconf 84' lang='lat' dir='ltr'><strong>accipiant</strong></span> 
     </span>
     <span class='ocr_line' id='line_1_126' title="bbox 1429 3467 2480 3534; baseline 0.017 -36"><span class='ocrx_word' id='word_1_910' title='bbox 1429 3467 1564 3499; x_wconf 85' lang='lat' dir='ltr'><strong>terram</strong></span> <span class='ocrx_word' id='word_1_911' title='bbox 1593 3475 1701 3511; x_wconf 87' lang='lat' dir='ltr'><strong>quam</strong></span> <span class='ocrx_word' id='word_1_912' title='bbox 1731 3474 1985 3513; x_wconf 87' lang='lat' dir='ltr'><strong>poposcerunt,</strong></span> <span class='ocrx_word' id='word_1_913' title='bbox 2011 3470 2106 3518; x_wconf 88' lang='lat' dir='ltr'><strong>regis</strong></span> <span class='ocrx_word' id='word_1_914' title='bbox 2127 3470 2221 3510; x_wconf 89' lang='lat' dir='ltr'><strong>Seon</strong></span> <span class='ocrx_word' id='word_1_915' title='bbox 2239 3478 2275 3511; x_wconf 91' lang='lat' dir='ltr'><strong>et</strong></span> <span class='ocrx_word' id='word_1_916' title='bbox 2297 3477 2393 3524; x_wconf 83' lang='lat' dir='ltr'><strong>regis</strong></span> <span class='ocrx_word' id='word_1_917' title='bbox 2410 3477 2480 3534; x_wconf 53' lang='lat'><strong>03,</strong></span> 
     </span>
     <span class='ocr_line' id='line_1_127' title="bbox 1429 3523 2479 3578; baseline 0.017 -19"><span class='ocrx_word' id='word_1_918' title='bbox 1429 3527 1537 3570; x_wconf 82' lang='lat' dir='ltr'><strong>atque</strong></span> <span class='ocrx_word' id='word_1_919' title='bbox 1555 3523 1644 3571; x_wconf 85' lang='lat' dir='ltr'><strong>ipsis</strong></span> <span class='ocrx_word' id='word_1_920' title='bbox 1668 3525 1754 3564; x_wconf 85' lang='lat' dir='ltr'><strong>solis</strong></span> <span class='ocrx_word' id='word_1_921' title='bbox 1781 3532 1847 3575; x_wconf 85' lang='lat' dir='ltr'><strong>per</strong></span> <span class='ocrx_word' id='word_1_922' title='bbox 1875 3523 2020 3578; x_wconf 83' lang='lat' dir='ltr'><strong>Moysen</strong></span> <span class='ocrx_word' id='word_1_923' title='bbox 2037 3525 2143 3568; x_wconf 76' lang='lat' dir='ltr'><strong>detur</strong></span> <span class='ocrx_word' id='word_1_924' title='bbox 2165 3532 2356 3574; x_wconf 80' lang='lat' dir='ltr'><strong>haereditas</strong></span> <span class='ocrx_word' id='word_1_925' title='bbox 2373 3539 2479 3577; x_wconf 81' lang='lat' dir='ltr'><strong>e&#39;xtra</strong></span> 
     </span>
     <span class='ocr_line' id='line_1_128' title="bbox 1428 3582 2485 3659; baseline 0.017 -40"><span class='ocrx_word' id='word_1_926' title='bbox 1428 3582 1635 3630; x_wconf 68' lang='lat' dir='ltr'><strong>lox-danem,</strong></span> <span class='ocrx_word' id='word_1_927' title='bbox 1652 3586 1794 3633; x_wconf 80' lang='lat' dir='ltr'><strong>caeteris</strong></span> <span class='ocrx_word' id='word_1_928' title='bbox 1820 3587 1942 3626; x_wconf 75' lang='lat' dir='ltr'><strong>autem</strong></span> <span class='ocrx_word' id='word_1_929' title='bbox 1958 3587 2127 3637; x_wconf 83' lang='lat' dir='ltr'><strong>omnibus</strong></span> <span class='ocrx_word' id='word_1_930' title='bbox 2149 3603 2214 3641; x_wconf 86' lang='lat' dir='ltr'><strong>per</strong></span> <span class='ocrx_word' id='word_1_931' title='bbox 2232 3593 2356 3635; x_wconf 68' lang='lat' dir='ltr'><strong>«Iesum</strong></span> <span class='ocrx_word' id='word_1_932' title='bbox 2381 3599 2456 3636; x_wconf 86' lang='lat' dir='ltr'><strong>intr</strong></span> <span class='ocrx_word' id='word_1_933' title='bbox 2437 3604 2485 3659; x_wconf 46' lang='lat'><strong>¹3</strong></span> 
     </span>
     <span class='ocr_line' id='line_1_129' title="bbox 1426 3642 2453 3703; baseline 0.017 -23"><span class='ocrx_word' id='word_1_934' title='bbox 1426 3642 1631 3682; x_wconf 79' lang='lat' dir='ltr'><strong>Jordanem.</strong></span> <span class='ocrx_word' id='word_1_935' title='bbox 1652 3644 1748 3684; x_wconf 86' lang='lat' dir='ltr'><strong>Dicit</strong></span> <span class='ocrx_word' id='word_1_936' title='bbox 1763 3657 1849 3694; x_wconf 81' lang='lat' dir='ltr'><strong>ergo</strong></span> <span class='ocrx_word' id='word_1_937' title='bbox 1870 3649 2023 3698; x_wconf 87' lang='lat' dir='ltr'><strong>aliquis·</strong></span> <span class='ocrx_word' id='word_1_938' title='bbox 2042 3651 2135 3698; x_wconf 84' lang='lat' dir='ltr'><strong>Quid</strong></span> <span class='ocrx_word' id='word_1_939' title='bbox 2165 3654 2234 3692; x_wconf 85' lang='lat' dir='ltr'><strong>ista</strong></span> <span class='ocrx_word' id='word_1_940' title='bbox 2262 3653 2414 3703; x_wconf 83' lang='lat' dir='ltr'><strong>prosunt</strong></span> <span class='ocrx_word' id='word_1_941' title='bbox 2452 3671 2453 3674; x_wconf 47' lang='lat'>¹</span> 
     </span>
     <span class='ocr_line' id='line_1_130' title="bbox 1424 3699 2471 3777; baseline 0.017 -35"><span class='ocrx_word' id='word_1_942' title='bbox 1424 3699 1493 3743; x_wconf 78' lang='lat' dir='ltr'><strong>libe</strong></span> <span class='ocrx_word' id='word_1_943' title='bbox 1517 3706 1612 3753; x_wconf 88' lang='lat' dir='ltr'><strong>quod</strong></span> <span class='ocrx_word' id='word_1_944' title='bbox 1643 3708 1730 3745; x_wconf 85' lang='lat' dir='ltr'><strong>dicit</strong></span> <span class='ocrx_word' id='word_1_945' title='bbox 1747 3707 1944 3756; x_wconf 87' lang='lat' dir='ltr'><strong>Abraham,</strong></span> <span class='ocrx_word' id='word_1_946' title='bbox 1964 3708 2101 3752; x_wconf 81' lang='lat' dir='ltr'><strong>Habent</strong></span> <span class='ocrx_word' id='word_1_947' title='bbox 2114 3715 2262 3764; x_wconf 82' lang='lat' dir='ltr'><strong>Moysen</strong></span> <span class='ocrx_word' id='word_1_948' title='bbox 2278 3726 2310 3756; x_wconf 76' lang='lat' dir='ltr'><strong>et</strong></span> <span class='ocrx_word' id='word_1_949' title='bbox 2326 3731 2382 3777; x_wconf 24' lang='lat' dir='ltr'><strong>m·-</strong></span> <span class='ocrx_word' id='word_1_950' title='bbox 2461 3736 2471 3763; x_wconf 72' lang='lat'>5</span> 
     </span>
     <span class='ocr_line' id='line_1_131' title="bbox 1425 3761 2477 3836; baseline 0.023 -34"><span class='ocrx_word' id='word_1_951' title='bbox 1425 3761 1494 3814; x_wconf 70' lang='lat' dir='ltr'><strong>ios,</strong></span> <span class='ocrx_word' id='word_1_952' title='bbox 1526 3762 1673 3806; x_wconf 67' lang='lat' dir='ltr'><strong>audiam</strong></span> <span class='ocrx_word' id='word_1_953' title='bbox 1703 3768 1826 3809; x_wconf 70' lang='lat' dir='ltr'><strong>illos?</strong></span> <span class='ocrx_word' id='word_1_954' title='bbox 1834 3783 1905 3820; x_wconf 87' lang='lat' dir='ltr'><strong>quo</strong></span> <span class='ocrx_word' id='word_1_955' title='bbox 1923 3770 2061 3815; x_wconf 80' lang='lat' dir='ltr'><strong>scilicet</strong></span> <span class='ocrx_word' id='word_1_956' title='bbox 2087 3775 2125 3815; x_wconf 76' lang='grc' dir='ltr'><strong>ει</strong></span> <span class='ocrx_word' id='word_1_957' title='bbox 2152 3774 2231 3819; x_wconf 79' lang='lat' dir='ltr'><strong>haec</strong></span> <span class='ocrx_word' id='word_1_958' title='bbox 2246 3780 2429 3836; x_wconf 62' lang='lat' dir='ltr'><strong>legemus,</strong></span> <span class='ocrx_word' id='word_1_959' title='bbox 2438 3766 2454 3835; x_wconf 32' lang='grc' dir='ltr'>ἶ</span> <span class='ocrx_word' id='word_1_960' title='bbox 2475 3824 2477 3826; x_wconf 88' lang='grc'><strong>.</strong></span> 
     </span>
    </p>
   </div>
  </div>
 </body>
</html>
