2540 4016
40 133 113 170 569

42 211 255 257 probantur,
273 207 310 244 id
328 212 396 251 est,
411 203 590 252 quia-ipsa
605 201 751 247 quidem
767 195 969 235 substantia
984 202 1094 241 gene-

42 273 93 307 ris
114 270 259 307 humani
274 269 406 305 munda
423 271 494 310 est.
511 265 606 301 sicut
623 273 644 298 a
661 262 735 297 Deo
751 262 888 296 efflata·

89 331 218 368 Omnia
239 331 334 367 enim
352 338 432 375 quae
449 327 534 363 fecit
551 325 660 366 Deus,
677 322 772 358 bona
786 319 903 360 valde,
923 321 956 352 et
979 315 1094 351 multo

42 393 157 439 magis
180 393 308 434 homo;
329 384 586 436 propterquod
612 383 677 425 ait,
694 381 733 417 in
754 377 930 424 sanguine
944 375 1094 418 mundo,

42 453 119 489 sive
138 449 398 498 purificationis
417 447 604 484 mulierem
625 443 762 480 sedere.
782 439 874 484 Quia
892 442 1013 473 autem
1032 445 1096 482 per

43 512 309 548 successionem
326 509 412 545 Adae
433 502 729 552 transgredientis
749 501 858 536 taesus
877 502 954 540 est,
970 504 1097 531 neces-

44 572 211 616 sarieque
227 579 349 607 semen
365 566 536 612 suscepit,
555 569 593 600 et
608 561 786 607 concepit,
810 567 916 594 omne
932 560 1098 592 sanetum

43 643 115 667 non
134 631 260 678 tangit,
279 636 316 666 et
333 630 370 666 in
388 626 594 665 sanctuario
620 633 692 660 non
718 618 964 667 ingredietur,
981 623 1097 660 usque

44 690 130 726 dum
158 690 408 735 compleantur
442 688 520 723 dics
554 681 818 731 purificationis
851 678 944 725 ejus,
973 676 1098 742 idfffl’

43 758 158 794 usque
177 749 261 784 dum
278 747 527 792 compleantur
541 745 617 781 dies
631 741 885 789 quadraginta,
912 738 949 773 in
969 735 1100 802 qulbus

43 818 133 854 puer
151 807 328 843 formatur
349 819 358 841 ε
378 806 454 852 ipsa
473 805 604 850 quippe
618 803 735 848 imago
752 796 1030 842 Dei,mundauo
1045 799 1101 829 est

43 873 184 904 naturae
204 872 352 909 nostrat,
373 866 538 911 quamvis
553 863 662 899 suerit
677 860 876 897 sordidata.
906 856 1003 901 Ergo
1030 863 1097 889 ne-

43 938 228 974 quaquam
247 926 386 973 ingredi
404 927 440 961 in
456 923 713 963 sanctuarium,
731 929 796 956 nec
813 926 920 953 omne
935 919 1102 951 sanctum

44 994 194 1034 tangere
223 987 393 1033 praecepti
428 985 626 1025 fueramus,
647 981 717 1017 nisi
746 981 865 1025 imago
893 976 958 1013 Dei
989 973 1102 1011 semel

43 1054 167 1084 nostro
183 1047 314 1084 donata
333 1045 477 1091 generi,
498 1047 705 1080 sanctorum
737 1040 840 1077 nobis
869 1037 1101 1085 praestitisset

43 1109 258 1153 ingressum,
277 1110 424 1151 propter
443 1115 552 1150 quam
583 1102 816 1144 salvandam,
846 1101 923 1146 ipse
955 1107 1100 1145 quoque

43 1166 252 1202 incarnatus
266 1171 322 1202 est
341 1166 527 1208 Dominus,
544 1164 856 1209 suamjmaginem
873 1162 1015 1198 salvare
1035 1171 1099 1197 vo-

43 1226 140 1269 lens3
160 1226 222 1262 sed
239 1226 275 1262 in
297 1226 534 1272 quadraginta
562 1225 688 1260 diebus
706 1225 751 1259 ad
769 1223 901 1260 coelum
915 1233 997 1258 eam
1019 1232 1098 1258 sus-

43 1287 145 1330 tulit,
175 1287 372 1323 secundum
401 1286 496 1332 quod
526 1295 605 1321 eam
636 1285 819 1321 hominem
844 1284 1029 1329 plasmans
1063 1284 1098 1319 in

44 1346 150 1381 vulva
177 1347 307 1389 donat;
336 1351 372 1382 et
393 1351 477 1381 tunc
495 1345 540 1381 ad
559 1355 683 1380 verum
703 1344 950 1381 sanctuarium
970 1348 1099 1380 natura

44 1412 169 1440 nostra
191 1405 405 1452 ingreditur.

87 1463 223 1517 &perte
237 1470 357 1500 autem
375 1465 452 1500 haec
469 1465 668 1510 probantur
681 1474 797 1511 perca
814 1474 894 1510 quae
907 1465 951 1500 de
969 1472 1100 1510 genere

45 1518 202 1559 femineo
221 1524 446 1559 sanciuntur.
461 1524 552 1568 Quia
575 1525 671 1560 enim
696 1525 916 1571 octogesima
947 1523 1004 1559 die
1023 1523 1100 1559 for-

46 1583 139 1618 mari
154 1583 191 1618 in
207 1589 311 1620 utero
326 1583 466 1619 fcminoe
479 1584 663 1626 dicuntur,
675 1585 896 1620 tantumdem
911 1576 1100 1619 numerum

47 1642 93 1678 ad
129 1642 373 1689 impletionem
403 1643 543 1679 dierum
568 1644 829 1689 purificationis
863 1654 988 1680 earum
1020 1653 1100 1688 quae

46 1715 170 1741 semen
191 1706 390 1752 suscipiunt
407 1706 596 1753 praecepit,
616 1707 666 1742 ait
684 1707 780 1742 enim
805 1707 857 1743 sic
886 1720 893 1743 :
924 1706 964 1743 Si
996 1707 1100 1753 fenti-

45 1776 127 1800 nam
153 1768 334 1812 pepererit,
354 1767 533 1802 immunda
551 1768 614 1801 erit
645 1767 779 1802 duabus
812 1766 1097 1810 hebdomadibus,

44 1826 148 1871 juxta
168 1828 271 1862 ritum
287 1828 404 1872 fluxus
429 1828 610 1862 menstrui.
633 1828 677 1862 Et
697 1838 779 1863 cum
803 1834 986 1872 oporteret
1012 1838 1098 1872 qua-

45 1886 245 1920 tuordecim
266 1886 398 1929 dicere,
417 1896 487 1921 non
508 1886 561 1922 sic
585 1885 685 1928 dicit,
702 1885 766 1921 sed
797 1885 936 1921 duabus
966 1885 1100 1921 hebdo-

45 1945 223 1990 madibus,
236 1945 339 1990 juxta
359 1947 467 1982 ritum
483 1946 599 1982 fluxus
617 1946 813 1990 menstrui;
839 1952 986 1992 propter
1003 1947 1099 1992 quod

46 2005 91 2041 ad
106 2005 206 2042 illum
235 2017 301 2043 nos
327 2007 540 2043 transmittit
565 2016 723 2047 sensum,
744 2007 780 2042 id
805 2012 882 2049 est,
900 2013 940 2042 ut
976 2007 1012 2041 in
1041 2017 1098 2042 se-

34 2068 142 2110 =ptem
165 2065 310 2110 quidem
337 2066 463 2101 diebus
495 2075 574 2101 esse
605 2066 797 2101 humanam
836 2066 963 2108 vitam,
984 2065 1100 2102 fluxus

49 2130 170 2160 autem
190 2131 397 2162 menstruus
418 2125 647 2162 affiictionem
665 2125 743 2172 ejus
757 2131 792 2162 et
811 2126 971 2163 dolorem
985 2131 1021 2162 et
1035 2125 1101 2162 mi-

35 2188 180 2224 seriam
201 2188 453 2236 intelligamus.

97 2248 193 2284 Dixit
207 2254 327 2284 autem
343 2250 479 2286 duabus
495 2251 780 2288 hebdomadibus.
803 2253 928 2296 Recte,
939 2253 1023 2299 quia
1039 2253 1102 2288 du-

35 2308 106 2353 iplo
124 2317 236 2354 genus
261 2309 437 2346 muliebre
461 2311 670 2347 mulctatum
699 2318 766 2348 est.
795 2313 911 2349 Habet
941 2314 1036 2348 enim
1067 2319 1103 2349 ct

35 2378 129 2404 =cum
166 2368 281 2403 Adam
319 2369 603 2406 maledictionem
627 2383 636 2406 ε
660 2372 694 2407 in
728 2373 858 2409 sudore
895 2374 1012 2410 vultus
1047 2375 1102 2410 sui

37 2427 268 2463 imanducans
284 2438 412 2472 panem
429 2440 554 2472 suum;
579 2431 687 2467 babet
699 2432 808 2467 etiam
823 2434 935 2479 ipsam
952 2440 1102 2478 terram,

37 2488 169 2533 =spinas
186 2493 222 2523 et
240 2488 390 2524 tribulos
408 2491 683 2535 germinantem,
703 2502 782 2537 quae
813 2504 896 2529 cum
929 2506 972 2530 cx
1005 2502 1103 2532 terra

36 2552 126 2581 ·orta
147 2547 194 2582 sit
212 2547 246 2581 in
267 2553 364 2583 terra
381 2550 595 2593 revestitum
613 2551 720 2587 habet
736 2553 844 2588 etiam
860 2564 1004 2598 poenam
1022 2565 1103 2600 spe-

39 2606 175 2642 cialem
197 2617 205 2641 :
232 2606 277 2641 In
302 2609 444 2643 tristitia
475 2611 590 2654 paries
618 2611 774 2655 filios,et
794 2613 840 2647 ad
868 2615 978 2649 virum
1006 2622 1103 2653 tuum

50 2667 226 2701 conversio
256 2673 333 2709 tua,
359 2674 390 2702 et
406 2668 477 2713 ipse
502 2670 552 2703 tui
567 2670 817 2707 donitinabitur.
835 2673 878 2708 Et
894 2680 1101 2720 propterea,

40 2725 207 2768 iDuobus,
230 2726 356 2771 inquit,
389 2727 661 2764 hebdomadibus
691 2731 871 2767 immunda
898 2735 1099 2779 erit,juxta

38 2786 155 2821 tritum
175 2787 292 2832 fluxus
312 2789 480 2823 menstrui
500 2798 511 2823 .·
526 2791 706 2836 semayinta
722 2797 839 2827 autem
856 2799 887 2828 et
902 2805 963 2829 sex
981 2795 1102 2832 diebus

37 2846 86 2882 rin
122 2856 291 2893 sanquine
321 2849 474 2891 neronio,
494 2850 527 2884 id
553 2855 628 2893 est,
656 2852 930 2897 purificationis,
958 2856 1099 2900 sedebit,

38 2911 170 2940 »sancta
202 2916 272 2940 non
303 2913 462 2952 tangens,
493 2919 601 2954 usque
636 2910 718 2944 dum
756 2912 995 2958 compleantur
1027 2915 1100 2952 dies

37 2965 262 3010 wctuaqinta.
292 2965 454 3010 Quatuor
473 2968 569 3003 enim
587 2974 623 3004 et
643 2969 767 3004 decem
787 2981 894 3017 super
913 2975 1098 3020 sexaginta

38 3032 114 3059 wsex
128 3024 484 3072 addita‚0ctuaginta
511 3027 658 3069 faciunt,
683 3029 718 3064 in
745 3031 874 3076 quibus
894 3031 1026 3070 semina
1063 3035 1099 3071 in

38 3089 151 3120 attero
172 3084 361 3122 formatur.
383 3087 479 3133 Ergo
495 3088 573 3123 sine
591 3088 709 3134 aliqua
734 3090 958 3128 dubitatione
989 3093 1094 3140 legis-

39 3142 142 3180 llator
164 3146 332 3189 ostendit,
353 3146 435 3192 qnia
457 3148 680 3183 immundum
708 3149 802 3186 sacto
817 3151 1012 3188 maledicto
1031 3165 1098 3190 no-

39 3205 167 3238 strum
187 3215 301 3250 genus
320 3215 548 3252 nequaquam
567 3207 718 3244 intraret
734 3210 770 3244 in
786 3211 933 3254 sanctis,
950 3213 1017 3248 nisi
1035 3224 1100 3260 per

39 3259 242 3308 umaginem
260 3263 337 3306 Dei,
357 3275 463 3310 quam
488 3266 599 3302 semel
619 3267 786 3304 sortitum
803 3274 872 3312 est,
888 3276 924 3306 et
936 3278 1100 3318 propter.-

38 3330 96 3374 οφ
114 3324 354 3371 suscipientes
374 3336 497 3362 semen
524 3328 694 3365 mulieres
723 3330 849 3366 diebus
876 3331 1099 3371 formationis

88 3383 94 3386 ⁴
117 3380 305 3433 „tunctorum
322 3385 552 3431 parvulorum
569 3387 613 3423 de
621 3388 756 3424 sanctis
764 3395 944 3427 vetantur.
955 3392 1056 3437 Quod
1067 3395 1099 3430 si

106 3479 110 3482 ,
184 3439 422 3485 Quamobrem
443 3454 514 3482 non
534 3447 649 3492 magis
663 3447 699 3483 in
715 3454 818 3485 utero
836 3449 1011 3488 habentes
1024 3453 1099 3489 dic-

58 3495 127 3538 hub
142 3496 364 3540 formationis
379 3504 424 3540 de
438 3505 575 3542 sanctis
591 3512 728 3544 matres
737 3509 997 3554 prohibentur?
1008 3512 1100 3548 Fru-

60 3554 209 3604 stram
219 3558 434 3609 interrogas.
449 3562 628 3600 Incertum
639 3570 696 3602 est
707 3567 803 3602 enim
812 3567 846 3603 ei
861 3578 940 3614 quae
952 3571 1101 3616 gravida

45 3621 84 3647 Ν
151 3667 153 3669 ¹
195 3619 347 3658 'numm
365 3630 428 3659 seu
451 3622 623 3661 feminam
642 3627 804 3672 paritura
835 3633 909 3672 est,
940 3635 976 3666 et
1006 3631 1101 3668 unde

199 3718 205 3744 ᾖ,
306 3688 389 3724 esse
402 3688 547 3730 poterat
562 3691 651 3732 quot
667 3685 794 3726 diebus
810 3691 1000 3736 oportebat
1018 3702 1099 3729 eam

648 118 984 159 Expost'rtoNES
1011 116 1058 154 ΙΝ
1085 114 1350 152 LEvthuuzu.
1379 134 1425 140 -
1448 116 1533 150 tau.
1561 116 1617 151 ut.

2147 118 2218 155 370

1112 192 1148 232 A
1165 192 1209 228 de
1228 192 1364 228 sanctis
1394 192 1610 237 prohibere;
1639 201 1726 237 ergo
1749 192 1978 230 manifestata
2007 199 2064 232 est
2094 205 2216 239 causa,

1164 263 1230 299 pro
1247 263 1319 299 qna
1351 252 1429 288 haec
1455 251 1640 296 legislator
1676 251 1712 286 in
1744 251 1816 286 illis
1845 252 2219 302 disposuit.:Cumque

1163 312 1290 359 expleti
1310 312 1440 358 suerint
1460 311 1535 346 dies
1554 311 1774 357 purqationis
1795 310 1884 356 ejus,
1904 322 1967 357 pro
1980 312 2055 356 filio
2069 315 2139 350 sive
2155 326 2220 362 pro

1162 372 1252 417 filia,
1274 372 1404 418 deseret
1426 382 1555 418 aqnum
1585 369 1791 406 annicntum
1820 371 1858 406 in
1889 370 2152 415 holocaustum,
2186 382 2221 411 et

1163 431 1298 479 pullum
1316 432 1498 475 columbae,
1515 433 1584 468 sive
1601 437 1772 467 turturem
1785 442 1848 478 pro
1861 438 2017 478 peccato,
2034 433 2080 468 ad
2094 435 2222 471 ostium

1164 491 1382 527 tabernaculi
1399 492 1600 535 testimonii,
1623 497 1655 527 et
1674 491 1788 526 tradet
1813 492 2003 536 sacerdoti,
2025 494 2085 539 qui
2102 494 2223 539 offeret

1164 550 1227 587 itta
1245 561 1362 586 coram
1381 550 1548 594 Domino,
1565 557 1598 586 et
1619 550 1755 596 roqahit
1768 562 1831 596 pro
1849 562 1904 595 ea,
1923 557 1954 587 et
1972 553 2024 587 sic
2035 553 2223 589 mundabi-

1166 617 1224 647 tur
1252 623 1274 647 a
1303 612 1474 658 profluvio
1504 612 1685 658 sanguinis
1709 613 1797 647 sui:
1830 613 1897 648 ista
1913 619 1963 649 est
1983 613 2039 650 Iex
2055 616 2226 661 parientis

1166 671 1361 707 masculum
1376 678 1437 707 aut
1455 671 1636 717 seminam.
1666 672 1768 715 Quod
1783 674 1814 709 si
1831 685 1899 710 non
1912 675 2081 711 invenerit
2097 687 2227 713 manus

1167 732 1257 778 ejtts,
1277 743 1337 767 uec
1352 733 1477 778 poterit
1495 733 1621 777 offerre
1635 744 1778 779 equum,
1804 741 1916 770 sumet
1937 735 2026 771 duos
2055 742 2223 781 turtures,

1168 802 1228 831 aut
1243 795 1331 831 duos
1354 795 1468 842 pullos
1501 795 1682 839 cotumbae,
1715 807 1823 832 unum
1845 798 1881 833 in
1907 798 2149 836 holocaustum
2163 827 2173 844 ‚
2193 807 2224 837 et

1169 855 1319 891 alterum
1334 867 1396 902 pro
1414 863 1569 902 peccato,
1589 858 1769 904 orabitque
1783 871 1845 904 pro
1862 871 1902 895 ea
1923 861 2099 904 sacerdos,
2118 867 2150 897 et
2175 861 2225 898 sic

1169 917 1411 952 mundabitur.
1441 917 1512 964 (Ex
1526 917 1732 967 IIesycltio.)
1761 920 1889 956 Totam
1910 922 1970 958 liic
1989 922 2225 959 intentionem

1170 987 1272 1013 suam
1288 978 1472 1024 legislator
1491 980 1646 1025 aperuit,
1663 981 1747 1025 qnia
1766 981 1995 1026 pollutionem
2015 995 2085 1019 non
2106 991 2228 1021 motus

1170 1037 1356 1073 naturales
1372 1037 1525 1080 faciunt,
1551 1039 1613 1074 sed
1630 1046 1834 1083 peccatum,
1851 1042 1894 1077 de
1910 1052 1980 1086 quo
1998 1043 2110 1078 David
2130 1044 2226 1080 dicc-

1119 1081 1152 1120 Β
1171 1097 1256 1133 bat:
1281 1097 1370 1133 Ecce
1388 1097 1478 1133 enim
1500 1098 1536 1133 in
1557 1098 1799 1144 iniquitatibus
1820 1107 2006 1147 conceptus
2028 1113 2122 1144 sum,
2142 1108 2173 1137 et
2190 1103 2226 1138 in

1169 1157 1304 1192 delictis
1328 1158 1460 1203 peperit
1488 1169 1542 1192 me
1573 1163 1685 1193 mater
1715 1169 1791 1194 mea
1821 1159 1935 1206 (Psal.
1955 1161 2013 1208 L);
2048 1173 2120 1198 non
2152 1173 2226 1199 suae

1167 1219 1294 1254 matris
1311 1224 1502 1264 peccatum
1522 1219 1669 1265 aliquod
1691 1229 1882 1264 accusans,
1903 1223 1966 1258 scd
1988 1229 2141 1260 matrem
2162 1235 2225 1260 na-

1166 1286 1285 1315 turam
1303 1280 1475 1325 appellat,
1495 1280 1763 1317 immunditiam
1786 1282 1925 1328 pcccati
1944 1282 2060 1320 Adam
2088 1290 2124 1320 et
2143 1285 2227 1321 Evae

1167 1342 1204 1376 in
1223 1350 1330 1376 omne
1351 1350 1463 1386 genus
1490 1345 1654 1376 nostrum
1679 1341 1909 1378 descendisse
1932 1343 2142 1390 significans
2161 1358 2168 1381 :
2191 1352 2226 1382 et

1166 1406 1358 1447 propterea
1379 1400 1524 1446 quando
1545 1401 1716 1447 completi
1734 1401 1870 1439 suerint
1897 1402 1975 1440 dies
1999 1405 2225 1451 purificatio-

1166 1460 1224 1496 nis
1251 1461 1448 1496 secundum
1469 1460 1682 1506 praedictum
1716 1462 1877 1506 modum,
1910 1465 2130 1502 sacrificium
2157 1477 2226 1514 pro

1166 1525 1318 1566 peceato
1344 1519 1448 1565 jubet
1467 1520 1603 1556 offerri.
1641 1520 1709 1565 Qui
1743 1527 1780 1558 et
1804 1533 1936 1570 agnum
1961 1526 2168 1563 anniculum
2189 1529 2226 1564 in

1168 1581 1418 1617 holocaustum
1438 1586 1524 1617 tunc
1542 1581 1722 1618 immolari
1738 1586 1922 1631 praecepit,
1939 1587 2125 1625 evidenter
2139 1589 2226 1626 illud

1167 1643 1326 1679 ostendit
1356 1647 1392 1678 et
1424 1643 1602 1688 approbat
1632 1644 1879 1682 consideranti
1908 1648 1992 1693 quia
2019 1648 2082 1685 Dei
2108 1651 2226 1697 imago

1167 1703 1429 1750 perfectionem
1451 1703 1578 1750 generi
1600 1709 1725 1741 nostro
1745 1706 1893 1751 tribuit,
1923 1718 2005 1744 nam
2033 1709 2225 1747 formatio-

1167 1775 1252 1800 nem
1266 1764 1411 1810 quidem
1429 1764 1507 1800 dics
1525 1765 1739 1808 ostendunt,
1763 1768 2007 1805 mundationis
2029 1771 2224 1815 perfectio-

1167 1833 1250 1859 nem
1268 1828 1390 1859 autcm
1411 1823 1629 1860 sacrificium
1649 1825 1866 1863 holocausti.
1908 1827 1979 1864 Sed
2000 1830 2059 1866 hic
2079 1837 2228 1877 proptfr

1167 1883 1236 1920 lioc
1254 1883 1399 1920 interim
1416 1884 1635 1930 legislatoris
1654 1888 1869 1933 sapientiam
1887 1891 2099 1938 obstupesce
2112 1920 2120 1936 ‚
2142 1894 2224 1938 quia

1168 1945 1313 1982 evenire
1329 1951 1471 1990 poterat
1491 1952 1530 1982 ut
1555 1947 1739 1984 studentes
1759 1948 1874 1996 legem
1892 1950 2055 1988 dicerent
2084 1965 2092 1987 ε
2122 1953 2225 1997 Quali

1170 2005 1424 2051 deprecatione
1451 2007 1599 2052 pariens
1626 2007 1801 2045 infantem
1833 2020 1924 2056 opus
1947 2012 2122 2057 habebat,
2143 2025 2224 2060 qua:

1169 2065 1248 2112 ipsa
1266 2076 1338 2102 non
1357 2067 1543 2112 peccavit3
1562 2078 1634 2104 non
1651 2068 1746 2105 enim
1766 2079 1809 2106 ex
1831 2069 2081 2118 fornicatione,
2102 2075 2164 2111 sed
2182 2076 2226 2111 dc

1169 2127 1307 2172 nuptiis
1330 2129 1539 2175 generavit?
1569 2130 1804 2177 interpretari
1835 2133 2092 2171 necessitatem
2119 2135 2226 2182 hujus

1170 2187 1436 2233 deprecationis
1466 2190 1590 2227 volens
1609 2218 1619 2235 ,
1652 2192 1817 2229 addidit:
1837 2193 1883 2229 Et
1903 2195 2086 2232 ntundabit
2114 2209 2189 2233 eam
2205 2210 2228 2233 α

1169 2251 1339 2297 profluvio
1358 2252 1538 2297 sanquinis
1565 2253 1641 2297 sui;
1660 2253 1872 2299 profluvium
1897 2257 2081 2304 sanguinis
2102 2258 2227 2296 inohe»

1170 2312 1341 2348 dicntiam
1364 2313 1514 2357 dicens3
1546 2314 1642 2351 unde
1666 2315 1890 2352 immunditia
1911 2323 1946 2354 et
1964 2328 2071 2363 poena
2093 2319 2169 2364 ejus
2189 2321 2227 2356 in

1171 2379 1284 2410 totum
1303 2384 1415 2421 genus
1434 2375 1631 2412 humanum
1663 2376 1783 2421 fluxit,
1804 2388 1910 2424 quam
1930 2384 1967 2415 ct
1985 2390 2050 2416 nos
2067 2379 2226 2425 depona-

1170 2445 1264 2477 muS‚
1276 2435 1454 2471 sacrificia
1474 2447 1539 2482 pro
1557 2437 1674 2480 nobis,
1688 2448 1769 2483 quae
1789 2439 1993 2483 dictasunt,
2005 2439 2225 2480 offerentesz

1171 2493 1269 2528 Duos
1289 2499 1441 2529 turtures
1462 2500 1521 2528 aut
1536 2494 1623 2529 duos
1636 2494 1751 2541 pullos
1769 2496 2138 2546 columbarum,Legis
2148 2510 2224 2536 me—

1172 2553 1382 2588 ditationem
1401 2579 1410 2596 ,
1431 2554 1842 2601 contemplationemque
1861 2582 1870 2599 ,
1890 2561 1926 2593 et
1943 2558 2132 2595 scientiam
2149 2560 2226 2598 sive

1172 2612 1426 2657 cognitionem.
1445 2613 1580 2649 llorum
1599 2614 1696 2650 enim
1727 2615 1862 2654 habere
1881 2617 2034 2664 ssguram
2052 2621 2228 2666 praedicta

1172 2672 1339 2707 animalia
1359 2674 1643 2710 demonstratum
1668 2681 1748 2719 est;
1770 2677 1853 2722 quia
1872 2683 1991 2715 autem
2009 2680 2228 2727 negligentia

1171 2732 1259 2778 legis
1281 2734 1544 2769 immunditiam
1564 2735 1770 2772 hominibus
1793 2736 2016 2782 introduxit,
2038 2741 2226 2779 meditatio

1171 2798 1207 2828 et
1230 2793 1392 2836 scicntia,
1407 2803 1472 2839 per
1489 2804 1597 2839 quam
1617 2795 1809 2832 manifeste
1828 2799 2005 2836 eorrectio
2025 2802 2192 2846 provenit
2214 2828 2226 2847 ,

1119 2879 1153 2918 D
1171 2852 1347 2888 mundare
1366 2852 1594 2899 liberareque
1614 2864 1680 2890 nos
1695 2855 1740 2891 ab
1762 2855 1861 2892 illata
1881 2857 2018 2903 pridem
2041 2870 2147 2905 poena
2161 2871 2226 2906 po-

1171 2913 1256 2949 terit
1273 2914 1307 2948 in
1328 2913 1472 2950 Christo
1491 2914 1575 2950 Jcsu
1594 2915 1747 2952 Domino
1768 2923 1905 2954 nostro.
1929 2919 2024 2967 Ergo
2050 2921 2225 2960 Dominus

1169 2979 1300 3009 nostrae
1326 2984 1391 3020 per
1412 2975 1533 3010 omnia
1563 2986 1704 3012 memor
1731 2978 1859 3014 salutis
1879 2990 1951 3016 non
1973 2981 2087 3018 solum
2116 2984 2225 3021 homo

1168 3035 1246 3071 fieri
1275 3047 1357 3072 cnm
1377 3037 1472 3073 Deus
1496 3043 1607 3082 esset,
1630 3040 1693 3075 sed
1724 3040 1835 3076 etiam
1867 3051 1947 3077 cum
1975 3042 2076 3080 dives
2096 3050 2190 3081 essct
2212 3072 2222 3088 ‚

1165 3105 1303 3141 pauper
1319 3088 1402 3131 'fieri
1422 3096 1591 3143 dignatus
1618 3102 1674 3133 est
1690 3107 1755 3143 pro
1774 3099 1877 3135 nobis
1891 3126 1901 3143 ,
1918 3104 1958 3135 ut
1974 3111 2040 3137 nos
2057 3112 2121 3138 sua
2139 3112 2225 3147 pau-

1167 3160 1307 3200 pertate
1323 3155 1429 3191 simul
1445 3161 1481 3191 et
1495 3156 1736 3200 humanitate,
1747 3158 1954 3194 divitiarum
1971 3165 2007 3196 et
2021 3160 2223 3196 divinitatis

1169 3226 1243 3252 suae
1262 3216 1413 3252 donaret
1435 3226 1514 3252 esse
1530 3217 1737 3263 participes.
1759 3217 1831 3253 Sed
1850 3218 1937 3254 libet
1958 3218 2140 3264 paulisper
2166 3219 2222 3255 in-

1169 3281 1261 3320 tueri
1281 3292 1344 3317 cur
1371 3282 1427 3317 lite
1446 3281 1603 3316 maxime
1629 3280 1794 3316 volucres
1827 3281 1864 3315 in
1897 3281 2050 3316 hostiam
2078 3280 2222 3318 Domini

1164 3340 1377 3386 juberentur
1394 3340 1542 3383 offerri:
1558 3350 1640 3376 nam
1654 3345 1691 3376 et
1704 3339 1884 3375 Abraham
1897 3339 2103 3384 patriarcha
2118 3346 2222 3379 tanto

1169 3406 1254 3438 ante
1284 3400 1400 3446 Iegem
1432 3405 1625 3444 tempore,
1638 3399 1704 3433 has
1738 3398 1773 3432 in
1805 3397 2054 3435 holocaustum
2077 3399 2221 3438 Domini

1168 3457 1299 3504 legitur
1315 3456 1501 3499 obtulisse,
1516 3462 1553 3491 et
1572 3455 1609 3490 in
1639 3454 1820 3500 plerisque
1845 3453 1935 3501 legis
1963 3458 2188 3496 caeremoniis
2205 3484 2217 3504 ,

1168 3517 1237 3563 qui,
1250 3515 1478 3552 mundandus
1499 3518 1618 3557 esset,
1654 3523 1720 3559 per
1745 3514 1810 3550 has
1824 3514 2019 3560 iubebatur
2035 3519 2218 3571 mundari,

1168 3573 1339 3611 Columba
1357 3580 1444 3618 ergo
1463 3570 1729 3616 simplicitatem
1744 3597 1754 3614 ,
1785 3575 1904 3609 turtur
1922 3573 2056 3612 indicat
2069 3576 2217 3613 castita-

1169 3637 1238 3669 tem
1259 3643 1268 3665 :
1294 3630 1379 3676 quia
1410 3633 1448 3664 et
1474 3627 1640 3664 columba
1687 3629 1947 3676 simplicitatis,
1978 3638 2014 3669 et
2039 3622 2224 3674 castitatis

1169 3679 1287 3728 tffrtur
1309 3693 1455 3726 amator
1475 3695 1547 3733 cst,
1576 3687 1627 3725 ita
1650 3693 1688 3725 ut
1717 3688 1747 3726 si
1776 3689 1964 3739 conjugem
1990 3691 2076 3731 casu
2095 3686 2215 3742 perdiss

1117 1978 1146 2020 C
