2540 4016
37 147 50 181 ῑ
62 131 153 193 ξθὶῠ

556 128 912 166 ENARRATIONES
937 127 983 163 ΙΝ
1008 126 1184 163 LIBRUM
1207 126 1519 166 NUMERORUM.
1545 149 1592 156 —
1615 130 1704 167 Lm.
1729 131 1758 166 1.

2185 136 2256 173 650

31 220 49 250 f
70 212 209 259 ‘Utiqtie
235 214 375 258 propter
394 219 456 244 nos
479 208 553 249 hato
571 207 703 253 scripta
729 210 826 248 sunt,
844 203 1011 251 quoniam
1034 201 1133 236 debet
1150 202 1186 242 Α
1201 201 1346 238 lumem
1360 209 1448 247 ergo
1466 207 1579 243 mne,
1596 201 1805 248 mimo&
1825 203 1954 241 divisio
1973 207 2126 244 efficitur
2145 207 2192 244 in·
2201 208 2258 245 θ’.

69 272 186 313 ἀι-(110
206 276 244 311 in
270 284 328 320 spe
346 273 407 320 qui
428 275 519 313 arat,
538 268 647 317 etqui
677 267 834 312 triturat,
852 267 891 303 in
921 275 983 312 spe
999 263 1135 310 fructus

80 335 294 384 percipiendi
310 333 347 382 (Ι
363 332 445 374 Gor.
461 331 528 379 ix).
553 330 599 366 111
615 339 704 376 ergo
725 328 788 377 qui
803 325 1040 374 apostolicam
1054 331 1137 360 nor-

81 409 177 435 mam
202 399 238 434 in
262 395 519 444 praedicatione
542 399 579 433 et
610 389 886 430 conversatione
904 390 1135 435 conservant,

81 460 213 496 merito
233 456 423 495 beneficiis
451 453 678 494 subditorum
707 455 920 499 pascuntur.
952 446 1055 493 Quod
1075 456 1138 481 au-

82 526 158 556 tem
178 519 353 565 scriptum
385 522 455 561 est,
475 525 587 552 unum
613 514 818 561 plaustrum
844 509 1020 548 obtulisse
1048 507 1139 543 duos

82 582 206 624 duces,
229 585 267 616 01
290 589 402 617 unum
434 579 564 614 bovem
584 575 759 622 singulos,
783 572 943 610 ostendit
967 575 1055 605 tunc
1083 578 1140 604 ac-

82 645 227 686 ceptum
253 638 411 674 officium
443 647 523 674 esse
552 635 756 678 charitatis,
784 634 816 670 si
847 638 922 669 tam
945 642 990 668 ex
1018 630 1140 665 animo

82 711 191 750 quam
213 701 324 736 etiam
345 709 390 737 ex
420 709 571 745 corpore
591 697 820 738 exhibeatur,
839 694 938 741 quia,
969 690 1141 738 Apostolo

81 752 188 805 teste,
222 760 385 797 Hilarem
417 759 577 795 datorem
613 757 728 804 ditiyit
759 756 854 792 Deus
871 754 930 802 (11
960 752 1042 788 Cor.
1072 749 1139 795 lx).

83 824 223 872 Singuli
242 829 363 859 autem
378 823 488 858 boves
504 821 586 856 ideo
604 819 715 856 oblati
732 823 851 854 sunta
869 813 1021 860 singulis
1037 811 1143 847 duci-

81 886 163 928 bus,
197 890 239 921 ut
269 883 463 920 ostendant
489 882 665 917 unitatem
695 878 778 914 fidei
806 882 842 913 et
874 872 1141 920 simplicitatem

80 946 184 982 bonae
204 943 416 981 intentionis
432 951 515 978 cum
529 941 589 987 pio
607 940 731 975 labore
746 938 786 972 in
803 933 1012 971 doctoribus
1029 930 1142 966 maxi-

81 1017 140 1042 me
158 1005 311 1042 Domino
330 1004 484 1049 placere.
518 1001 611 1036 Sunt
638 1005 760 1034 tamen
789 995 899 1040 aliqui
927 994 963 1028 iu
982 991 1143 1028 doctori-

80 1070 162 1110 bus,
193 1066 254 1112 qui
284 1069 469 1109 sumptum
489 1059 716 1105 corporalem
739 1058 784 1093 ab
816 1054 1045 1092 auditoribus
1066 1052 1141 1089 suis

1207 262 1301 299 liciis
1323 259 1518 301 ministerii
1529 259 1658 303 divini,
1674 265 1714 298 et
1736 262 1919 306 quamodo
1934 263 1997 305 ina
2014 267 2160 311 quidem
2177 279 2257 315 ‹1¹¹ae

1205 328 1334 361 sancta
1353 327 1439 362 sunt
1456 331 1531 358 non
1562 320 1799 366 impunitum·
1818 323 2000 366 portanda
2031 326 2079 363 1111
2094 329 2258 367 animati.

1205 383 1275 419 hus
1293 383 1416 426 mutis,
1435 382 1502 418 sed
1517 378 1755 417 rationabiles
1775 389 1857 418 esse
1874 380 2010 419 debent
2023 383 2204 430 hominen,
2221 393 2259 425 ot

1206 443 1246 479 in
1269 442 1432 478 humeris
1460 442 1537 479 suis
1559 446 1709 488 portare
1738 449 1841 484 vasa,
1872 441 2005 487 quibus
2031 442 2259 482 ministratur

1206 502 1303 538 intra
1322 501 1456 538 Sancta
1475 506 1698 538 sanctorum.
1718 494 1771 536 Ea
1789 501 1876 536 'vero
1896 511 1977 547 quae
1996 501 2164 546 graviora
2181 511 2265 540 sunt

1206 570 1243 603 et
1258 562 1417 606 duriora,
1439 572 1512 598 non
1530 567 1604 598 tam
1620 560 1898 598 rationabilibus
1924 572 2035 607 quam
2049 562 2162 598 mutis
2177 572 2265 609 por-

1208 624 1318 661 tanda
1352 623 1570 659 animalibus
1602 623 1852 668 imponuntur.
1875 620 1948 658 Sed
1984 622 2077 658 etin
2102 621 2192 668 ipsis
2215 629 2268 658 est

1209 685 1330 731 aliqua
1359 683 1576 729 differentia.
1597 682 1690 718 Nam
1706 679 1759 718 illi
1781 682 1843 728 qui
1869 681 2022 718 duriora
2040 686 2077 718 et
2099 682 2267 728 graviora

1209 747 1404 783 observant
1432 744 1649 787 ministeria,
1676 743 1781 790 plura
1805 743 1942 780 habent
1964 742 2149 779 animalia.
2175 742 2271 786 Qua-

1209 815 1294 844 tuor
1318 808 1416 844 cnim
1440 807 1603 853 plaustra
1633 808 1765 843 dantur
1792 806 1878 842 111115
1903 804 2062 860 11101011ς
2087 805 2172 840 111115
2203 815 2271 840 au-

1211 876 1282 906 tem
1306 869 1446 906 Gerson
1471 870 1533 916 qui
1564 874 1670 906 erant
1696 878 1808 914 prope
1839 867 1932 903 lilios
1952 867 2081 909 caath,
2108 868 2179 903 duo
2196 872 2272 902 tanu

1210 936 1286 967 tum
1301 931 1465 976 plaustra
1483 929 1677 966 sufficiunt.
1704 929 1758 964 Ex
1775 928 1907 974 quibus
1927 927 2148 970 ostenditur,
2174 926 2273 972 quod

1209 990 1381 1035 operibus
1398 990 1546 1035 quidem
1564 989 1786 1031 durioribus,
1805 994 1843 1025 et
1857 994 1897 1023 ut
1911 988 1961 1023 ita
1978 988 2097 1024 dicam
2117 987 2272 1024 crassio-

1211 1049 1326 1092 ribus,
1345 1050 1469 1095 plures
1482 1055 1568 1085 sunt
1585 1050 1647 1094 qui
1667 1049 1766 1085 velut
1786 1049 1963 1085 animales
1978 1049 2183 1084 inserviunt
2202 1061 2210 1083 ε
2229 1047 2274 1084 ad

81 1139 153 1166 non
171 1125 375 1171 requirunt,
397 1122 460 1158 sed
477 1120 635 1167 propriis
662 1117 828 1154 manibus
850 1117 1072 1156 laborantes,
1088 1113 1141 1148 11-
1160 1106 1192 1146 Β
1211 1121 1254 1148 ea
1273 1121 1359 1147 vero
1391 1121 1470 1156 quae
1491 1109 1768 1146 rationabilibus
1797 1114 2056 1155 procurantur,
2084 1109 2189 1154 pauci
2211 1108 2273 1152 qui

81 1195 180 1226 ctum
200 1186 268 1223 sibi
283 1187 504 1231 praeparant,
525 1186 706 1231 quatenus
731 1178 786 1214 sui
805 1176 939 1212 laboris
957 1174 1143 1221 propriam

81 1247 285 1285 mercedem
305 1255 325 1280 a
355 1243 429 1280 Deo
452 1242 644 1288 accipiant.
666 1239 769 1277 Unde
791 1238 925 1274 Paulus
938 1234 1139 1273 Corinthiis

81 1310 154 1345 ait:
178 1307 272 1344 Nam
298 1306 328 1341 si
354 1303 651 1350 evanqelizavero,
673 1312 742 1336 non
760 1306 809 1336 est
824 1299 911 1335 milti
928 1298 1042 1345 yloria
1058 1308 1069 1333 :
1088 1307 1146 1332 ne-

82 1369 224 1406 cessitas
240 1366 326 1402 mihi
341 1364 525 1402 incumbit.
552 1362 614 1399 Vae
630 1363 722 1398 enim
738 1361 822 1396 milti
839 1366 888 1396 est
903 1360 933 1395 si
955 1370 1023 1395 non
1041 1369 1145 1394 evan-

81 1430 287 1478 gelizavero.
307 1427 346 1463 Si
364 1427 456 1463 enim
479 1425 595 1462 volens
611 1425 674 1459 Ιιοι·
701 1434 780 1469 ayo,
796 1421 989 1458 mercedem
1007 1419 1115 1454 habeo
1132 1426 1143 1451 .·

81 1491 110 1526 si
131 1495 247 1525 antem
263 1487 404 1529 invitus,
424 1484 639 1530 dispensatio
658 1483 742 1518 mihi
760 1482 892 1517 credita
908 1487 969 1516 est.
992 1479 1079 1522 Qate
1096 1483 1144 1513 est

83 1562 162 1597 erqo
180 1559 309 1584 merces
326 1559 401 1582 ntea
414 1547 429 1581 ?
440 1552 476 1581 ut
489 1544 718 1591 Evanqelium
733 1542 944 1589 proediwns,
962 1541 1035 1576 sine
1049 1549 1146 1575 sum-

82 1617 143 1658 ptu
170 1619 297 1656 ponam
321 1606 567 1653 Evauqelmm,
587 1611 624 1640 ut
642 1616 709 1641 non
727 1605 854 1640 abutar
881 1607 1049 1649 potestate
1069 1610 1146 1635 mea

82 1673 120 1708 in
138 1670 329 1717 Evangelio
359 1669 394 1715 (Ι
419 1668 500 1704 Cor.
534 1667 598 1715 1x).
633 1666 756 1712 Neque
781 1666 960 1702 silendum
988 1663 1148 1699 arbitror

84 1732 180 1779 quod
195 1731 436 1768 duodenarius
452 1739 625 1766 numerus
638 1735 933 1773 unumquemque
945 1724 1142 1763 hominem,

83 1799 120 1830 et
139 1791 402 1839 plenitudinem
420 1790 595 1836 temporis
621 1788 791 1832 orbisque
825 1787 934 1822 situm
956 1782 1147 1829 complecti

84 1854 242 1891 videtur.
276 1853 368 1890 Nam
390 1854 498 1889 homo
526 1862 570 1888 ex
601 1855 739 1896 septem
766 1848 933 1894 partibus
959 1850 1142 1887 constans,

86 1915 203 1951 tribus
225 1915 261 1950 in
292 1914 428 1956 anima,
448 1918 484 1949 et
502 1918 658 1958 quatuor
685 1911 720 1946 in
739 1918 892 1955 corpore
910 1905 1147 1953 qualitatibus

86 1976 266 2013 consistit.
289 1974 374 2011 Sive
403 1980 526 2010 autem
554 1978 710 2018 quatuor
726 1975 865 2017 partes,
890 1969 966 2004 sive
987 1974 1062 2003 tres
1081 1975 1147 2011 per

1211 1171 1332 1206 minus
1356 1170 1523 1205 instructi
1542 1175 1605 1204 aut
1619 1168 1752 1204 eruditi
1767 1168 1949 1211 videntur,
1971 1168 2160 1204 accedunt.
2180 1166 2272 1203 Nam

1212 1235 1273 1272 illa
1300 1245 1381 1281 quae
1412 1234 1569 1280 mystica
1598 1237 1736 1269 suntet
1770 1232 1807 1268 in
1838 1232 1990 1268 secretis
2013 1231 2216 1275 recondita,
2239 1236 2275 1267 et

1214 1299 1303 1335 solis
1323 1297 1574 1334 sacerdotibus
1592 1300 1730 1342 patent,
1757 1304 1830 1331 non
1851 1294 1967 1330 solum
1991 1294 2112 1330 nullus
2135 1294 2277 1330 anima-

1213 1360 1258 1396 lis
1272 1361 1380 1395 1101110
1400 1358 1556 1401 accedit,
1576 1357 1638 1393 sed
1654 1366 1699 1392 ne
1719 1356 1788 1402 ipsi
1809 1355 1955 1401 quidem
1971 1355 2034 1401 qui
2051 1355 2186 1391 habere
2208 1354 2275 1390 ali-

1216 1420 1301 1467 quid
1328 1419 1492 1455 exercitii
1521 1422 1558 1454 et
1592 1416 1808 1454 eruditionis
1825 1416 2009 1458 videntur,
2041 1415 2202 1451 nondum
2224 1420 2278 1450 ta-

1215 1493 1298 1520 men
1325 1487 1448 1518 mente
1478 1484 1515 1516 et
1539 1479 1614 1515 vita
1643 1479 1688 1514 ad
1718 1476 1980 1514 sacerdotalem
2015 1475 2170 1522 gratiam
2192 1485 2278 1512 con-

1216 1542 1447 1580 scenderunt.

1611 1598 1764 1635 CAPUT
1792 1598 1884 1634 Xlll.

1216 1665 1268 1701 De
1289 1664 1463 1701 oblatione
1491 1664 1619 1699 dacum
1636 1662 1756 1709 populi
1778 1661 1983 1705 Israelitici,
2004 1668 2036 1697 et
2058 1660 2279 1696 dedicatione

1595 1709 1721 1746 altaris
1747 1709 1905 1745 Domini.

1266 1787 1386 1835 (lam.)
1407 1786 1526 1833 Igitur
1547 1784 1745 1821 obtulerunt
1773 1784 1878 1820 duces
1896 1784 1934 1819 in
1955 1783 2211 1819 dedicationem
2228 1781 2282 1818 al·

1218 1851 1319 1892 taris,
1345 1848 1400 1883 die
1418 1859 1489 1894 qua
1514 1852 1658 1883 anctum
1677 1851 1740 1889 est,
1759 1844 1971 1880 oblationem
1998 1855 2100 1880 snam
2125 1849 2205 1879 ante
2225 1842 2281 1878 al-

1219 1915 1306 1944 tare.
1340 1907 1529 1943 Dedicatio
1564 1906 1705 1948 altaris,
1748 1905 1976 1942 consecratio
2007 1909 2061 1940 est
2092 1903 2279 1940 Ecclesiae.

1219 1970 1304 2005 Dies
1334 1974 1454 2004 autem
1482 1967 1542 2003 ille
1572 1977 1643 2012 quo
1662 1972 1814 2002 unctum
1829 1971 1884 2002 est
1912 1966 2039 2007 altare,
2065 1969 2207 2010 tempus
2226 1968 2283 1999 est

86 2043 239 2084 quatuor
267 2035 497 2081 multiplices,
522 2033 785 2070 duodenarium
804 2039 996 2067 numerum
1024 2026 1144 2064 homi·
1167 2010 1197 2052 C
1220 2028 1481 2066 incarnationis
1514 2027 1727 2070 Dominicae,
1758 2026 1904 2072 quando
1933 2030 2016 2071 post
2045 2024 2284 2060 resurrectio-

86 2108 170 2135 nem
195 2103 312 2134 totum
340 2095 589 2141 circumplecti
619 2105 690 2130 non
711 2093 850 2129 latebit.
883 2091 1037 2127 Mundus
1056 2099 1147 2136 quo-

87 2168 158 2203 que
175 2156 364 2194 duodecim
382 2156 502 2192 ventis
516 2155 744 2192 terminatur.
766 2152 839 2190 Sed
854 2158 890 2189 et
912 2152 998 2188 anni
1013 2150 1147 2187 duode-

87 2217 145 2253 nis
164 2217 363 2260 mensibus,
386 2217 481 2253 sicut
499 2221 534 2251 et
562 2215 639 2251 dies
669 2214 769 2251 horis
796 2212 1143 2250 circumvolvuntur.

88 2277 143 2313 Ex
161 2277 293 2323 quibus
308 2276 477 2313 omnibus
501 2276 717 2323 colligimus,
741 2285 885 2311 omnem
906 2274 1091 2310 hominem
1110 2274 1147 2309 in

87 2336 187 2373 0111111
216 2335 296 2372 1000
329 2342 367 2372 01
398 2340 561 2380 tempore
593 2334 638 2371 ad
671 2335 945 2372 tabernaculum
972 2334 1037 2370 Dei
1065 2344 1148 2370 cum

88 2394 196 2442 digna
211 2394 346 2431 virtute
367 2404 562 2441 properare
576 2395 721 2432 debere.

136 2455 262 2503 Itaque
288 2467 368 2492 cum
396 2457 599 2502 suscepisset
627 2456 765 2502 Moyses
791 2456 950 2502 plaustra
971 2463 1003 2491 et
1035 2456 1147 2498 boves,

89 2516 236 2555 tradidit
264 2527 322 2553 eos
352 2516 492 2553 Levitis.
523 2517 603 2552 Duo
634 2516 794 2563 plaustra
818 2515 850 2552 et
869 2523 1020 2563 quatuor
1050 2517 1149 2551 boues

90 2578 184 2615 dedit
211 2578 295 2623 filiis
315 2577 461 2621 Gerana,
479 2578 585 2623 juxta
603 2578 640 2612 id
670 2578 762 2623 quod
794 2578 967 2613 habebant
987 2588 1148 2612 necessa-

91 2639 182 2675 riam
199 2650 211 2681 ,·
227 2643 379 2684 quatuor
394 2637 464 2673 alia
481 2637 655 2683 plaustra,
678 2644 710 2673 et
738 2644 814 2673 octo
833 2638 933 2674 boves
951 2638 1048 2674 dedit
1063 2638 1150 2683 filiis

92 2697 239 2741 Mercari,
268 2698 457 2735 secundum
485 2699 595 2745 officia
625 2705 657 2734 et
677 2698 809 2734 cultum
827 2710 930 2735 suum
949 2700 1013 2735 sub
1041 2711 1150 2736 manu

93 2756 255 2796 Ithamar
281 2757 347 2803 fita·
374 2758 492 2794 Aaron
524 2758 729 2795 sacerdotis.
761 2759 795 2794 F
797 2759 868 2795 iliis
895 2767 1010 2796 autem
1038 2760 1150 2797 Caath

94 2832 164 2857 non
189 2820 283 2856 dedit
311 2819 472 2867 plaustra
498 2828 531 2857 et
552 2821 664 2865 boves,
679 2823 763 2869 quia
784 2823 822 2858 in
849 2825 1053 2859 sanctuario
1079 2835 1153 2860 ser-

94 2881 217 2926 viunt,
262 2887 294 2918 et
324 2892 431 2918 onera
463 2883 614 2928 propriis
650 2888 790 2928 portant
827 2884 995 2920 humeris.
1034 2884 1151 2931 Supe-

95 2942 172 2980 rius
203 2948 323 2979 autem
353 2944 527 2990 scriptum
552 2950 609 2980 est
636 2944 827 2990 quod·tilii
858 2945 972 2983 Caath
1001 2954 1150 2993 portare

97 3003 269 3041 deberent
293 3004 449 3050 propriis
482 3003 643 3042 1101110115
678 3007 948 3044 tabernaculum
978 3008 1146 3053 foederis,

97 3064 268 3105 Sanctum
299 3071 522 3109 sanctorum,
559 3077 703 3111 arcam,
738 3068 877 3112 altare,
914 3079 1081 3106 mensam
1113 3077 1150 3108 et

97 3127 366 3170 candelabrum,
391 3131 428 3163 et
443 3127 564 3164 omnia
583 3138 670 3165 vasa
691 3139 817 3166 eorum
834 3130 995 3168 involuta
1013 3132 1146 3179 palliis,

97 3186 372 3224 Gersonitarum
391 3193 513 3225 autem
537 3188 652 3225 officia
683 3200 776 3235 esse,
798 3197 838 3227 ut
864 3197 1011 3238 portent
1040 3194 1148 3231 corti-

97 3258 165 3285 nas
190 3249 416 3285 tabernaculi
443 3253 480 3285 et
510 3254 643 3286 tectum
680 3250 849 3294 foederis,
881 3254 1151 3300 operimentum

99 3308 208 3353 aliud,
235 3314 272 3345 et
291 3319 398 3356 super
416 3311 538 3346 omnia
563 3311 727 3348 velamen
756 3312 1049 3360 hyacinthinum,
1071 3321 1151 3352 ten-

100 3369 302 3416 toriumque
317 3369 414 3416 quod
431 3371 563 3416 pendet
586 3370 622 3406 in
642 3371 791 3408 introitu
812 3371 960 3411 soederis
981 3376 1151 3411 taberna-

101 3427 188 3473 culi,
203 3429 364 3470 cortinas
382 3429 466 3466 atrii
479 3433 517 3466 et
531 3429 651 3467 velum
665 3429 703 3466 111
721 3430 873 3468 1111τοί10
887 3433 984 3479 quod
998 3438 1056 3470 est
1069 3439 1154 3471 ante

101 3490 385 3535 tabernaculum,
405 3489 538 3528 ‘omnia
561 3480 708 3538 quae'ad
726 3492 840 3529 altare
874 3503 1013 3529 aeneum
1038 3494 1151 3539 perti-

100 3555 203 3596 nent,
219 3550 398 3590 mniculos
422 3557 460 3588 et
474 3561 563 3590 vasa
581 3553 788 3590 ministerii.
807 3553 988 3590 Meraritae
1006 3563 1151 3601 quoque

82 3664 84 3666 ‚
103 3610 202 3655 Μ’
222 3616 411 3659 portarent
428 3612 569 3650 tabulas
594 3613 819 3651 tabernaculi
846 3619 883 3651 et
911 3618 1034 3651 vectes
1055 3612 1148 3659 ejus,

103 3667 342 3710 comet
351 3681 441 3711 vasa
457 3682 598 3718 eorum,
621 3673 808 3711 columnas
822 3684 966 3722 quoque
982 3673 1067 3711 atrii
1083 3683 1150 3721 per

26 3787 102 4016 1

104 3729 403 3803 (thenitanum
426 3734 576 3778 basibus
599 3739 638 3777 et
662 3734 807 3794 paxillis
823 3740 860 3778 et
884 3734 1034 3785 funibus
1057 3735 1148 3778 suis.

1216 2103 1302 2129 nem
1321 2098 1356 2128 01
1375 2090 1627 2128 ascensionem
1642 2089 1802 2132 Domini,
1824 2098 1891 2134 per
1917 2087 2076 2134 Spiritus
2091 2085 2209 2122 sancti
2227 2084 2283 2120 01-

1219 2153 1399 2189 fusionem
1419 2151 1600 2187 universis
1617 2155 1735 2187 coetus
1762 2150 1799 2186 in
1826 2149 2013 2187 coenaculo
2033 2148 2122 2184 Sion
2151 2147 2286 2184 sancti-

1218 2215 1350 2252 ficatus
1369 2219 1424 2251 cst
1451 2213 1692 2250 credentium.
1715 2211 1814 2248 Bene
1844 2221 1930 2257 ergo
1949 2211 2087 2247 dictum
2108 2215 2165 2246 est
2187 2208 2286 2255 quod

1220 2277 1330 2313 duces
1356 2275 1578 2311 oblationem
1609 2284 1711 2310 suam
1741 2273 1942 2310 obtulerint
1961 2272 1998 2308 in
2018 2270 2284 2309 dedicationem

1219 2337 1359 2379 altaris,
1391 2336 1476 2382 quia
1511 2335 1763 2380 unusquisque
1787 2334 1949 2370 fidelium
1977 2338 2086 2378 prout
2116 2330 2186 2366 sibi
2211 2330 2285 2365 cle-

1221 2398 1356 2436 mentia
1386 2397 1506 2432 divina
1536 2405 1642 2441 posse
1668 2395 1904 2437 concesserit,
1922 2393 2142 2430 oblationem
2172 2395 2283 2427 rectae

1219 2459 1318 2501 fidei,
1338 2462 1473 2493 sanctae
1491 2455 1666 2492 doctrinae
1685 2460 1722 2490 et
1747 2455 1925 2492 bonorum
1943 2463 2108 2499 operum,
2131 2452 2176 2488 ad
2202 2461 2283 2498 pro-

1220 2519 1354 2555 fectum
1383 2523 1419 2554 et
1438 2518 1614 2554 honorem
1643 2519 1778 2552 sanctae
1808 2513 1979 2550 Ecclesiae
1999 2512 2130 2549 offerre
2158 2510 2276 2548 debet.

1221 2578 1396 2626 Sequitur
1413 2591 1422 2614 :

1266 2639 1365 2676 Dixit
1383 2637 1556 2674 Dominus
1585 2638 1630 2674 ad
1652 2637 1819 2685 Moysen:
1839 2637 1979 2684 sinquli
2000 2636 2105 2672 duces
2130 2646 2192 2682 per
2209 2636 2282 2672 sin-

1220 2701 1320 2749 qulos
1348 2702 1420 2737 dies
1453 2702 1598 2747 offerent
1620 2711 1765 2736 munera
1787 2702 1822 2735 in
1855 2699 2110 2735 dedicationem
2141 2699 2280 2735 altaris.

1222 2763 1315 2808 Quid
1336 2768 1391 2799 cst
1411 2773 1497 2809 ergo
1514 2762 1610 2808 quod
1632 2762 1792 2808 singulos
1817 2762 1927 2797 duces
1940 2759 2052 2807 jussit
2068 2770 2135 2807 per
2160 2760 2282 2806 singu-

1221 2827 1275 2863 los
1295 2826 1372 2862 dics
1386 2823 1519 2860 offerre
1545 2833 1710 2866 munera,
1736 2822 1805 2858 11151
1831 2822 1926 2868 quod
1947 2822 2050 2858 nobis
2068 2821 2279 2868 spiritaliter

1222 2887 1354 2930 innuit,
1374 2885 1468 2932 quod
1489 2885 1598 2922 duces
1619 2884 1747 2928 nostri,
1781 2883 1816 2919 id
1846 2889 1915 2926 est,
1938 2883 2194 2928 praedicatores
2215 2893 2280 2919 no-

1209 2948 1290 2994 ,stri
1309 2947 1439 2988 sancti,
1475 2956 1518 2982 ac
1547 2946 1715 2981 ductores
1734 2944 1875 2980 itineris
1892 2944 1999 2987 recti,
2023 2943 2109 2979 licet
2134 2943 2281 2980 casdem

1223 3009 1364 3055 species
1390 3005 1608 3054 spiritalium
1627 3014 1820 3042 munerum
1840 3004 1917 3040 sivc
1935 3014 2000 3051 per
2018 3003 2221 3040 doctrinam
2241 3003 2282 3039 11-

1222 3070 1280 3107 dei
1304 3069 1503 3111 catholicae,
1533 3067 1609 3103 sive
1642 3076 1708 3112 per
1735 3066 1899 3112 exempla
1929 3065 2106 3102 bonorum
2130 3075 2280 3111 operum

1222 3129 1399 3174 deferant,
1416 3134 1538 3165 tamen
1561 3137 1628 3175 pro
1645 3126 1916 3174 opportunitate
1939 3126 2007 3163 loci
2029 3130 2091 3161 aut
2110 3125 2281 3170 temporis

1222 3192 1457 3235 distribuunt,
1477 3196 1513 3227 et
1533 3200 1604 3226 non
1627 3189 1764 3237 pariter
1783 3198 1845 3224 eas
1862 3187 2064 3234 proferunt,
2094 3190 2202 3231 prout
2219 3183 2280 3221 ille

1217 3254 1440 3292 ordinaverit
1457 3251 1546 3288 utile
1568 3256 1605 3287 et
1618 3250 1764 3286 salubre
1778 3257 1872 3290 esse,
1888 3246 1925 3282 in
1942 3244 2045 3290 cujus
2060 3254 2169 3280 manu
2182 3243 2277 3288 loca,

1219 3321 1398 3362 tempora,
1422 3324 1481 3350 res
1499 3319 1537 3349 et
1555 3311 1704 3348 effectus
1723 3307 1884 3345 universi
1899 3304 2126 3343 consistunt?
2146 3304 2279 3342 Videa-

1219 3387 1302 3414 mus
1323 3386 1420 3413 nunc
1438 3385 1519 3421 quae
1536 3381 1687 3409 munera
1707 3370 1758 3406 illi
1786 3370 1897 3406 duces
1921 3366 2131 3408 obtulerunt
2146 3376 2278 3405 secun-

1221 3436 1307 3475 dum
1326 3439 1547 3483 praeceptum
1563 3431 1654 3477 legis
1677 3428 1827 3466 datoris.
2238 3467 2247 3472 ὁ

1267 3494 1390 3531 Primo
1417 3493 1473 3529 dae
1500 3491 1624 3527 obtulit
1643 3488 1852 3525 oblationem
1879 3497 1982 3524 suam
2012 3485 2161 3526 Nam„
2179 3488 2277 3536 lilius

1219 3554 1415 3592 Amtnadab
1433 3552 1475 3588 de
1495 3550 1586 3587 tribu
1605 3549 1716 3585 Juda.
1740 3542 1968 3595 Fueruntqae
1982 3548 2019 3584 in
2033 3534 2091 3594 ἔα,
2107 3548 2274 3589 acetabu-

1220 3615 1294 3651 lum
1327 3617 1527 3660 arqenteum
1565 3607 1762 3656 appendens
1792 3611 1930 3644 centum
1970 3608 2115 3656 triginta
2154 3606 2275 3646 siccos.

1214 3673 1350 3715 Phiala
1367 3677 1530 3720 arqentea
1546 3668 1675 3705 habens
1693 3667 1915 3717 septuaqinta
1941 3666 2044 3705 siclos
2053 3668 2163 3716 Juxta
2181 3677 2272 3716 pon-

1219 3735 1285 3773 dus
1311 3730 1529 3784 sanctuarii:
1547 3734 1732 3781 utrumque
1760 3727 1903 3789 plenum
1934 3727 2053 3772 simila
2070 3738 2270 3790 *eurupam
