2540 4016
16 177 90 216 “01

16 312 191 349 «diffusam
223 312 398 348 maculam
427 320 498 347 non
528 309 687 350 invenit,
719 317 787 343 nec
811 306 1069 342 exuberantem

18 375 264 422 ziinpietatem,
292 373 326 409 id
347 377 412 414 est,
433 371 490 407 his
511 370 656 416 quidem
675 368 736 414 qui
760 370 1013 414 peccaverunt,
1031 371 1071 401 ut

16 441 109 481 spote
142 435 411 482 poenitentibus,
441 432 608 481 ignoscit,
641 437 678 469 et
707 436 748 467 ut
780 441 825 468 ex
861 429 1070 466 infirmitate

16 497 282 542 meccantibus;
322 497 487 543 dogmata
517 499 637 530 autem
667 499 704 530 et
735 498 1002 541 syngrammata
1035 492 1071 527 in

17 557 157 602 -quibus
181 562 236 593 est
263 556 497 603 intelligibilis
520 555 620 601 lepra
637 582 647 598 ,
678 554 845 590 videlicet
877 551 1073 598 impietatis

19 616 181 659 macula,
209 617 287 652 haec
317 626 388 652 non
415 615 529 651 solum
561 619 663 650 extra
695 614 855 655 domum,
886 611 950 647 sed
972 615 1075 646 extra

18 676 210 710 ¹civitatem
246 680 344 710 recte
375 673 582 720 projiciunt,
615 683 688 709 non
722 671 838 708 solum
869 672 912 707 de
932 680 1001 706 una
1032 678 1075 705 ea

17 735 190 776 ecclesia,
213 735 276 770 sed
295 739 331 770 et
349 735 392 770 de
410 734 605 770 universali
623 733 808 778 ejicientes
827 743 836 766 :
862 729 1076 767 universalis

19 794 123 830 enim
156 794 317 830 Ecclesia
340 793 540 830 Jerusalem
567 798 622 830 est
652 793 778 829 civitas
805 791 868 827 Dei
886 789 974 832 vivi,
995 798 1076 833 quae

19 854 188 889 continet
219 853 414 889 Ecclesiam
451 853 721 898 primitivorum
758 849 1000 893 conscriptam
1038 848 1075 883 in

17 914 148 957 ·coelis;
167 914 400 959 quamobrem
414 915 522 949 etiam
538 914 574 948 in
591 913 708 948 locum
729 909 952 945 immundum
970 907 1078 954 proji-

27 974 146 1016 ciunt,
184 974 279 1008 inter
318 973 569 1008 haereticorum
604 970 771 1006 videlicet
811 968 1075 1004 conventicula.

20 1034 94 1069 ⁶Hic
118 1039 172 1069 est
195 1034 290 1069 enim
314 1033 413 1067 locus
442 1031 663 1073 immundus,
684 1031 769 1076 quia
799 1029 920 1064 omnia
950 1027 1078 1074 recipit

28 1095 192 1141 dogmata
213 1093 419 1138 impietatis.
452 1092 496 1127 Et
517 1092 602 1137 quid
618 1097 700 1138 post
718 1092 816 1126 hacc?
836 1091 986 1126 Domum
1012 1102 1077 1125 au-

19 1213 200 1260 »pulverem
233 1224 382 1255 rasuroe,
417 1219 515 1248 extra
550 1213 669 1247 urbem
703 1213 740 1247 in
773 1211 848 1247 loco
878 1212 1074 1246 immundo.

19 1273 171 1309 lRadunt
186 1273 343 1316 domum,
366 1272 426 1318 qui
450 1272 561 1308 libros
588 1271 851 1308 ecclesiasticos
878 1272 1078 1317 intelligere

28 1339 134 1379 atque
161 1334 366 1370 discernere
386 1334 567 1370 subtiliter
592 1334 757 1377 student,
782 1339 822 1370 ut
849 1334 916 1380 ipsi
935 1344 1077 1369 omnem

19 1394 201 1429 malitiam
221 1394 410 1440 diligenter
428 1401 712 1440 perscrutantes,
734 1395 1002 1441 insidentesque
1018 1396 1080 1431 do-

28 1459 146 1490 ctores
172 1455 210 1490 in
236 1455 358 1500 pravis
381 1455 484 1491 libris
510 1456 651 1492 rasorio
678 1455 944 1500 dijudicationis
975 1465 1082 1490 excu-

31 1514 172 1557 tientes,
206 1515 323 1550 nullas
359 1515 396 1551 in
431 1526 472 1551 ea
507 1516 702 1561 impietatis
741 1516 860 1551 sinant
894 1525 1082 1552 remanere

30 1574 200 1618 reliquias
228 1585 236 1607 :
266 1575 327 1610 sed
360 1586 440 1621 quae
468 1577 684 1620 abraserint,
707 1577 786 1613 haec
808 1577 845 1612 in
872 1578 1081 1623 praedictum

30 1635 253 1671 immundum
280 1636 412 1680 locum,
439 1638 531 1673 sicut
555 1639 738 1675 immunda
764 1645 800 1675 et
823 1640 859 1675 in
888 1641 1083 1677 iminundis

30 1695 187 1738 inventa,
203 1701 300 1732 recte
318 1697 522 1743 deportent,
543 1699 751 1745 lapidesque
770 1700 859 1736 alios
878 1702 1002 1747 reponi
1017 1712 1084 1747 pro

18 1756 85 1791 {bis
108 1756 170 1802 qui
201 1757 311 1792 ablati
341 1757 503 1802 fuerant,
532 1765 567 1794 et
595 1760 669 1795 luto
694 1761 765 1796 alio
795 1761 892 1796 liniri
922 1762 1080 1797 domum.

19 1815 131 1859 ¹Quod
158 1816 294 1862 lapides
322 1824 486 1863 oporteat
516 1819 666 1867 intelligi
700 1821 867 1867 dogmata
904 1834 1086 1868 exponen-

28 1876 118 1911 tium
152 1877 311 1913 divinam
346 1879 461 1926 legem
494 1886 529 1916 et
559 1888 842 1928 syngrammata,
878 1885 1082 1930 dequibus,

18 1937 171 1982 -quando
190 1947 287 1974 sanae
306 1939 486 1976 doctrinae
507 1947 602 1984 sunt,
622 1952 693 1978 non
721 1943 916 1990 incongrue
933 1945 1082 1980 dicitur:

19 1996 181 2043 &Lapides
211 1999 327 2035 sancti
352 2000 542 2036 volvuntur
564 2012 671 2049 super
693 2008 847 2047 terram;
871 2009 907 2040 et
935 2015 1079 2040 rursus:

18 2055 234 2103 ‹Quia-unque
259 2059 483 2104 (edificaverit
508 2072 612 2108 super
637 2062 905 2108 fundamentum
933 2065 997 2100 hoc
1017 2077 1081 2100 au-

21 2126 121 2158 rum,
147 2123 344 2162 argentum,
368 2118 501 2165 lapides
524 2123 692 2167 pretiosos
720 2123 754 2171 (I
773 2123 935 2173 Cor.11);
957 2126 1080 2171 pulve-

21 2185 107 2210 nrem
126 2185 212 2212 vero
242 2188 335 2221 eam,
369 2189 448 2224 quae
464 2182 627 2225 partialis
642 2189 711 2228 est,
745 2185 1081 2231 interpretationem

29 2239 137 2280 atque
163 2237 378 2282 doctrinam,
407 2241 483 2286 ipse
502 2242 640 2290 Moyses
668 2245 852 2292 legislator
879 2248 1079 2294 significat:

18 2296 173 2339 1quando
204 2297 298 2332 enim
331 2299 647 2339 Deuteronomium
686 2305 769 2342 filiis
793 2307 903 2343 lsrael
938 2309 1079 2352 edebat,

20 2354 106 2389 thaec
135 2355 180 2390 ad
212 2367 274 2392 cos
305 2358 448 2396 dicebat
475 2374 482 2396 :
504 2362 550 2397 Et
572 2365 636 2399 crit
653 2376 856 2413 quacunque
881 2368 937 2402 die
963 2375 1078 2404 trans-

19 2415 137 2459 «gressi
154 2416 289 2461 fueritis
308 2418 477 2458 Iordanis
505 2428 647 2468 terram,
676 2437 782 2472 quam
798 2427 970 2464 Dominus
986 2429 1080 2465 Deus

31 2477 110 2509 tut-s
132 2474 251 2518 dabit;
266 2483 396 2514 statues
427 2479 560 2526 lapides
587 2484 735 2529 yrandes
759 2492 791 2521 et
808 2486 908 2522 linies
926 2499 983 2523 eos
998 2488 1081 2535 pul-

21 2543 118 2576 =vere,
148 2540 181 2569 et
205 2537 332 2573 scribes
356 2550 459 2585 super
479 2541 631 2588 lapidem
657 2556 773 2581 omnes
799 2558 974 2584 sermones
996 2548 1080 2594 leqis

20 2593 148 2638 ›nufias-
167 2593 321 2639 Lapides
340 2607 425 2643 ergo
445 2601 558 2644 eradi,
577 2607 613 2637 et
629 2603 811 2648 pulverem
829 2605 938 2640 alium
956 2606 1082 2643 inferri

31 2651 167 2695 dicens,
193 2659 342 2699 purgata
373 2656 417 2691 ab
448 2659 546 2693 omni
574 2661 667 2696 malo
688 2661 863 2708 dogmata,
892 2669 999 2710 atque
1020 2666 1083 2702 do-

20 2713 184 2749 =ctrinam
209 2725 274 2759 pro
300 2717 406 2753 malis
431 2717 503 2754 illis
534 2720 674 2764 inferri,
705 2728 742 2758 et
760 2724 959 2761 Ecclesiam
984 2726 1081 2764 liniri

19 2773 107 2809 *sine
124 2774 196 2810 ulla
214 2778 385 2823 praecepit
402 2778 595 2817 dubietate.
630 2782 705 2820 Hoc
723 2786 820 2822 enim
841 2787 943 2824 nobis
963 2789 1082 2825 consi-

18 2833 168 2870 ..dei-atio
194 2835 283 2882 legis
308 2837 494 2876 evidenter
516 2843 685 2879 ostendit.
709 2844 765 2881 An
793 2857 864 2882 non
893 2853 929 2883 et
948 2848 1080 2886 Paulus

19 2892 166 2940 tlepram
183 2895 390 2942 dogmatum
414 2899 450 2934 in
470 2901 676 2941 doctoribus
691 2904 894 2944 Antiochiae
912 2918 1064 2947 cernens

18 2950 177 3021 Hacobo,
196 2961 237 2992 ut
251 2962 335 3002 pote
352 2961 530 2997 sacerdoti
541 2973 682 3009 magno,
703 2967 983 3015 nuntiavit(Act.
1003 2970 1078 3019 xv),

18 3021 94 3059 «equi
121 3016 236 3052 erasis
265 3027 456 3063 pravorum
490 3022 677 3060 doctorum
710 3027 806 3063 notis
838 3029 1077 3076 dogmatibus,

19 3072 197 3111 uanferens
224 3075 360 3122 lapides
390 3079 427 3114 in
447 3079 525 3116 loco
545 3092 681 3126 eorum,
704 3086 926 3125 rectissimas
950 3088 1079 3127 Hiero-

18 3131 254 3180 ssolymitanae
273 3136 442 3174 Ecclesiae
462 3139 616 3186 litteras,
648 3149 680 3179 et
697 3145 871 3191 pulverem
889 3160 1007 3194 suum,
1027 3151 1081 3187 vi-

33 3188 160 3228 delicet
176 3193 392 3240 doctrinam,
412 3198 562 3243 addens,
581 3203 684 3238 unxit
699 3203 909 3250 Ecclesiam,
924 3210 1082 3245 curavit-

35 3259 103 3298 que
119 3254 215 3299 quod
242 3256 438 3294 acciderat.
454 3258 520 3295 sin
538 3267 653 3298 autem
677 3271 859 3312 postquam
886 3269 976 3304 eruti
998 3275 1081 3306 sunt

36 3308 180 3359 lQides,
198 3320 232 3350 et
249 3315 360 3362 pulvis
383 3317 509 3363 elatus,
536 3327 568 3356 et
583 3321 656 3358 alia
681 3329 776 3361 terra
802 3325 880 3370 lita,
904 3328 1079 3380 ingressus

35 3362 193 3438 *dos
203 3376 327 3413 viderit
339 3389 510 3416 reversam
526 3381 672 3428 lepram,
693 3390 726 3420 et
745 3387 895 3432 parietes
919 3400 1079 3437 aspersos

37 3433 194 3531 W,
220 3437 317 3486 lepra
344 3446 394 3477 est
416 3453 652 3489 perseveram,
680 3452 712 3482 et
731 3446 913 3484 immunda
940 3449 1078 3486 domus.

148 3543 154 3549 ,
176 3497 330 3543 ..electis
347 3501 454 3539 malis
471 3503 710 3550 dogmatibus,
730 3511 768 3542 et
790 3507 871 3544 aliis
894 3518 991 3544 sanae
1013 3510 1079 3545 do-

151 3592 166 3609 .·
181 3554 411 3609 introductis,
440 3562 519 3610 ipsa
540 3575 666 3603 rursus
693 3566 889 3611 impietatis
916 3568 1080 3605 doctrina

167 3620 170 3621 ⁷
207 3629 421 3671 MJspersa,
444 3623 482 3661 id
505 3630 574 3670 est,
603 3626 734 3664 diffusa
759 3629 836 3666 sive
862 3629 1078 3674 exuberans,

186 3727 190 3730 ,
275 3727 278 3730 Α
353 3691 428 3722 mn
457 3693 503 3723 ex
533 3685 729 3734 longinquo
757 3688 915 3733 auditus,
949 3689 1014 3726 sed
1033 3699 1080 3726 ex

42 3731 56 3770 ¹
158 3776 163 3778 .
363 3745 903 3800 maecenas-manens
927 3749 1080 3787 estim-

613 168 945 209 EXPOSITIONES
966 167 1012 203 IN
1038 166 1303 206 LEVITICUM.
1330 189 1377 196 —
1401 168 1487 206 LlB.
1512 169 1569 206 IV.

16 262 83 290 ceos
108 257 207 289 extra
226 252 419 295 civitatem,
443 250 479 286 in
511 249 585 284 toco
615 246 809 289 immundo,
845 250 881 281 et
898 245 967 281 hoc
982 242 1068 289 quia
1086 243 1280 289 Apietatis
1314 244 1435 290 passio
1467 249 1505 280 et
1536 243 1732 279 immunda.
1771 242 1909 278 Talium
1939 243 2189 283 ministrorum

18 1161 93 1190 rtem
116 1155 227 1200 ipsam
250 1154 327 1188 radi
354 1154 561 1188 intrinsecus
592 1164 653 1199 per
677 1153 876 1195 circuitum,
905 1158 937 1187 et
958 1154 1075 1198 spargi
1096 1140 1128 1179 B

1068 2938 1077 2955 ’
1097 2936 1133 2975 D

2118 171 2187 210 tos

1138 306 1398 351 doctorumque
1416 304 1601 347 Ecclesiae,
1645 303 1683 339 in
1711 312 1782 348 qua
1812 302 1923 338 tuerit
1951 313 2098 349 aspersa
2125 316 2191 343 seu

1138 367 1266 403 diffusa
1285 368 1464 412 impietas,
1487 364 1688 402 rectissime
1711 363 1932 406 decernitur,
1954 363 2054 408 qumi
2072 370 2193 402 osten-

1138 427 1226 463 dunt
1255 427 1456 473 sequentia.
1481 426 1542 462 Ait
1566 426 1662 462 enim
1682 437 1690 460 :
1710 423 1827 467 Quam
1852 423 1970 459 statim
2002 422 2192 468 destruent,

1139 494 1171 524 et
1195 487 1329 535 lapides
1359 489 1436 534 ejus
1462 500 1503 524 ac
1529 487 1626 534 liqna
1661 492 1764 533 atque
1792 485 1993 520 universum
2020 482 2196 530 pulverem

1139 549 1322 596 projicient
1353 555 1453 585 extra
1471 548 1651 595 oppidum,
1683 548 1721 582 in
1752 546 1867 582 locum
1891 545 2126 581 immundum.
2157 544 2198 581 Id

1140 614 1208 653 est,
1237 619 1311 646 non
1339 609 1456 646 solum
1477 618 1554 654 jam
1586 612 1817 644 contemnant
1847 606 2030 654 dogmata,
2067 606 2133 642 sed
2161 611 2198 642 et

1141 669 1239 715 ipsos
1267 669 1304 704 in
1330 669 1460 714 quibus
1484 668 1631 704 inventa
1658 667 1808 710 suerint,
1833 667 1955 702 ethos
1975 675 2020 701 ex
2039 675 2194 712 quorum

1140 730 1320 767 locutione
1365 729 1474 775 impia
1503 728 1664 764 Ecclesia
1706 728 1944 770 constiterat,
1982 737 2200 772 omnemque

1143 794 1256 838 ipsam
1280 793 1469 828 destruunt
1502 791 1701 828 Ecclesiam
1733 802 1742 825 ε
1777 789 1880 826 odivi
1918 790 2028 832 enim,
2065 789 2199 834 inquit,

1144 854 1442 898 congregationem
1473 851 1721 898 malignorum,
1754 856 1785 886 et
1806 862 1884 886 cum
1909 850 2025 896 impiis
2047 861 2116 886 non
2142 861 2200 885 se-

1144 911 1228 946 debo
1250 911 1365 959 (Psat.
1382 911 1484 958 xxv),
1507 913 1601 948 sicut
1620 911 1731 946 David
1751 911 1909 947 dicebat.
1931 911 2026 956 Ergo
2042 916 2079 946 et
2096 916 2200 947 extra

1145 979 1224 1004 eam
1245 980 1324 1014 quse
1349 971 1386 1005 in
1412 970 1514 1006 coelis
1547 975 1602 1005 est
1629 970 1840 1012 constituta,
1860 970 1942 1004 viva
1966 969 2134 1005 videlicet
2159 979 2203 1005 ac

1145 1040 1230 1065 vera
1250 1031 1454 1066 excluditur
1473 1031 1631 1073 civitate,
1664 1037 1700 1066 et
1719 1042 1802 1067 cum
1830 1031 2027 1067 immundis
2057 1037 2203 1077 reputa-

1148 1099 1207 1128 tur
1226 1093 1417 1128 baereticis.
1449 1092 1518 1135 Qui
1549 1093 1731 1127 intraverit
1760 1093 1798 1127 in
1827 1093 1930 1127 domo
1961 1094 2031 1128 ista
2062 1093 2203 1139 quando

1147 1152 1266 1187 clausa
1291 1158 1353 1194 est,
1386 1152 1422 1187 id
1448 1155 1517 1191 est,
1541 1161 1621 1196 quse
1646 1151 1790 1186 mulctae
1816 1160 1877 1186 seu
1903 1160 2019 1196 poenae
2042 1151 2204 1196 subjecta

1146 1218 1213 1254 est,
1236 1213 1296 1257 qui
1324 1213 1507 1258 ingressus
1540 1211 1663 1254 fucrit,
1684 1211 1845 1256 quolibet
1873 1212 1904 1247 ei
1930 1211 2204 1246 communicans

1146 1273 1410 1315 conventiculo,
1439 1273 1639 1307 immundus
1661 1272 1743 1315 erit,
1766 1282 1882 1317 usque
1907 1272 1991 1308 dum
2014 1273 2203 1318 poeniteat,

1147 1339 1182 1369 ct
1200 1333 1314 1369 multo
1339 1334 1451 1376 magis
1468 1333 1578 1378 quiin
1603 1342 1645 1367 ea
1663 1332 1818 1375 dormit;
1845 1333 1903 1368 hic
1921 1333 1950 1368 si
1969 1333 2114 1378 quidem
2134 1343 2206 1370 non

1148 1395 1253 1430 aliter
1284 1395 1490 1440 suscipitur,
1518 1394 1588 1429 nisi
1610 1393 1779 1439 lacrymis
1799 1393 1927 1429 laverit
1945 1393 2206 1440 intelligibilem

1149 1455 1306 1491 stolam:
1331 1454 1488 1490 dormire
1515 1459 1634 1489 autem
1663 1453 1700 1488 in
1727 1463 1769 1488 ea
1798 1453 2030 1500 intelligimus
2066 1455 2209 1499 requie-

1150 1521 1311 1552 scentem
1339 1515 1375 1550 in
1400 1515 1521 1551 verbis
1546 1513 1645 1559 ejus,
1674 1518 1711 1549 et
1739 1523 1809 1548 non
1841 1513 2111 1549 consuetudinis
2139 1513 2208 1548 ali-

1151 1577 1253 1623 cujus
1284 1586 1392 1612 causa
1422 1575 1459 1610 in
1490 1573 1567 1619 ejus
1596 1574 1756 1610 consiliis
1789 1574 2040 1609 divertentem.
2077 1573 2148 1609 Sed
2173 1579 2209 1610 et

1152 1637 1212 1682 qui
1234 1636 1432 1672 comederit
1451 1635 1486 1670 in
1511 1645 1567 1677 ea,
1587 1634 1707 1669 cibum
1728 1634 1865 1670 scilicet
1891 1634 2097 1680 mysticum,
2123 1635 2209 1680 quia

1152 1697 1247 1733 illius
1272 1696 1443 1743 mysteria
1469 1695 1653 1742 percipere
1676 1694 1863 1740 praesumit
1887 1693 2072 1737 Ecclesiae,
2099 1704 2209 1739 quam

1154 1758 1330 1794 destruxit
1351 1757 1521 1793 sacerdos
1547 1756 1735 1800 reperiens
1756 1754 1865 1800 impie
1887 1759 2065 1800 agentem,
2092 1759 2128 1789 ct
2147 1755 2211 1790 do·

1153 1820 1290 1856 ctrinas
1310 1819 1436 1860 malas,
1459 1818 1495 1853 id
1511 1822 1578 1860 est,
1599 1817 1706 1864 ligna,
1727 1815 1866 1858 senum,
1887 1815 2056 1861 stipulam
2076 1814 2211 1850 haben-

1154 1886 1239 1915 tem.
1277 1878 1378 1914 Unde
1409 1887 1480 1912 non
1513 1877 1628 1913 solum
1667 1876 1803 1922 lapides
1835 1874 1930 1920 ejus,
1963 1884 2082 1921 neque
2113 1874 2211 1910 enim

1153 1944 1256 1974 erant
1280 1938 1448 1984 pretiosi,
1475 1938 1537 1972 sed
1563 1942 1599 1972 et
1619 1937 1727 1983 ligna,
1751 1945 1790 1971 ut
1809 1941 1894 1982 pote
1915 1935 2106 1982 conjuncta
2127 1934 2211 1971 seno

1155 2011 1197 2036 ac
1215 2000 1369 2046 stipulae,
1393 1997 1556 2045 projecit.
1579 1997 1771 2044 Sequitur:

1199 2060 1301 2104 Quod
1326 2061 1355 2095 si
1382 2060 1556 2095 introierit
1583 2059 1759 2102 sacerdos,
1780 2065 1811 2094 et
1840 2058 1962 2094 viderit
1986 2058 2118 2105 lepram
2142 2069 2212 2094 non

1151 2121 1295 2156 crevisse
1319 2121 1356 2155 in
1377 2120 1534 2163 domum,
1557 2126 1742 2166 postquam
1764 2120 1876 2155 denuo
1904 2119 2005 2155 linita
2026 2125 2088 2163 est,
2114 2119 2213 2166 puri·

1150 2181 1268 2227 ficabit
1287 2193 1378 2224 eam,
1399 2181 1536 2215 reddita
1556 2181 1719 2215 sanitate.
1744 2179 1789 2215 Et
1813 2181 1850 2215 in
1867 2180 2112 2226 purificatione
2133 2181 2211 2226 ejtts

1150 2244 1256 2278 sumit
1274 2244 1361 2278 duos
1387 2254 1566 2289 passeres,
1597 2242 1797 2289 liqnumque
1825 2243 2006 2279 cedrinum
2031 2249 2063 2278 et
2085 2245 2213 2280 vermi-

1151 2303 1270 2339 cuium
1297 2310 1400 2350 atque
1416 2304 1631 2350 hyssopum:
1654 2310 1686 2339 et
1710 2304 1895 2340 immolato
1923 2316 1992 2341 uno
2013 2317 2152 2351 passere
2175 2307 2214 2342 in

1152 2374 1229 2398 vase
1242 2362 1343 2408 fictili
1365 2374 1470 2408 super
1491 2374 1601 2408 aquas
1616 2364 1723 2405 vivas,
1744 2362 1839 2398 tollet
1861 2362 1993 2408 liqnum
2015 2364 2212 2407 cedrinum,

1150 2431 1180 2459 et
1200 2425 1402 2470 hyssopum,
1420 2429 1454 2458 et
1471 2434 1626 2467 coccum,
1648 2430 1680 2458 et
1703 2434 1877 2469 passerem
1897 2425 2026 2465 vivum,
2051 2430 2082 2459 et
2105 2425 2213 2460 intin-

1150 2490 1203 2531 ρει
1230 2484 1347 2518 omnia
1371 2484 1408 2518 in
1438 2483 1607 2528 sanquine
1631 2483 1783 2529 passeris
1815 2482 2001 2526 immolati,
2042 2490 2144 2529 atque
2175 2485 2213 2521 in

1150 2544 1250 2590 aquis
1270 2542 1473 2584 viventibus,
1491 2548 1521 2577 et
1543 2548 1699 2587 asperqet
1720 2542 1862 2576 domum
1883 2542 2023 2587 septies,
2044 2543 2214 2588 purifica-

1152 2604 1266 2650 bitque
1290 2613 1365 2638 eam
1387 2608 1459 2637 tam
1485 2603 1522 2637 in
1543 2603 1714 2648 sanquine
1741 2604 1906 2649 passeris,
1926 2614 2031 2649 quam
2052 2604 2089 2639 in
2112 2605 2213 2651 aquis

1149 2664 1364 2707 viventibus,
1399 2670 1431 2699 et
1460 2665 1498 2700 in
1523 2675 1662 2710 passere
1691 2666 1787 2708 vivo,
1824 2664 1983 2711 lignoque
2010 2666 2151 2702 cedrino
2178 2672 2212 2702 et

1150 2726 1296 2771 hyssopo
1314 2731 1418 2772 atque
1437 2725 1637 2760 vermiculo.
1660 2724 1815 2766 Cumque
1837 2726 2008 2761 dimiserit
2035 2737 2212 2773 passerem

1150 2786 1289 2822 avolare
1315 2787 1350 2821 in
1383 2797 1505 2832 agrum
1538 2785 1658 2824 libere.
1693 2787 1804 2821 orabit
1835 2798 1898 2833 pro
1924 2788 2048 2831 domo,
2076 2793 2109 2823 et
2127 2798 2212 2833 jure

1149 2851 1389 2886 mundabitur.
1405 2850 1514 2895 CuJ’us
1541 2851 1736 2898 imaginem
1759 2851 1837 2886 haec
1856 2851 2048 2894 sacrificia,
2072 2851 2117 2887 de
2132 2852 2213 2898 qui-

1150 2908 1218 2945 bus
1237 2909 1396 2956 loquitur
1417 2911 1611 2957 legislator,
1633 2917 1777 2957 gerant,
1803 2921 1869 2958 per
1891 2913 2075 2949 anteriora
2097 2912 2227 2948 subti-'

1151 2971 1233 3007 liter
1251 2973 1495 3018 exposuimus,
1513 2973 1656 3018 quando
1671 2983 1713 3009 ea
1731 2978 1768 3009 et
1787 2973 1824 3008 in
1839 2983 2055 3020 unoquoque
2068 2974 2210 3020 leproso

1151 3033 1265 3078 accipi
1290 3035 1475 3080 praecepit.
1495 3033 1572 3070 Hoc
1593 3041 1713 3070 autem
1733 3036 1937 3072 necessarie
1960 3036 2104 3079 dicitur,
2124 3035 2209 3081 quia

1151 3094 1342 3130 manifeste
1374 3099 1524 3140 apparet
1553 3095 1650 3140 quod
1683 3094 1870 3140 legislator
1898 3095 1997 3131 illam
2031 3097 2146 3141 magis
2172 3095 2207 3129 in

1151 3154 1312 3190 Ecclesia
1353 3154 1561 3191 docentium
1600 3154 1842 3200 iniquitatem,
1877 3164 1958 3199 quae
1990 3158 2046 3189 est
2077 3153 2113 3188 in
2145 3152 2207 3187 do-

1151 3221 1285 3261 gmate,
1318 3216 1585 3261 reprehendat:
1615 3225 1694 3260 quae
1724 3215 1761 3250 in
1792 3214 2097 3260 dispensationem
2127 3211 2207 3258 ejus

1151 3273 1214 3319 qui
1237 3284 1303 3320 pro
1331 3274 1434 3310 nobis
1460 3279 1517 3310 est
1545 3274 1755 3309 incarnatus
1786 3271 2036 3312 committitur,
2060 3275 2097 3306 et
2122 3279 2207 3316 pro·

1150 3338 1275 3377 pterea
1289 3333 1325 3369 in
1341 3333 1487 3369 domum
1501 3332 1743 3369 mundandam
1759 3331 1836 3366 baec
1851 3330 2014 3373 accipere
2027 3329 2204 3367 sacrificia

1149 3395 1334 3440 praecepit,
1363 3405 1444 3440 quae
1472 3393 1684 3439 mysterium
1709 3390 1787 3435 ejus
1810 3389 1932 3426 carnis
1956 3389 2206 3436 passionisque

1140 3452 1321 3500 figurant,
1343 3458 1386 3493 ut
1403 3458 1488 3498 pote
1505 3460 1585 3496 quae
1614 3447 1832 3485 sufficienter
1851 3457 1918 3493 per
1941 3448 2026 3491 has,
2047 3458 2129 3495 quae
2160 3450 2205 3486 de

1150 3510 1208 3545 his
1227 3514 1311 3546 sunt
1325 3536 1336 3552 ,
1359 3509 1559 3554 theologias
1580 3506 1696 3550 possit
1725 3515 1858 3542 sanare
1879 3507 2107 3553 peccantium
2135 3509 2204 3546 lin-

1151 3578 1251 3615 guas,
1270 3568 1462 3613 omniaque
1478 3576 1606 3603 eorum
1614 3567 1802 3603 mundare
1818 3572 1980 3614 peccata.
2002 3567 2174 3615 Sequitur
2191 3581 2200 3605 :

1196 3626 1274 3662 Ista
1295 3631 1345 3662 est
1368 3626 1482 3661 omnis
1507 3625 1564 3661 lex
1585 3625 1691 3672 teproe
1713 3631 1747 3662 et
1767 3637 1999 3674 percussum,
2022 3627 2129 3675 lepre
2146 3638 2203 3665 vo-

1149 3689 1256 3724 stium
1271 3692 1304 3724 et
1322 3687 1522 3731 domorum,
1541 3688 1715 3724 cicatricis
1734 3693 1767 3724 et
1783 3689 2038 3735 erumpentium
2052 3687 2205 3738 papate·

1149 3757 1228 3783 rum
1245 3746 1392 3783 lucentis
1417 3745 1588 3790 maeatae,
1612 3751 1647 3784 et
1669 3749 1708 3784 in
1729 3747 1846 3784 vurta·
1871 3748 2000 3795 speeie·
2023 3748 2200 3787 coloritus
