2540 4016
166 1117 172 1146 s
216 1099 277 1145 XV)
296 1111 304 1142 ;

220 171 314 209 1159

692 164 731 201 Β.
758 163 933 204 RABANl
952 162 1101 205 usum
1125 161 1337 203 anemur-
1366 161 1572 204 quUNT
1599 160 1790 204 mentm
1813 162 1933 201 PARS
1957 164 1986 201 l.

2291 167 2393 223 ψ
2442 143 2443 146 ¹

219 244 399 284 deliniam.
430 241 564 288 Regem
590 244 628 279 te
652 248 735 279 esse
764 239 928 279 omnium
958 239 1061 283 facit,
1089 240 1120 279 si
1145 244 1272 285 regnet
1288 238 1324 283 Α
1341 248 1386 277 ac
1407 240 1607 285 potantium
1622 239 1730 286 lulius
1747 241 1872 279 mundi
1889 213 2074 283 destrinta
2087 242 2405 291 numism*

219 306 383 344 Christus
399 303 438 342 iu
451 306 514 338 te:
534 312 598 342 um
624 310 780 346 namque
799 311 821 337 a
841 298 990 346 regendo
1004 300 1123 339 dictus
1141 305 1210 337 est.
1233 298 1273 337 Si

219 376 304 413 ergo
323 369 360 400 et
378 364 415 400 in
427 367 465 400 te
497 364 640 400 animus
664 365 793 408 regnat
811 366 848 399 et
867 371 1000 406 corpus
1029 361 1270 407 obtemperat,

218 427 247 463 si
266 423 575 469 concupiscentias
592 421 715 460 carnis
728 421 795 460 sub
808 420 935 468 jugum
959 419 1102 466 imperii
1120 421 1174 460 tui
1189 420 1274 457 mit-

218 497 287 531 tas,
306 487 335 523 si
358 486 529 522 vitiorum
552 486 680 529 gentes
698 481 906 519 sobrietatis
925 487 996 519 tuae
1012 479 1127 520 frenis
1143 481 1272 520 arctio-

218 551 318 586 ribus
330 556 489 594 premas,
505 545 636 581 merito
650 554 711 582 rex
733 543 879 586 diceris,
899 543 961 589 qui
977 548 1012 579 te
1027 548 1126 581 reeta
1145 553 1273 588 regere

217 609 372 647 noveris.
397 606 487 645 Cum
505 615 591 652 ergo
607 605 691 644 talis
708 603 820 641 fueris
835 603 1003 647 effectus,
1026 603 1131 650 digne
1152 609 1194 639 ut
1209 613 1273 641 rex

218 673 263 709 ad
281 669 458 708 audienda
483 668 605 705 divina
620 667 732 704 verba
754 665 961 706 vocaberis.
978 666 1054 704 Hoc
1072 675 1157 702 vero
1177 665 1273 711 quod

217 734 459 779 subsequitur,
477 731 592 778 magis
611 738 834 775 corporeum
843 729 1012 774 quiddam
1030 729 1165 766 indicat
1178 728 1273 773 quod

217 797 305 834 dicit
325 808 333 831 ε
356 795 506 832 Auribus
527 794 705 840 percipite,
733 803 850 827 omnes
868 797 1031 838 satrapae.
1049 791 1150 827 Sicut
1176 791 1273 826 enim

216 857 369 894 inferior
388 862 443 892 est
471 865 556 901 rege
581 860 741 899 satrapa,
767 853 816 888 ita
837 858 873 889 et
902 853 1048 888 auribus
1086 852 1274 898 percipere

218 919 368 955 inferius
382 918 523 953 videtur
553 926 633 951 esse
652 925 761 960 quam
790 914 942 949 audire:
966 914 1091 949 audire
1117 921 1274 958 namque

220 980 265 1015 ad
286 980 494 1015 interiorem
531 977 689 1023 pertinet
718 976 915 1015 hominem,
938 975 1030 1011 sicut
1045 980 1081 1011 et
1099 974 1274 1009 Dominus

168 1074 170 1077 ,
220 1040 388 1074 dicebat:
411 1038 479 1081 Qui
499 1037 600 1072 habet
625 1048 726 1071 aures
755 1035 936 1078 audiendi,
972 1035 1094 1070 attdiat
1128 1034 1271 1081 (Manli.

333 1100 481 1135 auribus
495 1108 582 1134 vero
602 1098 802 1144 percipere,
830 1096 874 1131 ad
902 1096 1118 1131 exteriorem
1139 1100 1177 1143 et
1194 1105 1274 1130 eor-

1342 301 1431 346 saoie
1448 301 1591 340 Domni
1610 302 1675 340 Dei
1693 302 1822 340 Israel.
1839 303 1910 341 Per
1927 304 2028 342 Sinai
2047 313 2148 350 vom,
2168 307 2230 344 ubi
2253 307 2420 357 moysem>
2445 345 2451 350 ⁶

1340 361 1457 410 legem
1473 374 1494 400 ιι
1511 364 1663 402 Domino
1681 367 1834 412 accepit,
1853 365 2025 404 Iudaicus
2045 367 2218 414 populus,
2236 372 2293 407 oui
2314 372 2406 418 ipsa·¹
2456 370 2467 405 ἵ

1340 425 1398 461 lex
1413 426 1498 466 data
1513 431 1582 470 est,
1601 427 1822 472 designatur.
1845 427 1918 465 Sed
1937 429 2030 465 sicut
2051 434 2192 467 montes
2211 430 2402 470 auxerunt·
2451 466 2461 478 ¹,
2508 464 2512 466 .

1341 500 1361 524 a
1396 489 1489 528 facio
1526 488 1682 530 Domini,
1709 489 1762 523 sic
1796 492 1834 526 et
1863 485 1963 524 Sinai
1996 499 2017 525 a
2044 489 2138 527 facie
2158 491 2299 529 Domini
2329 494 2395 532 Dei

1339 549 1450 586 Israel
1465 577 1474 594 ‚
1497 551 1582 596 quia
1601 559 1668 585 nec
1685 548 1890 585 Judaeorum
1915 560 1983 586 nec
2006 552 2113 587 etiam
2137 554 2322 600 gentilium
2341 556 2396 593 sa-

1342 615 1418 647 stus
1427 621 1468 646 ae
1483 609 1649 655 superbia
1660 609 1862 655 praesentiae
1876 610 2017 646 Domini
2027 611 2100 649 ullo
2110 614 2216 650 modo
2226 615 2396 653 resistere

1340 671 1503 714 valebat3
1535 671 1598 706 sed
1629 671 1788 716 potentia
1818 671 1959 707 virtutis
1985 681 2132 710 summae
2155 681 2323 722 superata
2351 688 2395 714 ac

1339 738 1523 779 prostrata
1555 737 1622 775 est,
1654 733 1703 767 ita
1737 736 1777 767 ut
1806 733 1850 768 ad
1886 734 2136 778 poenitentiam
2164 742 2396 781 pcccatorum

1342 794 1518 836 conversi,
1535 794 1832 840 baptismatisque
1848 795 1964 840 gratia
1983 795 2093 832 abluti
2108 796 2254 842 plurimi
2272 808 2398 835 eorum

1342 854 1386 890 de
1401 854 1692 900 persecutoribus
1712 854 1748 889 in
1771 855 2009 900 evangelistas
2034 857 2161 892 mutati
2189 857 2274 900 sint,
2306 858 2399 895 sicut

1343 914 1473 951 Saulus
1503 915 1721 951 saevissimns
1743 921 1954 961 persecutor
1977 917 2021 952 de
2043 915 2176 953 ‚ludaeis
2195 917 2231 952 in
2255 923 2399 964 aposto-

1341 977 1416 1013 lum
1431 977 1602 1020 Paulum
1621 988 1689 1013 nec
1708 988 1778 1013 non
1803 982 1839 1013 et
1856 977 1959 1013 multi
1974 978 2017 1013 de
2036 979 2229 1024 gentilibus
2249 979 2283 1015 in
2308 990 2401 1027 prae-

1343 1039 1522 1075 dicatores
1545 1039 1728 1085 Evangelii
1757 1039 1987 1074 transmutati
2011 1044 2093 1075 sunt
2115 1052 2123 1075 :
2149 1041 2241 1077 sicut
2268 1041 2400 1090 Diony-

1344 1102 1418 1137 sius
1454 1101 1694 1148 Areopagita,
1733 1101 1971 1147 Trophimus,
2003 1102 2224 1148 Ephesinus,
2265 1104 2396 1149 Gaius,

216 1159 375 1204 POsalssffl
395 1163 532 1204 spectat
549 1158 723 1192 fflldlfflm·
749 1156 830 1190 ldCO
845 1165 930 1201 θΓὲΟ
946 1159 981 1190 et
997 1155 1056 1190 hic
1071 1155 1120 1189 illi
1138 1155 1271 1200 quiau·
1291 1157 1322 1196 B
1341 1167 1375 1198 et
1397 1163 1642 1204 Aristarchus,
1667 1162 1879 1199 Macedones
1909 1163 2060 1199 comites
2074 1162 2187 1207 Pauli,
2215 1170 2251 1200 et
2276 1165 2398 1202 caeteri

218 1219 293 1255 dire
312 1219 456 1261 debent,
474 1228 576 1263 reges
594 1218 782 1259 dicuntur;
804 1215 866 1260 qui
891 1210 1140 1251 vero'auribus
1164 1215 1278 1260 perci-

216 1290 318 1326 pere,
339 1285 502 1324 satrapes
524 1278 766 1323 appellantur.

265 1341 341 1386 qu
363 1351 454 1381 sum,
476 1349 537 1384 eqo
554 1348 644 1379 sum,
663 1349 739 1383 quw
774 1337 923 1375 Domino
954 1347 1092 1378 conam,
1127 1335 1276 1381 psallam

218 1404 365 1439 Domino
385 1402 458 1436 Deo
484 1400 610 1436 Israel.
630 1400 731 1435 Beati
754 1404 839 1436 sunt
867 1399 927 1445 qui
956 1402 1108 1444 possunt
1129 1402 1277 1432 eantare

218 1466 398 1503 canticum
420 1464 586 1499 Domino.
602 1463 662 1498 Ait
679 1473 765 1509 ergo
788 1462 847 1498 hic
873 1472 941 1497 vox
973 1459 1061 1505 justi
1081 1471 1089 1494 t
1110 1458 1184 1505 Epo
1205 1457 1278 1492 Do·-

216 1527 311 1561 mino
331 1525 492 1566 cantabo,
515 1529 546 1559 et
569 1513 718 1570 psallam
746 1522 818 1557 Deo
841 1521 966 1557 Israel.
990 1520 1076 1565 Quis
1099 1524 1206 1566 putas
1228 1519 1276 1554 ita

218 1597 359 1623 canorae
380 1585 478 1622 vocis
499 1591 566 1627 est,
588 1590 620 1620 et
645 1585 693 1621 ita
716 1583 865 1630 spiritus
885 1583 966 1628 puri
987 1582 1190 1626 mentisque
1207 1579 1277 1615 sin-

217 1659 323 1691 cerae,
345 1654 384 1683 ut
401 1647 580 1683 cantilena
600 1646 677 1692 ejus
692 1645 853 1682 divinum
873 1643 1053 1679 delectare
1073 1642 1188 1688 possit
1213 1652 1278 1676 au-

217 1710 355 1746 ditum?
370 1708 431 1744 Ille
446 1707 609 1754 profecto
625 1711 680 1742 est
704 1706 764 1751 qul
787 1705 922 1740 nullum
943 1704 1052 1739 hahet
1069 1704 1104 1738 in
1133 1712 1171 1738 sc
1193 1713 1276 1738 rau-

217 1780 298 1807 cum
327 1769 465 1815 peccati
495 1778 639 1810 sonum,
660 1767 719 1813 qui
737 1766 826 1801 nibil
848 1765 1058 1800 offensionis
1086 1764 1122 1799 in
1139 1764 1273 1810 lingna,

217 1829 308 1866 nihil
330 1829 580 1865 crassitudinis
611 1828 646 1863 in
678 1827 805 1873 spiritu
830 1826 936 1872 gerit.
959 1823 1022 1860 lile
1038 1830 1157 1871 potest
1178 1830 1276 1861 recte

218 1893 339 1929 dicere
364 1904 372 1927 ε
393 1892 468 1938 qu
491 1891 641 1926 Domino
669 1890 839 1932 comalio,
867 1888 1016 1935 psallam
1046 1887 1118 1922 Deo
1146 1886 1272 1922 Israel.

217 1953 349 1989 Cantat
372 1962 456 1998 ergo
480 1951 648 1994 Domino,
674 1950 734 1995 qui
766 1960 847 1985 eum
869 1949 1060 1986 devotione
1089 1947 1208 1983 cordis
1240 1951 1275 1982 et

217 2015 292 2050 oris
308 2013 424 2049 officio
438 2014 543 2059 digne
558 2013 743 2059 praedicat.
765 2011 892 2047 Psallit
909 2020 1008 2053 vero,
1036 2009 1098 2055 qui
1113 2018 1196 2044 eum
1214 2008 1274 2043 bo-

218 2075 274 2110 nis
294 2075 464 2120 operibus
484 2075 618 2109 laudat.
639 2073 834 2109 Videamus
852 2072 974 2116 itaque
995 2071 1175 2117 quomodo
1193 2060 1274 2106 can'-
1292 2061 1322 2102 C

220 2136 331 2171 ticum
356 2136 473 2180 ipsum
486 2136 643 2170 inchoet.

264 2196 425 2238 Domine,
447 2206 524 2230 cum
548 2196 658 2230 erires
678 2195 720 2229 de
744 2194 835 2237 Seir,
852 2200 883 2229 et
903 2193 1069 2228 transires
1086 2202 1147 2238 per
1164 2192 1275 2238 reqio-

218 2269 278 2293 nes
294 2257 421 2299 Edom,
443 2263 534 2293 terra
563 2264 657 2291 mota
688 2263 749 2297 est,
768 2255 910 2302 coelique
929 2265 969 2289 ac
999 2254 1105 2289 nubes
1126 2253 1276 2288 stillave-

217 2324 300 2353 runt
315 2329 438 2364 aquas,
453 2323 585 2353 montes
614 2317 792 2361 flumerunt
828 2326 848 2350 α
878 2314 967 2360 facie
981 2314 1136 2355 Domini,
1163 2320 1195 2347 et
1218 2312 1276 2348 Si-

217 2379 278 2414 nai
299 2390 319 2412 a
340 2377 430 2423 socie
450 2376 590 2413 Domini
607 2375 671 2410 Dei
688 2374 815 2410 Israel.
835 2374 1008 2409 Dominus
1030 2383 1116 2419 ergo
1137 2374 1179 2408 de
1195 2372 1276 2408 Seir

218 2443 329 2485 exiit,
354 2441 437 2487 quia
463 2450 509 2476 ex
529 2440 680 2475 Juttaico
697 2438 829 2484 populo
850 2437 998 2472 malitiae
1023 2441 1059 2471 et
1083 2435 1277 2471 increduli-

217 2504 302 2540 tatis
327 2503 478 2549 spinetis
501 2501 716 2547 asperrimo,
739 2500 935 2536 secundum
967 2509 1115 2534 carnem
1158 2497 1274 2533 editus

218 2572 291 2608 est;
320 2564 461 2600 transiit
478 2574 542 2610 per
570 2563 735 2608 regiones
759 2562 886 2603 Edoni,
902 2560 1046 2606 quando
1063 2559 1195 2595 ibidem
1211 2569 1276 2605 per

217 2627 335 2663 aetatis
371 2625 485 2671 spatia
523 2625 762 2670 juvenescens
806 2621 935 2664 erevit,
966 2626 1002 2655 et
1041 2620 1276 2667 Evangelium

216 2686 447 2732 praedicando
482 2684 602 2719 lumen
643 2683 726 2718 fidei
759 2683 892 2728 ubique
925 2682 1078 2728 sparsit;
1114 2682 1276 2716 tandem-

218 2756 288 2791 que
322 2745 366 2779 ad
410 2754 553 2779 crucem
588 2743 756 2786 veniens,
792 2753 857 2788 per
901 2743 1106 2788 passionem
1144 2748 1180 2777 et
1219 2753 1277 2778 re-

217 2806 479 2842 surrectionem
499 2815 601 2841 suam
621 2804 835 2850 mysterium
870 2805 1127 2849 redemptionis
1143 2809 1276 2840 nostrae

218 2868 434 2905 mirabiliter
454 2867 675 2912 adimplevit.
698 2865 851 2902 Nomine
876 2877 1019 2912 quoque
1051 2867 1165 2902 Edom
1199 2866 1275 2903 sive

217 2929 327 2971 Esau,
358 2929 449 2963 sicut
470 2928 614 2969 etSeir,
646 2927 740 2962 idem
774 2928 927 2973 populus
957 2927 1162 2963 Judacorum
1181 2927 1275 2963 desi-

218 2990 361 3034 gnatur.
395 2987 485 3021 Nam
519 2987 600 3022 Scir
632 2986 765 3031 pilosus
794 2987 851 3021 vel
888 2986 1061 3031 hispidus,
1092 2986 1200 3029 Esau,
1220 2971 1327 3021 vti-D

217 3057 284 3082 nus
301 3051 364 3081 aut
385 3045 533 3091 frustra,
551 3051 586 3080 et
603 3045 716 3079 Edem
742 3045 868 3079 rubeus
884 3046 960 3080 sive
976 3056 1137 3080 cerrenus
1168 3047 1275 3081 inter-

216 3112 394 3153 pretatur.
422 3106 532 3152 Igitur
558 3106 642 3150 qula
667 3105 866 3140 carnatium
887 3106 1147 3142 desideriorum
1178 3108 1275 3143 oble-

217 3173 398 3206 ctamenta
422 3173 458 3203 et
478 3167 675 3203 vanitatem
695 3166 818 3202 mundi
842 3171 984 3202 secutus
1004 3173 1070 3209 est,
1093 3169 1194 3213 quasi
1213 3179 1276 3214 per

216 3229 324 3267 lentis
339 3228 498 3264 edulium
517 3227 693 3272 primatus
711 3226 764 3261 sui
783 3226 932 3273 gloriani
953 3227 1122 3272 perdidit,
1141 3234 1177 3262 et
1193 3238 1277 3272 pro-

217 3292 367 3327 missam
388 3290 453 3326 sibi
477 3287 739 3324 benedictionis
759 3286 912 3333 gratiam
932 3285 1000 3323 ilde
1018 3287 1135 3333 populi
1156 3286 1276 3331 Junio-

217 3353 270 3391 ris
297 3353 546 3402 supplantatus
569 3349 702 3386 amisit.
726 3349 891 3394 Migravit
909 3358 994 3396 ergo
1014 3349 1187 3385 Dominus
1211 3359 1276 3395 per

216 3415 473 3465 praedicatores
499 3423 582 3449 suos
606 3423 626 3448 a
649 3411 855 3448 Judaeorum
883 3411 1015 3458 populo
1044 3411 1134 3447 duro
1160 3417 1196 3447 et
1219 3411 1275 3447 in-

217 3483 323 3526 grato
343 3476 388 3512 ad
406 3474 566 3522 gentium
586 3474 752 3510 salutem.
773 3473 844 3510 Sed
858 3473 944 3520 quid
966 3478 1052 3509 tunc
1071 3471 1206 3509 sactum
1229 3474 1275 3510 sit

218 3541 419 3577 audiamus.
453 3537 575 3582 Terra,
606 3537 735 3585 inquit,
757 3542 851 3573 mota
877 3542 941 3581 est,
973 3537 1043 3574 hoc
1059 3543 1129 3582 est,
1148 3548 1275 3574 carna-

217 3604 307 3640 lium
321 3601 430 3640 corda
447 3602 574 3638 timore
594 3611 768 3638 concussa
789 3606 883 3636 sunt.
905 3599 991 3636 Goelt
1011 3611 1052 3636 ac
1069 3599 1175 3636 nubes
1194 3601 1273 3637 stit-

219 3663 377 3700 taverunt
398 3663 512 3712 aquis,
542 3672 623 3699 cum
644 3661 795 3708 apostoli
815 3667 923 3709 atque
939 3662 1126 3711 prophetae
1145 3662 1273 3699 volun-

220 3730 333 3766 tatem
349 3725 413 3762 Del
438 3725 552 3762 sacris
567 3724 822 3772 judicaverunt
846 3712 979 3761 verbis.
1003 3722 1140 3760 Montes
1162 3724 1275 3774 fluxe-

223 3780 307 3824 runt
328 3797 350 3821 α
365 3786 455 3832 facte
470 3777 626 3831 nomint,
653 3787 798 3835 quando
817 3785 985 3834 superbia
1001 3790 1275 3834 persecutorum

1347 1223 1407 1269 qui
1434 1223 1663 1269 discipulatui
1683 1223 1925 1267 apostolorum
1955 1223 2184 1259 adhaeserunt
2210 1223 2302 1271 (Act.
2330 1226 2396 1274 ix).

1392 1284 1438 1319 In
1472 1284 1592 1318 diebus
1632 1282 1781 1328 Samqar
1809 1283 1874 1328 filii
1904 1283 2043 1327 Anath,
2079 1284 2116 1319 in
2148 1285 2266 1322 diebus
2297 1287 2396 1332 Jael,

1345 1346 1545 1391 quieverunt
1566 1345 1696 1378 semiue
1712 1356 1724 1386 ;
1749 1349 1779 1378 et
1797 1344 1855 1390 qui
1873 1344 2156 1391 ingrediebantur
2172 1358 2233 1393 per
2248 1359 2306 1384 eas
2325 1361 2399 1385 am-

1347 1404 1549 1440 bulaverunt
1568 1415 1629 1451 per
1651 1403 1756 1440 calles
1787 1404 1916 1440 devios.
1943 1406 2104 1443 Diximus
2125 1408 2288 1453 superius
2305 1409 2399 1455 quod

1347 1465 1518 1510 Samgar,
1546 1465 1606 1511 qui
1634 1465 1896 1511 interpretatur
1921 1467 2051 1502 advena
2070 1469 2144 1504 sive
2172 1468 2329 1513 colonus,
2356 1469 2403 1508 sl·-

1345 1527 1533 1575 gnisicaret
1557 1527 1829 1572 praedicatorem
1856 1527 1966 1564 divini
1992 1531 2109 1572 verbi,
2133 1531 2192 1576 qul
2214 1531 2401 1570 Detninico

1346 1596 1468 1627 aratro
1495 1589 1650 1627 innitens
1678 1599 1744 1635 per
1761 1590 1993 1639 Evangelium
2022 1592 2106 1628 colit
2125 1592 2231 1629 eorda
2263 1594 2402 1630 audito-

1345 1663 1447 1695 rum;
1473 1656 1507 1688 ct
1525 1651 1601 1687 Jael
1620 1679 1629 1696 ,
1654 1653 1783 1688 mulier
1804 1652 2016 1699 alienigena,
2046 1664 2126 1699 quae
2143 1653 2402 1701 interpretatur

1345 1716 1516 1759 ascensio,
1550 1716 1625 1751 sive
1667 1715 1801 1762 requies
1834 1713 1921 1759 Dei,
1955 1714 2161 1760 designaret
2189 1715 2399 1761 Ecclesiam,

1345 1777 1381 1812 in
1415 1787 1486 1822 qua
1509 1777 1689 1813 veraciter
1718 1776 1762 1812 ad
1788 1776 1961 1813 coelorum
1982 1786 2132 1823 regnum
2167 1776 2399 1820 ascenditur;

1345 1839 1427 1885 quia
1446 1839 1493 1875 ibi
1514 1839 1653 1875 cunctis
1668 1839 1736 1875 rite
1751 1839 1979 1875 credentibus
1995 1838 2162 1884 perennis
2182 1838 2264 1874 vitae
2284 1838 2402 1874 aditus

1344 1902 1516 1947 aperitur,
1543 1902 1609 1937 sibi
1639 1906 1674 1937 et
1704 1900 1847 1946 requies
1875 1899 1937 1936 Dei
1965 1905 2033 1943 est,
2060 1900 2121 1935 ubi
2148 1899 2306 1946 quotidIe
2325 1898 2402 1945 ejus

1343 1963 1511 1999 voluntas
1543 1962 1769 2008 adimpletur.
1801 1962 1898 1998 Unde
1924 1962 2043 1997 divina
2068 1972 2138 1998 vox
2162 1971 2226 2008 per
2249 1961 2403 2007 prophe-

1344 2030 1417 2059 tam
1435 2024 1484 2059 ait
1511 2033 1520 2058 :
1548 2023 1662 2068 Super
1685 2034 1786 2069 quem
1817 2024 2005 2069 requiescet
2029 2024 2172 2068 spiritus
2199 2033 2314 2065 meus,
2334 2022 2402 2058 nisi

1346 2096 1447 2131 super
1474 2083 1638 2119 humilem
1662 2090 1694 2119 et
1723 2084 1897 2130 quietum,
1929 2089 1960 2118 et
1992 2089 2192 2118 trementem
2228 2094 2402 2119 sermones

1346 2157 1439 2180 meos
1463 2144 1566 2192 (lsai.
1588 2143 1699 2192 wa).
1724 2143 1763 2178 ln
1782 2143 1905 2179 dicbus
1925 2153 2011 2189 ergo
2032 2143 2161 2178 horum
2187 2142 2403 2188 quieverunt

1347 2206 1496 2248 semitae,
1523 2206 1607 2250 quia
1626 2214 1690 2250 per
1712 2204 1869 2239 divinam
1887 2203 2040 2249 gratiam
2056 2202 2155 2248 pacis
2179 2203 2271 2238 dona
2290 2202 2403 2239 ssdeli-

1347 2268 1413 2303 bus
1435 2267 1534 2302 suere
1561 2275 1752 2308 concessa;
1782 2265 1895 2310 etqui
1925 2264 2217 2311 ingrediebantur
2236 2275 2302 2311 per
2326 2274 2400 2308 eas,

1348 2327 1624 2363 amlnilaverunt
1650 2337 1714 2372 per
1739 2325 1846 2361 calles
1872 2326 2008 2367 devios,
2044 2335 2125 2361 cum
2155 2329 2402 2372 persecutores

1347 2388 1633 2425 Christianorum
1654 2393 1688 2423 et
1711 2386 1869 2422 haeretici
1883 2414 1891 2429 ,
1922 2387 1981 2432 qui
2003 2396 2073 2421 non
2096 2385 2178 2421 fidei
2199 2386 2400 2427 devotione,

1347 2448 1409 2484 scd
1431 2452 1511 2488 astu
1531 2447 1676 2482 malitiae
1700 2446 1898 2482 Ecclesiam
1920 2446 2056 2492 ingredi
2084 2451 2324 2488 tentaverunt,
2353 2445 2402 2481 di-

1348 2510 1430 2546 vino
1455 2507 1592 2554 judicio
1621 2509 1771 2554 dispcrsi
1793 2513 1895 2550 sunt;
1929 2513 1964 2543 et
1998 2508 2081 2554 quia
2111 2508 2210 2553 pacis
2236 2507 2401 2543 semitam

1348 2571 1514 2607 incedere
1530 2570 1779 2618 neglexerunt,
1799 2579 1863 2615 per
1883 2569 2016 2605 erroris
2037 2569 2221 2606 anfractus
2238 2569 2404 2605 deviave-

1347 2639 1446 2677 runt,
1469 2644 1538 2669 non
1560 2633 1654 2679 quod
1670 2632 1871 2682 justissima
1888 2632 2003 2678 pietas
2024 2631 2176 2667 Deitatis
2201 2640 2324 2666 errare
2341 2640 2403 2666 cos

1348 2695 1489 2738 feccrit,
1514 2695 1688 2741 sedjusto
1707 2693 1843 2739 judicio
1862 2698 2009 2742 propter
2032 2703 2094 2730 sua
2122 2697 2270 2739 peccata
2289 2692 2324 2728 in
2345 2701 2402 2727 er-

1348 2769 1466 2795 rorem
1487 2758 1565 2795 iilos
1584 2757 1712 2793 cadere
1731 2756 1946 2805 permiserit.
1969 2754 2070 2792 Unde
2087 2764 2152 2804 per
2172 2754 2400 2790 Salomonem

1349 2820 1480 2856 dicitur
1507 2831 1515 2854 ε
1538 2818 1606 2861 Qut
1632 2816 1788 2853 ambulat
1822 2815 2047 2863 simpliciter,
2084 2813 2200 2850 salvus
2222 2813 2308 2856 erit;
2341 2812 2400 2860 qui

1348 2887 1462 2916 autem
1485 2879 1652 2928 perversis
1673 2878 1867 2928 ingreditur
1887 2878 1965 2920 viis,
1985 2875 2139 2914 concidet
2155 2872 2260 2910 semel
2277 2872 2397 2922 (Prov.

1348 2940 1398 2988 x).
1416 2940 1461 2979 Et
1476 2940 1562 2978 item
1583 2951 1590 2974 :
1616 2938 1678 2973 Vir
1694 2939 1752 2985 qui
1772 2938 1937 2974 erraverit
1956 2949 1976 2972 α
1992 2938 2046 2973 ria
2062 2936 2244 2979 doctrinm,
2260 2935 2297 2971 in
2311 2941 2398 2971 coetu

1343 2999 1535 3046 yiqantium
1556 2994 1958 3044 commorabitur(Prov.
1977 2993 2068 3042 xxi).
2091 2993 2181 3034 Hinc
2195 2999 2231 3035 et
2250 2993 2400 3032 Psalmi-

1343 3069 1398 3096 sta
1421 3072 1429 3095 ε
1450 3059 1621 3094 Dominus
1642 3085 1651 3101 ,
1683 3058 1745 3100 ait,
1777 3057 1907 3095 dimisit
1935 3068 1991 3092 eos
2011 3056 2197 3093 secundum
2224 3055 2399 3093 desideria

1344 3120 1457 3157 cordis
1482 3130 1615 3162 eorum,
1650 3125 1682 3160 et
1713 3117 1808 3153 ibant
1840 3118 1877 3152 in
1910 3116 2146 3152 voluntatibus
2181 3116 2259 3155 suis*
2283 3113 2398 3162 (Psat.

1343 3180 1468 3226 Lxxx).
1494 3180 1538 3215 Et
1562 3179 1646 3220 aiibi
1673 3179 1845 3233 scriptum
1868 3183 1924 3214 est
1946 3190 1954 3213 :
1981 3177 2043 3213 Voe
2071 3177 2246 3223 peccatori
2270 3183 2398 3211 terram

1343 3239 1550 3285 inqredienti
1570 3238 1705 3273 duabus
1725 3238 1787 3273 viis
1809 3236 1935 3282 (Eccli.
1958 3236 2013 3283 11).

1393 3298 1619 3334 Cessaverunt
1646 3298 1751 3342 sortes
1775 3297 1811 3332 tn
1835 3295 1961 3337 Israel,
1989 3300 2021 3330 et
2042 3295 2258 3341 quieverunt,
2290 3294 2397 3330 donec

1343 3366 1498 3407 surgeret
1516 3357 1672 3399 Debbora
1690 3363 1801 3396 mater
1814 3357 1851 3392 in
1866 3355 1992 3392 lsraet.
2011 3355 2079 3406 Qui
2097 3358 2182 3396 sunt
2195 3354 2394 3403 isti-fortes,

1344 3423 1403 3470 qui
1418 3422 1651 3461 cessaverunt
1671 3419 1707 3455 in
1728 3417 1851 3465 Israel,
1870 3417 1940 3454 nisi
1957 3417 2142 3470 prophetat
2161 3419 2197 3453 et
2211 3416 2300 3464 justi
2327 3419 2397 3455 viri

1344 3481 1406 3528 qui
1423 3480 1456 3516 in
1473 3472 1604 3532 populo
1629 3477 1692 3514 Dei
1715 3481 1876 3525 tempore
1895 3485 1960 3511 suo
1987 3475 2182 3522 primatum
2214 3478 2396 3526 gerentes,

1344 3542 1504 3583 consiliis
1518 3551 1580 3581 eos
1596 3537 1859 3594 gubernabant,
1877 3542 1984 3583 atque
2001 3537 2138 3573 solatiis
2155 3531 2394 3583 adjuvabant;

1346 3603 1408 3641 sed
1425 3602 1650 3653 quieverunt,
1670 3598 1738 3636 hoc
1765 3601 1842 3641 est,
1863 3596 2117 3634 dormitionem
2141 3595 2268 3633 mortis
2293 3605 2398 3631 acce-

1343 3667 1488 3712 perunt,
1504 3661 1541 3698 et
1557 3660 1636 3697 ideo
1650 3661 1896 3700 cessaverunt,
1916 3657 2001 3706 quia
2019 3653 2136 3694 morie
2152 3651 2396 3693 intercedente

1343 3728 1558 3778 permanere
1579 3730 1651 3766 non
1694 3723 1891 3761 otuerunt:
1909 3722 1950 3755 ut
1965 3703 2136 3780 paulatim
2154 3717 2289 3755 veteris
2306 3711 2396 3765 legis

1344 3787 1410 3822 usu
1440 3768 1669 3826 deficiente,
1686 3790 1744 3817 am
1774 3779 1834 3817 ilie
1865 3767 2064 3825 adveniret,
2097 3785 2205 3828 quem
2229 3771 2394 3822 nethota
2431 3828 2437 3834 ,.
