2540 4016
94 310 199 358 ύῆρία
218 314 299 346 sant
317 311 439 345 secuti.
457 309 608 346 isachar
624 319 733 356 ergo‚·
742 320 848 356 quem
865 308 976 347 Jacob
991 313 1144 356 patriar-

94 371 164 410 cha
181 370 323 409 asinum
349 369 482 407 fortem
499 369 692 417 appellavit
708 368 808 417 (Gen.
830 370 948 417 xmx),
973 376 1010 407 et
1029 371 1142 408 inter-

37 470 43 472 ,
87 436 258 482 pretatur
273 442 416 475 merces,
429 431 589 468 refertur
605 431 650 466 ad
666 432 835 478 populum
849 433 1020 478 gentium,
1038 441 1143 478 quem

31 490 42 551 ἐ
92 497 266 535 Dominus
285 492 469 539 sanguinis
489 492 544 528 sui
565 492 680 538 pretio
700 498 756 529 est
778 498 973 529 mercatus.
994 492 1062 529 Hic
1076 493 1144 529 lsa-

39 559 43 561 ’
64 550 183 597 *char
200 556 323 593 asinus
342 554 447 591 fortis
465 554 655 597 scribitur,
681 554 764 600 quia
789 554 888 600 prius
913 553 1055 600 gentilis
1082 564 1145 600 po-

27 622 31 624 “
65 618 208 668 'pulus‚
243 617 344 664 quasi
377 617 524 653 brutum
557 621 594 651 et
630 616 851 651 luxuriosum
886 615 1019 650 animal
1051 619 1142 658 erat,

38 674 42 676 ’
66 679 260 724 ‘nullaque
286 677 427 714 ratione
460 677 671 719 subsistens,
706 687 802 712 nunc
831 686 918 712 vero
945 675 1046 711 fortis
1071 681 1142 719 est,

35 753 39 755 ·
90 740 341 786 Redemptoris
355 739 522 775 Dominio
541 738 633 774 colla
654 737 866 784 subjiciens,
887 742 923 772 ct
942 736 1068 782 jugum
1086 737 1141 772 di-

89 800 249 847 sciplinae
278 799 493 845 evangelicae
524 797 711 833 humiliter
744 806 883 843 gerens.
916 790 1030 831 Duces
1060 806 1142 831 suos

66 860 168 898 ‘cnm
196 861 354 897 Debbora
390 867 420 896 et
454 861 592 895 Barach
626 859 735 901 misit,
767 858 851 904 quia
883 857 1141 903 prophetarum

88 925 194 961 dictis
227 929 263 960 et
289 923 577 970 patriarcharum
603 921 777 967 exemplis
810 919 1008 961 institutus,
1033 918 1141 955 duces

64 997 67 1001 ·
87 986 227 1021 nobiles
253 990 290 1020 et
319 985 364 1019 ad
383 983 590 1019 bellandum
611 986 736 1017 contra
762 979 928 1014 inimicos
953 984 1141 1024 castraque

87 1047 258 1083 Ecclesiae
287 1043 550 1080 defendendum
578 1043 726 1078 idoneos
745 1051 789 1076 ex
817 1050 855 1076 se
881 1041 1055 1084 reddidit,
1081 1041 1142 1086 qui

31 1102 35 1103 ⁷
87 1120 152 1157 per
179 1107 298 1143 omnia
319 1107 480 1152 priorum
499 1110 644 1151 patrum
669 1103 820 1148 vestigia
849 1108 1033 1138 servantes
1049 1130 1058 1145 ,
1078 1112 1140 1137 ne-

87 1233 377 1270 contemnentes,
395 1237 461 1272 pro
480 1225 632 1261 veritate
655 1233 769 1269 usque
783 1224 828 1259 ad
842 1223 951 1258 linem
969 1222 1051 1258 vita}
1065 1233 1142 1258 cer-

86 1295 268 1327 taverunt.
292 1289 395 1325 Unde
419 1286 647 1332 subsequitur
673 1295 682 1319 x
714 1284 783 1327 Qui
813 1285 912 1331 quasi
933 1285 969 1319 in
991 1295 1141 1330 proeceps

86 1362 127 1387 ac
150 1350 355 1385 barathrum
384 1359 420 1382 se
448 1345 642 1381 discrimini
663 1345 771 1379 dedit.
795 1343 897 1378 Nullo
923 1344 1028 1378 modo
1056 1354 1141 1388 ergo

85 1418 240 1449 mortem
258 1412 383 1446 timere
405 1413 584 1455 poterant,
611 1407 670 1453 qui
690 1406 897 1451 sanguinem
917 1415 981 1451 pro
998 1405 1141 1441 Christo

84 1472 235 1508 sundere
254 1470 526 1506 desiderabant.
556 1468 674 1503 Diviso
701 1472 821 1501 contra
841 1478 876 1501 se
903 1465 1038 1508 Ruben,
1067 1477 1140 1501 ma-

83 1534 329 1580 ynanimorum
348 1537 483 1578 reperta
504 1531 676 1565 contentio
698 1535 760 1564 est.
783 1529 909 1564 Rubcn
928 1529 988 1574 qui
1004 1528 1140 1574 primo-

85 1593 230 1640 genitus
267 1591 332 1626 suit
361 1590 533 1632 Israelis„
548 1590 705 1634 priorem
739 1588 908 1634 populum
947 1587 1137 1634 significat,

84 1654 128 1689 de
146 1663 217 1698 quo
238 1651 410 1687 Dominus
425 1662 490 1697 per
510 1651 722 1696 prophetam
743 1651 792 1685 ait
819 1663 826 1685 :
857 1650 912 1685 Em
928 1649 1062 1695 qupto
1082 1661 1140 1684 vo-

84 1713 159 1748 cavi
176 1712 446 1759 primogenitum
470 1722 585 1746 meum
604 1710 622 1745 Ι
627 1710 718 1746 srael
737 1710 834 1757 (Ose.
855 1711 927 1756 x1);
947 1711 1008 1745 scd
1027 1710 1141 1745 diviso

84 1775 152 1810 hoc
179 1774 321 1817 Ruben,
354 1773 664 1820 magnanimorum
697 1779 839 1818 reperta
869 1771 1050 1806 contentio
1070 1775 1138 1813 est,

84 1836 169 1871 dum
189 1833 300 1871 Judoei
329 1845 350 1869 a
372 1834 543 1870 societate
562 1832 735 1868 bonorum
753 1832 798 1867 ob
815 1831 1003 1877 perfidiam
1022 1830 1138 1873 divisi,

84 1902 208 1933 contra
225 1896 404 1943 spiritales
418 1895 550 1930 milites
564 1893 695 1930 Christi
712 1893 819 1936 bella,
838 1893 918 1929 lites
929 1900 1036 1938 atque
1056 1902 1142 1928 con-

85 1951 265 1992 tentiones
282 1967 425 2003 semper
439 1955 571 1992 liabere
591 1955 856 1990 desiderabant.
873 1954 958 1988 lnde
976 1959 1031 1988 cst
1046 1954 1142 1998 quod

83 2018 274 2064 pontifices
300 2028 342 2053 ac
360 2017 543 2062 principes
569 2014 773 2051 Judaeorum
801 2021 928 2051 contra
947 2014 1138 2059 apostolos,

85 2079 157 2114 imo
191 2083 317 2114 contra
345 2077 462 2123 ipsum
497 2075 688 2111 Dominum
717 2074 905 2110 consilium
926 2073 1082 2109 inierunt
1106 2074 1142 2108 in

85 2140 181 2184 dolo,
203 2139 383 2186 quomodo
403 2147 464 2173 eos
485 2136 691 2182 perderent,
713 2135 806 2170 sicut
824 2134 954 2180 legitur
970 2134 1005 2168 in
1027 2134 1144 2167 Evan-

84 2202 188 2248 gelio,
212 2200 308 2246 quod
324 2199 504 2245 principes
519 2197 747 2233 sacerdotum
770 2201 806 2230 et
829 2205 935 2230 omne
953 2193 1145 2229 concilium

86 2266 290 2309 quaererent
320 2261 447 2296 falsum
489 2258 731 2295 testimonium
764 2262 889 2292 contra
924 2255 1068 2299 Jesum,
1105 2260 1144 2290 ut

85 2334 165 2360 euin
188 2323 297 2359 morti
325 2322 523 2357 traderent.
554 2318 699 2362 (ΜαιτΙι.
727 2312 841 2364 xxv1)‡
866 2318 910 2353 Et
929 2317 964 2351 in
995 2316 1143 2352 Actibus

86 2386 329 2433 apostolorum
349 2384 521 2430 scriptum
541 2381 698 2427 estquod
713 2385 836 2416 contra
853 2378 1034 2425 apostolos
1054 2387 1142 2414 con-

87 2452 323 2495 gregarentur
342 2444 525 2492 principes
550 2448 586 2479 et
606 2443 767 2479 seniores
790 2446 825 2476 et
849 2441 974 2476 scribae
1001 2438 1142 2474 Judaeo-

87 2521 169 2547 rum
192 2510 227 2545 in
247 2505 485 2548 Hierusalem,
505 2511 541 2541 et
558 2504 683 2539 Annas
703 2502 872 2548 princeps
900 2499 1141 2540 sacerdotum,

87 2577 124 2608 et
158 2570 314 2615 Caiplias
343 2572 379 2603 et
408 2566 579 2607 Joannes,
606 2569 642 2599 ct
664 2561 879 2602 Alexander,
900 2565 935 2594 et
969 2562 1145 2603 quotquot

88 2638 192 2669 erant
223 2630 266 2665 dc
290 2636 422 2675 genere
446 2623 659 2662 sacerdotali
682 2621 772 2669 (Act.
804 2619 867 2666 iv).
898 2618 1142 2664 Magnanimo-

87 2703 168 2731 rum
195 2701 280 2738 crgo
316 2689 362 2725 ibi
407 2691 550 2732 reperta
577 2683 757 2720 contentio
784 2687 859 2724 est,
899 2680 959 2715 ubi
1002 2679 1051 2714 illi
1083 2679 1143 2724 qui

88 2754 245 2800 majores
267 2750 483 2786 *ridebantur
506 2755 585 2782 esse
607 2745 642 2780 in
661 2742 793 2790 populo
817 2741 1037 2783 Judaeorum‚
1060 2750 1143 2775 cum

90 2822 223 2853 caetera
260 2812 364 2848 turba
401 2819 468 2856 per
499 2805 704 2853 superbiam
738 2804 909 2839 adversus
953 2801 1144 2837 veritatem

91 2873 274 2921 Evangelii
303 2877 342 2909 et
367 2868 568 2907 doctrinam
592 2863 839 2912 apostolorum
867 2860 1142 2898 contendebant.

92 2937 288 2984 Sequitur:

140 2995 257 3041 Quare
271 2995 408 3032 habitas
422 2994 513 3028 inter
526 2990 613 3026 duos
629 2987 806 3029 terminos,
823 2990 860 3020 ut
878 2984 1003 3020 audias
1031 2983 1152 3023 sibilos

92 3070 234 3107 yrequm
251 3058 268 3093 ‚⁹
282 3055 411 3103 Arguit
427 3054 508 3090 illos
522 3052 590 3088 bac
606 3049 782 3087 sententia
799 3047 860 3093 qui
884 3046 995 3082 variis
1027 3057 1151 3093 super-

93 3119 298 3157 stitionibus
317 3115 442 3158 dediti,
460 3123 526 3150 nec
548 3111 618 3158 legi
636 3121 703 3147 nec
722 3107 915 3154 Evangelio
932 3108 1150 3143 concordare

95 3179 273 3217 volebant.
294 3176 368 3212 Hos
384 3175 481 3211 enim
496 3172 670 3209 terminos
684 3167 950 3214 hicintclligere
962 3166 1147 3210 debemus,

95 3242 188 3279 unde
207 3240 291 3276 alibi
307 3238 481 3284 scriptum
498 3240 579 3272 est:
602 3233 656 3268 Ne
689 3228 956 3276 transgrediaris
986 3228 1149 3263 terminos

34 3322 43 3336 ο
95 3308 233 3350 patrum
264 3306 403 3336 tuorum
424 3295 551 3344 (Ρνου.
580 3293 693 3340 xxii).
731 3291 804 3327 Lex
834 3290 929 3325 enim
955 3293 1058 3324 vetus
1086 3297 1150 3323 suo

97 3368 257 3409 tempore
275 3358 501 3397 observanda
519 3360 612 3398 erat,
628 3353 690 3390 sed
706 3362 778 3388 non
805 3349 918 3386 solum
949 3348 1084 3384 Scribae
1114 3354 1151 3383 et

46 3485 50 3494 '
97 3484 206 3520 etiam
240 3486 411 3518 caeterum
445 3476 574 3522 vulgus
603 3473 769 3522 plurimis
804 3466 1148 3515 transgressionibus

18 3533 44 3550 ⁵¹
99 3554 177 3580 eam
200 3541 426 3590 polluerunt3
460 3546 528 3573 nec
564 3541 684 3572 tamen
715 3532 879 3568 veniente
910 3528 1148 3572 Redemptore

98 3608 238 3646 nostro,
267 3606 304 3638 et
322 3601 536 3647 ‚lucescente
565 3605 631 3641 per
665 3599 779 3631 totum
812 3591 935 3628 orbem
971 3593 1147 3624 terrarum

98 3661 310 3708 Evangelio,
326 3670 367 3698 se
395 3656 557 3697 converti
591 3655 638 3692 ab
668 3664 794 3692 errore
824 3652 870 3688 ad
904 3646 1149 3697 poenitentiam

99 3724 284 3766 volebant,
306 3726 416 3767 atque
435 3719 482 3756 ad
503 3717 656 3766 gratiam
678 3714 814 3752 Christi
836 3711 1040 3758 confugere,
1076 3716 1151 3743 ma-

101 3785 228 3832 gisque
262 3781 449 3829 elegerunt
476 3778 600 3817 sibilos
629 3784 780 3823 gregum
814 3772 953 3816 audire,
983 3770 1053 3807 hoc
1082 3771 1151 3810 est,

734 163 970 211 comam.
996 170 1044 208 m
1065 171 1150 208 Lm.
1177 171 1385 213 tomeun.
1408 198 1456 206 —
1475 179 1561 216 ua.
1588 180 1619 218 1.

108 255 115 274 -·
140 249 256 286 Duces
271 246 420 284 Isachar
441 247 538 294 suere
557 258 636 283 cum
662 247 841 291 bethara,
867 253 900 284 et
924 246 1063 284 Bar-ach
1081 261 1137 285 ve·
1155 250 1188 288 A
1205 247 1458 290 haereticorum
1474 256 1663 301 pestiferas
1693 262 1812 296 netas
1829 261 1942 307 sequi,
1971 274 2076 311 quam
2109 270 2245 309 vem,-

96 3421 269 3458 Pbarisael
285 3418 361 3455 suis
379 3415 631 3453 traditionibus
646 3421 726 3449 eam
746 3409 1028 3449 maculaverant,
1062 3406 1147 3451 quin
1182 3448 1184 3451 v

1210 319 1282 351 tem
1297 319 1594 354 testamentorum
1609 319 1688 355 Dei.
1705 318 1780 356 Hos
1793 320 1890 356 enim
1905 331 2027 370 greges
2040 329 2246 371 mdo

1208 385 1339 420 sponsa
1366 377 1403 412 in
1429 376 1577 414 cantico
1598 379 1831 415 'canticorum
1867 380 1912 416 ad
1937 391 2101 428 sponsum
2128 390 2214 429 dicit
2232 403 2245 429 =

1209 434 1335 470 Indica
1349 436 1433 471 mihi
1449 448 1550 483 quem
1566 438 1680 484 diliqit
1696 439 1815 475 anima
1825 450 1915 484 mea,
1935 441 1994 477 ubi·
2026 455 2157 490 pancas,
2187 452 2247 488 uu

1209 493 1311 529 cubes
1322 494 1361 529 in
1373 496 1529 537 meridie,
1555 490 1600 532 'ne
1619 499 1739 544 vagari
1756 499 1920 546 incipiam
1939 512 2000 547 per
2013 513 2127 551 qreyes
2150 509 2251 544 soda-

1210 552 1296 587 lium
1309 558 1448 588 tuorum
1466 553 1591 602 (Cant.
1609 557 1658 605 ι).
1689 557 1823 604 Greges
1850 569 1935 607 ergo
1966 563 2137 600 sodalium
2167 577 2250 604 con·

1209 616 1387 652 venticula
1415 622 1498 653 sunt
1527 618 1791 662 haereticorum,
1827 631 1904 666 quae
1935 622 2078 660 inanem
2111 626 2249 666 sibilum

1210 678 1309 719 dant,
1329 687 1411 713 cum
1430 678 1654 714 mendacium
1670 689 1735 724 pro
1765 680 1914 717 veritate
1932 683 2006 719 suis
2035 685 2251 726 auditoribus

1209 735 1460 772 commendare
1479 737 1675 780 decertant,
1696 749 1786 784 quos
1803 740 1962 787 quisquis
1979 742 2024 779 ab
2043 745 2180 782 unitate
2212 747 2253 783 li-

1210 794 1342 830 delium
1365 796 1501 832 divisus
1521 797 1694 842 sequitur,
1733 809 1814 834 mox
1842 810 1907 845 per
1927 802 2130 847 superbiam
2165 816 2251 842 con-

1209 855 1387 891 tentiones
1406 866 1541 899 amare,
1559 862 1593 892 et
1610 863 1733 893 contra
1751 858 1864 894 bonos
1880 860 1971 896 odiis
1989 871 2180 910 exsurgere
2197 866 2252 901 in-

1207 916 1362 951 venitur.
1386 916 1485 952 Unde
1502 917 1585 952 item
1602 918 1763 963 superior
1781 921 1954 956 sententia
1976 923 2148 967 repetitur
2164 936 2172 958 :
2191 925 2252 959 Di-

1207 977 1277 1012 viso
1288 983 1407 1012 contra
1423 989 1458 1012 se
1471 977 1604 1020 Ruben,
1620 980 1919 1024 maynam‘morum
1931 988 2063 1026 reperta
2078 985 2247 1018 contentio

1208 1043 1280 1079 est;
1298 1038 1381 1082 quia
1396 1049 1466 1073 non
1483 1038 1599 1074 solum
1615 1037 1740 1082 Judaei,
1773 1040 1835 1075 sed
1865 1046 1902 1076 et
1931 1051 2053 1077 omnes
2092 1043 2250 1080 haeretici

1211 1100 1317 1140 atque
1332 1097 1564 1139 schismatici,
1580 1098 1640 1142 qui
1655 1092 1848 1142 primatum
1864 1100 1998 1135 habere
2027 1110 2090 1146 per
2123 1111 2250 1146 super·

87 1178 268 1217 quaquam
285 1168 320 1203 in
335 1167 470 1203 erroris
488 1166 590 1201 devia
610 1164 893 1206 declinaverunt,
910 1164 971 1199 sed
989 1169 1141 1199 mortem
1159 1146 1191 1184 B
1209 1156 1304 1192 biam
1323 1156 1496 1197 ambiunt,
1518 1161 1643 1191 C0ml'ss
1657 1156 1854 1191 ECClCSiam
1887 1158 2004 1200 divisi,
2039 1159 2074 1193 in
2105 1165 2252 1196 conten-

1210 1218 1305 1253 tione
1326 1222 1433 1262 atque
1455 1217 1630 1253 discordia
1655 1227 1796 1263 semper
1829 1224 2084 1263 perseverant,·
2112 1225 2147 1255 et
2182 1229 2251 1255 non

1210 1278 1321 1313 solum
1342 1278 1443 1313 bonis
1463 1277 1616 1318 adversi,
1639 1278 1700 1313 sed
1716 1282 1751 1312 et
1769 1277 1999 1322 sibimetipsis
2014 1279 2142 1324 ubique
2155 1279 2251 1314 noxii

1209 1340 1447 1383 reperiuntur.
1468 1338 1556 1374 Hinc
1579 1339 1745 1375 Salomon
1764 1339 1814 1374 ait
1833 1349 1842 1374 ε
1863 1339 1960 1374 Inter
1973 1340 2135 1385 superbos
2161 1352 2250 1376 sem-

1208 1400 1406 1446 pe1·.jnr9ia
1425 1406 1505 1434 sunt
1523 1411 1534 1439 ‚·
1554 1400 1741 1445 quintilem
1757 1405 1862 1446 ayunt
1882 1406 2005 1435 cuncta
2019 1400 2173 1443 consilio,
2201 1413 2251 1436 re-

1206 1466 1333 1506 yuntur
1357 1461 1524 1506 sapientia
1541 1459 1667 1505 (Prov.
1686 1459 1786 1506 xm).

1253 1519 1388 1556 Galaad
1403 1527 1497 1555 trans
1510 1520 1699 1555 Jordanem
1717 1520 1923 1566 quiescebat,
1939 1526 1969 1556 et
1998 1521 2077 1555 Dan
2104 1521 2249 1556 vacabat

1208 1580 1361 1615 naribus.
1384 1580 1536 1623 Quidam
1551 1580 1691 1615 codices
1709 1590 1773 1625 pro
1806 1578 1954 1622 Galaad,
1993 1579 2068 1615 Gad
2102 1581 2246 1616 habent.

1207 1639 1249 1675 Et
1265 1640 1349 1685 quid
1368 1650 1432 1685 per
1446 1640 1592 1682 Galaad,
1617 1639 1675 1684 qni
1709 1650 1849 1674 acervus
1866 1640 1960 1674 testis
1976 1640 2245 1685 interpretatur,

1208 1700 1281 1735 sive
1301 1699 1390 1741 Gad,
1417 1699 1478 1745 qui
1496 1698 1670 1734 accinctus
1689 1699 1831 1741 dicitur,
1856 1699 1923 1734 nisi
1942 1699 2158 1735 Israeliticus
2184 1710 2248 1745 po-

1208 1759 1309 1804 pulus
1330 1759 1536 1804 designatur
1552 1759 1612 1804 qui
1637 1759 1727 1794 bene
1746 1768 1895 1795 acervus
1922 1759 2023 1794 testis
2041 1760 2115 1795 sive
2133 1760 2250 1795 accin-

1208 1826 1285 1855 ctus
1311 1820 1396 1855 dicit
1414 1826 1545 1866 potest,
1565 1820 1648 1866 quia
1670 1820 1780 1856 Vetus
1798 1820 2063 1855 Testamentum
2099 1819 2134 1855 in
2171 1819 2248 1865 lege

1208 1888 1244 1917 et
1259 1882 1442 1926 prophetis
1459 1882 1701 1927 conscriptum
1720 1882 1867 1923 habens,
1901 1882 1982 1917 inde
2000 1890 2037 1916 se
2060 1885 2175 1917 tutum
2198 1885 2250 1914 at·

1208 1952 1278 1988 que
1314 1941 1470 1987 undique
1504 1941 1678 1976 munitum
1721 1940 1797 1976 sore
1841 1940 2040 1976 confidebat
2056 1951 2065 1982 ;
2098 1940 2160 1976 sed
2191 1938 2251 1974 hie

1210 2008 1308 2038 trans
1322 2001 1511 2038 Jordanem
1531 2002 1747 2048 quiescebat,
1765 2002 1847 2047 quia
1861 2002 1954 2037 bona
1970 2002 2155 2047 praesentis
2168 2001 2251 2036 vitae

1210 2068 1245 2098 ct
1264 2072 1384 2099 rerum
1403 2063 1653 2098 abundantiam
1673 2063 1835 2108 diligens,
1853 2060 2014 2097 sufficere
2035 2061 2102 2096 sibi
2118 2061 2162 2096 ad
2196 2070 2253 2094 sa-

1210 2125 1321 2159 lutem
1336 2125 1516 2165 credebat,
1537 2128 1572 2157 et
1592 2123 1669 2158 ideo
1684 2127 1782 2156 trans
1798 2121 1990 2156 Jordanem
2006 2119 2170 2166 progredi
2189 2129 2254 2153 no-

1212 2184 1322 2225 lebat,
1342 2183 1424 2228 quia
1441 2183 1608 2228 baptismi
1624 2181 1775 2228 gratiam
1796 2189 1981 2226 respuens,
2006 2180 2097 2214 bona
2128 2178 2253 2214 suturae

1211 2246 1292 2280 vitae
1307 2253 1467 2288 quaerere
1483 2243 1579 2278 nullo
1598 2242 1701 2278 modo
1719 2241 1880 2276 curabat.
1901 2240 1975 2275 Dan
1999 2248 2083 2285 ergo
2107 2238 2255 2274 vacabat

1211 2305 1374 2339 navibus.
1396 2304 1441 2338 Et
1456 2304 1537 2348 quia
1553 2313 1617 2348 per
1632 2304 1720 2345 Dan,
1741 2302 1985 2347 quijudice'um
2015 2300 2070 2336 vel
2087 2300 2254 2345 judicatu

1212 2367 1480 2412 interpretatur,
1500 2365 1566 2400 lioc
1590 2364 1667 2399 loco
1691 2363 1815 2398 melius
1834 2372 1939 2407 quam
1956 2361 2105 2407 populus
2124 2360 2249 2397 Eccle-

1211 2427 1272 2461 size
1288 2426 1399 2470 accipi
1417 2430 1547 2470 potest.
1575 2423 1640 2468 Qui
1658 2429 1753 2458 recte
1780 2422 1952 2469 J'udicium
1985 2422 2058 2457 sive
2087 2420 2252 2467 judicans

1210 2487 1428 2528 nominatur,
1462 2485 1543 2531 quia
1576 2483 1765 2529 judiciaria
1797 2489 1957 2528 potestas
1989 2481 2038 2517 illi
2057 2491 2076 2515 a
2103 2481 2253 2517 Domino

1210 2547 1335 2583 collata
1350 2556 1427 2582 csse
1444 2546 1595 2581 videtur.
1627 2544 1725 2580 Unde
1752 2543 1919 2589 apostolis
1946 2542 2020 2587 ipsa
2046 2541 2183 2577 Veritas
2215 2540 2252 2575 in

1210 2607 1401 2653 Evangelio
1426 2606 1475 2641 ait
1495 2618 1502 2641 :
1525 2605 1633 2639 Amen
1645 2604 1721 2638 dico
1747 2603 1850 2645 vobis,
1867 2602 1958 2649 quod
1973 2613 2030 2636 vos
2059 2601 2117 2647 qui
2144 2601 2252 2635 secati

1210 2671 1289 2706 estis
1314 2680 1367 2704 me
1387 2669 1423 2704 ἰη
1447 2665 1711 2713 regeneratione,
1730 2675 1807 2699 cam
1825 2663 1948 2698 sederit
1977 2661 2087 2696 Filias
2104 2661 2251 2695 hominis

1210 2732 1246 2766 in
1270 2729 1348 2764 sede
1367 2727 1557 2773 majestatis
1584 2735 1669 2766 sacr,
1685 2723 1843 2759 sedebitis
1877 2727 1907 2756 ct
1938 2731 1993 2756 ros
2027 2730 2128 2766 saper
2157 2719 2251 2754 sedes

1211 2790 1410 2831 duodecim,
1424 2788 1621 2833 judicantes
1637 2785 1815 2820 duodecim
1840 2782 1948 2818 trihus
1970 2779 2079 2815 Israel
2110 2777 2248 2824 (Manli.

1211 2862 1272 2887 xix
1287 2850 1313 2897 ).
1334 2850 1377 2886 Et
1387 2851 1420 2885 in
1429 2846 1637 2895 Apocalypsi
1648 2845 1774 2891 viginti
1787 2848 1939 2889 quatuor
1954 2840 2111 2876 seniores
2125 2837 2250 2873 seden-

1213 2919 1267 2948 tes
1286 2913 1322 2947 in
1341 2911 1482 2946 sedibus
1501 2909 1574 2944 suis
1594 2905 1760 2951 descripti
1775 2908 1856 2940 sunt
1883 2901 2012 2949 (Apoc.
2029 2899 2098 2946 iv),
2119 2902 2159 2932 ut
2172 2906 2254 2932 san-

1218 2982 1284 3013 ctae
1301 2972 1470 3009 Ecclesiae
1489 2971 1655 3016 dignitas,
1681 2976 1760 3013 quae
1786 2976 1830 3001 ex
1862 2961 2075 3010 patriarchis
2108 2963 2144 2994 ct
2177 2966 2255 3002 apo-

1219 3036 1319 3073 stolis
1338 3033 1523 3080 progenita
1539 3035 1606 3072 cst,
1625 3017 1689 3075 pei·
1707 3028 1799 3063 hanc
1819 3024 2014 3060 sessionem
2052 3021 2087 3056 in
2119 3018 2254 3055 coelesti

1219 3106 1328 3143 regno
1343 3093 1577 3139 exprimatur.
1595 3089 1677 3125 Haec
1690 3097 1774 3133 ergo
1793 3091 1895 3121 vacat
1914 3083 2072 3121 navibus,
2112 3079 2193 3124 quia
2218 3078 2253 3111 in

1218 3156 1377 3205 periculo
1395 3155 1582 3201 praesentis
1599 3151 1679 3186 vitae
1705 3147 1909 3186 constituta,
1937 3140 2103 3187 mysterio
2135 3137 2252 3173 Domi-

1219 3219 1308 3255 nicae
1325 3215 1442 3252 crucis
1459 3214 1627 3253 innitens,
1646 3206 1835 3254 procellam
1858 3200 2156 3249 persecutionum,
2186 3206 2251 3242 per

1219 3278 1282 3314 Dei
1303 3274 1597 3313 misericordiam,
1614 3274 1781 3313 superare
1810 3260 2007 3302 contendm
2044 3267 2109 3294 nec
2135 3266 2203 3293 non
2228 3266 2250 3292 a

1219 3338 1370 3375 terrenis
1404 3331 1552 3378 negotiis
1578 3337 1706 3363 vacans
1736 3334 1801 3370 per
1827 3321 2078 3369 praedicatores
2108 3321 2250 3353 sanctos

1219 3403 1295 3435 rete
1311 3390 1490 3438 Evangelii
1510 3390 1543 3424 in
1564 3396 1662 3423 mare
1692 3384 1794 3420 istius
1814 3380 1936 3418 mundi
1961 3378 2084 3419 mittit,
2120 3380 2160 3411 ut
2188 3375 2250 3411 ho-

1218 3458 1332 3493 mines
1348 3451 1393 3487 ab
1411 3449 1514 3486 undis
1533 3444 1743 3482 turbulentis
1757 3440 1874 3478 saeculi
1891 3444 2013 3475 erutos
2040 3437 2084 3472 ad
2113 3439 2249 3482 portam

1217 3513 1344 3561 quietis
1363 3516 1400 3547 et
1412 3508 1456 3545 ad
1474 3508 1674 3544 libertatem
1692 3502 1819 3538 suturae
1834 3499 1959 3547 patriae
1980 3496 2162 3543 perducat.

1261 3574 1347 3610 Aser
1361 3567 1535 3607 habitabat
1551 3566 1588 3602 in
1603 3564 1715 3600 littore
1726 3562 1846 3603 maris,
1862 3558 1944 3595 etin
1956 3554 2119 3604 portubus
2135 3559 2251 3587 mora-

1218 3637 1332 3673 batur.
1345 3631 1447 3674 Aser,
1467 3628 1528 3674 qui
1545 3625 1718 3663 beatitudo
1732 3623 1998 3669 interpretatur,
2018 3614 2150 3652 nultum
2170 3618 2249 3647 mo-

1218 3699 1286 3734 lius
1302 3703 1411 3741 quam
1434 3690 1706 3734 Redemptor-cm
1722 3687 1881 3721 nostrum
1900 3677 2101 3726 significare
2111 3673 2248 3720 potess-

1221 3760 1256 3796 in
1281 3765 1352 3803 quo
1371 3759 1427 3791 est
1444 3749 1547 3789 nobis
1562 3757 1642 3796 spes
1655 3751 1797 3785 aeternae
1813 3737 2055 3780 beatitudinis.
2071 3734 2149 3772 ⁸1⁰0
2176 3737 2249 3777 «1¹¹⁰
