2540 4016
105 155 177 194 255

102 295 273 336 tanquam
293 293 464 341 templum
484 304 587 330 suum
607 300 877 338 commendans.
899 303 947 339 Et
963 306 1087 352 stabis,
1108 309 1163 345 in-

103 350 194 395 quit,
213 363 318 399 super
328 358 475 399 petram,
487 355 569 401 quia
585 367 690 404 super
707 359 797 396 hanc
810 369 958 408 petram,
974 369 1026 403 ait
1043 367 1162 406 Domi-

102 419 184 453 nus,
204 411 384 457 aedificabo
399 411 595 451 Ecclesiam
615 427 729 454 meam
747 419 894 468 (Mami.
911 425 1002 473 xvi).
1030 427 1159 466 Statim

101 477 140 507 ut
156 473 308 509 transiet
322 473 435 521 gloria
449 485 546 520 mea,
560 479 674 516 stabis
687 491 796 528 super
806 491 959 530 petram.
978 488 1070 534 Quia
1079 498 1162 538 post

100 534 291 571 transitum
304 534 454 581 Christi,
481 538 516 575 id
533 545 600 584 est,
626 547 710 587 post
723 545 932 590 passionem
948 554 984 585 et
999 561 1159 590 resurre-

97 594 254 631 ctionem
273 596 420 641 Christi,
443 599 544 635 stetit
563 601 716 647 populus
736 603 852 642 tidelis
868 617 978 654 super
1001 617 1158 657 petram.

95 651 143 688 Et
154 665 282 700 ponam
292 662 337 699 te,
353 656 483 703 inquit,
497 659 533 694 in
543 671 690 696 caverna
699 669 820 709 petrae.
837 666 883 702 Et
898 670 1083 708 munimen
1098 674 1161 710 tir-

94 717 298 755 missimum
321 720 514 766 significat.
530 723 602 760 Alii
621 733 742 763 autem
759 729 988 777 interpretati
1003 739 1100 778 sunt,
1122 736 1159 772 in

94 778 239 824 specula
266 786 389 826 petrae.
420 783 491 820 Sed
517 785 664 824 Graecus
695 789 804 826 habet
828 794 911 832 ὀπήν
939 805 948 828 :
970 794 1039 830 hoc
1060 796 1157 833 enim

91 838 257 877 foramen
269 843 326 878 vel
338 854 533 882 cavernam
548 847 904 895 interpretamur.·Et
918 859 1032 901 teqam
1047 867 1155 894 manu

90 910 168 936 mea
200 913 305 948 super
331 910 364 939 te
393 906 501 942 donec
530 913 726 951 transeam,
758 917 791 946 et
820 913 982 958 auferam
1010 926 1154 952 manum

90 970 225 1004 meant,
247 969 280 998 et
303 971 385 1000 tunc
404 966 532 1001 videbis
556 969 750 1012 posteriora
773 982 872 1015 mea,
899 973 1008 1018 facies
1036 983 1153 1013 autem

90 1030 165 1056 mea
185 1034 253 1058 non
269 1024 438 1059 videbitur
454 1025 528 1060 tibi.
545 1027 634 1063 Cum
645 1028 721 1074 jam
736 1031 900 1077 dixisset,
915 1036 1028 1072 stabis
1044 1047 1153 1084 super

87 1087 228 1125 petram
247 1083 368 1118 statim
387 1090 426 1119 ut
440 1087 594 1140 transiet
608 1089 721 1135 gloria
737 1102 833 1137 mea,
855 1095 917 1131 ubi
936 1096 1151 1145 intelligitur

83 1199 273 1247 imitatem,
300 1208 480 1251 quomodo
512 1211 761 1257 accipiendum
788 1220 960 1263 estquod
987 1221 1049 1266 ait,
1082 1222 1149 1259 Po-

83 1271 168 1298 nam
186 1269 221 1300 te
239 1265 275 1301 in
295 1276 450 1305 caverna
472 1276 584 1316 petrae
604 1279 640 1309 et
666 1281 783 1323 tegam
809 1289 918 1316 manu
938 1292 1018 1319 mea
1038 1294 1148 1330 super

83 1327 131 1366 te,
161 1325 276 1362 donec
296 1333 479 1367 transeam
498 1339 533 1369 et
559 1335 721 1373 auferam
742 1349 905 1386 manum,
934 1348 970 1379 et
992 1350 1077 1382 tunc
1094 1348 1147 1383 vi-

82 1385 183 1423 debis
208 1392 411 1434 posteriora
439 1405 532 1432 mea.
566 1397 676 1442 Quasi
699 1402 773 1448 Jam
792 1404 853 1441 illo
879 1407 914 1442 in
940 1415 1042 1454 petra
1061 1422 1146 1447 con-

82 1448 224 1494 stituto,
244 1456 343 1501 tegat
364 1466 472 1492 manu
491 1469 554 1494 sua
573 1471 681 1507 super
705 1474 803 1509 eum,
823 1472 860 1502 et
880 1469 1008 1506 deinde
1028 1477 1146 1509 trans-

81 1514 152 1551 eat,
180 1521 260 1547 cum
282 1523 363 1550 esse
393 1516 429 1551 in
457 1524 560 1563 petra
594 1531 664 1557 non
694 1526 825 1569 possit,
862 1529 930 1564 nisi
958 1536 1040 1575 post
1066 1533 1143 1579 ejus

81 1569 288 1607 transitum.
330 1573 401 1610 Sed
443 1580 691 1624 recapitulatio
728 1584 959 1633 intelligenda
997 1599 1052 1628 est
1089 1595 1142 1630 rei

80 1632 332 1674 prsetermissae
348 1637 445 1680 quali
461 1639 550 1676 solet
570 1642 621 1676 uti
640 1642 828 1691 Scriptura
846 1649 881 1684 in
895 1651 1018 1689 multis
1036 1653 1138 1692 locis.

79 1688 210 1726 Postea
241 1694 373 1741 quippe
405 1697 509 1742 dixit,
541 1702 637 1747 quod
670 1707 797 1743 ordine
828 1714 999 1757 temporis
1037 1717 1139 1760 prius

79 1758 135 1788 est
156 1765 162 1788 :
183 1755 243 1799 qui
266 1757 354 1793 ordo
375 1758 422 1794 ita
445 1770 483 1796 se
506 1763 627 1799 habet.
650 1766 781 1814 Tegam
802 1781 910 1808 manu
928 1785 1008 1812 mea
1028 1788 1138 1824 super

78 1816 129 1856 te,
152 1814 265 1851 donec
285 1821 480 1864 transeam,
507 1828 543 1857 et
558 1829 641 1860 tunc
659 1827 795 1865 videbis
812 1835 1015 1876 posteriora
1039 1849 1134 1883 mea,

76 1880 160 1907 nain
183 1873 294 1912 facies
319 1888 398 1914 mea
419 1891 490 1916 non
516 1883 696 1922 videbitur
716 1889 799 1932 tibi,
828 1898 864 1928 et
888 1896 1002 1932 stabis
1026 1909 1135 1945 super

74 1941 215 1978 petram
247 1939 369 1974 statim
389 1947 428 1976 ut
449 1946 602 1981 transiet
629 1948 742 1994 gloria
764 1963 857 1996 mea,
880 1962 917 1991 et
941 1967 1073 2003 ponam
1098 1967 1133 1998 te

74 1992 112 2029 in
131 2005 283 2034 caverna
303 2006 428 2044 petrae.
450 2003 525 2041 Hoc
543 2007 639 2044 enim
664 2009 797 2049 factum
816 2021 871 2051 est
889 2017 923 2053 in
947 2020 1013 2063 eis,
1042 2032 1132 2067 quos

74 2056 159 2091 tunc
185 2057 411 2104 significabat
438 2075 591 2109 persona
625 2069 757 2118 Moysi,
787 2075 822 2110 id
847 2083 915 2121 est,
943 2079 1127 2128 Israelitis,

73 2114 134 2159 qui
167 2115 203 2152 in
238 2118 427 2158 Dominum
461 2123 582 2162 «lesum
618 2130 721 2167 sieut
743 2133 854 2172 Actus
887 2142 1129 2185 apostolorum

72 2173 246 2220 indicant,
259 2186 382 2224 postea
398 2185 640 2232 crediderunt,
658 2191 693 2227 id
710 2198 777 2237 est,
790 2197 912 2233 statim
928 2205 966 2235 ut
979 2205 1130 2241 transiet

71 2232 149 2280 ejus
180 2236 306 2283 gloria.
332 2240 421 2278 Nam
438 2251 561 2290 postea
585 2259 693 2294 quam
718 2258 917 2294 resurrexit
936 2271 955 2295 a
976 2265 1127 2301 mortuis

56 2300 108 2332 ·et
125 2299 288 2335 ascendit
305 2301 340 2337 in
362 2304 505 2349 coelum,
523 2310 634 2347 misso
659 2313 814 2361 desuper
835 2318 969 2364 Spiritu
987 2333 1124 2371 sancto,

56 2365 152 2392 neum
181 2358 312 2407 linguis
332 2365 492 2403 omnium
513 2371 673 2415 gentium
696 2379 847 2421 apostoli
876 2381 1121 2432 loquerentur,

55 2422 275 2464 «compuncti
300 2430 383 2460 sunt
399 2428 508 2464 corde
530 2432 629 2468 multi
652 2445 695 2470 ex
713 2437 765 2474 eis
789 2441 849 2485 qui
869 2446 1124 2485 crucifixerant

54 2478 265 2527 ¹Christum,
283 2495 390 2531 quern
408 2490 437 2525 si
456 2495 709 2539 cognovissent
727 2511 910 2548 nunquam
932 2507 1122 2547 Dominum

54 2539 190 2585 ‚gloriae
209 2546 487 2586 crucifixissent.
517 2553 664 2592 Coecitas
685 2570 727 2595 ea:
754 2570 852 2607 parte
879 2567 916 2601 in
933 2568 1048 2604 Israel
1067 2572 1122 2616 fa-

67 2606 123 2636 eta
137 2607 186 2637 est
206 2603 323 2649 (Rom.
340 2608 408 2655 xl),
426 2611 518 2647 sicut
539 2615 674 2654 dictum
693 2620 813 2658 fuerat
831 2635 840 2659 ε
861 2625 994 2672 Tegam
1012 2642 1120 2670 manu

66 2671 145 2696 mea
168 2672 275 2708 super
294 2671 330 2702 te
347 2669 461 2706 donee
480 2678 672 2713 transeam.
695 2679 796 2717 Unde
820 2684 1008 2725 Psalmista
1035 2692 1086 2727 ait
1109 2706 1118 2728 z

0 2710 2 2713 ’
50 2721 238 2764 ‘Quoniam
255 2727 311 2763 die
325 2741 366 2764 ac
385 2739 483 2768 noete
500 2744 644 2780 9rat=ata
659 2747 709 2776 est
729 2754 833 2789 super
849 2758 903 2783 me
916 2760 1041 2789 manus
1058 2761 1118 2792 tua

49 2781 176 2830 -(Psal.
200 2789 315 2836 xxxi).
337 2791 438 2829 Diem
458 2798 641 2843 appellans
664 2806 808 2849 quando
833 2808 977 2850 Christo
998 2817 1117 2854 divina

48 2843 236 2883 rmiracula
258 2848 430 2897 faciebat,
452 2862 609 2902 noctem,
630 2865 775 2908 quando
795 2867 888 2905 sicut
911 2871 1019 2910 homo
1036 2888 1115 2913 mo-

47 2903 220 2942 rriebatur
242 2913 278 2944 et
302 2910 352 2946 illi
373 2913 633 2963 titubaverunt,

46 2961 133 3001 illoc
149 2972 204 3002 est
220 2977 319 3016 ergo,
335 2971 422 3009 Cum
443 2979 638 3025 transiero,
663 2988 747 3021 tunc
762 2987 900 3027 videbis
912 2997 1112 3038 posteriora

44 3033 149 3061 lutea.
187 3027 276 3066 Cum
306 3036 486 3073 transiero
519 3040 564 3076 de
591 3042 660 3079 hoe
690 3048 824 3085 mundo
857 3053 902 3087 ad
938 3054 1081 3095 Patrem
1101 3089 1110 3105 ,

42 3087 234 3128 meterius
271 3090 309 3127 in
346 3103 404 3130 me
439 3098 612 3137 credituri
650 3112 734 3141 sunt
751 3133 761 3150 ,
783 3118 953 3154 ¹quorum
988 3121 1111 3164 typum

47 3153 162 3183 eris.

101 3201 201 3242 Tunc
214 3208 311 3245 enim
326 3217 532 3259 compuncti
547 3221 656 3257 corde
675 3223 845 3263 dixerunt
862 3241 870 3264 :
892 3230 987 3274 Quid
1004 3235 1111 3280 facie-

96 3269 98 3271 ’
141 3265 260 3314 ?(Act.
280 3270 392 3320 n.)Et
407 3275 500 3321 jussi
522 3283 660 3319 suntab
676 3289 849 3331 apostolis
869 3301 976 3338 agere
991 3300 1106 3342 poeni-

80 3337 105 3353 ιε
132 3323 216 3371 iam,
237 3334 274 3365 et
296 3330 473 3378 baptizari
495 3338 530 3374 in
547 3344 693 3381 nomine
710 3345 797 3383 Jesu
819 3350 968 3398 Christi,
991 3363 1030 3393 ut
1056 3360 1107 3396 di-

66 3393 281 3435 vtnfjrentur
315 3391 388 3430 illis
418 3405 566 3442 peccata
597 3411 734 3442 eorum.
766 3407 868 3452 Quod
903 3413 938 3449 in
964 3418 1104 3461 psalmo

43 3453 46 3462 ·
69 3436 302 3493 litt-&quitum
321 3461 403 3488 cum
423 3455 558 3495 dictum
576 3469 685 3508 esset,
704 3465 761 3502 die
785 3481 826 3504 ac
845 3479 943 3508 nocte
957 3485 1102 3520 qravata

111 3513 114 3519 ·
189 3531 191 3533 v
233 3518 288 3544 me
305 3521 431 3550 manus
452 3522 528 3564 tua,
556 3521 592 3558 id
608 3530 678 3569 est,
696 3531 736 3562 ut
766 3538 1034 3576 cognoscerem.
1065 3538 1103 3575 Si

40 3570 94 3626 ,ὃ
130 3564 432 3619 ζῇδοςιιοῖίεεοηι,
455 3587 639 3626 nunquam
665 3583 857 3626 Dominum
878 3592 1001 3638 gloriae
1020 3607 1102 3634 cru-

64 3629 78 3645 *
135 3626 174 3681 ζ
195 3624 263 3678 ’ἦ
280 3627 468 3678 >Sequitur
493 3643 531 3674 et
552 3641 673 3690 jungit
695 3647 928 3690 :Conversus
952 3664 1032 3693 sum
1061 3659 1099 3696 in

127 3681 195 3727 *¹ss¹.
216 3739 218 3741 q
248 3685 345 3727 ‘fin
368 3694 657 3746 confi-ingemm-
688 3707 814 3754 spina,
838 3711 876 3749 id
911 3721 981 3760 est,
1013 3729 1097 3756 cum

168 3755 172 3763 ’
610 3763 747 3805 Deinde
776 3770 941 3812 addidit:
962 3776 1096 3815 Pecca-

266 3803 478 3877 “ss'fflmz
495 3818 640 3866 cvm.

754 164 1093 210 nomismata
1116 171 1164 211 IN
1188 170 1398 231 Exonuu.
1426 194 1475 202 -
1498 176 1585 215 LIB.
1611 179 1672 219 tv.

102 229 305 267 Ecclesiam
338 231 516 279 significat
540 232 704 279 dicendo,
737 237 831 275 Ecce
857 240 955 279 locus
978 256 1082 291 penes
1103 256 1164 284 me
1181 250 1217 291 A
1233 253 1308 283 tum
1332 259 1449 286 meum
1481 253 1652 298 coquunt,
1679 258 1715 290 et
1742 254 1883 301 facinus
1910 270 2025 299 meum
2056 278 2126 304 non
2156 275 2298 319 operui.
2353 303 2360 313 .

2220 197 2292 246 234

1230 307 1471 356 Posteaquam
1499 312 1670 350 viderunt
1695 322 1831 361 quanto
1847 319 1984 358 scelere
2005 323 2189 368 Christum
2210 345 2297 373 cru-

1231 367 1435 413 cifixerunt,
1463 376 1501 407 et
1523 373 1587 419 qui
1610 383 1827 421 receperunt
1850 381 2066 427 consilium,
2088 392 2128 421 ut
2146 398 2296 436 agerent

1202 411 1206 414 ⁴
1228 428 1497 477 poenitentiam,
1513 438 1551 470 et
1570 434 1607 471 in
1626 435 1808 482 baptismo
1825 441 2076 481 remissionem
2091 450 2300 495 acciperent

1228 493 1477 532 peccatorum.
1497 491 1606 538 Dixi,
1627 495 1761 542 inquit,
1781 503 2019 545 pronuntiabo
2038 505 2223 545 adversum
2241 524 2296 550 me

1228 546 1393 585 delictum
1412 562 1528 588 meum
1556 554 1708 593 Domino
1736 568 1749 594 .·
1775 566 1866 596 etta
1895 565 2061 601 remisisti
2085 568 2300 616 impietatem

1228 609 1345 645 cordis
1377 613 1457 648 mei.
1492 613 1595 652 Hanc
1621 624 1741 655 autem
1767 623 1999 668 prophetiam
2018 629 2140 674 potius
2167 632 2295 680 fuisse,

1226 678 1336 716 quam
1352 673 1494 712 locutus
1513 684 1569 714 est
1591 678 1767 720 Dominus
1786 685 1831 721 ad
1853 685 2013 735 Moysen,
2035 693 2128 729 satis
2146 705 2206 732 res
2226 697 2296 735 ista

1226 732 1374 780 indicat,
1406 740 1551 784 quando
1577 742 1723 788 quidem
1754 747 1798 782 de
1826 753 1930 795 petra
1950 751 2007 787 vel
2027 763 2183 792 caverna
2209 758 2289 803 ejus

1225 801 1261 832 et
1281 797 1325 834 de
1352 810 1482 838 manus
1502 803 1581 850 ejus
1607 809 1913 856 superpositione,
1943 814 1987 850 de
2004 815 2146 854 visione
2173 825 2295 865 poste-

1224 857 1362 896 riorum
1378 861 1480 907 ejus,
1506 865 1598 901 nihil
1620 875 1745 913 postea
1764 870 1899 908 visibili
1916 883 2028 920 opere
2055 878 2291 917 subsecutum

1222 917 1369 965 legitur.
1407 923 1489 959 Mox
1527 927 1624 963 enim
1654 929 1843 979 adjungit,
1886 934 2102 982 interposito
2136 942 2293 978 articulo

1222 978 1426 1026 Scriptura,
1448 984 1495 1020 Et
1512 987 1603 1022 dixit
1631 989 1805 1028 Dominus
1832 994 1879 1029 ad
1910 995 2073 1043 Moysen,
2103 1011 2187 1038 cum
2214 1003 2293 1049 ipse

1219 1036 1395 1076 Dominus
1414 1043 1542 1088 utique
1565 1046 1675 1081 etiam
1696 1048 1758 1084 illa
1775 1061 1856 1096 quae
1881 1057 2091 1100 supradicta
2110 1067 2221 1106 sunt,
2244 1063 2295 1099 10·

1220 1107 1407 1146 queretur,
1424 1109 1534 1152 atque
1549 1106 1637 1144 inde
1650 1112 1812 1148 contexit
1825 1115 1910 1159 quid
1930 1116 2101 1166 deinceps
2115 1120 2292 1162 Dominus

86 1146 167 1186 post
188 1144 382 1180 transitum
407 1156 511 1183 suum
538 1151 748 1195 promisisse
774 1165 884 1201 super
906 1163 1049 1203 petram
1077 1167 1149 1197 sta·
1168 1147 1201 1187 B
1221 1161 1335 1198 dicat.

1619 1263 1773 1304 CAPUT
1799 1267 1879 1306 XX.

1215 1328 1269 1366 De
1284 1341 1322 1367 eo
1342 1334 1435 1379 quod
1453 1334 1593 1383 Moyses
1612 1340 1751 1377 tabulas
1766 1342 1852 1390 quis
1869 1349 2023 1385 secundo
2041 1362 2063 1386 a
2083 1351 2156 1390 Deo
2174 1354 2285 1403 impe

1331 1382 1456 1425 travit,
1475 1390 1507 1417 et
1529 1385 1570 1420 de
1596 1389 1774 1425 mandatis
1793 1392 1840 1426 ad
1865 1396 2035 1440 populum
2053 1399 2161 1438 datis.

1262 1466 1397 1503 Excide
1423 1469 1484 1505 tibi
1502 1472 1591 1509 duas
1610 1475 1750 1513 tabulas
1772 1478 1943 1526 lapideas,
1965 1484 2056 1522 sicut
2074 1494 2107 1523 et
2131 1491 2279 1538 primas,

1213 1531 1245 1560 et
1259 1527 1410 1564 scribam
1428 1542 1533 1577 super
1546 1545 1604 1569 eas
1622 1537 1725 1572 verba
1740 1550 1818 1585 quae
1837 1541 2035 1582 habuerunt
2048 1549 2177 1586 tabulae
2193 1565 2281 1599 quas

1213 1586 1361 1633 fregisti.
1391 1589 1478 1625 Esto
1505 1600 1652 1638 paratus
1686 1609 1809 1642 mane,
1839 1610 1876 1638 ut
1908 1609 2079 1645 ascendas
2102 1614 2219 1649 statim
2242 1616 2280 1651 in

1211 1652 1362 1682 montem
1379 1647 1480 1684 Sinai
1499 1653 1674 1700 stabisque
1686 1668 1821 1695 mecum
1834 1673 1940 1709 super
1957 1668 2114 1704 verticem
2130 1675 2274 1710 montis.

1211 1705 1344 1744 Nullus
1374 1713 1540 1749 ascendat
1567 1721 1701 1763 tecum,
1733 1732 1795 1757 nec
1829 1725 1990 1763 videatur
2016 1732 2190 1778 quispiam
2218 1748 2282 1783 per

1208 1774 1320 1806 totum
1340 1781 1505 1810 montem.
1534 1776 1621 1814 Oves
1646 1792 1782 1830 quoque
1803 1793 1834 1821 et
1863 1787 1962 1825 bot-es
1989 1803 2058 1828 non
2086 1805 2280 1841 pascantur

1206 1841 1224 1865 e
1240 1839 1360 1868 contra
1386 1834 1517 1881 (Exod.
1537 1841 1676 1890 xxxw).
1705 1843 1811 1881 «lubet
1826 1847 2001 1889 Dominus
2022 1854 2149 1902 Moysi,
2171 1866 2209 1895 ut
2228 1862 2277 1898 sit

1204 1898 1354 1936 paratus
1374 1905 1480 1933 mane
1508 1901 1631 1936 statim
1669 1908 1866 1945 ascendere
1893 1910 1929 1946 in
1963 1921 2123 1953 montem
2154 1919 2269 1965 Sinai,

1204 1959 1381 1996 quatenus
1408 1962 1479 1993 stet
1497 1970 1578 1995 cum
1605 1962 1759 2002 Domino
1786 1979 1895 2016 super
1921 1976 2096 2013 verticem
2121 1983 2270 2027 montis,

1204 2014 1443 2058 spiritualiter
1470 2019 1625 2059 innuens
1652 2025 1708 2062 his
1745 2029 1806 2074 qui
1834 2033 1966 2078 populo
1997 2036 2062 2073 Dei
2090 2049 2265 2087 praesunt,

1201 2079 1241 2108 ut
1273 2084 1477 2122 praeparent
1507 2083 1619 2119 corda
1651 2095 1715 2122 sua
1750 2088 1795 2124 ad
1830 2093 2077 2139 accipiendam
2106 2100 2266 2139 divinam

1200 2135 1430 2180 sapientiam.
1458 2141 1562 2180 Mane
1589 2156 1674 2193 ergo
1698 2156 1847 2194 paratus
1873 2160 1928 2191 est
1959 2161 2177 2207 ascendere,
2204 2167 2267 2212 qui

1198 2196 1374 2236 discussis
1404 2204 1563 2242 tenebris
1601 2209 1770 2248 vitiorum
1801 2220 1909 2262 atque
1937 2221 2138 2259 carnalium
2167 2226 2264 2263 desi-

1197 2257 1391 2305 deriorum,
1411 2270 1568 2302 mentem
1586 2278 1689 2305 suam
1704 2272 1822 2309 elevat
1834 2277 1878 2311 ad
1898 2277 2068 2318 intuenda
2082 2284 2261 2331 coelestia,

1196 2325 1375 2363 quatenus
1386 2322 1422 2358 in
1438 2323 1510 2362 fide
1525 2329 1704 2366 catholica
1721 2333 1875 2372 firmiter
1890 2342 2107 2388 consistens,
2128 2348 2260 2385 divinae

1195 2382 1512 2428 contemplationis
1540 2390 1722 2438 particeps
1760 2396 1904 2432 existat.
1932 2399 2025 2437 Oves
2053 2414 2197 2450 quoque
2226 2414 2262 2444 et

1193 2439 1304 2476 boves
1340 2444 1523 2489 prohibet,
1544 2454 1584 2483 ut
1617 2460 1637 2485 e
1662 2460 1788 2490 contra
1820 2467 1890 2493 non
1928 2469 2144 2507 pascantur,
2171 2468 2258 2512 quia

1194 2500 1378 2546 simplices
1393 2505 1527 2550 quique
1543 2514 1651 2555 atque
1672 2515 1826 2551 terrenis
1839 2519 2010 2562 operibus
2024 2523 2253 2571 incubantes,

1193 2561 1238 2596 ad
1265 2562 1507 2606 spiritualium
1533 2577 1574 2603 ae
1595 2569 1799 2609 divinorum
1823 2580 2078 2623 mysteriorum
2104 2588 2259 2625 medita-

1192 2621 1326 2658 tionem
1338 2634 1411 2660 non
1430 2627 1623 2666 sufficiunt.
1640 2632 1784 2670 Excidit
1803 2649 1883 2685 erqo
1901 2641 1991 2679 duas
2010 2646 2150 2685 tabulas
2164 2649 2255 2697 lapi-

1190 2682 1273 2719 deas
1304 2687 1423 2732 quales
1450 2696 1530 2726 ante
1558 2692 1716 2740 suerunt,
1753 2705 1785 2733 et
1818 2701 1860 2737 de
1892 2712 1990 2742 nocte
2025 2720 2252 2760 consui-qens,

659 2923 721 2967 qui
745 2925 782 2961 in
797 2927 854 2964 die
870 2933 1112 2973 crediderant.
1133 2948 1170 2987 Ι)

1184 3109 1332 3147 tibulum
1352 3125 1456 3152 suum
1485 3118 1606 3166 (Psal.
1631 3126 1743 3175 xvu).
1776 3130 1821 3166 Et
1840 3132 1875 3168 in
1901 3135 1968 3173 Job
1989 3150 1997 3173 :
2021 3140 2154 3186 Nubes,
2177 3146 2241 3189 ait,

1183 3169 1368 3210 latibulum
1394 3177 1470 3220 eius
1490 3180 1584 3226 (Job.
1605 3187 1710 3234 xxn).
1735 3190 1780 3226 Ut
1797 3198 1993 3234 secundum
2014 3200 2239 3248 Apostolum,

1182 3231 1289 3270 Nunc
1298 3236 1546 3288 videamusper
1557 3247 1736 3291 speculum
1751 3251 1787 3287 in
1800 3257 2025 3305 oeniqmaee(1
2042 3259 2122 3296 Cor.
2141 3264 2237 3310 xiii).

1180 3291 1277 3330 Tunc
1315 3305 1447 3343 autem,
1486 3303 1523 3339 id
1554 3313 1622 3348 est,
1660 3314 1822 3357 tempore
1850 3317 2064 3355 universalis
2093 3322 2235 3369 judicii,

1175 3356 1320 3398 quando
1350 3358 1527 3399 fuerimus
1559 3368 1723 3405 translati
1755 3373 1799 3408 de
1825 3381 1941 3411 morte
1967 3379 2012 3415 ad
2041 3380 2164 3427 vitam,
2191 3386 2236 3422 de

1173 3419 1404 3464 corruptione
1424 3423 1470 3458 ad
1501 3424 1822 3473 incorruptionem,
1857 3434 2009 3472 revelata
2035 3440 2129 3484 sarie
2154 3444 2232 3490 91:-

1171 3475 1262 3511 riam
1292 3478 1436 3516 Domini
1468 3486 1791 3531 contemplabimur.
1819 3490 1968 3532 Interim
1998 3508 2085 3547 ergo
2114 3502 2229 3543 donec

1172 3538 1358 3577 illucescat
1377 3544 1466 3588 dies,
1492 3551 1529 3581 et
1554 3547 1775 3587 inclinentur
1802 3556 1952 3603 umbrae,
1976 3559 2080 3605 juxta
2103 3576 2227 3603 exem-

1169 3598 1269 3643 plum
1297 3600 1424 3648 Moysi,
1455 3605 1567 3642 simus
1597 3618 1678 3646 cum
1704 3621 1760 3656 ee,
1791 3619 1828 3651 et
1855 3617 2066 3660 invocemus
2093 3636 2227 3665 nomen

1168 3659 1311 3696 Domini
1341 3673 1350 3697 :
1382 3663 1557 3703 intentius
1578 3668 1834 3721 deprecantes,
1863 3685 2125 3732 quatenusper
2140 3697 2226 3735 gra-

1167 3719 1254 3756 tiam
1275 3731 1376 3758 suam
1401 3730 1438 3760 et
1457 3729 1656 3767 secundum
1673 3734 1940 3778 multitudinem
1965 3744 2224 3790 misericordiae

1165 3790 1252 3825 suae,
1287 3781 1333 3820 ad
1358 3794 1402 3821 ea
1442 3795 1523 3833 quae
1557 3789 1792 3841 intelligenda
1829 3798 2058 3852 illuminare,
2093 3809 2141 3848 ad
2177 3821 2224 3850 ea

1873 3862 1909 3906 8
