2540 4016
1022 39 1051 64 Q

125 184 193 223 481

715 175 1052 214 EXPOSITIONES
1076 175 1123 213 IN
1148 174 1416 215 LEVITICUM.
1439 195 1490 203 —-
1512 177 1599 215 LIB.
1626 178 1686 216 VI.

2229 189 2304 228 ⁴82

124 265 243 298 matre
271 257 429 306 pollutus
454 257 522 299 est,
543 251 641 290 solus
658 261 747 288 vero
765 250 871 288 Jesus
891 238 1116 287 Deus'meus
1147 251 1185 287 in
1202 251 1237 294 Α
1254 249 1329 296 Ego
1354 249 1452 286 Deus
1469 250 1680 286 necessario
1698 249 1849 287 addidit.
1869 251 1994 297 Qualis
2009 263 2130 295 autem
2144 286 2155 304 ‚
2189 261 2316 299 subse·
2354 274 2368 300 ς

125 322 194 358 hac
218 318 453 367 generatione
469 313 626 352 mundus
653 313 840 360 ingressus
855 317 926 356 est,
945 317 982 348 et
1007 312 1043 347 in
1067 317 1185 348 matre

125 393 198 419 non
217 386 274 418 est
291 379 462 427 pollutus.
496 376 683 422 Ingressus
705 379 760 410 est
784 373 882 410 e'nim
901 382 1035 419 corpus
1054 372 1183 408 incon-

125 443 352 484 taminatum,
385 440 461 486 ipse
481 437 579 474 enim
599 440 678 472 erat
695 435 758 481 qui
775 439 812 470 et
828 434 964 470 dudum
982 443 1048 480 per
1077 432 1182 470 Salo-

124 513 268 540 monem
286 502 427 538 dixerat
446 512 454 534 :
475 498 513 534 Μ
516 498 591 545 ayis
608 503 724 532 autem
742 506 822 531 cum
838 506 948 531 essem
964 494 1087 538 bonus,
1108 493 1184 529 veni

123 564 170 599 ad
191 574 315 609 corpus
343 559 645 607 incoinquinatam
666 556 769 603 (Sap.
790 555 885 604 vm).
920 554 1001 591 Non
1023 560 1080 591 est
1097 563 1184 601 ergo

123 624 391 661 contaminatus
420 623 456 658 in
487 626 618 663 matre,
654 619 717 655 sed
741 629 786 654 ne
821 618 858 655 in
888 624 993 664 patre
1021 618 1179 664 quidem.

121 685 219 721 Nihil
235 685 332 719 enim
345 683 478 729 ‚Ioseph
497 684 534 719 in
552 681 784 729 generatione
801 680 880 726 ejus
901 685 1034 726 praeter
1049 685 1183 727 myste-

120 746 214 782 rium
230 745 399 791 praestitit
414 750 450 780 et
478 743 660 786 affectum,
681 742 776 779 unde
797 747 833 778 et
851 752 917 788 pro
947 741 1043 779 fideli
1077 740 1184 776 mini-

120 807 232 844 sterio
254 806 369 853 patris
391 806 425 842 ei
447 805 666 841 vocabulum
693 803 880 849 Scriptura
901 801 1094 838 concessit.
1123 801 1183 837 Sic

119 869 217 905 enim
238 868 349 903 Maria
376 867 454 912 ipsa
479 866 567 902 dicit
585 866 620 901 in
638 863 859 909 Evangelio:
882 861 974 897 Ecce
993 871 1054 906 eqo
1069 865 1102 895 et
1115 872 1180 906 pa-

82 933 87 936 “
120 937 172 966 τεν
187 936 268 965 tuus
301 928 456 964 dolentes
475 926 717 973 quaerebamus
737 929 769 958 te
790 922 891 969 (Luc.
924 920 980 967 ιι).
1005 920 1065 956 Sic
1096 931 1181 966 ergo

120 991 218 1027 solus
244 995 299 1026 est
318 990 378 1025 hic
396 986 566 1023 sacerdos
594 994 762 1030 magnuS,
790 983 853 1028 qui
873 991 991 1028 neque
1020 981 1056 1016 in
1077 987 1182 1028 patre

118 1051 275 1097 pollutus
308 1049 369 1090 sit,
399 1056 517 1092 neque
552 1045 589 1079 in
623 1050 751 1079 matre.
778 1043 974 1079 Videamus
997 1048 1121 1078 autem
1151 1043 1183 1080 si

118 1110 236 1146 adhuc
262 1117 455 1154 possumus
487 1105 625 1150 aliquid
645 1104 836 1140 sublimius
853 1109 890 1140 et
908 1113 975 1149 pro
1006 1104 1183 1150 dignitate

1253 310 1448 358 quentibus
1456 309 1601 347 edocuit
1607 309 1741 354 verbis,
1749 309 1928 357 Virginem
1937 314 2038 351 ducet
2046 329 2191 358 uxorem
2199 323 2243 360 de
2253 335 2316 370 po·

1251 371 1334 418 pulo
1352 383 1431 415 sao,
1446 370 1542 415 sive,
1564 376 1604 407 ut
1623 369 1861 417 Septuaginta
1873 399 1883 416 ,
1905 372 1948 408 de
1976 385 2099 420 qenere
2117 391 2180 416 suo
2198 393 2210 416 .-
2229 385 2318 430 quia

1251 442 1365 479 genus
1374 433 1512 470 Christi
1527 437 1678 479 propter
1695 442 1858 476 carnem,
1875 443 1982 470 omne
1999 434 2187 474 hominum
2203 452 2318 487 genus
2355 453 2366 477 ς

1251 500 1323 539 est,
1345 495 1495 531 cuilibet
1523 500 1665 532 certum
1684 499 1754 531 est.
1772 493 1841 531 llic
1859 504 1904 531 ex
1922 495 2008 539 hac,
2031 507 2185 534 uxorem
2204 502 2317 549 virgi·

1249 568 1335 595 nem
1351 585 1360 601 ,
1380 558 1417 593 id
1436 562 1506 600 est,
1518 557 1718 594 Ecclesiam
1744 557 1783 592 in
1799 566 1883 593 eum
1896 558 2123 594 credentium
2137 560 2252 596 duxit.
2269 563 2321 600 De
2358 555 2371 609 ζζ

1251 629 1323 666 qua
1345 619 1479 655 Paulus
1501 619 1644 655 dicebat
1663 630 1671 654 :
1689 617 1869 664 Despondi
1888 629 1947 654 vos
1972 619 2036 654 uni
2056 619 2130 655 viro
2152 621 2321 668 virginem

1253 688 1387 719 castam
1407 681 1567 718 exhibere
1585 680 1727 717 Christo
1761 679 1820 727 (II
1845 680 1927 717 Cor.
1948 681 2016 730 XI).
2044 677 2197 718 Viduam
2211 689 2243 718 et
2263 695 2319 720 re·
2357 674 2366 690 '³

1251 745 1435 792 pudiatam
1462 750 1495 779 et
1520 744 1702 779 sordidam
1736 749 1840 791 atque
1867 745 2087 780 meretricem
2117 756 2186 781 non
2204 745 2320 782 ducet.

1251 806 1456 843 Judaeorum
1487 806 1717 854 Synagogam
1734 806 1883 842 viduam
1899 807 1936 842 in
1952 807 2140 853 prophetis
2160 808 2321 854 appella-

1251 871 1328 902 tam
1346 866 1540 909 novimus3
1576 866 1621 902 ad
1656 876 1765 912 quam
1794 867 1886 903 dixit
1911 879 1919 902 :
1947 867 2112 904 Tondere
2142 873 2178 904 et
2206 868 2323 915 gaude

1252 935 1362 971 super
1381 925 1476 962 tilios
1491 929 1574 960 tuos
1594 930 1740 962 teneros
1758 924 1884 972 (Miclz.
1901 925 1928 972 1)
1947 937 1957 969 ;
1980 926 2090 964 dilata
2107 928 2322 964 viduitatem

1255 990 1355 1020 tuam
1380 986 1475 1021 sicut
1506 985 1639 1030 aquila.
1674 985 1746 1022 Sed
1772 991 1812 1021 et
1843 989 1888 1023 de
1916 988 2048 1034 populo
2086 987 2320 1033 Judaeorum,

1253 1046 1328 1082 sive
1344 1046 1530 1090 proditore
1551 1045 1642 1081 Juda
1655 1071 1666 1089 ,
1701 1048 1905 1083 communis
1928 1050 2025 1084 enim
2046 1060 2173 1086 eorum
2190 1055 2246 1086 est
2262 1050 2322 1087 in-

1253 1105 1424 1152 dignitas,
1453 1105 1554 1148 dicit,
1577 1105 1667 1149 fiant
1687 1104 1755 1150 filii
1788 1106 1865 1149 ejas
1885 1107 2060 1152 orphani,
2087 1114 2120 1142 et
2138 1119 2228 1143 uxor
2244 1110 2322 1153 ejas

117 1170 207 1206 tanti
230 1168 412 1216 pontilicis
436 1167 613 1203 invenire.
642 1167 751 1202 Pater
781 1166 943 1201 omnium
964 1175 1074 1201 verus
1093 1166 1182 1202 dici-
1200 1170 1233 1209 Β
1252 1168 1358 1204 vidua
1380 1166 1532 1214 (Psalm.
1563 1166 1678 1213 evin).
1714 1166 1833 1212 Ipsam
1870 1174 1991 1204 autem
2027 1169 2253 1215 repudiatam
2286 1177 2325 1208 et

118 1237 177 1268 tur
197 1232 302 1272 Deus,
335 1234 489 1264 matrem
514 1234 634 1264 autem
653 1227 848 1273 Apostolus
874 1226 1075 1262 Jerusalem
1095 1227 1182 1263 dicit

117 1302 197 1329 esse
221 1292 418 1328 coelestem.
452 1290 586 1326 Omnes
618 1299 703 1335 ergo
725 1289 786 1334 qui
818 1293 971 1333 peccant
1001 1287 1181 1323 contami-

117 1359 250 1390 nantur
277 1353 314 1388 in
335 1352 457 1394 Patre,
474 1361 494 1386 a
513 1360 584 1396 quo
606 1349 719 1386 creati
747 1353 851 1391 sunt;
875 1349 951 1384 sive
981 1348 1078 1383 enim
1109 1347 1183 1394 egi-

116 1424 198 1450 mus
217 1413 350 1458 aliquid
369 1412 533 1457 impium,
556 1412 633 1446 sive
654 1410 764 1445 locuti
785 1420 922 1451 sumus,
944 1409 1020 1444 sive
1046 1409 1183 1454 cogita-

116 1477 235 1512 vimus
255 1481 381 1511 contra
398 1475 527 1516 Deum,
547 1484 630 1509 eum
647 1483 719 1508 non
739 1472 961 1508 credidimus
988 1472 1075 1514 Deo,
1097 1481 1184 1506 con-

117 1536 286 1573 taminati
307 1545 431 1571 sumus
452 1535 488 1569 in
505 1534 636 1576 Patre3
659 1533 721 1568 sed
741 1537 849 1578 atque
868 1532 1007 1567 utinam
1024 1536 1111 1567 tunc
1129 1541 1183 1566 so-

118 1597 195 1634 lum
222 1608 286 1643 per
310 1596 601 1633 incredulitatem
629 1595 766 1630 sactum
803 1595 861 1638 sit,
885 1599 1067 1630 cessatum
1097 1600 1183 1630 vero

119 1659 168 1695 sit
185 1663 379 1705 postquam
400 1656 619 1692 credidimus
634 1656 641 1690 l

168 1719 229 1756 Sic
259 1730 343 1766 ergo
381 1719 489 1754 etiam
516 1718 553 1752 in
574 1722 689 1752 matre
709 1717 1024 1759 contaminamur,
1046 1715 1076 1751 si
1099 1725 1182 1751 cre-

120 1782 248 1818 dentes
278 1781 351 1815 Deo
376 1779 432 1814 vel
456 1778 658 1814 Ecclesiam
676 1778 853 1821 laedimus,
887 1778 945 1813 vel
975 1777 1183 1813 libertatem

119 1842 248 1878 matris
268 1839 427 1876 coelestis
456 1838 603 1883 indigna
620 1838 760 1883 peccati
787 1839 962 1873 servitute
987 1837 1181 1873 foedamus.

119 1901 226 1938 Solus
245 1910 332 1936 vero
355 1899 531 1935 Dominus
549 1903 673 1934 noster
691 1897 796 1933 Jesus
815 1897 995 1940 Christus,
1021 1898 1082 1942 qui
1099 1908 1184 1943 pec-

117 1967 239 1999 catum
267 1960 397 2002 nescit,
420 1969 538 2005 neque
568 1958 605 1993 in
624 1963 748 2003 patre,
773 1967 890 2002 neque
906 1957 942 1991 in
963 1961 1080 1992 matre
1098 1967 1184 1992 con-

116 2022 315 2058 taminatus
342 2026 409 2057 est.
430 2020 476 2054 Et
496 2019 537 2054 de
551 2019 681 2054 sanctis
703 2029 773 2053 non
794 2017 913 2053 exibit.
933 2016 1000 2053 Sed
1021 2029 1082 2052 nec
1103 2017 1182 2064 pol-

1253 1228 1414 1271 viduam,
1435 1228 1634 1264 secundum
1651 1238 1693 1264 ea
1712 1238 1792 1274 quae
1811 1234 1896 1265 ante
1915 1230 2101 1275 paululum
2122 1231 2218 1267 dicta
2240 1238 2324 1268 sunt

1253 1289 1502 1335 intelligimus.
1525 1290 1727 1336 Repudiata
1745 1296 1802 1326 est
1817 1292 1915 1327 enim
1936 1303 1955 1327 a
1973 1292 2037 1328 Dei
2055 1294 2228 1330 societate
2240 1306 2323 1331 cum

1254 1350 1360 1386 idolis
1392 1350 1579 1386 fornicans
1598 1377 1606 1393 ‚
1640 1357 1790 1397 propter
1807 1353 1903 1397 quod
1924 1363 2004 1389 eam
2022 1354 2059 1390 in
2076 1355 2242 1402 conjugio
2264 1367 2322 1392 ac·

1254 1410 1376 1455 cipere
1396 1421 1467 1446 non
1486 1411 1637 1456 patitur,
1656 1417 1696 1447 ut
1721 1413 1901 1459 intelligas
1931 1415 2015 1460 quia
2053 1426 2135 1452 eam
2167 1428 2320 1453 conver-

1254 1471 1433 1507 sationem
1457 1472 1593 1517 quaein
1619 1473 1758 1509 umbris
1790 1479 1827 1509 et
1863 1474 1990 1519 figuris
2019 1482 2076 1512 cst
2107 1479 2319 1523 prohibuit,

1252 1539 1288 1569 et
1308 1533 1346 1569 in
1376 1533 1477 1588 nullo¹
1502 1533 1536 1569 ei
1573 1535 1845 1571 communicare
1863 1536 1940 1572 vult
1957 1537 2023 1573 hos
2048 1538 2109 1583 qui
2130 1539 2164 1574 ei
2194 1549 2322 1584 exspe-

1254 1598 1355 1630 etant
1376 1604 1442 1639 per
1470 1594 1583 1629 vitam
1613 1594 1745 1630 bonam
1776 1595 1958 1642 fidemque
1989 1598 2187 1634 cohaerere.
2219 1598 2323 1636 Unde

1253 1665 1336 1691 cum
1354 1655 1466 1691 semel
1483 1655 1634 1692 dixisset
1657 1668 1665 1690 ;
1688 1655 1853 1691 Puellam
1886 1658 2055 1703 virginem
2089 1659 2132 1694 de
2162 1659 2290 1706 populo
2311 1688 2321 1703 ,

1253 1716 1331 1752 sive
1354 1727 1478 1762 yenere
1511 1717 1683 1763 accipiet,
1710 1727 1783 1753 non
1817 1722 2010 1754 contentus
2042 1718 2123 1762 suit,
2147 1720 2210 1755 sed
2238 1721 2323 1757 sub-

1252 1777 1356 1820 didit,
1379 1777 1521 1812 viduam
1538 1783 1570 1812 ct
1587 1778 1804 1813 meretricem
1826 1784 1858 1813 et
1879 1778 2102 1825 repudiatam
2134 1790 2203 1815 non
2230 1781 2325 1816 acci·

1252 1839 1333 1885 piet.
1354 1838 1562 1874 Secundum
1586 1838 1825 1885 Septuaginta
1845 1844 1968 1875 autem
1985 1868 1994 1883 ‚
2018 1841 2185 1886 virqinem
2202 1841 2245 1876 de
2265 1853 2323 1887 ye-

1253 1910 1333 1933 nerc
1351 1910 1414 1933 suo
1439 1899 1606 1943 accipiet,·
1628 1904 1668 1934 ut
1687 1900 1845 1944 primum
1864 1900 1952 1935 illud
1980 1900 2127 1946 quidem
2157 1902 2201 1937 de
2220 1902 2320 1938 omni

1252 1960 1432 2006 intelligas
1452 1960 1625 1996 Ecclesiae
1655 1971 1820 2006 corpore,
1854 1962 1925 1998 hoc
1949 1968 2071 1998 autem
2091 1963 2289 1999 secundum
2311 1991 2320 2007 ,

1252 2020 1295 2056 de
1316 2020 1438 2056 anima
1459 2021 1573 2056 omni.
1603 2017 1918 2065 Quemadmodum
1937 2023 2033 2059 enim
2053 2024 2209 2060 societas
2229 2025 2320 2060 sidc-

117 2084 189 2119 luet
203 2083 441 2119 sanctuarium
456 2081 611 2122 Domini,
628 2081 712 2126 quia
728 2079 843 2115 oleum
860 2087 991 2115 sancta’
1006 2081 1182 2116 unctionis
1202 2072 1232 2113 C
1254 2082 1358 2126 lium,
1378 2082 1430 2118 sic
1450 2087 1486 2118 et
1501 2082 1622 2118 anima
1640 2082 1925 2129 uniuscujusque
1945 2092 2077 2130 sponsa
2103 2085 2167 2120 Dei
2189 2090 2225 2120 et
2250 2085 2322 2121 Ec-

118 2145 184 2181 Dei
216 2145 272 2180 sai
303 2154 407 2190 super
441 2154 480 2178 eo
510 2149 573 2178 est.
611 2141 683 2189 (Ex
715 2141 923 2189 Hesychia.)
970 2142 1066 2188 Ergo
1090 2147 1127 2178 et
1151 2141 1182 2178 si

118 2206 255 2242 videris
287 2215 369 2241 eum
401 2215 483 2241 eum
510 2204 713 2250 publicanis
739 2210 776 2240 et
812 2215 895 2240 cum
926 2204 1182 2240 meretricibus

119 2272 410 2308 conversantem,
435 2271 471 2302 et
491 2266 671 2302 dicentem
690 2267 944 2312 peccatoribus
967 2278 974 2300 ε
1004 2266 1087 2301 Non
1107 2266 1183 2301 veni

120 2340 242 2365 vocare
267 2328 400 2373 justos,
418 2327 477 2362 sed
495 2333 692 2373 peccatores
719 2328 756 2362 in
776 2328 1015 2373 poenitentiam
1036 2326 1181 2373 (Matth.

120 2388 170 2435 ix)
184 2414 194 2430 ,
216 2393 337 2423 tamen
356 2387 391 2422 in
410 2387 507 2422 nullo
526 2388 655 2422 horum
677 2388 984 2423 contaminabitur
1002 2415 1010 2430 ,
1031 2388 1184 2423 actionis

119 2458 244 2484 eorum
279 2448 378 2483 enim
412 2447 515 2482 malae
556 2447 739 2493 particeps
774 2458 846 2483 non
885 2447 1050 2484 efficitur.
1082 2446 1184 2483 Unde

119 2519 192 2544 non
216 2508 344 2554 polluit
370 2508 618 2544 sanctuarium
641 2508 719 2550 Dei,
743 2509 778 2543 id
802 2514 879 2551 est,
901 2508 1076 2553 Spiritum
1104 2517 1186 2542 san-

121 2572 233 2602 ctum.
255 2568 305 2602 De
325 2567 403 2612 ipso
427 2567 526 2602 enim
547 2567 599 2601 ait
619 2578 627 2601 :
652 2567 745 2608 Quia
761 2566 876 2601 oleum
899 2572 1030 2601 sanctoe
1048 2566 1186 2600 unctio-

122 2628 175 2662 nis
201 2626 265 2660 Dei
300 2627 354 2660 sui
395 2637 499 2671 super
532 2637 570 2659 eo
598 2633 647 2660 est
680 2634 691 2658 .·
723 2627 947 2661 concordans
979 2631 1016 2660 et
1043 2626 1119 2671 ipse
1142 2625 1186 2661 de

121 2686 267 2723 Christo
302 2685 402 2721 Isaiae
434 2685 582 2721 verbis:
611 2684 765 2731 Spiritus
787 2685 929 2720 Domini
966 2695 1071 2731 super
1100 2696 1154 2720 me
1175 2713 1184 2729 ‚

120 2754 264 2794 propter
282 2747 374 2793 qnod
396 2748 498 2782 unxit
518 2757 572 2782 me
595 2746 686 2793 (Isa.
703 2746 780 2792 Lx).
799 2746 956 2792 Spiritus
975 2751 1095 2782 autem
1110 2746 1188 2793 pol-

120 2809 224 2853 lutio,
241 2808 278 2844 id
300 2813 355 2845 est
373 2835 383 2852 ,
410 2807 542 2853 injuria
562 2813 598 2844 et
618 2808 848 2844 contristatio
868 2813 944 2851 est,
968 2809 1086 2843 omnis
1103 2817 1188 2852 pec-

123 2873 194 2908 eati
228 2871 404 2919 pollutio;
438 2875 587 2916 propter
622 2870 718 2915 quod
747 2874 783 2905 et
810 2868 945 2904 Paulus
979 2879 1000 2904 a
1027 2868 1188 2914 peccatis

123 2932 380 2968 abstinentiam
420 2930 580 2972 docens,
614 2929 789 2964 dicebat:
818 2927 939 2964 Nolite
978 2929 1187 2964 contristare

124 2991 296 3039 Spiritum
330 2997 490 3027 sanctum
524 2990 618 3032 Dei,
648 2991 686 3024 in
716 3000 784 3035 quo
816 2990 947 3036 siynati
967 2990 1050 3025 estis
1070 2991 1107 3025 in
1128 2990 1184 3024 die

124 3053 383 3098 redemptionis.
421 3051 482 3087 Sic
510 3051 555 3086 de
586 3050 745 3086 maximo
776 3050 965 3087 sacerdote
993 3057 1030 3087 et
1050 3062 1185 3097 praeee-

125 3112 246 3147 dentia
280 3110 475 3157 intelligis,
507 3110 570 3146 sed
603 3115 640 3146 et
672 3111 942 3157 subsequentia.
979 3110 1054 3147 Nec
1088 3112 1186 3148 enim

125 3171 445 3217 incompatientem
478 3169 671 3217 quemdam
709 3175 746 3207 et
781 3169 1063 3214 immansuetum
1104 3183 1187 3208 eum

125 3233 189 3281 qui
202 3233 342 3279 primus
357 3237 413 3269 est
426 3233 611 3276 sacerdos,
627 3228 813 3279 legislator
824 3233 914 3276 vult,
932 3238 972 3269 ut
990 3234 1035 3269 ad
1048 3233 1187 3269 nullum

125 3301 308 3332 mortuum
324 3295 487 3340 accedat,
503 3301 564 3330 aut
579 3295 734 3332 suadere
749 3294 854 3331 nobis
868 3295 944 3332 vult
959 3305 969 3330 t
985 3295 1068 3341 quia
1084 3300 1184 3332 tanta

127 3355 367 3394 sanctificatio
394 3366 465 3402 qua
494 3355 661 3402 pontifex
691 3356 792 3392 indui
827 3356 960 3392 dicitur
978 3383 989 3400 ,
1017 3356 1061 3392 de
1083 3366 1183 3392 mor-

128 3419 273 3453 tum-tm
287 3415 427 3452 visione
446 3415 679 3462 pollueretur.

175 3476 251 3524 Eyo
269 3476 468 3513 Dominus:
489 3476 667 3524 Virginem
689 3478 791 3514 ducet
810 3489 976 3521 uxorem,-
996 3478 1137 3515 viduam
1151 3483 1185 3514 et

134 3536 352 3584 repudiatam
367 3544 400 3574 et
416 3538 597 3574 sordidam
623 3545 726 3586 atque
743 3540 960 3579 meretricem
979 3550 1050 3575 non
1067 3539 1184 3582 ducet,

132 3597 192 3634 sed
207 3599 362 3646 puellam
380 3600 422 3636 de
439 3599 567 3647 populo
580 3612 660 3645 suo,
677 3612 720 3637 ne
735 3601 956 3637 commisceat
977 3601 1121 3647 stirpem
1131 3610 1189 3646 ye-

136 3657 228 3706 nsris
257 3660 336 3704 etti,
356 3660 459 3707 vutqo
482 3662 592 3708 qentis
623 3673 718 3706 suoe,
736 3663 821 3709 qnia
841 3673 903 3709 eqo
923 3661 1108 3704 Dominus,
1130 3660 1191 3707 qui

131 3718 314 3764 Camilia«)
332 3731 426 3765 ituris.v
436 3721 510 3768 (Ea.
519 3721 724 3769 Hesychia.)
734 3721 900 3769 Seipsum
909 3731 992 3759 esse
1009 3720 1191 3767 legislato-

132 3777 215 3830 rem
223 3781 260 3814 et
267 3778 490 3832 impletorem
498 3781 559 3834 huj
563 3793 605 3820 us
613 3783 810 3821 sanctionis
817 3784 975 3820 maxime
982 3782 1190 3821 ostendens.

1253 2144 1365 2180 clesia
1387 2149 1457 2181 est.

1301 2204 1373 2251 (Ex
1399 2204 1646 2252 Adamantio.)
1668 2204 1707 2242 Si
1728 2206 1808 2252 quis
1825 2213 1992 2243 nostrum
2012 2207 2232 2252 peccaverit,
2255 2208 2320 2243 ab·

1249 2266 1369 2312 iectus
1402 2271 1458 2303 est
1477 2294 1486 2310 ‚
1525 2267 1637 2302 etiam
1666 2268 1696 2303 si
1726 2278 1798 2303 non
1830 2267 2022 2314 abjiciatur
2051 2269 2096 2305 ab
2119 2269 2290 2316 episeopo
2310 2297 2318 2313 ‚

1253 2327 1330 2363 sive
1353 2327 1449 2372 quod
1481 2327 1588 2363 liceat
1607 2355 1616 2370 ,
1655 2327 1731 2363 sive
1769 2328 1866 2373 quod
1888 2328 2069 2363 interdum
2092 2329 2137 2363 ad
2167 2330 2321 2374 gratiam

1250 2386 1447 2431 judicetur,
1463 2386 1601 2431 ejectus
1612 2394 1679 2430 est,
1698 2392 1820 2423 tamen
1833 2388 2147 2432 ipsa·c0nscientia
2164 2389 2320 2432 peccati,

1254 2458 1322 2483 nec
1338 2449 1487 2494 prodest
1513 2448 1672 2483 hominis
1709 2449 1824 2494 gratia
1841 2475 1850 2490 ‚
1885 2458 1967 2483 cum
2004 2447 2172 2484 Christus
2191 2449 2319 2493 hujus-

1254 2509 1352 2544 modi
1387 2509 1546 2543 animam
1571 2513 1743 2554 tanquam
1781 2508 1961 2554 abjectam
1999 2499 2072 2544 non
2100 2510 2251 2554 recipiat
2283 2511 2321 2547 in

1255 2568 1476 2615 conjugium.
1499 2568 1612 2615 Igitur
1628 2578 1747 2613 neque
1767 2569 1913 2604 viduam
1933 2595 1943 2612 ,
1979 2569 2073 2605 sicut
2099 2580 2208 2615 supra
2229 2571 2322 2606 dixi-

1255 2640 1337 2665 mus
1357 2629 1512 2675 accipiet
1530 2656 1539 2672 ,
1561 2639 1679 2675 neque
1696 2628 1870 2674 ejectam,
1888 2639 2007 2676 neque
2023 2630 2212 2676 pollutam.
2239 2631 2322 2667 Pol-

1255 2692 1331 2727 luta
1353 2692 1499 2735 dicitur,
1522 2701 1602 2738 quae
1627 2692 1737 2728 etiam
1756 2692 1786 2727 si
1804 2701 1876 2728 non
1894 2701 1939 2727 ex
1962 2692 2104 2739 integro
2124 2692 2319 2739 complevit

1254 2759 1458 2799 peccatum,
1481 2758 1604 2788 tamen
1638 2753 1708 2788 hoc
1739 2753 1817 2798 ipso
1853 2755 1949 2798 quod
1980 2754 2185 2799 cogitavit,
2222 2754 2318 2799 quod

1256 2815 1383 2858 voluit,
1405 2815 1559 2860 optavit,
1579 2814 1690 2850 etiam
1712 2813 1742 2849 si
1761 2824 1831 2849 non
1853 2813 2014 2857 admisit,
2037 2814 2174 2860 polluta
2195 2820 2263 2858 est,
2281 2819 2317 2852 et

1256 2886 1277 2912 a
1296 2886 1428 2923 magno
1453 2874 1627 2921 pontifice
1648 2884 1720 2910 non
1742 2874 1887 2921 eligitur
1905 2901 1914 2917 ,
1937 2875 2042 2910 valde
2058 2875 2155 2910 enim
2173 2885 2318 2921 puram,

1255 2938 1360 2974 valde
1380 2937 1568 2980 mundam,
1591 2941 1629 2972 et
1647 2936 1827 2971 sinceram
1847 2935 2001 2981 requirit
2019 2935 2193 2979 animam,
2210 2946 2315 2981 quan}

1255 2999 1324 3035 sibi
1338 2998 1468 3044 jungat
1490 3008 1498 3033 :
1520 2997 1611 3041 Quia
1629 2997 1689 3044 qui
1708 3008 1743 3032 se
1759 2996 1920 3042 junaeerit
1936 2995 2086 3031 Domino
2100 3023 2110 3038 ,
2130 3007 2221 3031 unus
2249 2997 2321 3042 spi-

1254 3061 1344 3094 ritus
1363 3065 1414 3094 est
1435 3057 1470 3105 (I
1486 3057 1568 3094 Cor.
1596 3058 1662 3106 vi).
1699 3057 1803 3094 Unde
1841 3057 1953 3092 etiam
1985 3057 2188 3094 ostenditur
2220 3057 2288 3092 hoc
2307 3084 2317 3099 ,

1255 3119 1352 3165 quod
1382 3118 1456 3154 sint
1484 3117 1697 3154 differentiae
1732 3122 1982 3163 peccatorum.
2012 3116 2081 3160 Qui
2113 3115 2319 3160 peccaverit

1254 3184 1446 3225 peccatum
1466 3179 1511 3214 ad
1530 3183 1698 3220 mortem,
1726 3177 1888 3222 abjectus
1917 3176 1980 3211 sit.
2009 3175 2078 3218 Qui
2099 3179 2220 3208 antem
2243 3184 2317 3209 non

1256 3245 1384 3287 peccat
1402 3240 1447 3276 ad
1467 3244 1636 3280 mortem,
1656 3237 1719 3273 sed
1735 3236 1888 3271 inferius
1908 3233 2057 3278 aliquid,
2076 3232 2235 3277 pollutus
2253 3232 2314 3267 sit.

1255 3301 1398 3348 Sponsa
1420 3306 1540 3336 autern
1569 3297 1705 3334 Christi
1734 3305 1852 3341 neque
1869 3293 2023 3338 abjecta,
2043 3295 2161 3339 neque
2180 3292 2317 3337 polluta

1254 3367 1375 3410 potest
1405 3370 1500 3403 esse,
1534 3359 1599 3396 sed
1628 3358 1731 3402 virgo
1760 3354 2046 3392 incontaminata
2064 3380 2074 3396 ‚
2106 3353 2316 3399 incorrupta

1255 3428 1293 3459 et
1310 3421 1458 3459 munda.
1482 3419 1553 3456 Sed
1573 3423 1605 3452 et
1626 3417 1842 3452 meretricem
1859 3426 1928 3450 non
1952 3415 2111 3462 accipiet.
2145 3415 2233 3459 Quae
2259 3421 2317 3452 est

1255 3483 1352 3519 enim
1371 3481 1492 3516 anima
1511 3477 1712 3514 meretrix?
1732 3485 1812 3521 quae
1835 3475 1881 3511 ad
1903 3485 1943 3512 se
1960 3476 2088 3522 recipit
2104 3481 2288 3514 amatores
2303 3503 2315 3521 ‚

1257 3542 1302 3578 de
1321 3540 1454 3586 quihus
1471 3538 1560 3574 dicit
1577 3536 1759 3582 Propheta
1779 3547 1788 3571 ε
1809 3534 2036 3573 Meretricata
2052 3547 2104 3582 es,
2117 3543 2194 3584 post
2212 3548 2316 3576 ama·

1256 3606 1349 3636 tores
1378 3605 1467 3634 tuos.
1487 3596 1556 3640 Qui
1581 3601 1664 3632 sunt
1682 3595 1744 3632 isti
1766 3600 1949 3644 amatores
1964 3623 1976 3641 ‚
2009 3597 2072 3644 qui
2103 3597 2242 3634 intrant
2270 3596 2319 3635 ad

1258 3658 1419 3695 animam
1451 3656 1704 3700 meretricem,
1735 3656 1807 3693 nisi
1841 3657 2036 3695 contrariae
2054 3662 2255 3704 potestates
2277 3661 2316 3696 et

1259 3718 1454 3761 daemones,
1491 3716 1553 3764 qui
1585 3716 1806 3754 desiderium
1850 3718 1998 3764 capiunt
2033 3710 2315 3765 pulchritudinis.

1259 3779 1367 3826 ejus?
1382 3778 1540 3817 Pulchra
1558 3787 1716 3826 namque
1747 3788 1770 3815 a
1798 3777 1873 3816 Deo
1891 3784 2015 3818 creata
2031 3784 2090 3819 est
2106 3778 2227 3829 &nima
2243 3811 2252 3817 .
2273 3779 2311 3810 θῑ
