2540 4016
55 207 129 256 m
667 184 1004 254 Exposrnoues
1030 216 1076 254 m
1106 195 1376 258 tevirtcu'tt.
1402 238 1451 244 —
1474 190 1566 257 ’tiit
1590 211 1620 257 t
2179 212 2253 268 2322

58 293 126 329 tire
141 299 296 342 possunt
313 268 474 336 tradidit,
495 301 586 338 quos
602 290 697 329 filios
719 292 839 328 Aaron
856 302 936 329 esse
950 293 1118 340 praedixi-
1134 284 1170 338 A
1187 296 1218 331 ei
1233 302 1377 343 peccata
1403 296 1544 345 multa,
1555 293 1723 344 quoniam
1742 294 1867 334 dilexit
1882 290 2034 337 maltum
2053 295 2256 354 (Lue.v.11)

54 365 162 400 mus;
183 348 559 401 Sanctumranctorum
567 355 609 392 de
626 355 860 392 oblationibus
870 356 1028 402 Domini,
1044 367 1120 393 ma-

53 417 110 465 gis
127 417 286 463 idipsum
300 416 520 454 confirmans
538 417 608 452 hoc
624 416 812 464 legislator
833 418 1007 464 scripsit,
1040 428 1119 454 san-

53 487 111 517 cta
129 481 261 528 quippe
277 484 334 517 est
360 480 478 517 omnis
497 479 591 516 bona
607 480 773 524 scientia,
803 481 864 516 sed
885 479 1019 517 Sancta
1037 491 1120 516 san-

54 547 211 586 ctorum,
230 551 310 588 quae
334 541 380 577 de
398 541 462 578 Dei
479 541 632 580 scientia
652 541 745 577 sicut
765 547 908 588 oportet
930 542 1118 588 disputare

53 609 183 649 potest.
206 603 295 642 Item
314 613 458 650 quoque
472 604 661 641 moraliter
677 613 744 641 nos
763 605 915 640 vitulum
933 604 1119 642 offerimus

52 662 142 707 Deo,
159 675 241 700 cum
258 665 379 702 carnis
395 666 600 712 superbiam
629 666 809 702 vincimus
825 677 834 709 ;
859 675 991 711 agnum
1004 693 1014 710 ‚
1036 676 1119 702 cum

51 725 322 762 irrationabiles
342 731 461 762 motus
494 726 736 773 corrigimus;
774 727 932 769 haedum,
963 736 1044 762 cnm
1068 725 1120 760 la-

51 785 201 822 sciviam
221 796 461 831 superamus:
496 787 714 830 columbam,
738 798 819 823 cum
849 786 1118 831 simplicitatem

49 848 182 883 mentis
211 849 447 892 custodimus,
471 854 668 891 turturem,
691 849 776 884 dum
810 847 1015 883 castitatem
1039 858 1117 882 ser-

48 917 176 943 vamus
195 920 202 942 :
226 908 295 944 hoc
314 909 412 944 enim
439 918 553 954 genus
573 908 694 943 avium
720 907 855 942 dicitur
873 917 982 941 unum
1005 911 1041 942 et
1057 917 1118 942 ca-

49 973 144 1004 stum
162 978 308 1005 servare
324 968 543 1014 conjugium.
577 966 741 1002 Similam
772 971 808 1001 et
838 975 949 1011 panes
967 975 1116 1011 azymos

46 1029 248 1073 offerimus,
280 1039 362 1065 cum
385 1029 463 1064 sine
481 1027 619 1062 malitia
640 1032 676 1062 et
700 1026 861 1072 nequitia
885 1026 978 1062 hanc
1001 1027 1113 1062 vitam

44 1096 260 1135 praesentem
281 1089 435 1135 agimus.
472 1087 585 1124 Offert
600 1114 610 1131 ,
638 1087 740 1123 verbi
776 1088 906 1134 gratia,
940 1088 1112 1132 similam,

44 1151 106 1197 qui
126 1150 163 1186 in
184 1149 421 1197 agricultura,
445 1154 506 1185 aut
532 1149 752 1196 navigando,
782 1154 843 1184 aut
876 1149 912 1184 in
931 1149 1112 1195 aliquibus

1187 355 1233 391 Et
1251 356 1436 402 apostolus
1454 348 1568 394 dicit:
1590 357 1767 401 Quoniam
1784 356 1940 396 charitas
1959 365 2117 419 cooperit
2139 366 2260 403 multi-

1187 418 1345 454 tudinem
1359 427 1583 466 peccatorum
1594 420 1628 469 (I
1642 418 1816 470 Petr.1v).
1835 421 1901 459 Est
1913 423 2076 460 adhucet.
2091 428 2260 473 septima,

1187 478 1274 515 licet
1298 481 1390 517 dura
1422 488 1458 519 et
1477 483 1674 527 laboriosa,
1707 494 1776 530 per
1805 484 2062 542 poenitentiam
2096 486 2263 524 remissio

1186 545 1434 586 peccatorum,
1455 553 1537 579 cum
1556 544 1654 580 lavat
1671 550 1844 591 peccator
1862 546 1899 582 in
1917 545 2091 594 lacrymis
2108 552 2263 585 stratum

1187 613 1308 648 suum,
1334 611 1367 640 et
1397 606 1489 652 fiunt
1521 607 1554 642 ei
1586 606 1753 654 lacrymoe
1783 619 1857 644 suoe
1891 610 1993 656 panis
2010 610 2069 645 die
2088 621 2130 646 ae
2163 616 2263 647 nocte

1188 664 1303 712 (Psat.
1321 667 1411 715 xiv),
1434 668 1519 704 dum
1543 679 1616 705 non
1632 670 1816 707 erubescit
1835 672 2016 708 sacerdoti
2037 671 2180 709 Domini
2208 673 2263 709 in-

1188 725 1311 762 dicare
1328 734 1531 774 peccatum,
1557 734 1593 765 et
1617 740 1782 776 quaerere
1802 732 2036 777 medicinam,
2061 735 2261 771 secundum

1187 796 1268 823 eum
1287 790 1348 834 qui
1370 790 1422 825 ait
1441 803 1447 825 :
1481 790 1582 834 Dixi,
1615 794 1850 838 pronuntiabo
1874 795 2059 832 adversum
2087 807 2142 832 me
2165 797 2262 844 injic-

1186 849 1318 884 stitiam
1347 862 1486 894 meam,
1520 858 1553 887 et
1578 859 1615 887 tu
1637 854 1784 890 remisiti
1802 855 2016 902 impietatem
2049 858 2164 904 cordis
2194 860 2263 895 mei

1187 909 1304 957 (Psal.
1327 912 1445 960 xxxi).
1474 913 1512 948 ln
1533 924 1606 959 quo
1627 915 1799 961 impletur
1822 923 1859 954 et
1884 918 1971 954 illud
1990 920 2086 966 quod
2105 919 2263 958 Jacobus

1187 971 1373 1015 apostotus
1393 973 1506 1008 dicit:
1527 974 1568 1010 Si
1585 976 1662 1021 quis
1676 983 1793 1012 autem
1809 979 2028 1024 infirmatur,
2053 987 2147 1017 vocet
2166 993 2263 1028 pres-

1186 1029 1324 1075 byteros
1353 1031 1542 1076 Ecclesioe‚
1573 1041 1605 1069 et
1625 1036 1806 1082 imponant
1839 1040 1871 1074 ei
1909 1050 2060 1093 manus,
2095 1050 2262 1089 ungentes

1185 1100 1264 1125 eum
1289 1090 1364 1127 oleo
1386 1092 1421 1127 in
1443 1095 1583 1130 nomine
1609 1095 1781 1133 Domini:
1806 1105 1837 1134 et
1863 1090 1977 1135 oratio
1997 1101 2082 1146 fidei
2112 1103 2262 1140 saltabit

1185 1151 1248 1196 ms
1253 1162 1383 1195 rmum
1410 1159 1443 1188 et
1462 1154 1492 1189 si
1513 1155 1551 1190 in
1565 1157 1718 1201 peccatis
1734 1157 1855 1202 fuerit,
1872 1160 2094 1196 remittentur
2117 1163 2148 1197 ei
2164 1162 2260 1210 (lac.

43 1211 248 1248 communis
266 1211 352 1247 vitae
372 1211 515 1254 usibus,
552 1211 708 1257 positam
730 1210 787 1246 off.
804 1216 837 1245 rt
866 1211 1116 1258 conversatio-
1136 1213 1168 1252 B
1187 1213 1238 1260 v).
1257 1214 1303 1250 Et
1323 1221 1360 1250 tu
1381 1226 1467 1263 ergo
1487 1227 1569 1252 cum
1591 1219 1693 1254 venis
1715 1219 1760 1255 ad
1780 1221 1935 1266 gratiam
1960 1221 2147 1270 baptismi,
2169 1224 2263 1261 vitu-

0 1267 1 1291 t
42 1282 138 1316 nem,
165 1272 244 1308 oleo
278 1278 400 1307 tamen
431 1283 676 1319 conspersam,
711 1272 805 1318 quod
839 1273 958 1308 omnis
991 1272 1112 1309 anima

43 1339 124 1380 eget
147 1334 227 1371 oleo
243 1335 373 1370 divinae
392 1335 667 1378 misericordiae,
687 1345 755 1370 ncc
769 1341 982 1380 praesentem
1000 1335 1113 1370 vitam

42 1397 194 1432 evadere
230 1397 409 1443 quispiam
428 1403 560 1443 potest,
583 1397 653 1432 nisi
673 1397 705 1433 ei
721 1396 839 1432 oleum
859 1397 1020 1432 coelcstis
1043 1397 1112 1432 mi-

42 1458 235 1493 serationis
267 1457 437 1493 adsuerit.
474 1458 549 1493 Nec
584 1467 656 1493 uon
693 1465 728 1493 et
765 1457 851 1492 illud
872 1456 1113 1492 intimandum

41 1520 138 1565 quod
162 1519 267 1564 juxta
292 1520 551 1556 mortalitatem
570 1530 636 1565 per
668 1519 849 1555 clibanum
871 1518 1112 1553 tentationum

41 1581 182 1627 pondus
197 1582 438 1627 exprimitur:
453 1592 519 1627 per
535 1582 755 1627 sartaginem
776 1580 983 1616 constantia
1002 1580 1114 1616 animi

41 1648 77 1679 et
97 1644 208 1679 robur
240 1644 399 1687 mentis;
435 1653 500 1689 per
531 1642 762 1686 craticulam,
796 1642 983 1688 multiplex
999 1642 1114 1688 impu-

41 1704 165 1750 guatio
184 1714 255 1740 non
278 1705 474 1751 incongrue
495 1704 734 1750 significatur.
759 1702 1022 1750 (ExOriyene.)
1042 1703 1114 1740 Sed

40 1763 197 1801 sortasse
216 1765 298 1811 quis
317 1765 405 1801 dicit
426 1766 469 1801 de
489 1765 717 1800 auditoribus
751 1764 924 1800 Ecclesiae
948 1776 956 1800 :
985 1765 1113 1802 Melius

39 1825 136 1862 forte
168 1828 343 1874 agebatur
377 1837 461 1862 cum
484 1827 644 1873 antiquis
672 1838 782 1872 quam
814 1828 1020 1872 nobiscum,
1051 1829 1113 1865 ubi

27 1888 172 1925 *oblatis
202 1889 348 1925 diverso
387 1889 457 1924 ritu
487 1889 691 1932 sacrificiis,
731 1890 969 1935 peccantibus
1007 1891 1112 1926 venia

27 1951 296 1996 tpraestabatur,
330 1952 423 1998 apud
448 1962 514 1987 nos
547 1962 620 1987 uno
649 1953 899 1988 tantummodo
931 1958 988 1988 cst
1005 1953 1111 1988 venia

26 2018 284 2058 {peccatoruim
317 2025 397 2060 quae
417 2025 482 2062 per
503 2015 638 2051 lavacri
671 2016 827 2063 gratiam
848 2017 884 2052 in
915 2017 1029 2054 initiis
1049 2018 1112 2054 da-

27 2078 112 2118 itur,
134 2076 230 2111 nulla
249 2082 331 2122 post
351 2077 427 2112 haec
456 2078 595 2123 pcccati
630 2078 882 2114 miscticordia
913 2089 980 2114 nec
1003 2080 1107 2115 venia

29 2196 200 2242 -sciplinae
213 2198 459 2235 Christianum
477 2211 543 2246 pro
568 2211 638 2247 quo
656 2200 822 2238 Christus
841 2209 1006 2239 mortuus
1023 2208 1102 2248 est;

28 2269 105 2305 ipro
126 2258 197 2295 illis
217 2269 318 2304 oves,
347 2261 454 2304 hirci,
474 2262 582 2298 boves
607 2262 867 2309 jugulabantur
882 2270 918 2299 et
934 2275 1031 2308 aves,
1058 2266 1106 2301 si-

26 2320 124 2357 umita
159 2324 490 2371 conspe1·gebatur;
525 2336 592 2372 pro
626 2331 660 2362 te
678 2326 743 2362 Dei
777 2327 891 2363 Filius
919 2327 1106 2374 jugulatus

27 2389 116 2428 ·est,
145 2390 181 2421 et
215 2386 347 2422 iterum
384 2394 419 2424 te
443 2398 597 2434 peccare
627 2389 809 2426 delectat!
842 2391 886 2426 Et
918 2398 1039 2428 tamen
1060 2403 1106 2429 ne

27 2444 103 2482 :tibi
122 2446 199 2482 haec
221 2458 289 2484 non
309 2455 384 2484 tam
420 2450 564 2496 erigant
584 2451 725 2486 animos
744 2461 810 2497 pro
834 2452 968 2489 virtute
996 2464 1106 2499 quam

26 2517 103 2553 ipro
121 2508 375 2555 desperatione
407 2511 591 2557 dejiciant,
627 2514 759 2548 audisti
793 2521 930 2560 quanta
962 2515 1036 2551 sint
1070 2516 1107 2551 in

27 2569 117 2616 'lege
135 2572 313 2608 sacrificia
331 2583 397 2618 pro
414 2575 591 2619 peccatis,
615 2576 699 2611 audi
729 2587 824 2611 imno
843 2583 988 2622 quantae
1020 2585 1106 2614 sunt

41 2633 272 2669 remissiones
290 2642 522 2680 peccatorum
542 2637 577 2671 in
609 2637 828 2683 Evangeliis.
852 2638 896 2672 Et
916 2644 972 2673 est
990 2639 1107 2684 prima

41 2702 110 2738 qua
137 2693 365 2739 baptizamur
401 2696 435 2730 in
470 2697 720 2733 'remissionem
761 2705 1007 2744 peccatorum.
1045 2700 1109 2737 Se-

42 2751 155 2788 cunda
187 2755 354 2790 remissio
387 2756 498 2791 estin
529 2758 699 2802 passione
731 2765 947 2805 martyrum.
985 2759 1107 2797 Tertia

35 2820 107 2857 est,
139 2824 218 2860 quae
247 2826 312 2861 per
335 2816 585 2864 eleemosynas
605 2818 725 2854 datur.
755 2818 848 2854 Dicit
872 2820 968 2855 enim
986 2820 1109 2857 Salva-

37 2880 124 2911 tor:
172 2875 417 2914 Verumtamen
438 2879 516 2914 date
535 2891 612 2927 quae
640 2880 787 2924 habetis,
823 2888 854 2916 et
889 2893 965 2917 ecce
989 2884 1106 2919 omnia

35 2957 37 2959 ·
74 2939 168 2974 untia
188 2946 268 2975 sunt
293 2941 386 2976 vobis
408 2941 510 2988 (Luc.
536 2943 604 2989 xi).
638 2943 775 2986 Quarta
795 2945 900 2980 nobis
921 2945 958 2980 tit
983 2946 1108 2982 remis-

37 2999 93 3038 io
108 3009 339 3048 pcccatorum
358 3014 423 3051 per
442 3005 511 3040 hoc
528 3006 623 3051 quod
642 3011 678 3040 et
696 3016 762 3041 nos
785 3007 1004 3044 remittimus
1023 3019 1107 3055 pec-

49 3125 77 3159 ῐ
103 3121 296 3161 Salvator:
335 3125 428 3168 Quia
446 3127 476 3162 si
497 3127 698 3162 remiseritis
727 3126 898 3173 fratribus
914 3130 1034 3164 vestris
1067 3141 1109 3165 ex

41 3179 140 3237 ,me
158 3192 299 3231 peccata
318 3186 474 3232 ipsorum
491 3215 500 3230 ,
530 3194 561 3222 et
580 3188 673 3223 vobis
701 3188 850 3223 remittet
870 3187 979 3224 Pater
1001 3196 1110 3226 vester

79 3283 91 3293 Ἢ
118 3251 178 3282 ata
197 3254 323 3283 vestra.
355 3248 457 3291 Quod
481 3250 598 3284 sinon
633 3250 836 3286 remiseritis
853 3250 1023 3296 fratribus
1053 3263 1108 3287 ve-

42 3299 120 3354 1ζῇ
138 3316 181 3342 ex
199 3307 318 3352 corde,
335 3319 396 3344 nec
413 3310 507 3345 vobis
527 3310 679 3346 remittet
699 3309 810 3346 Pater
831 3318 940 3348 vester
956 3312 1100 3360 (Matth.

43 3359 66 3370 ⁵'
134 3365 180 3403 Et
207 3367 302 3404 sicut
319 3368 355 3404 in
369 3370 536 3407 oratione
556 3381 623 3407 nos
641 3371 763 3407 dicere
783 3371 932 3408 docuit:
969 3374 1104 3409 remitte

127 3423 267 3465 “limen
286 3435 426 3474 nosti-,a
446 3432 536 3467 sicut
561 3438 595 3468 et
621 3441 682 3468 nos
707 3433 919 3470 remittimus
938 3434 1104 3470 debitori-

190 3513 192 3522 ,
194 3489 269 3525 is.
296 3489 433 3534 'Quinta
456 3495 690 3538 peccatorum
722 3493 892 3530 remissio
921 3500 992 3537 est,
1020 3503 1104 3530 cum

197 3572 212 3589 a
228 3599 230 3601 Ι
279 3551 361 3597 (titis
378 3555 611 3598 ‘peccatorem
631 3553 678 3590 ab
697 3561 826 3590 errore
845 3553 914 3590 vite
932 3564 1031 3597 suae;
1052 3554 1104 3590 ita

137 3603 146 3621 ·’“
172 3602 181 3658 ἰ
194 3611 227 3659 14,
246 3602 454 3659 ¹&dmm-a
480 3603 605 3651 >aivins
623 3626 632 3651 ι
653 3613 747 3659 Quia
777 3614 839 3660 qui
866 3615 1032 3651 converti
1047 3613 1106 3651 te-

259 3698 265 3704 2
325 3683 351 3704 2
380 3670 437 3707 rm
447 3674 582 3708 επακ,
600 3670 671 3708 viae
686 3680 826 3715 suae,s
807 3670 925 3707 salvat
941 3670 1102 3707 animam

270 3729 314 3773 ΞΓ..
371 3726 545 3786 mitit
555 3729 847 3769 mmmmm
843 3737 1099 3779 peecatorum.

365 3836 372 3845 ¹
540 3784 1107 3846 ’,ᾩωΰηιιᾱηῐίῖιηεῶῆὶη-

349 3850 356 3859 ⁷
414 3856 428 3882 ’ἕ
541 3855 655 3910 Μ
680 3857 761 3896 dieo
780 3856 861 3905 titt,
881 3857 1107 3895 remittuntur

1183 1275 1258 1310 lum
1274 1275 1455 1320 obtulisti,
1476 1278 1561 1324 quia
1582 1279 1619 1315 in
1638 1285 1754 1316 morte
1777 1280 1914 1318 Christi
1935 1283 2158 1330 baptizaris;
2179 1296 2263 1322 cum

1183 1345 1271 1372 vero
1292 1338 1337 1372 ad
1354 1339 1571 1385 martyrium
1601 1340 1760 1384 duceris,
1785 1341 1928 1378 hircum
1962 1344 2140 1389 obtulisti,
2175 1347 2262 1393 quia

1186 1404 1375 1435 auctorem
1409 1403 1550 1446 peccati
1585 1395 1767 1439 diabolum
1799 1403 1988 1450 jugulasti.
2022 1406 2113 1443 Cum
2137 1416 2261 1447 autem

1184 1461 1454 1509 eleemosynam
1488 1464 1631 1508 seceris,
1670 1473 1706 1502 et
1739 1478 1825 1515 erga
1846 1468 2071 1516 indigentem
2089 1471 2260 1508 affectum

1183 1523 1446 1561 misericordiae
1464 1527 1619 1563 sollicita
1648 1529 1784 1574 pietate
1801 1530 2032 1576 dependeris,
2060 1532 2177 1569 altare
2197 1544 2258 1570 sa-

1184 1593 1286 1619 crum
1318 1586 1432 1622 haedis
1462 1587 1657 1634 pinguibus
1682 1591 1871 1626 onerasti:
1916 1603 1999 1628 nam
2028 1593 2058 1629 si
2077 1603 2122 1629 ex
2147 1594 2260 1631 corde

1182 1645 1368 1683 remiseris
1387 1654 1577 1693 peccatum
1595 1649 1700 1685 fratri
1724 1656 1797 1690 tuo,
1829 1658 1866 1687 et
1885 1652 2081 1690 iracundiae
2115 1661 2259 1693 tumore

1183 1708 1370 1753 deposito,
1392 1710 1518 1746 mitem
1549 1711 1646 1747 intra
1670 1718 1705 1748 te
1722 1718 1760 1748 et
1793 1714 1996 1760 simplicem
2024 1717 2259 1764 recollegeris

1183 1769 1364 1814 animam,
1386 1771 1596 1809 immolasse
1616 1778 1650 1809 te
1670 1774 1836 1818 arietem,
1859 1776 1914 1812 vel
1933 1787 2066 1824 agnum
2091 1778 2128 1814 in
2149 1780 2260 1816 sacri-

1183 1830 1305 1867 ficium
1325 1834 1498 1870 obtulisse
1519 1835 1674 1871 confide.
1710 1836 1824 1873 Porro
1844 1843 1966 1874 autem
2003 1840 2032 1876 si
2056 1840 2190 1878 divinis
2209 1842 2257 1878 le-

1182 1892 1364 1929 ctionibus
1385 1894 1587 1932 instructus
1614 1897 1824 1934 meditando
1844 1899 1937 1935 sicut
1963 1900 2145 1945 columba,
2167 1903 2258 1940 etin

1180 1953 1259 2000 lege
1284 1955 1427 1990 Domini
1458 1957 1641 2003 vigilando
1674 1958 1731 1994 die
1763 1969 1804 1995 ac
1826 1967 1934 1996 nocte
1965 1962 2010 1997 ab
2040 1973 2166 1999 errore
2191 1975 2257 2000 suo

1181 2017 1407 2053 converteris
1428 2023 1656 2063 peccatorem
1680 2025 1715 2055 et
1741 2030 1760 2054 a
1783 2020 1841 2055 via
1860 2022 2034 2067 nequitiae
2054 2024 2098 2058 ad
2122 2025 2258 2071 simpli-

1180 2076 1328 2113 citatem
1348 2088 1430 2113 enm
1450 2079 1627 2116 columbae
1648 2082 1891 2123 revocaveris,
1914 2088 2024 2129 atque
2039 2085 2259 2122 adhaerendo

27 2135 110 2172 mua
127 2138 350 2174 conceditur,
374 2138 485 2175 Decet
507 2140 653 2185 quidem
689 2140 926 2176 districtionis
944 2151 1025 2178 esse
1057 2142 1106 2177 di-
1126 2131 1154 2172 C
1178 2138 1327 2181 sanctis,
1349 2138 1480 2176 seceris
1499 2151 1582 2176 eum
1606 2142 1817 2178 societatem
1840 2146 1993 2181 turturis
2015 2145 2167 2190 imitari,
2190 2159 2255 2193 par

1176 2204 1357 2235 turturum
1378 2207 1440 2237 aut
1467 2203 1559 2238 duos
1579 2203 1698 2248 pullos
1731 2205 1984 2242 columbarum
2013 2207 2167 2244 Domino
2185 2210 2251 2245 ob-

1178 2261 1302 2297 tulisti.
1338 2261 1443 2306 Quod
1462 2264 1491 2299 si
1513 2264 1585 2306 illa,
1610 2276 1691 2311 quic
1708 2276 1770 2312 spe
1785 2272 1822 2302 et
1837 2266 1907 2303 fide
1929 2268 2047 2313 major
2079 2275 2149 2313 est,
2170 2271 2256 2306 cha-

1176 2322 1266 2358 ritas
1287 2322 1528 2360 abundaverit
1559 2325 1595 2360 in
1615 2327 1723 2362 corde
1741 2333 1803 2363 tuo
1818 2355 1826 2370 ‚
1849 2328 1897 2363 ita
1917 2334 1956 2364 ut
1981 2329 2110 2376 diligas
2129 2333 2255 2376 proxi-

1176 2394 1275 2420 mum
1315 2390 1416 2421 tuum
1450 2397 1523 2422 non
1558 2387 1673 2422 solum
1716 2388 1811 2424 sicut
1847 2390 2001 2435 teipsum
2023 2419 2032 2434 ‚
2066 2393 2127 2428 sed
2159 2393 2255 2429 sicut:

1177 2446 1337 2481 ostendit
1356 2446 1415 2482 ille
1439 2447 1501 2492 qui
1532 2448 1702 2484 dicebat:
1738 2449 1913 2495 Major-em
1946 2451 2012 2486 hac
2043 2453 2255 2490 clun-itatem
2300 2493 2303 2496 ‚

1176 2515 1276 2539 nemo
1309 2505 1426 2548 habet,
1452 2517 1558 2551 quam
1592 2513 1629 2541 ut
1649 2508 1805 2543 animam
1824 2520 1925 2543 suam
1957 2517 2064 2555 ponat
2092 2512 2170 2557 quis
2189 2523 2253 2556 pro

1175 2565 1299 2600 amicis
1318 2567 1392 2602 suis
1415 2565 1538 2612 (Joan.
1557 2566 1641 2613 xv),
1675 2578 1788 2613 panes
1810 2569 2014 2606 similaceos
2035 2570 2072 2605 in
2097 2572 2255 2612 charita-t

1175 2627 1223 2662 tis
1244 2627 1324 2664 oleo
1341 2628 1527 2672 subactos,
1564 2630 1642 2665 sine
1661 2630 1734 2666 ullo
1754 2630 1932 2667 fermento
1952 2633 2100 2670 malitiae
2132 2641 2169 2671 et
2186 2647 2252 2673 ne-

1176 2689 1301 2734 quitiae
1319 2690 1355 2724 in
1375 2691 1514 2736 azymis
1535 2691 1759 2727 sinceritatis
1777 2697 1814 2727 et
1833 2693 1996 2730 veritatis
2018 2699 2051 2729 te
2072 2697 2250 2734 obtulisse

1176 2760 1366 2797 cognosce.
1395 2750 1458 2787 Sin
1475 2757 1596 2788 autem
1627 2752 1661 2787 in
1680 2753 1921 2789 amaritudine
1941 2753 2046 2791 fletus
2067 2757 2116 2792 tui
2137 2756 2252 2796 fueris

1176 2811 1293 2856 luctu,
1330 2813 1502 2860 lacrymis
1524 2820 1559 2850 ct
1581 2814 1843 2851 lamentatione
1863 2816 2063 2859 consectus,
2099 2829 2249 2857 carnem

1177 2877 1276 2909 tuam
1298 2875 1564 2918 maceraveris,
1586 2883 1623 2911 et
1652 2873 1801 2921 jejuniis
1822 2887 1866 2912 ac
1884 2878 1997 2913 multa
2027 2879 2249 2917 abstinentia

1175 2934 1316 2969 aridam
1350 2925 1498 2978 seceris,
1523 2942 1559 2972 et
1579 2936 1743 2972 dixeris:
1784 2937 1877 2980 Quia
1904 2939 1994 2975 sicut
2023 2941 2061 2975 in
2096 2941 2247 2986 frixorio

1177 2996 1340 3043 confrixa
1350 3003 1430 3033 sunt
1453 3009 1532 3033 ossa
1548 3009 1623 3033 mea
1644 2996 1759 3045 (Psal.
1773 3003 1837 3047 ct),
1857 3005 1942 3036 tunc
1961 3001 2184 3037 sacrificium
2201 3003 2250 3039 si-

36 3068 119 3098 eata
139 3062 311 3100 iratribus
331 3066 480 3102 nostris.
511 3065 573 3102 Sic
603 3067 700 3102 cuim
722 3067 808 3102 dicit
830 3067 906 3113 ipse
934 3068 1106 3106 Dominus
1125 3055 1161 3094 D
1178 3059 1300 3094 milam
1328 3069 1348 3094 a
1369 3060 1553 3106 sartagine
1573 3060 1629 3096 Ἴθι
1650 3071 1668 3095 3
1690 3061 1866 3097 craneum
1893 3063 2069 3099 Obffllffl'is
2087 3075 2095 3099 ἲ
2116 3064 2161 3099 Et
2180 3065 2248 3100 *²⁰0

1174 3120 1283 3155 modo
1316 3119 1489 3155 inveniris
1522 3125 1558 3155 tu
1597 3121 1717 3156 verius
1750 3127 1788 3157 et
1817 3121 2016 3168 perfectius
2046 3124 2246 3160 secundum

1174 3181 1409 3227 Evangelium
1429 3180 1561 3218 offerre
1580 3183 1775 3228 sacrificia,
1811 3195 1891 3230 quae
1910 3185 2109 3221 secundum
2129 3184 2245 3230 legem

1171 3241 1248 3288 jam
1267 3243 1399 3280 offerre
1418 3254 1490 3280 non
1507 3250 1629 3291 potest
1641 3245 1766 3281 lsrael.

1588 3315 1742 3356 CAPUT
1766 3319 1825 3356 lv.

1216 3377 1326 3422 ‘Quod
1347 3381 1461 3416 omnis
1483 3379 1764 3462 oblatiodagrsque
1783 3377 1953 3425 [emerito
1971 3374 2003 3412 e't
2023 3374 2101 3413 ciam
2121 3377 2193 3424 sale

1629 3438 1647 3462 e
1671 3433 1703 3461 et
1723 3437 1810 3461 esse.

1222 3485 1326 3532 (lain.
1330 3485 1342 3534 )
1367 3485 1491 3522 Omnis
1509 3485 1641 3521 oblatio
1659 3495 1739 3531 auce
1751 3485 1907 3530 affertur
1919 3484 2088 3528 Domino,
2108 3486 2239 3533 absque

1169 3547 1346 3593 semente
1363 3547 1444 3592 fiet,
1454 3557 1525 3582 nec
1543 3546 1734 3592 quida-uam
1747 3543 1912 3591 Teum
1930 3550 1974 3582 tte
1985 3546 2114 3584 'heim
2119 3546 2242 3584 adole-

1176 3607 1271 3642 bitur
1286 3606 1326 3642 iit
1342 3604 1562 3651 <sacrificiunt
1574 3605 1743 3640 Domino.
1759 3602 1947 3642 Priamus
1958 3611 2100 3643 mm
2114 3604 2239 3643 'eoram

1171 3668 1329 3715 offeretis
1339 3674 1376 3704 et
1389 3668 1563 3703 munera·
1547 3693 1560 3711 ,
1574 3671 1680 3714 »uper
1691 3664 1810 3703 amn
1821 3675 1905 3703 vero
1918 3668 1990 3704 noi·
2011 3673 2187 3714 panemo
2197 3662 2240 3706 'tn

1170 3731 1320 3768 odotem
1332 3729 1538 3767 suavitatis.
1551 3730 1573 3777 ⁸(
1581 3727 1642 3765 Ca:
1657 3727 1850 3776 Memmio.
1865 3727 1993 3777 >Num
2006 3728 2240 3768 'om

1174 3796 1232 3832 nis
1257 3794 1335 3830 νῶι
1352 3793 1495 3830 tom-e
1509 3792 1716 3829 dommum
1732 3790 1802 3828 Dei
1820 3795 1907 3829 mitt
1920 3790 2239 3829 mimim-

1177 3857 1225 3894 tia
1245 3868 1254 3901 ;
1277 3853 1373 3902 quod
1395 3853 1494 3891 enim
1518 3851 1736 3891 fermentum
1762 3852 1917 3891 alienam
1942 3852 2148 3894 doctrinam
2171 3861 2237 3901 apa

2389 313 2430 354 β,
