2540 4016
302 191 371 227 625

749 186 789 221 B.
814 185 983 220 RAssANt
1011 185 1156 220 MAttzt
1181 185 1392 225 ARClllEP.
1419 189 1625 228 MOGUNT.
1653 190 1840 228 OPERUM
1865 190 1986 230 PARS
2009 193 2037 228 1.

2393 194 2463 232 624

302 264 387 299 duos
407 265 574 301 turtures,
597 257 648 292 vet
674 257 762 293 duos
783 258 898 304 pullos
924 258 1091 294 columboe
1119 259 1291 294 sacerdoti
1313 260 1350 295 in
1367 262 1399 302 A
1418 261 1550 299 dicitur
1573 275 1581 298 :
1607 263 1653 300 In
1678 276 1881 313 quocunque
1909 265 1966 301 die
1993 276 2176 302 conversus
2203 266 2308 312 suerit
2342 269 2462 316 justus
2516 296 2519 297 γ

301 322 444 359 introitu
466 319 602 366 foederis
624 319 813 354 testimonii
820 330 835 363 ‚·
857 320 1030 366 facietque
1050 320 1211 355 sacerdos
1239 331 1348 356 unum

298 393 361 428 pro
381 385 519 427 peccato
532 405 541 422 ,
563 384 594 414 et
614 377 763 413 alterum
788 379 826 414 in
844 378 1085 414 holocaustum
1095 390 1108 422 ,·
1133 385 1164 415 et
1188 380 1350 425 depreca-

300 446 393 482 bitur
409 455 471 491 pro
493 454 545 486 eo,
571 442 653 488 quia
674 442 827 488 peccavit
850 452 954 488 super
973 448 1124 486 mortuo,
1145 443 1346 488 sanctifica-

300 507 414 552 bitque
436 508 538 550 caput
562 502 636 548 ejus
662 502 700 537 in
719 502 776 539 die
797 502 878 545 illo,
909 508 942 538 et
966 503 1176 538 consecrabit
1196 504 1346 539 Domino

298 566 370 601 dies
400 563 629 610 separationis
658 561 777 606 illius,
813 563 961 608 offerens
990 574 1118 609 aqnum
1145 563 1346 599 anniculum

297 637 358 672 pro
374 631 526 671 peccato,
539 623 588 658 ita
607 628 720 658 tamen
737 628 774 658 ut
788 623 861 659 dies
881 623 1014 669 priores
1034 623 1126 659 irriti
1143 624 1245 669 fiant,
1263 634 1348 669 quo-

297 684 391 720 niam
417 683 551 730 polluta
577 689 626 718 est
651 682 882 727 sanctificatio
912 681 1001 728 ejus.
1039 682 1131 726 Quid
1175 682 1210 718 in
1251 681 1348 717 subi-

298 750 404 780 tanea
446 749 562 780 morte
604 742 802 788 cujuspiam
821 769 831 785 ‚
870 752 978 788 quam
1015 753 1137 779 coram
1179 742 1348 778 Nazaraeo

297 804 480 850 legislator
508 808 652 839 veretur
684 803 868 846 accidere,
899 808 936 838 et
957 813 1065 848 quam
1093 803 1251 838 ostendit
1276 803 1347 837 Na-

297 865 402 901 zaraei
435 865 744 902 consecrationem
786 864 1033 899 contaminare
1051 890 1060 906 ,
1100 863 1170 899 nisi
1212 862 1349 908 peccati

297 930 424 964 mortis
454 925 684 963 commissum
725 925 928 971 significat?
969 924 1022 961 Ob
1051 923 1128 969 ejus
1164 924 1347 967 intuitum,

296 990 326 1026 si
367 989 483 1035 seipse
511 988 698 1024 continens
728 986 773 1021 ad
800 985 940 1031 peccati
967 986 1241 1021 delectationem
1274 985 1350 1021 sive

296 1058 511 1085 consensum
532 1046 659 1082 cadere
682 1045 919 1091 perspexerit,
943 1055 1090 1080 necesse
1115 1050 1169 1080 est
1192 1050 1232 1080 ut
1259 1045 1350 1080 sciat

297 1108 557 1144 conscientiam
585 1116 687 1142 suam
712 1115 791 1141 esse
816 1105 1002 1151 pollutam,
1024 1111 1060 1141 et
1085 1105 1220 1141 obvhoc
1243 1111 1349 1150 eaput

1417 332 1438 356 a
1447 322 1588 368 justitia
1602 334 1666 358 sua
1679 330 1711 360 et
1724 324 1844 370 fecerit
1857 324 2088 372 iniquitatem,
2101 336 2219 362 omnes
2229 326 2375 372 justitiae
2386 329 2464 376 ejus
2516 349 2522 352 ⁴

1416 384 1598 420 tradentur
1611 384 1773 421 oblivioni
1791 385 1934 433 (Ezech.
1950 385 2022 434 ιιι).
2044 387 2120 422 Ista
2139 393 2190 423 est
2208 387 2264 424 lex
2284 399 2465 426 consecra-

1415 444 1520 480 tionis
1541 456 1553 480 .·
1570 455 1649 479 cum
1669 445 1743 480 dies
1765 455 1850 491 quos
1872 457 1916 481 ea:
1935 452 2012 482 voto
2035 447 2229 482 decreverat
2249 447 2465 494 complebun-

1415 509 1486 547 tur,
1514 504 1663 539 adducet
1684 515 1764 540 eum
1779 504 1825 539 ad
1853 506 1982 540 ostium
2005 506 2220 543 tabernaculi
2249 507 2401 553 flecteris,
2432 515 2465 545 et

1415 566 1535 610 offeret
1554 563 1762 600 oblationem
1783 565 1859 611 ejus
1879 565 2042 601 Domino.
2061 566 2256 610 Postquam
2276 573 2395 604 autem
2415 569 2466 605 le-

1415 623 1564 670 gislator
1589 617 1802 659 Nazaraeum
1820 624 2003 668 instruxit,
2025 627 2203 670 quomodo
2230 636 2269 663 se
2289 627 2465 664 mundare

1416 683 1562 719 deberet
1591 683 1639 728 si⁴
1658 684 1737 730 ejus
1768 686 1994 722 consecratio
2025 696 2132 733 super
2158 693 2299 724 mortuo
2329 688 2464 735 polluta

1415 745 1555 788 suisset,
1577 744 1715 780 addidit
1732 745 1842 781 etiam
1859 746 2034 782 rationem
2060 749 2250 794 quomodo,
2267 754 2349 795 post
2365 759 2465 785 com-

1415 806 1550 853 pletum
1578 810 1712 846 votum,
1741 815 1780 842 se
1797 816 1879 841 cum
1903 805 2082 842 oblatione
2110 808 2245 854 gratias
2259 809 2465 845 redditurus

1417 867 1566 904 Domino
1592 868 1720 903 debeat
1748 872 1980 914 praesentare,
2002 869 2153 915 mystice
2180 869 2332 904 innuens
2351 868 2465 904 conti-

1415 928 1534 964 nentis
1551 928 1660 962 vitam
1687 938 1768 963 cum
1792 928 1973 964 oblatione
1991 929 2168 964 bonorum
2187 939 2337 975 operum
2357 935 2465 974 atque

1416 987 1591 1022 munditia
1625 987 1746 1022 cordis
1779 987 1814 1022 in
1836 987 1906 1023 line
1925 988 2020 1024 bono
2040 989 2192 1024 Domino
2219 998 2300 1025 esse
2317 988 2467 1034 placitu·

1417 1058 1508 1084 ram.
1543 1047 1690 1091 offeret,
1717 1048 1845 1094 inquit,
1866 1059 1997 1095 agnum
2025 1050 2232 1085 anniculum
2262 1049 2467 1085 immacula-

1418 1113 1492 1142 tum
1515 1107 1549 1142 in
1570 1107 1832 1151 holocaustum,
1851 1113 1887 1144 et
1903 1118 2005 1144 ovem
2027 1108 2230 1144 anniculam
2254 1109 2466 1145 immacula-

295 1169 390 1205 illico
410 1167 621 1209 radendum,
644 1167 713 1202 hoc
731 1171 786 1202 est
803 1171 957 1201 mentem
983 1167 1202 1212 purgandam
1222 1176 1240 1201 a
1261 1176 1346 1211 pra·
1366 1154 1397 1192 Β
1417 1172 1489 1203 tam
1515 1178 1581 1213 pro
1599 1174 1761 1213 peceato,
1787 1173 1824 1204 et
1850 1169 1997 1205 arietem
2025 1169 2290 1205 immaculatum
2310 1170 2464 1204 hostiam

294 1230 350 1266 vis
370 1228 662 1275 cogitationibus,
678 1234 715 1263 et
734 1227 970 1262 delectatione
991 1227 1097 1263 noxia
1118 1227 1293 1273 intelligat
1310 1228 1346 1263 in

296 1290 418 1325 eadem
453 1288 590 1324 scilicet
625 1288 682 1322 die
714 1288 937 1333 purgationis
963 1297 1049 1330 suae,
1073 1294 1106 1323 et
1133 1299 1258 1324 rursus
1291 1298 1347 1324 se-

293 1348 426 1393 ptima;
457 1347 492 1382 in
523 1347 599 1390 ipso
628 1345 751 1390 utique
769 1351 928 1390 tempore
950 1348 1250 1391 compunctionis,
1275 1357 1346 1392 quo

295 1407 477 1453 cognoscit
496 1416 534 1442 se
552 1406 758 1451 deliquisse,
788 1416 807 1440 a
827 1412 925 1441 reatu
949 1406 1095 1441 festinet
1114 1408 1346 1452 semetipsum

294 1466 482 1508 mundare,
505 1470 541 1501 et
559 1475 623 1511 per
647 1475 753 1501 omne
770 1470 910 1509 tempus
928 1466 1010 1500 vitae
1031 1466 1184 1501 similem
1206 1467 1346 1502 ruinam

294 1526 361 1563 sibi
379 1527 523 1562 evenire
539 1526 782 1572 pertimescat.
803 1524 841 1559 Iu
861 1530 988 1560 octavo
1008 1531 1127 1560 autem
1146 1525 1204 1560 die
1222 1524 1347 1561 offeret

295 1588 383 1624 duos
410 1594 570 1623 turtures
592 1586 648 1621 vel
667 1586 755 1621 duos
774 1585 888 1631 pullos
913 1586 1086 1621 columbae
1111 1587 1289 1622 sacerdoti
1311 1587 1346 1621 in

295 1649 443 1684 introitu
476 1648 621 1684 foederis
653 1647 861 1682 testimonii.
897 1646 1052 1683 Octavus
1073 1647 1149 1682 dies
1180 1657 1345 1683 resurre-

295 1709 426 1746 ctionis
456 1714 596 1754 tempus
625 1707 825 1753 significat;
861 1708 930 1743 duo
957 1714 1115 1743 turtures
1142 1709 1346 1744 castitatem

295 1770 380 1816 pulli
401 1769 574 1805 columbae
594 1768 870 1814 simplicitatem.
898 1769 1067 1813 Quisquis
1085 1779 1171 1815 ergo
1189 1774 1288 1814 optat
1308 1779 1347 1805 se

296 1831 340 1867 ad
368 1829 667 1866 resurrectionem
692 1830 880 1865 beatorum
906 1830 1101 1875 pertinere,
1123 1830 1167 1864 ad
1197 1830 1345 1871 immor-

296 1891 470 1926 talitatem
492 1889 649 1925 suturam
669 1895 875 1925 sanctorum
895 1890 1112 1935 pertingere,
1137 1889 1263 1926 offerat
1290 1901 1347 1926 sa-

296 1952 431 1988 cerdoti
446 1956 583 1993 nostro,
600 1951 660 1996 qui
680 1951 910 1996 semetipsum
925 1951 1054 1986 obtulit
1071 1961 1136 1997 pro
1150 1952 1268 1995 nobiS,
1287 1962 1346 1988 ca-

297 2012 454 2047 stitatem
481 2017 551 2046 tam
570 2010 731 2055 corporis
749 2020 855 2055 quam
876 2011 983 2045 etiam
1005 2011 1136 2054 cordis,
1156 2017 1191 2047 et
1211 2012 1347 2057 simpli-

297 2073 440 2108 citatem
458 2071 586 2106 animae
606 2071 640 2104 in
658 2071 726 2105 fide
745 2071 932 2114 catholica,
951 2082 1014 2117 per
1031 2083 1136 2117 quem
1155 2083 1193 2108 se
1210 2073 1345 2108 intrare

298 2131 335 2166 in
352 2131 549 2167 Ecclesiam
570 2131 747 2172 meminit,
775 2137 814 2165 ut
833 2141 896 2176 per
917 2133 1005 2167 tanti
1024 2133 1204 2177 pontilicis
1225 2135 1343 2179 opitu-

298 2190 467 2225 lationem
488 2201 507 2225 a
527 2190 664 2236 peccati
713 2191 925 2234 contagione
959 2193 1137 2238 expietur.
1160 2193 1191 2227 F
1195 2194 1345 2240 acietque

297 2251 460 2286 sacerdos
485 2262 591 2285 unum
617 2262 678 2296 pro
704 2258 863 2296 peccato,
888 2258 918 2286 et
944 2251 1092 2287 alterum
1120 2253 1156 2287 in
1182 2253 1346 2288 holocau-

296 2317 403 2354 stum,
425 2321 505 2346 eum
533 2322 614 2347 eum
635 2311 744 2347 saciet
767 2312 894 2346 timore
913 2312 1083 2357 gehennae
1100 2322 1166 2358 pro
1187 2314 1345 2358 peccatis

296 2371 372 2408 suis
393 2381 548 2416 gemere,
570 2381 636 2407 nec
659 2382 731 2407 non
761 2378 796 2407 et
816 2382 880 2416 pro
900 2372 1077 2407 desiderio
1096 2373 1178 2407 vitae
1202 2378 1345 2409 aeternae

296 2433 470 2469 intentius
493 2434 685 2478 suspirare.
705 2434 897 2479 Deprecari
918 2435 1015 2469 euim
1038 2436 1205 2470 sacerdos
1224 2441 1346 2471 noster

296 2504 361 2539 pro
387 2493 493 2529 nobis
518 2493 660 2536 dicitur,
690 2494 765 2529 sive
794 2494 875 2539 quia
903 2495 979 2539 ipse
1004 2495 1197 2531 advocatus
1222 2503 1346 2532 noster

296 2559 350 2588 est
374 2553 467 2599 apud
490 2553 632 2588 Patrem
662 2554 856 2589 secundum
877 2555 1148 2599 immanitatem,
1171 2556 1245 2591 sive
1262 2557 1345 2601 quia

295 2622 359 2657 per
386 2613 556 2658 Spiritum
591 2614 645 2648 sui
679 2614 829 2659 gratiam
862 2614 947 2650 facit
980 2626 1045 2651 nos
1078 2616 1346 2662 nobismetipsis

296 2674 489 2708 salubriter
520 2674 714 2718 postulare.
751 2675 852 2710 Unde
882 2682 917 2711 et
945 2676 1077 2712 Paulus
1110 2678 1196 2713 dicit
1226 2689 1233 2712 t
1266 2678 1345 2723 Ipse

297 2734 386 2768 enim
404 2733 555 2778 Spiritus
578 2734 728 2778 postulat
743 2746 803 2779 pro
826 2736 923 2771 nobis
948 2737 1130 2781 yemitibus
1158 2739 1344 2774 inenarra-

298 2791 422 2826 bilibus
449 2791 566 2837 (Rom.
583 2791 676 2838 vin).
711 2792 787 2827 Non
818 2795 913 2838 quod
943 2794 1098 2839 Spiritus
1119 2796 1195 2841 ipse
1213 2804 1343 2843 gemat,

298 2852 357 2897 qui
384 2858 512 2887 natura
538 2851 789 2896 impassibilis,
821 2854 882 2888 sed
903 2855 997 2899 quod
1016 2865 1088 2895 ¹nos
1113 2866 1177 2900 per
1194 2857 1346 2903 inspira-

300 2913 430 2947 tionem
450 2921 551 2947 suam
570 2921 712 2957 gemere
731 2911 817 2947 facit
838 2922 903 2957 pro
923 2914 1062 2950 delictis
1081 2916 1228 2951 nostris.
1255 2916 1342 2951 San-

299 2970 540 3016 ctificabitquc
560 2971 627 3007 iste
646 2972 812 3007 sacerdos
831 2980 935 3018 eaput
953 2973 1112 3010 Nazaraei
1137 2977 1172 3010 in
1190 2978 1246 3012 die
1266 2978 1341 3021 illo,

299 3036 335 3066 et
360 3031 584 3066 consecrabit
604 3031 756 3066 Domino
785 3031 861 3066 dies
890 3033 1126 3077 separationis
1152 3034 1242 3079 ejus,
1262 3046 1342 3071 cum

298 3096 456 3128 mentem
489 3091 707 3127 continentis
747 3097 888 3127 erutam
927 3102 948 3127 a
984 3093 1119 3129 carnali
1152 3095 1342 3139 desiderio,

298 3151 556 3187 continentiam
576 3150 771 3197 spiritalem
792 3151 1154 3197 irreprehensibiliter
1173 3156 1344 3192 exhibere

299 3211 500 3254 donaverit,
522 3210 705 3246 offerendo
725 3220 854 3257 agnum
879 3212 1083 3247 anniculum
1100 3224 1164 3259 pro
1181 3221 1343 3259 peccato,

298 3274 368 3309 hoc
386 3278 442 3309 est
468 3272 694 3309 innocentem
720 3274 830 3309 vitam
855 3284 921 3320 pro
945 3275 1152 3320 criminosa,
1174 3279 1343 3323 simplici-

299 3338 409 3369 tatem
426 3333 670 3370 Christianam
687 3344 754 3380 pro
769 3335 926 3370 versutia
946 3335 1134 3380 diabolica,
1153 3337 1204 3373 ita
1225 3343 1342 3376 tamen

299 3399 339 3427 ut
366 3392 456 3428 nihil
486 3393 554 3429 sibi
586 3399 782 3438 praesumat
812 3393 857 3430 de
888 3394 1041 3439 pristina
1072 3397 1344 3434 conversatione

300 3451 375 3486 sive
394 3451 438 3486 de
457 3451 596 3488 actibus
622 3451 771 3497 justitiae
799 3453 993 3500 praeteritis
1023 3455 1250 3501 applaudere,
1281 3458 1343 3493 sed

301 3512 417 3558 magis
435 3517 476 3548 ut
503 3511 540 3548 in
565 3514 640 3550 sola
660 3515 775 3561 gratia
794 3514 954 3551 eoelestis
973 3516 1130 3553 auctoris
1154 3516 1342 3562 innitatur,

301 3571 403 3618 cujus
419 3572 514 3608 dono
529 3573 713 3620 percipere
730 3574 836 3610 debet
854 3574 995 3610 veniam
1011 3581 1242 3621 peccatorum
1259 3587 1343 3614 suo-

301 3642 398 3674 rum,
429 3637 466 3668 et
498 3634 640 3679 assequi
669 3634 822 3680 gratiam
854 3634 1123 3681 sempiternam.
1158 3636 1259 3674 Unde
1287 3637 1346 3673 hic

304 3693 476 3737 scriptum
494 3698 550 3729 est
567 3704 575 3727 :
595 3693 678 3729 Dies
698 3694 831 3739 priores
845 3694 937 3729 irriti
952 3695 1057 3739 fiunt,
1083 3696 1249 3742 quoniam
1272 3694 1347 3744 pol-

305 3750 378 3785 luta
398 3757 447 3787 eet
460 3752 692 3797 sanctificatio
706 3754 795 3799 ejus.
825 3753 916 3798 Quia
941 3754 1035 3792 sicut
1050 3764 1116 3802 per
1132 3757 1346 3806 prophetam

1413 1227 1613 1273 pacificam.
1636 1227 1776 1274 Agnum
1797 1229 2000 1264 anniculum
2022 1229 2293 1265 immaculatum
2312 1228 2464 1264 Domino

1415 1287 1451 1322 in
1470 1287 1716 1323 holocaustum
1734 1287 1851 1332 offert,
1870 1289 1931 1334 qui
1949 1294 2060 1325 totam
2076 1299 2174 1335 spem
2193 1300 2295 1326 suam
2314 1290 2351 1326 in
2371 1290 2466 1326 illius

1415 1348 1495 1392 agni
1518 1347 1808 1384 immaculatione
1828 1349 1942 1394 ponit,
1963 1359 2069 1394 quem
2091 1349 2247 1386 Joannes
2267 1350 2378 1396 digito
2402 1350 2466 1385 de-

1414 1412 1635 1449 monstrans,
1659 1408 1751 1442 dixit
1779 1420 1787 1442 :
1818 1408 1908 1443 Ecce
1937 1420 2047 1454 aquus
2075 1409 2153 1452 Dei,
2184 1421 2259 1445 ecce
2286 1412 2346 1456 qui
2377 1409 2467 1444 tollit

1414 1473 1554 1512 peccata.
1571 1468 1691 1501 ntundi
1709 1467 1744 1513 (J
1749 1479 1829 1502 oan.
1848 1468 1889 1515 1).
1923 1469 2041 1514 Ipsum
2059 1480 2144 1514 ergo
2162 1470 2198 1504 in
2217 1470 2466 1506 holocaustum

1415 1527 1532 1568 offert,
1554 1538 1635 1562 cum
1653 1539 1718 1573 pro
1743 1529 1820 1574 ejus
1838 1539 1961 1564 amore
1990 1530 2109 1566 carnis
2133 1530 2310 1567 desideria
2338 1531 2467 1567 morti-

1415 1587 1568 1629 ficando,
1592 1593 1701 1622 totam
1721 1589 1833 1623 vitam
1852 1589 2005 1633 spiritali
2021 1590 2148 1626 ardore
2166 1601 2260 1635 verae
2279 1591 2466 1628 charitatis

1416 1653 1682 1683 concrematam
1703 1648 1855 1684 Domino
1886 1655 2089 1685 consecrat.
2119 1650 2198 1696 lpse
2218 1661 2320 1687 ovem
2341 1651 2467 1687 imma-

1415 1706 1571 1742 culatam
1604 1718 1669 1754 pro
1709 1715 1859 1755 peccato
1879 1709 1997 1754 offert,
2018 1721 2099 1747 cum
2131 1710 2208 1756 ejus
2227 1718 2379 1748 mortem
2413 1713 2468 1748 in-

1415 1775 1605 1804 nocentem
1635 1779 1699 1815 pro
1730 1769 1954 1806 absolutione
1983 1778 2226 1816 peccatorum,
2261 1777 2296 1808 et
2327 1772 2467 1808 redem-

1414 1830 1534 1874 ptione
1559 1830 1706 1864 lmmani
1728 1830 1870 1876 generis
1906 1830 2121 1875 confectam,
2154 1832 2306 1869 fideliter
2337 1832 2464 1869 credit.

1414 1890 1493 1935 lpse
1509 1885 1656 1925 arietem
1676 1890 1947 1926 immaculatum
1963 1892 2115 1927 hostiam
2131 1892 2323 1938 pacificam
2337 1891 2466 1936 defert,

1415 1961 1497 1987 cum
1518 1953 1634 1997 ipsum
1657 1962 1735 1988 esse
1754 1952 1916 1997 conlidit,
1935 1953 1995 1999 qui
2012 1964 2077 2000 per
2095 1954 2395 2000 dispensationem
2417 1955 2467 1990 in-

1416 2014 1637 2050 carnationis
1671 2025 1745 2050 suae
1776 2014 1980 2060 pacificavit
2016 2016 2176 2052 coelestia
2197 2022 2234 2051 et
2265 2017 2464 2060 terrestria,

1364 2061 1393 2103 C
1416 2083 1596 2110 evacuans
1622 2085 1766 2110 omnem
1788 2076 2029 2122 principatum
2059 2083 2094 2112 et
2113 2082 2343 2123 potestatem,
2366 2088 2467 2123 quem

1414 2135 1578 2170 exaltavit
1598 2136 1690 2172 Deus
1711 2137 1830 2180 Pater,
1857 2144 1888 2173 et
1911 2138 2049 2174 donavit
2078 2137 2130 2173 illi
2160 2150 2283 2174 nomen
2301 2140 2394 2186 quod
2416 2146 2466 2175 est

1413 2206 1516 2241 super
1532 2207 1633 2231 omne
1657 2209 1793 2240 nomen,
1819 2205 1858 2234 ut
1876 2199 1913 2234 in
1940 2199 2076 2235 nomine
2093 2199 2236 2234 Domini
2253 2198 2340 2235 Jesu
2368 2211 2467 2236 omne

1413 2266 1501 2300 penu
1517 2256 1692 2300 flectatur,
1712 2258 1915 2301 coelestium,
1933 2260 2148 2295 terrestrium
2177 2265 2209 2295 et
2233 2259 2466 2305 infernorum,

1393 2326 1400 2333 ·
1413 2323 1444 2350 et
1459 2317 1570 2351 omnis
1591 2317 1709 2363 linqua
1726 2319 1933 2363 confiteatur
1961 2321 2044 2366 quia
2060 2320 2229 2356 Dominus
2248 2320 2350 2356 Iesus
2367 2319 2468 2356 Chri-

1412 2384 1484 2413 stus
1510 2379 1546 2414 in
1571 2379 1681 2424 qloria
1703 2387 1750 2415 est
1773 2381 1835 2416 Dei
1850 2380 1969 2416 Patris
1987 2381 2135 2428 (Philip.
2156 2381 2197 2429 1).
2234 2382 2467 2429 Tropologice

1413 2443 1531 2474 autem
1559 2450 1690 2485 agnum
1710 2440 1816 2476 offert
1834 2441 2104 2476 immaculatum
2132 2442 2170 2477 in
2198 2442 2463 2487 holocaustum,

1413 2498 1473 2544 qui
1495 2498 1763 2543 simplicitatem
1793 2500 1912 2536 cordis
1943 2511 2026 2536 cum
2055 2501 2245 2537 devotione
2277 2502 2465 2540 charitatis

1413 2557 1485 2593 Deo
1505 2559 1663 2594 exhibet.
1685 2558 1795 2595 Ovem
1816 2559 1921 2595 offert
1943 2560 2006 2605 qui
2024 2561 2269 2597 innocentiam
2301 2562 2337 2597 in
2357 2573 2466 2608 opere

1413 2618 1455 2653 ad
1476 2618 1679 2663 exemplum
1701 2618 1780 2654 aliis
1795 2621 1945 2664 praebet.
1964 2619 2125 2655 Arietem
2143 2631 2287 2667 quoque
2309 2622 2464 2658 hostiam

1412 2676 1600 2722 pacificam
1629 2676 1748 2720 offert,
1773 2688 1854 2714 cum
1882 2679 2119 2725 semetipsum
2143 2681 2236 2717 bene
2263 2691 2402 2727 regere,
2429 2688 2466 2719 et

1413 2735 1449 2770 in
1464 2736 1521 2770 via
1537 2736 1788 2772 mandatorum
1804 2736 1867 2772 Dei
1887 2737 2018 2773 ducere
2033 2738 2228 2782 contendit,
2248 2749 2464 2786 carnemque

1412 2796 1581 2832 rebellem
1598 2796 1745 2842 spiritus
1763 2798 1913 2843 imperio
1929 2798 2119 2844 subjicere,
2137 2804 2244 2845 atque
2260 2800 2464 2838 coadunare

1414 2857 1590 2892 decertat.
1613 2858 1749 2894 Dehine
1767 2859 1953 2896 subditur:

1463 2915 1662 2952 Canistrum
1678 2929 1812 2965 quoque
1837 2931 1967 2966 panum
1988 2932 2191 2967 azymorum
2209 2923 2269 2970 qui
2288 2925 2463 2970 conspersi

1414 2975 1482 3010 sint
1503 2975 1589 3019 oleo,
1614 2983 1646 3012 et
1676 2977 1804 3024 lagana
1830 2980 1957 3027 absque
1985 2980 2151 3026 fermento
2179 2989 2284 3019 uncta
2308 2983 2397 3027 oleo,
2421 2996 2462 3020 ac

1413 3035 1581 3072 libamina
1604 3038 1822 3084 sinyulorum
1842 3051 1920 3087 quoe
1945 3042 2046 3087 offert
2067 3043 2229 3079 sacerdos
2257 3055 2374 3080 coram
2389 3044 2462 3081 Do-

1413 3097 1520 3141 mino,
1536 3103 1567 3133 et
1586 3098 1689 3144 saciet
1705 3106 1776 3135 tam
1789 3112 1851 3148 pro
1867 3109 2023 3148 peccato,
2038 3115 2144 3151 quam
2157 3105 2194 3141 in
2205 3105 2458 3142 holocaustum.

1414 3155 1619 3194 Cauistrum
1639 3160 1701 3195 ubi
1733 3171 1844 3206 panes
1868 3164 2020 3208 appositi
2047 3163 2260 3208 offeruntur,
2281 3165 2461 3212 significat

1416 3215 1642 3261 Scripturam
1676 3226 1839 3256 sanctam
1859 3222 1918 3257 ubi
1939 3222 2087 3260 refectio
2109 3230 2166 3261 est
2194 3226 2364 3272 spiritalis
2395 3225 2460 3263 ati-

1414 3275 1555 3316 moniae,
1577 3278 1783 3322 evangelica
1814 3280 1976 3315 doctrina
2003 3292 2196 3328 conspersa
2219 3290 2327 3331 atque
2351 3296 2460 3332 copu-

1414 3334 1486 3370 lata
1519 3335 1598 3371 oleo
1629 3336 1776 3380 laetitiae,
1795 3340 1910 3384 gratia
1938 3341 2103 3377 videlicet
2136 3343 2292 3388 Spiritus
2324 3348 2455 3382 sancti.

1413 3394 1463 3429 Ibi
1490 3400 1527 3430 et
1553 3395 1679 3442 lagana
1709 3402 1818 3432 uncta
1843 3398 1938 3443 oleo,
1967 3400 2024 3436 lex
2048 3407 2150 3438 vetus
2177 3404 2303 3440 eodem
2321 3404 2458 3451 Spiritu

1414 3454 1548 3498 dicata,
1568 3455 1721 3502 levigata
1741 3466 1784 3492 ac
1804 3462 2003 3503 temperata
2024 3460 2061 3496 in
2087 3461 2277 3500 utilitatem
2306 3466 2457 3504 audien-

1415 3514 1516 3550 tium.
1544 3514 1628 3552 Haec
1643 3515 1780 3563 absque
1797 3517 1976 3555 fermento
1991 3520 2137 3558 malitiae
2153 3523 2319 3563 videlicet
2341 3533 2380 3564 et
2395 3539 2459 3566 ne-

1413 3574 1536 3620 quitiae
1553 3585 1635 3611 eum
1654 3575 1884 3614 libaminibus
1903 3578 2139 3626 singulorum,
2157 3585 2327 3629 quoniam
2341 3588 2457 3633 gratia

1413 3635 1597 3681 spiritalis,
1618 3641 1655 3672 et
1682 3636 1718 3672 in
1741 3637 1821 3683 lege
1848 3639 1936 3674 etin
1965 3640 2173 3688 Evangelio,
2193 3646 2359 3685 omnibus
2387 3649 2457 3687 rite

1413 3693 1693 3740 intelligentibus
1714 3701 1826 3742 patet.
1849 3697 1933 3735 Haec
1951 3709 2038 3747 ergo
2067 3704 2235 3742 sacerdos
2260 3704 2366 3743 offert
2393 3717 2450 3745 co·

1414 3765 1492 3793 ram
1511 3755 1675 3802 Domino,
1694 3759 1838 3804 quando
1852 3759 2021 3799 meritum
2047 3763 2329 3814 uniuscuiusque
2348 3772 2386 3804 et
2405 3765 2447 3805 la
