2540 4016
331 163 399 200 655
761 160 801 196 B.
829 160 999 199 RABANI
1025 162 1171 201 MAURI
1193 161 1407 200 ARCHIEP.
1433 159 1639 200 MOGUNT.
1665 164 1855 202 OPERUM
1882 165 2002 206 PARS
2026 167 2054 203 1.

327 233 594 280 inexquisitum,
607 236 751 279 quando
759 241 888 281 totum,
897 238 993 284 quod
1007 239 1201 286 cogitatum
1215 249 1280 286 per
1287 248 1378 284 opus

325 293 384 329 vel
404 292 512 328 etiam
532 292 683 328 verbum
716 294 879 342 iniquum
909 298 1032 343 gessit,
1069 298 1202 334 inferni
1232 307 1378 334 carcere

323 353 505 401 punietur.
525 352 619 389 Hine
634 359 691 389 est
707 356 803 401 quod
822 357 861 392 in
877 357 1085 404 Evangelio,
1107 358 1283 405 pertinaci
1299 359 1378 404 ipsa

323 414 466 452 Veritas
497 413 583 449 dicit
604 424 614 448 ε
635 412 721 449 Esto
761 418 978 453 consentiens
1008 418 1208 455 adversario
1243 425 1317 464 tuo,
1335 430 1377 455 ne

324 474 414 521 forte
429 472 649 508 adversarius
672 473 790 509 tradat
817 480 849 511 te
870 474 999 521 judici,
1025 483 1058 513 et
1075 477 1190 524 judex
1207 479 1324 514 tradat
1344 484 1377 514 te

322 535 494 575 ministro,
528 539 560 568 et
590 533 626 568 in
660 545 834 570 carcerem
865 537 1032 574 mittaris.
1061 537 1172 575 Amen
1195 539 1274 575 dico
1299 539 1375 583 tibi,

322 607 390 631 non
413 596 504 631 exies
525 595 619 638 inde,
635 595 745 631 donec
765 597 891 633 reddas
902 600 1127 635 novissimum
1144 600 1375 647 quadrantem

321 656 464 702 (Matth.
487 654 537 702 v).
565 654 697 702 vulqus
717 658 841 703 quippe
867 660 1124 704 promiscuum,
1143 660 1237 706 quod
1251 671 1374 695 ascen-

319 717 418 752 derat
435 727 512 752 cum
530 716 592 759 eis,
619 717 792 763 flaqrabat
815 718 989 755 desiderio
1009 720 1168 756 carnium
1196 720 1317 756 sedens
1342 725 1374 755 et

318 778 420 822 flens,
436 777 570 822 junctis
602 776 668 812 sibi
686 778 829 823 pariter
863 777 947 823 filiis
971 779 1096 821 Israel,
1127 787 1159 815 et
1180 781 1228 815 ait
1251 788 1263 814 .·
1288 779 1374 822 Quis

319 837 414 872 dabit
436 837 531 871 nobis
567 837 612 872 ad
641 838 848 873 vescendum
876 840 1027 875 carnes?
1046 839 1285 876 Recordemur
1303 840 1375 886 pis-

318 898 423 940 cium,
436 908 521 943 quos
549 897 814 933 comedebamus
839 899 877 934 in
902 899 1057 946 AEqypto
1076 901 1199 947 qratis.
1219 900 1265 935 In
1279 911 1375 935 men-

317 963 385 992 tem
405 956 501 992 nobis
535 957 675 993 veniunt
713 969 925 1002 cucumeres,
958 970 1122 1006 pepones,
1157 960 1318 1006 porrique
1341 964 1374 994 et

317 1027 407 1062 caepe
436 1023 468 1052 et
505 1016 603 1051 allia.
626 1016 753 1052 Anima
780 1023 900 1052 nostra
933 1018 1035 1053 arida
1066 1025 1131 1061 est,
1163 1018 1250 1053 nihil
1274 1018 1373 1053 aliud

317 1078 503 1123 respiciunt
524 1076 616 1112 oculi
631 1078 750 1118 nostri,
770 1077 836 1112 nisi
854 1089 949 1120 man,
962 1083 1032 1114 ete.
1048 1079 1154 1114 Durae
1175 1079 1371 1114 carnalium

316 1143 456 1174 mentes
478 1147 542 1184 per
569 1147 730 1173 amorem
767 1130 886 1172 saeculi
920 1138 1024 1183 quasi
1056 1138 1220 1184 quaedam
1251 1139 1370 1174 mollia

315 1213 358 1238 ac
375 1200 597 1237 delectabilia
620 1199 716 1236 serre
734 1204 872 1246 paratae
904 1205 1000 1242 sunt,
1023 1201 1107 1235 dum
1139 1200 1176 1235 in
1212 1201 1279 1236 hae
1295 1201 1370 1236 vita

315 1275 436 1300 rerum
451 1263 609 1300 eulmina
630 1262 899 1308 apprehendere
914 1267 1105 1298 conantur.
1126 1261 1368 1297 cessationem

314 1325 487 1360 Dominus
504 1334 524 1358 a
548 1323 671 1358 mundi
690 1323 876 1358 laboribus
905 1323 1072 1367 imperat,
1089 1325 1223 1358 sanctae
1238 1323 1368 1367 quietis

315 1383 539 1420 dulcedinem
564 1383 771 1427 persuadet,
798 1388 834 1416 et
863 1387 981 1417 tamen
1006 1392 1138 1417 vesana
1163 1382 1368 1426 iniquorum

313 1455 414 1479 mens
434 1444 514 1489 plus
533 1453 572 1478 se
586 1443 731 1487 assequi
755 1452 884 1487 aspera
912 1442 1107 1477 carnaliter
1120 1452 1229 1486 quam
1247 1447 1368 1477 tenere

312 1505 443 1541 blanda
481 1504 695 1550 spiritaliter
731 1504 885 1549 gaudet3
914 1503 995 1548 plus
1027 1503 1224 1539 acerbitate
1245 1502 1369 1549 fatiga-

312 1567 420 1602 tionis
442 1575 551 1612 quam
571 1565 704 1611 quietis
725 1563 913 1599 dulcedine
930 1564 1090 1610 pascitur
1112 1575 1119 1598 ε
1138 1564 1232 1609 quod
1245 1570 1367 1608 aperte

313 1626 350 1661 in
375 1625 568 1670 semetipso
590 1624 693 1659 nobis
711 1623 931 1659 Israeliticus
950 1623 1102 1669 populus
1121 1623 1289 1667 ostendit,
1306 1625 1366 1669 qui

313 1686 397 1721 dum
444 1684 677 1721 refectionem
709 1694 849 1718 mannce
882 1683 1035 1729 desuper
1073 1684 1277 1729 acceperit,
1322 1684 1367 1719 ab

313 1747 470 1793 AEgypto
491 1744 580 1781 ollas
616 1744 792 1786 earnium,
823 1754 1002 1790 pepones,
1021 1754 1149 1790 porros
1179 1754 1366 1790 caepasque

314 1807 531 1854 concupivit.
552 1806 643 1850 Quid
673 1807 769 1841 enim
790 1806 953 1852 signatur
976 1806 1011 1841 in
1030 1816 1160 1841 manna
1185 1806 1253 1842 nisi
1284 1816 1366 1842 esea

313 1867 450 1913 gratiae,
473 1876 581 1901 suave
601 1865 757 1910 sapiens,
773 1864 817 1899 ad
835 1863 1066 1900 resectionem
1087 1864 1269 1900 interioris
1285 1865 1365 1899 vitae

314 1927 408 1963 hene
423 1925 636 1962 vacantibus
677 1925 830 1970 desuper
861 1924 966 1959 data?
991 1924 1034 1958 Et
1061 1924 1145 1968 quid
1180 1934 1244 1969 per
1276 1924 1364 1959 ollas

312 1988 477 2023 carnium
494 1986 562 2021 nisi
594 1985 752 2020 carnalia
786 1994 909 2030 opera,
931 1984 990 2019 vix
1010 1984 1283 2019 tribulationum
1311 1984 1363 2018 la-

1394 237 1429 279 Α
1444 238 1512 276 bus
1525 241 1611 286 quid
1625 241 1723 278 aliud
1739 252 1847 288 quam
1868 248 2034 280 senectus
2051 243 2170 280 cordis
2184 247 2394 291 requiritur,
2411 258 2455 284 eu
2480 255 2491 259 '¹

1447 300 1535 336 tales
1549 300 1721 347 jubentur
1749 302 1846 349 eligi,
1877 304 1939 350 qui
1963 314 2068 340 senes
2087 305 2192 341 sunt?
2217 305 2255 341 Si
2275 307 2371 343 enim
2391 318 2455 345 sen
2478 305 2483 311 '

1446 365 1525 396 ctus
1543 360 1580 396 in
1598 361 1652 398 eis
1674 363 1837 408 corporis
1864 368 2101 408 quaereretur,
2122 373 2142 399 a
2157 364 2269 401 tantis
2285 365 2372 403 sciri
2390 373 2495 413 pote-

1444 425 1525 456 rant
1536 430 1557 455 a
1572 421 1718 467 quantis
1731 422 1858 458 videri.
1877 422 1969 458 Dum
1984 433 2072 459 vero
2088 424 2232 468 dicitur,
2247 436 2334 473 quos
2351 432 2389 462 tu
2405 427 2517 470 nosti,

1443 481 1536 527 quod
1549 492 1647 517 senes
1667 482 1787 528 populi
1805 483 1890 526 sint,
1909 483 2071 528 profecto
2089 485 2201 531 liquet
2221 487 2305 533 quia
2327 494 2495 526 senectus
2512 493 2514 498 ’

1442 541 1588 584 mentis,
1610 551 1683 577 non
1701 542 1885 587 corporis,
1912 543 2076 589 eligenda
2111 547 2310 583 nuntiatur.
2346 548 2494 596 Mystice

1443 608 1564 638 autem
1581 604 1820 640 descendente
1834 604 1871 639 in
1889 605 1984 641 nube
2001 605 2118 642 carnis
2127 606 2423 652 Christo,diffusa
2440 615 2495 647 est
2517 606 2540 656 -i

1440 672 1506 707 per
1527 663 1653 699 orbem
1682 662 1748 711 [vel
1779 663 1901 711 fldem]
1924 664 2080 710 Spiritus
2111 669 2226 705 saneti
2241 670 2357 716 gratia
2386 681 2495 717 super
2531 662 2540 698 ¹2

1440 722 1592 768 populos
1631 728 1668 758 et
1710 724 1937 770 septuaginta
1982 723 2139 772 gentium
2181 728 2312 776 linguis
2335 730 2489 774 elect0s;
2532 726 2540 763 ,Ξ

1441 783 1630 828 evenitque
1659 792 1768 829 super
1803 794 1929 821 omnes
1965 786 2096 822 donum
2121 788 2207 824 illud
2243 790 2388 826 virtutis
2420 801 2493 827 coe-
2532 787 2540 822 ἱ

1439 842 1557 886 lestis,
1576 844 1671 889 quod
1690 844 1870 890 quondam
1889 845 1956 881 suit
1975 846 2011 881 in
2030 845 2151 893 Moyse
2165 854 2272 894 atque
2290 852 2489 896 prophetis.
2533 853 2540 898 ,ᾗ

1440 903 1487 938 Et
1524 905 1573 939 ait
1600 904 1737 950 Moyses
1756 915 1768 939 .·
1790 906 1960 942 Sexcenta
1980 906 2092 943 millia
2121 909 2275 954 peditum
2302 909 2408 956 hujus
2427 923 2491 957 po·
2533 901 2540 904 Α

1439 964 1512 1010 puli
1532 971 1624 1006 sunt,
1647 971 1679 1000 et
1707 973 1743 1001 tu
1771 967 1871 1010 dicis,
1893 967 1991 1002 Dabo
2007 967 2055 1003 eis
2075 979 2170 1004 esum
2201 970 2359 1005 carnium
2377 983 2493 1008 mense

1439 1023 1584 1069 inteqro.
1608 1023 1777 1071 Nunquid
1797 1027 1909 1061 ovium
1932 1033 1963 1061 et
1991 1027 2095 1062 boum
2115 1028 2300 1064 multitudo
2322 1031 2488 1075 coedetur,

1440 1090 1477 1119 ut
1502 1085 1610 1130 possit
1628 1087 1780 1132 sufficere
1801 1087 1846 1121 ad
1864 1087 2005 1122 cibum?
2033 1088 2084 1123 vel
2109 1100 2225 1124 omnes
2252 1091 2361 1136 pisces
2383 1093 2491 1128 maris
2532 1084 2535 1085 ⁷

1439 1147 1476 1182 in
1494 1158 1601 1182 uuum
1623 1148 1937 1194 conqreyabuntur,
1959 1156 1995 1184 ut
2016 1161 2073 1186 eos
2096 1151 2248 1187 satient?
2266 1150 2332 1187 Cui
2351 1163 2492 1197 respon-

1436 1207 1486 1241 dit
1508 1216 1519 1240 :
1539 1207 1707 1254 Nunquid
1731 1219 1856 1243 manus
1876 1209 2018 1245 Domini
2034 1210 2190 1245 invalida
2204 1211 2280 1245 est?
2302 1211 2385 1246 Jam
2400 1223 2491 1247 nunc

1435 1266 1564 1301 videbis
1586 1274 1703 1302 utrum
1733 1279 1828 1304 meus
1848 1280 1960 1304 sermo
1980 1281 2079 1316 opere
2095 1271 2320 1317 compleatur.
2341 1271 2493 1317 Septua-

1435 1327 1533 1370 ginta
1555 1339 1562 1362 :
1587 1327 1631 1361 Et
1661 1328 1750 1362 dixit
1777 1328 1913 1374 Moyses
1940 1339 1950 1362 :
1975 1329 2147 1365 Sexcenta
2179 1330 2290 1365 millia
2321 1332 2490 1377 peditum,

1435 1387 1471 1421 in
1490 1387 1613 1433 quibus
1627 1399 1704 1422 sum
1730 1389 1767 1423 in
1793 1389 1892 1434 ipsis,
1915 1396 1946 1424 et
1962 1396 1999 1424 tu
2017 1390 2151 1434 dixisti,
2169 1390 2301 1427 Carnes
2319 1393 2409 1427 dabo
2425 1394 2489 1436 eis,

1435 1453 1466 1481 et
1482 1447 1582 1482 edent
1598 1459 1712 1483 mense
1727 1449 1875 1483 dierum.
1898 1449 2067 1495 Nunquid
2083 1462 2159 1486 oves
2172 1458 2203 1486 et
2218 1452 2315 1487 boves
2333 1453 2492 1488 occiden-

1435 1513 1492 1541 tur
1525 1507 1610 1550 illis,
1645 1514 1676 1542 et
1704 1510 1877 1554 sufficiunt
1904 1509 2001 1544 illis?
2028 1511 2097 1545 Aut
2129 1512 2242 1546 omnis
2275 1513 2379 1557 piscis
2412 1524 2492 1548 con-

1434 1568 1633 1614 yreqabitur
1665 1569 1713 1604 eis
1746 1576 1776 1603 et
1810 1570 1950 1615 sufficiet
1987 1570 2061 1605 eis?
2094 1570 2212 1614 Quaeri
2249 1572 2340 1608 solet
2369 1580 2488 1609 utrum

1436 1628 1503 1662 boc
1530 1627 1669 1674 Moyses
1701 1627 1891 1664 diffidendo
1918 1630 2081 1672 dixisset,
2119 1636 2155 1666 et
2187 1637 2357 1668 nascetur
2392 1643 2490 1679 quae·

1434 1688 1502 1723 stio
1538 1698 1602 1723 cur
1633 1688 1702 1723 hoc
1738 1689 1769 1724 ei
1799 1699 1870 1724 non
1895 1691 2168 1736 exprobraverit
2208 1692 2405 1734 Dominus,
2440 1693 2489 1729 si-

1435 1752 1493 1782 cut
1530 1749 1760 1793 exprobravit
1787 1750 1880 1794 quod
1909 1751 1951 1785 ad
1981 1756 2120 1796 petram
2150 1752 2244 1787 unde
2265 1763 2356 1799 aqua
2387 1753 2490 1790 fluxit

1433 1807 1575 1842 videtur
1600 1808 1643 1844 de
1683 1815 1858 1854 potestate
1890 1810 2031 1846 Domini
2062 1812 2255 1848 dubitasse.
2295 1812 2331 1849 Si
2366 1820 2487 1851 autem

1434 1868 1630 1904 dixerimus
1664 1870 1732 1905 boc
1749 1881 1829 1905 eum
1867 1871 1998 1907 dixisse
2032 1873 2224 1918 qtiaereiido
2247 1874 2392 1910 modum
2417 1885 2487 1921 quo

1434 1928 1557 1971 fieret,
1597 1930 1674 1975 Ipsa
1709 1931 1849 1967 Domini
1886 1933 2072 1978 responsio
2094 1934 2153 1970 ubi
2185 1935 2229 1970 ad
2261 1945 2344 1971 eum
2369 1936 2484 1972 dixit:

1435 1989 1602 2035 Nunquid
1631 2003 1757 2028 manus
1799 1993 1939 2029 Domini
1975 2005 2045 2030 non
2086 1995 2259 2031 sufficiet?
2291 1997 2394 2042 quasi
2427 2008 2485 2034 re-

1389 1125 1420 1164 Β

311 2046 460 2082 boribus
482 2045 584 2090 quasi
609 2044 750 2090 ignibus
776 2044 1030 2088 excoquenda?
1055 2043 1147 2087 Quid
1165 2055 1230 2090 per
1255 2055 1364 2090 pepo·
1383 2023 1413 2064 C
1437 2049 1644 2095 dai-guentis
1672 2052 1814 2087 videtur
1839 2053 1933 2097 qnod
1967 2053 2024 2088 ille
2053 2054 2122 2089 ista
2151 2064 2222 2089 non
2259 2055 2484 2092 credidisset,

308 2117 388 2147 nes,
419 2106 488 2142 nisi
508 2112 659 2140 terrenae
680 2104 910 2139 dulcedines?
930 2104 1021 2147 Quid
1058 2114 1123 2150 per
1159 2114 1288 2150 porros
1323 2115 1364 2140 ac

311 2178 429 2214 caepas
456 2166 682 2212 exprimitur,
706 2175 784 2210 quae
802 2165 1029 2210 plerumque,
1057 2166 1116 2210 qui
1155 2166 1362 2208 comedunt,

310 2228 491 2274 lacrymas
517 2226 704 2267 emittunt,
742 2224 811 2259 nisi
840 2223 1028 2260 difficultas
1063 2225 1251 2269 praesentis
1267 2225 1360 2266 vitae,

310 2297 392 2333 quae
412 2298 433 2322 a
451 2285 682 2322 dilectoribus
700 2284 774 2320 suis
797 2289 832 2319 et
848 2294 918 2319 non
950 2284 1026 2319 sine
1058 2284 1155 2319 luctu
1174 2284 1304 2330 agitur,
1330 2289 1366 2319 et

309 2355 433 2385 tamen
451 2358 532 2384 cum
550 2345 718 2392 lacrymis
736 2344 901 2379 amatur?
915 2344 1043 2379 Manna
1065 2344 1175 2390 igitur
1195 2344 1364 2378 deseren-

308 2415 378 2451 tes,
396 2417 477 2444 eum
508 2406 707 2453 peponibus
742 2414 785 2440 ac
821 2404 990 2440 carnibus
1016 2414 1145 2450 porros
1174 2414 1364 2450 caepasque

309 2469 543 2515 quaesierunt,
570 2466 654 2512 quia
683 2464 850 2499 videlicet
876 2474 1055 2509 perversae
1074 2469 1213 2500 mentes
1244 2464 1363 2500 dulcia

308 2540 373 2576 per
393 2528 546 2576 gratiam
583 2527 716 2574 quietis
742 2524 835 2559 dona
856 2525 1071 2570 despiciunt,
1093 2531 1128 2560 et
1159 2534 1225 2570 pro
1243 2524 1364 2561 carnis

310 2589 554 2634 voluptatibus
574 2589 754 2625 laboriosa
786 2587 893 2633 hujus
908 2587 992 2622 vitae
1009 2586 1152 2628 itinera,
1174 2586 1281 2621 etiam
1315 2585 1361 2620 la—

310 2649 446 2695 crymis
463 2648 582 2694 plena,
598 2649 869 2695 concupiscunt.
893 2648 1136 2683 Contemnunt
1154 2645 1288 2682 habere
1302 2645 1362 2680 ubi

311 2707 549 2753 spiritualiter
566 2709 759 2753 gaudeant,
780 2715 816 2744 et
834 2708 1077 2743 desiderantes
1095 2711 1280 2752 appetunt,
1301 2705 1364 2741 ubi

309 2768 508 2804 carnaliter
533 2774 689 2814 gemant.
711 2768 758 2803 Et
789 2769 876 2804 dixit
910 2768 1079 2803 Dominus
1110 2767 1155 2802 ad
1193 2767 1362 2813 Moysen:

309 2828 488 2876 Conqreqa
506 2828 592 2863 mihi
607 2828 826 2874 septuaginta
845 2828 936 2862 viros
956 2827 998 2862 de
1017 2826 1209 2862 senioribus
1233 2825 1360 2868 Israel,

308 2901 395 2937 quos
415 2896 453 2925 tu
466 2889 557 2925 nosti
571 2888 663 2935 quod
675 2898 772 2923 senes
788 2898 827 2921 ac
842 2886 999 2932 maqistri
1014 2886 1082 2921 sint
1095 2886 1212 2931 populi
1232 2884 1359 2927 Israel,

308 2960 341 2988 et
359 2952 463 2987 duces
483 2962 539 2987 eos
559 2950 605 2985 ad
634 2950 760 2984 ostium
779 2946 994 2982 tabernaculi
1015 2946 1168 2991 foederis,
1187 2946 1362 2991 [aciesque

306 3011 358 3047 ibi
376 3017 471 3047 stare
488 3015 616 3046 tecum.
632 3008 679 3044 Et
694 3006 900 3043 descendam
914 3012 947 3041 et
972 3005 1096 3052 loquar
1119 3005 1194 3047 tibi,
1215 3011 1245 3039 et
1262 3005 1362 3050 ause-

308 3083 387 3108 ram
410 3071 452 3107 de
474 3071 599 3118 spiritu
622 3074 698 3111 tuo,
721 3067 926 3113 tradamque
939 3067 1000 3109 eis,
1020 3073 1057 3101 ut
1089 3071 1279 3101 sustentent
1313 3071 1361 3100 te-

308 3143 388 3168 cum
408 3142 495 3167 onus
521 3129 639 3177 populi
660 3135 692 3164 et
718 3139 786 3164 non
806 3134 843 3162 tu
867 3126 960 3162 solus
989 3127 1154 3172 graveris,
1174 3131 1242 3161 ete.
1259 3125 1361 3161 Sicut

306 3192 520 3241 plerumque
531 3189 683 3234 juvenes
697 3188 768 3224 dici
777 3187 905 3227 solent,
919 3187 980 3231 qui
990 3185 1086 3221 nulla
1095 3185 1235 3221 consilii
1247 3185 1360 3230 gravi-

308 3256 383 3288 tate
406 3249 669 3298 deprimuntur,
684 3247 735 3284 ita
757 3257 862 3284 senes
876 3257 948 3283 non
967 3256 1030 3283 eos
1053 3245 1240 3292 Scriptura
1254 3255 1358 3281 saera

307 3322 439 3350 vocare
453 3309 656 3354 consuevit,
672 3309 734 3356 qui
747 3308 823 3346 sola
841 3309 1044 3354 quantitate
1065 3313 1278 3353 temporum,
1297 3307 1359 3342 sed

307 3382 451 3409 morum
469 3369 728 3419 grandaevitate
746 3369 880 3405 maturi
899 3374 994 3406 sunt.
1014 3368 1118 3406 Unde
1142 3378 1208 3413 per
1235 3377 1362 3413 quem-

310 3433 395 3468 dam
409 3431 610 3478 sapientem
623 3430 756 3467 dicitur
772 3441 781 3465 ε
799 3428 965 3467 Senectus
980 3428 1184 3466 venerabilis
1198 3439 1268 3465 non
1283 3427 1363 3463 diu-

311 3497 418 3528 turna
440 3501 550 3539 neque
575 3502 720 3528 numero
741 3502 916 3528 annorum
943 3497 1154 3538 computata.
1178 3490 1266 3527 Cani
1282 3495 1363 3526 sunt

311 3558 431 3589 autem
445 3563 568 3589 sensus
586 3552 750 3596 hominis,
770 3558 802 3588 et
820 3559 906 3588 oetas
939 3553 1126 3589 senectutis
1143 3553 1213 3589 vita
1235 3553 1360 3588 imma-

311 3614 430 3651 culata
465 3613 566 3663 (Sap.
588 3613 654 3662 lv).
685 3613 777 3650 Hinc
808 3625 894 3662 ergo
923 3621 977 3652 est
1007 3616 1103 3662 quod
1140 3615 1186 3652 ad
1221 3615 1366 3662 Moysen

313 3675 402 3710 dicit
421 3686 431 3710 ι
453 3673 635 3722 Οοηᾳνεᾳα
649 3674 737 3710 mihi
757 3675 978 3722 septuayinta
1008 3675 1099 3712 viros
1117 3675 1161 3712 de
1171 3674 1366 3712 senioribus

314 3732 442 3778 Israel,
462 3745 546 3781 quos
566 3740 604 3769 tu
622 3733 713 3769 nosti
731 3733 824 3780 quod
843 3744 939 3769 senes
969 3734 1089 3781 populi
1111 3741 1207 3771 sunt.
1234 3735 1272 3771 ln
1288 3734 1367 3780 qui-

1436 2107 1505 2144 Sed
1538 2111 1665 2146 melius
1698 2113 1854 2147 arbitror
1875 2113 2025 2159 intelligi
2055 2113 2245 2149 Dominum
2265 2114 2314 2149 ita
2341 2125 2489 2160 respon-

1433 2170 1527 2205 disse
1545 2177 1715 2216 tanquam
1734 2173 1877 2208 modum
1901 2173 2013 2208 futuri
2044 2173 2143 2216 facti,
2163 2184 2270 2219 quem
2289 2174 2348 2210 ille
2367 2175 2488 2221 requi-

1434 2229 1550 2273 rebat,
1573 2230 1692 2265 diccre
1723 2232 1896 2275 noluerit,
1919 2233 1980 2268 sed
1999 2233 2120 2278 potius
2135 2243 2243 2279 opere
2277 2234 2354 2279 ipso
2384 2244 2486 2269 suam

1431 2289 1628 2334 potentiam
1653 2290 1916 2326 demonstrare.
1935 2292 2083 2328 Poterat
2104 2293 2200 2327 enim
2227 2298 2263 2328 et
2293 2292 2414 2328 Mai-1:12,
2431 2294 2486 2328 ‹Ji-

1433 2347 1529 2381 eenti
1554 2359 1561 2381 :
1586 2347 1768 2390 Quomodo
1784 2349 1841 2394 fiet
1857 2350 1951 2384 istud
1969 2351 2133 2396 quoniam
2148 2352 2258 2386 virum
2276 2363 2344 2386 non
2363 2363 2489 2398 [09ηο-

1431 2417 1488 2441 sco
1504 2406 1674 2452 (Luc.11)‚
1698 2419 1716 2442 a
1734 2409 2039 2444 calumniantibus
2053 2410 2160 2455 objici
2171 2410 2264 2455 quod
2276 2399 2394 2446 minus
2409 2422 2488 2446 ere-

1431 2465 1574 2508 diderit,
1599 2476 1680 2501 cum
1699 2467 1756 2501 illa
1785 2468 1930 2502 modum
1958 2469 2178 2514 quaesiverit,
2196 2480 2266 2505 non
2287 2470 2329 2505 de
2354 2470 2488 2506 virtute

1432 2525 1572 2560 Domini
1592 2526 1820 2561 dubitaverit.
1845 2527 1947 2570 Quod
1966 2533 2086 2563 autem
2105 2539 2318 2574 responsum
2334 2536 2388 2564 est
2406 2529 2455 2564 illi
2476 2542 2485 2566 ε

1433 2586 1586 2632 Spiritus
1604 2593 1746 2622 sanctus
1763 2589 1978 2633 superveniet
2001 2589 2037 2623 iu
2061 2595 2107 2631 te,
2127 2595 2157 2623 et
2176 2589 2286 2625 virtus
2316 2589 2487 2627 Altissimi

1433 2647 1648 2682 obumbrabit
1660 2648 1722 2682 tibi
1733 2647 1875 2694 (ibid),
1887 2654 2029 2694 poterat
2043 2650 2260 2694 respondere
2275 2656 2310 2685 et
2325 2651 2389 2694 sic,
2403 2661 2490 2696 quo-

1433 2710 1539 2746 modo
1558 2711 1629 2746 hic.
1660 2710 1829 2756 Nunquid
1858 2710 2007 2756 Spiritui
2034 2719 2159 2748 saneto
2177 2714 2398 2758 impossibile
2416 2719 2485 2758 est,

1432 2771 1492 2816 qui
1508 2771 1735 2815 superveniet
1756 2771 1791 2806 in
1812 2772 1868 2807 tc?
1892 2779 1934 2808 ac
1955 2773 1983 2808 si
2000 2772 2093 2808 idem
2114 2782 2239 2808 sensus
2256 2782 2487 2810 conservare-

1432 2836 1501 2865 tur.
1513 2831 1626 2866 Porro
1644 2837 1763 2867 autem
1780 2832 1864 2868 talia
1879 2835 2042 2878 quaedam
2071 2834 2194 2869 dicens
2204 2834 2412 2877 Zacharias,
2435 2836 2488 2870 in-

1432 2891 1656 2926 credulitatis
1674 2893 1853 2937 arguitur,
1869 2900 1904 2928 et
1920 2893 2019 2929 vocis
2031 2903 2210 2938 oppressae
2234 2903 2343 2939 poena
2361 2894 2487 2939 plecti-

1436 2957 1505 2986 tur.
1523 2951 1663 2994 Quare?
1679 2952 1748 2987 nisi
1767 2953 1851 2998 quia
1867 2953 2040 2988 Dominus
2055 2963 2127 2988 non
2143 2953 2188 2989 de
2200 2953 2334 2996 verbis,
2357 2953 2420 2989 sed
2440 2954 2485 2989 de

1433 3010 1603 3047 cordibus
1611 3009 1773 3056 judicat?
1791 3012 1935 3059 Alioqui
1962 3019 1997 3048 et
2015 3013 2059 3048 ad
2094 3013 2192 3048 illam
2227 3017 2366 3059 petram
2391 3012 2487 3049 unde

1433 3081 1525 3116 aqua
1542 3070 1906 3118 profluxit,poterant
1923 3072 2089 3108 excusari
2099 3073 2211 3108 verba
2227 3071 2431 3119 Moysi,nisi
2450 3072 2484 3108 in

1432 3140 1514 3165 cum
1551 3130 1648 3166 clara
1674 3136 1771 3166 esset
1802 3131 1922 3166 divina
1950 3131 2143 3175 sententia,
2170 3131 2266 3178 quod
2291 3130 2485 3167 diffidendo
2530 3146 2535 3151 ’

1432 3189 1518 3224 talia
1533 3189 1679 3224 dixerit.
1700 3189 1790 3225 Nam
1807 3190 1859 3224 ita
1885 3200 1924 3225 se
1956 3200 1997 3226 ea
2029 3191 2140 3227 verba
2169 3191 2332 3227 habent:
2357 3189 2486 3225 Audite

1431 3258 1501 3290 me,
1515 3248 1687 3283 increduli
1706 3257 1717 3281 :
1738 3249 1908 3294 Nunquid
1929 3250 2021 3284 enim
2049 3250 2091 3285 de
2106 3257 2205 3295 petra
2219 3251 2288 3286 ista
2307 3250 2486 3287 educimus

1432 3308 1524 3342 vobis
1549 3309 1703 3353 aquam?
1737 3307 1868 3354 (Exod.
1890 3308 1994 3354 xvu.)
2028 3309 2164 3345 Deinde
2195 3310 2360 3356 sequitur
2395 3321 2405 3344 t
2438 3309 2484 3344 Et

1431 3368 1562 3405 elevata
1582 3366 1719 3414 Moyses
1732 3378 1839 3403 manu
1854 3379 1934 3410 sua,
1953 3369 2120 3414 percussit
2137 3374 2270 3414 petram
2285 3369 2338 3404 bis
2353 3374 2384 3404 et
2402 3370 2484 3405 exiit

1432 3441 1525 3477 aqua
1543 3428 1668 3472 multa,
1684 3433 1716 3463 et
1728 3426 1812 3462 bibit
1827 3437 2004 3473 synagoga
2022 3432 2054 3462 et
2069 3437 2194 3473 pecora
2207 3438 2329 3463 eorum
2343 3426 2375 3475 (1
2381 3428 2482 3477 bid.).

1435 3490 1569 3537 Utique
1588 3490 1633 3526 ad
1658 3489 1727 3525 hoc
1762 3487 1994 3534 congregavit
2025 3488 2210 3534 populum,
2228 3489 2274 3525 ad
2290 3489 2360 3526 hoc
2385 3489 2483 3526 illam

1435 3551 1587 3598 virgam,
1625 3549 1663 3586 in
1699 3558 1771 3595 qua
1803 3553 1904 3584 tanta
1931 3547 2107 3584 miracula
2141 3548 2292 3592 fecerat,
2316 3550 2483 3594 sumpsit,

1435 3621 1551 3658 eaque
1574 3615 1714 3656 petram
1746 3608 1939 3655 percussit,
1958 3613 2067 3654 atque
2094 3608 2179 3646 inde
2207 3609 2323 3646 solitae
2341 3610 2486 3647 virtutis
2518 3588 2540 3645 ί.

1436 3678 1493 3710 est
1506 3675 1721 3709 consecutus
1753 3669 1914 3707 effeetus.
1936 3667 2055 3705 Verba
2071 3678 2158 3716 ergo
2174 3669 2235 3705 illa
2253 3670 2385 3716 quibus
2405 3671 2482 3708 ait:

1439 3733 1609 3782 Nunquid
1622 3743 1666 3770 ex
1674 3732 1740 3768 hac
1753 3737 1851 3779 petra
1869 3729 2049 3768 educimus
2058 3729 2152 3767 vobis
2170 3731 2325 3779 aquam?
2336 3735 2487 3778 possent-
2504 3634 2540 4016 i
