2540 4016
337 206 408 247 853

328 356 397 381 non
409 344 511 381 habet
523 344 629 383 vitam
644 354 810 384 oeternam
831 349 868 385 in
879 358 916 385 se
929 356 1125 386 manentem
1136 347 1170 395 (1
1185 348 1292 385 Ιοαη.
1310 349 1382 397 ιιι).

327 404 392 441 Hic
410 405 492 442 talis
510 407 708 443 secundum
735 407 850 444 Exodi
872 412 1011 445 textum
1041 409 1086 444 ab
1107 409 1212 444 altari
1241 409 1382 446 Domini

326 463 427 501 evelli
440 463 604 510 jubetur,
635 466 718 511 quia
736 467 904 514 indignus
932 469 1170 506 sacramentis
1186 469 1383 507 Dominicis

326 535 345 561 a
360 526 638 573 participatione
655 528 749 564 sacri
780 528 905 566 altaris
921 530 1052 567 merito
1070 534 1289 576 removetur,
1314 541 1382 568 nee

326 588 487 624 revocari
509 587 553 623 ad
570 589 713 625 veniam
733 601 797 636 per
812 591 1025 638 condignam
1042 592 1289 638 poenitentiam
1308 593 1381 629 ullo

325 648 430 684 modo
455 654 627 684 meretur.
667 649 736 694 Qui
768 655 891 686 autem
922 658 994 688 non
1028 657 1114 689 voto>
1130 653 1290 697 malitiae,
1318 652 1381 689 sed

323 718 389 755 per
407 709 584 745 incuriam
603 714 665 746 aut
691 711 933 757 ignorantiam
960 711 1093 750 laeserit
1111 712 1282 759 aliquem,
1316 713 1380 748 ha-

323 771 384 807 het
415 773 522 807 urbes
555 770 684 819 refugii
703 799 712 815 ,
746 771 944 809 Ecclesiam
975 773 1112 810 scilicet
1145 773 1376 815 catholicam,

322 833 382 869 ubi
400 843 437 869 se
454 834 618 880 angustia
641 839 832 871 coarctans
844 835 1079 882 poenitentlae,
1093 844 1158 883 per
1171 844 1277 872 omne
1293 840 1381 871 tem-

322 905 388 940 pus
421 895 606 940 praesentis
626 895 708 932 vitae
727 895 831 932 honis
847 895 1017 942 operibus
1048 897 1206 933 studium
1241 897 1379 942 impen-

321 955 408 991 dens
430 962 583 992 mancat.
611 957 655 992 Et
677 957 708 992 si
732 967 832 1004 spem
865 968 967 993 suam
1001 956 1038 993 in
1058 961 1174 994 morte
1197 958 1379 1004 pontilicis

319 1017 462 1060 summi,
483 1016 732 1063 Redemptoris
752 1017 919 1053 videlicet
939 1018 1007 1059 sui,
1030 1018 1204 1063 posuerit,
1223 1018 1281 1053 hic
1301 1018 1380 1053 sine

319 1075 427 1111 dubio
445 1077 479 1111 in
494 1082 666 1111 :eternum
683 1077 894 1112 salvabitur.
912 1078 952 1113 Si
967 1077 1167 1123 interfector
1176 1083 1273 1112 entra
1289 1076 1377 1122 fines

319 1135 455 1170 urbium
481 1147 558 1181 quse
584 1135 760 1172 casulibus
777 1135 952 1183 deputatae
969 1142 1050 1172 sunt
1081 1139 1239 1172 int-entus
1254 1137 1374 1182 suerit,

768 211 810 249 B.
835 207 1006 250 RABANI
1031 209 1179 250 naum
1203 208 1424 250 ARcmEP.
1445 210 1659 253 HOGUN'R
1683 212 1879 255 OPERUM
1901 215 2022 256 PARS
2042 215 2071 256 t.

328 295 444 329 sumn,
475 284 649 323 homicida
673 292 735 324 est.
767 287 814 324 Et
845 289 941 325 scitis
965 289 1049 336 qnia
1067 290 1179 325 omnio
1210 289 1387 325 homicida
1403 292 1440 332 Α
1453 290 1617 328 habitabo
1633 293 1672 331 in
1687 293 1771 338 tute,
1787 300 1821 330 et
1836 296 1929 331 iuter
1947 306 2006 331 eos
2022 294 2230 335 ambutabo:
2252 302 2287 333 et
2299 300 2360 334 ero

1451 349 1558 397 Deus,
1586 359 1619 389 et
1639 354 1706 401 ipsi
1731 361 1833 390 erunt
1846 354 1934 390 mihi
1946 355 2107 401 populus.
2133 356 2284 404 Propter
2308 360 2402 406 qnod

1451 413 1494 449 de
1526 415 1640 450 metito
1660 424 1792 458 eorum,
1825 421 1856 449 et
1879 416 2102 461 separamini,
2134 418 2220 454 dicit
2251 419 2424 458 Dominus
2440 433 2455 459 .-

1450 477 1669 512 immundam
1694 487 1737 512 ne
1756 476 1951 523 teupertus,
1966 483 1998 513 et
2016 486 2079 524 eqo
2098 476 2262 527 recipiam
2280 492 2342 519 vos
2361 488 2377 526 5
2398 489 2431 519 et
2453 494 2472 520 e

1449 538 1542 574 vobis
1556 539 1593 573 in
1609 543 1756 584 patrem,¹
1771 541 1804 572 et
1821 548 1879 573 vos
1898 539 1996 574 eritis
2013 540 2099 575 milti
2123 540 2159 577 in
2174 541 2266 587 filios
2282 549 2315 579 et
2328 542 2437 590 filias,
2456 545 2481 582 d

1448 597 1495 633 eit
1512 597 1687 634 Dominus
1712 597 1929 645 omnipotens
1946 598 2037 646 (Iso.
2057 598 2136 649 m).

1842 659 1995 696 CAPUT
2018 661 2109 697 xm.

1510 715 1559 751 De
1573 715 1715 761 filiabus
1743 717 1940 765 Satpltaad,
1965 726 2004 756 nt
2019 722 2189 768 proximis
2206 724 2280 760 suis
2302 726 2447 764 nubant,

1495 775 1595 823 (Car.
1619 777 1764 826 xxxvi.)
1792 778 2019 816 Accesserant
2034 788 2151 819 autem
2167 790 2200 819 et
2216 785 2388 832 principes
2405 786 2512 832 sami-

1446 837 1575 874 tiorum
1596 837 1746 883 Galaad,
1767 840 1834 886 filii
1860 841 2010 886 Machir,
2045 844 2111 889 filii
2133 845 2320 891 Manasse,
2346 847 2389 884 de
2404 835 2514 895 stirpe

1445 896 1600 942 liliorum
1621 899 1765 945 Joseph,
1783 901 1957 949 locutique
1978 909 2059 939 sunt
2076 904 2191 952 Moysi
2210 915 2328 943 coram
2343 909 2511 956 principi-

1446 957 1508 993 bus
1528 958 1642 994 Israel
1667 967 1769 1006 atque
1790 962 1981 998 dixerunt:
2010 963 2086 1000 Tibi
2115 965 2255 1002 domino
2273 973 2391 1004 nostro
2415 979 2510 1015 prce-a,

1445 1018 1532 1065 cepit
1543 1018 1715 1055 Dominus
1736 1027 1773 1055 ut
1784 1027 1913 1057 terram
1931 1029 2022 1059 sorte
2037 1025 2205 1061 divideres
2221 1026 2306 1071 filiis
2330 1026 2458 1070 Israel,
2476 1032 2511 1064 et

1444 1085 1482 1116 ut
1495 1080 1636 1126 filiabus
1662 1081 1841 1129 salphaad
1856 1085 1979 1130 fratris
2005 1088 2115 1122 nostri
2137 1089 2238 1124 dares
2256 1091 2509 1135 possessionem

1445 1142 1595 1177 debitam
1617 1144 1723 1189 patri.
1750 1143 1846 1187 Quas
1875 1146 1906 1180 si
1921 1146 2066 1182 alterius
2085 1148 2194 1183 tribus
2209 1149 2365 1185 homines
2380 1155 2540 1194 uoeoresflt

319 1198 351 1229 et
367 1205 550 1241 percussus
571 1195 613 1231 ab
631 1207 670 1232 eo
688 1197 746 1244 ‘111²'
760 1197 853 1233 ullor
868 1204 918 1233 282
936 1198 1269 1245 Sssn9²t5n582008qu6
1286 1209 1377 1234 noxa
1396 1197 1428 1238 Β
1447 1205 1653 1251 acceperint,
1692 1213 1853 1252 sequetur
1883 1210 2053 1253 possessio
2088 1221 2165 1254 sua,
2201 1217 2232 1246 et
2259 1212 2430 1247 translata
2461 1213 2524 1248 ad‘

315 1255 378 1290 erit
395 1256 454 1302 qui
469 1267 547 1291 eum
563 1256 739 1292 occiderit.
765 1255 940 1293 Debuerat
961 1259 1051 1292 enim
1066 1258 1235 1304 profugus
1267 1268 1375 1305 usque

316 1317 361 1352 ad
387 1323 530 1352 mortem
561 1317 734 1363 pontificis
751 1318 788 1352 in
806 1318 889 1353 urbe
908 1319 1069 1354 residere.
1094 1317 1286 1366 Postquam
1307 1332 1373 1355 au-

314 1382 380 1412 tem
409 1377 466 1411 ille
486 1376 621 1418 obierit,
641 1377 814 1412 homicida
832 1384 1019 1412 revertetur
1052 1379 1089 1412 in
1106 1384 1235 1413 terram
1257 1389 1371 1414 suam.

314 1436 501 1471 Homicida
522 1446 606 1481 ergo
624 1437 684 1482 qui
702 1442 805 1472 extra
826 1436 916 1471 fines
935 1437 1077 1471 urbium
1093 1447 1172 1481 quae
1191 1437 1375 1473 exsulibus

314 1497 490 1543 deputatae
511 1502 594 1532 sunt
622 1496 731 1532 suerit
750 1499 930 1539 inventus,
968 1496 1105 1542 absque
1130 1497 1234 1542 culpa
1261 1497 1374 1534 inter-

312 1557 444 1601 ficitur,
470 1568 551 1593 cum
582 1565 751 1603 peccator
771 1555 1024 1603 impoenitens,
1059 1562 1169 1602 atque
1187 1558 1232 1593 ob
1256 1559 1324 1594 hoc
1352 1569 1373 1595 a

313 1623 519 1653 sanctorum
542 1618 714 1654 societate
741 1623 848 1663 atque
869 1618 914 1654 ab
933 1618 1102 1654 Ecclesizc
1118 1619 1255 1654 unitate
1273 1628 1372 1656 rece-

312 1678 414 1721 dens,
435 1679 566 1714 merito
589 1689 662 1714 suae
678 1679 928 1725 perversitatis
947 1681 1128 1725 punietur.
1163 1679 1266 1715 Ultor
1285 1691 1370 1716 san-

311 1739 428 1785 guinis
447 1739 508 1784 qui
526 1749 607 1774 eum
626 1740 800 1775 occiderit
821 1739 988 1775 innoxius
1021 1745 1089 1782 est,
1118 1740 1202 1786 quia
1227 1746 1372 1777 senten-

311 1804 359 1840 tia
378 1805 523 1850 superni
537 1804 669 1850 judicis
685 1803 758 1852 (hic
773 1805 869 1840 enim
886 1814 950 1850 per
968 1805 1233 1851 susceptionem
1251 1806 1371 1842 carnis

309 1871 433 1902 noster
471 1865 659 1911 proximus
695 1865 764 1912 est)
804 1865 1131 1912 irreprehensibilis
1164 1867 1232 1902 erit
1245 1895 1253 1910 ‚
1288 1877 1369 1903 cum

311 1935 392 1961 eum
413 1926 570 1972 percutit
586 1926 646 1971 qui
665 1924 708 1962 de
728 1926 842 1962 salute
860 1937 924 1962 sua
957 1926 1131 1963 sollicitus
1148 1937 1226 1964 esse
1246 1928 1368 1974 negle-

308 1987 372 2022 xit.
398 1987 577 2023 Debuerat
595 1988 691 2023 enim
710 1987 884 2035 profugus
903 1997 1018 2034 usque
1049 1987 1093 2024 ad
1112 1994 1263 2025 mortem
1279 1998 1369 2035 pon-

308 2048 416 2084 tilicis
446 2049 482 2083 in
510 2050 599 2085 urbe
619 2049 794 2094 residere,
814 2050 883 2085 hoc
921 2054 992 2094 est,
1029 2050 1209 2096 poenitens
1246 2051 1367 2086 infide

309 2110 485 2146 catholica
500 2111 703 2154 manendo,
734 2121 806 2146 non
845 2109 950 2147 aliter
976 2111 1100 2147 debuit
1118 2113 1188 2148 nisi
1222 2113 1258 2148 in
1290 2123 1366 2148 me-
1385 2097 1414 2138 C

309 2170 458 2206 diatoris
476 2170 541 2206 Dei
558 2176 594 2206 et
619 2171 805 2206 hominum
831 2178 948 2207 morte
973 2172 1027 2208 sui
1054 2173 1200 2209 sceleris
1223 2174 1366 2209 veniam

308 2241 468 2277 sperare.
490 2231 683 2278 Postquam
704 2238 823 2268 autem
847 2233 906 2269 ille
934 2234 1078 2278 obierit,
1112 2234 1294 2270 homicida
1310 2245 1366 2270 re-

308 2299 469 2329 vertetur
487 2293 524 2328 in
542 2298 675 2328 terram
693 2303 820 2328 suam:
848 2299 930 2330 cum
949 2299 1120 2340 peccator
1143 2300 1223 2339 post
1247 2296 1364 2340 poeni-

307 2355 459 2391 tentiam
476 2355 582 2400 digne
600 2361 785 2400 peractam
818 2359 977 2390 meretur
1006 2356 1162 2400 paradisi
1180 2357 1366 2401 percipere

306 2415 474 2462 patriam.
506 2413 597 2458 Quid
615 2419 669 2451 est
687 2414 784 2451 enim
798 2415 893 2460 quod
912 2415 1090 2450 homicida
1113 2421 1195 2460 post
1213 2422 1365 2452 mortem

308 2476 438 2513 summi
464 2475 643 2521 pontificis
676 2474 720 2511 ad
741 2476 1005 2512 absolutionem
1039 2476 1158 2520 redit,
1183 2477 1251 2512 nisi
1270 2478 1365 2523 quod

307 2539 504 2573 humanum
520 2548 644 2584 genus,
665 2537 760 2584 quod
775 2537 957 2584 peccando
981 2538 1196 2584 sibimetipsi
1211 2544 1364 2575 mortem

308 2599 441 2643 intulit,
474 2604 555 2646 post
575 2604 729 2635 mortem
744 2600 821 2635 veri
853 2601 1051 2637 sacerdotis
1066 2627 1076 2645 ,
1108 2601 1276 2637 videlicet
1295 2601 1365 2636 Re-

308 2660 502 2706 demptoris
529 2661 643 2696 nostri
663 2660 812 2705 Christi,
839 2660 1101 2697 absolutionem
1119 2669 1242 2698 reatus
1261 2671 1364 2698 acce-

306 2721 372 2765 pit.
409 2720 463 2754 Ne
482 2720 646 2765 polluatis
674 2727 803 2756 terram
823 2721 1047 2757 habitationis
1066 2726 1200 2765 vestrm,
1223 2728 1292 2768 qua
1310 2722 1364 2758 in-

307 2779 460 2814 sontium
480 2777 601 2814 cr‘uore
619 2779 842 2816 maculatur:
877 2793 937 2816 nec
973 2782 1074 2817 aliter
1088 2783 1220 2829 expiari
1237 2786 1360 2829 potest,

307 2841 373 2875 nisi
400 2851 459 2886 per
488 2839 563 2885 ejus
582 2841 785 2886 sanquinem
812 2843 871 2887 qui
902 2842 1047 2878 alterins
1073 2845 1276 2890 sanquinem
1303 2845 1359 2890 su-

306 2900 395 2935 derit
413 2909 424 2933 :
443 2907 545 2947 atque
562 2902 610 2935 ita
629 2900 854 2936 mundabitur
867 2909 977 2938 vestra
998 2905 1180 2950 possessio,
1200 2917 1252 2941 me
1270 2917 1363 2942 com-

307 2967 519 2995 memorante
536 2961 722 2996 vobiscum.
743 2956 875 2998 Polluit
901 2964 995 2998 enim
1020 2971 1150 3000 terram
1170 2965 1363 3002 habitatio-

307 3021 364 3056 nis
376 3031 461 3064 suae,
471 3021 532 3065 qui
545 3026 692 3056 cruenta
710 3027 815 3068 atque
831 3023 967 3059 nefaria
982 3035 1091 3069 opera
1104 3027 1187 3072 agit,
1206 3038 1270 3072 per
1284 3039 1362 3074 quae

307 3082 490 3128 proximos
524 3078 769 3117 scandalizare
802 3090 909 3128 atque
932 3085 1139 3130 spiritaliter
1159 3088 1362 3126 interficere

306 3155 378 3180 non
402 3145 636 3189 pertimescit.
678 3145 748 3181 Sed
779 3145 848 3181 nisi
867 3146 944 3192 ejus
974 3149 1118 3194 sanguis
1144 3149 1359 3195 effundatur,

309 3207 369 3252 qni
390 3207 536 3243 alterius
566 3207 776 3254 sanguinem
794 3207 898 3252 fudit,
918 3214 1014 3246 terra
1033 3213 1271 3256 possessionis
1286 3215 1363 3259 pol-

308 3266 380 3301 luta
399 3267 637 3312 permanebit,
669 3268 754 3314 quia
780 3269 851 3305 nisi
869 3279 934 3315 per
958 3270 1219 3308 consessionem
1235 3283 1362 3319 pecca-

309 3324 427 3363 torum
468 3334 576 3373 atque
607 3329 820 3375 condignam
857 3330 1107 3376 poenitentiam
1124 3333 1242 3369 carnis
1268 3331 1362 3369 desi-

310 3388 407 3424 deria
444 3394 672 3435 mactentur,
706 3397 803 3427 terra
833 3392 995 3438 corporis
1019 3389 1096 3438 eius
1128 3394 1227 3430 nullo
1254 3393 1362 3430 modo

310 3450 568 3495 mundabitur;
601 3462 668 3488 nec
695 3447 837 3490 creator
872 3453 1032 3491 omnidm
1067 3454 1104 3492 in
1133 3455 1210 3503 eius
1241 3451 1360 3492 anima

310 3509 474 3546 habitare
509 3513 662 3557 poterit,
701 3514 763 3550 nbi
795 3508 998 3561 squalorem
1030 3505 1183 3553 sordidae
1214 3527 1362 3554 conver-

308 3569 460 3608 sationis
479 3567 655 3609 dominari
685 3576 926 3628 conspexerit.
955 3571 1152 3623 Sequitur:
1181 3574 1256 3625 Ego
1270 3578 1363 3615 enim

309 3641 387 3668 sum
405 3621 575 3670 Dominus
593 3637 654 3682 qui
677 3635 794 3672 habito
824 3638 916 3674 inter
927 3638 1020 3684 filios
1048 3631 1176 3676 Israel.
1202 3635 1280 3678 Hoc
1292 3634 1364 3687 est,

311 3690 405 3728 inter
422 3693 521 3731 viros
551 3684 676 3733 fideles
698 3696 812 3734 Deum
841 3699 952 3737 corde
971 3697 1168 3746 intuentes,
1197 3706 1234 3738 et
1268 3700 1366 3741 inter‘

314 3758 458 3790 sanctos
476 3744 551 3792 suis
572 3756 762 3804 praeceptis
791 3757 830 3795 in
859 3748 1025 3798 omnibus
1055 3761 1277 3799 obedientes.
1311 3752 1362 3799 De

314 3816 385 3852 quo
405 3808 455 3845 ita
471 3811 644 3858 scripturn
667 3819 746 3852 est:
767 3811 862 3855 Dicit
887 3814 984 3855 enim
1001 3818 1114 3863 Deus,
1130 3819 1294 3866 quoniam
1307 3818 1362 3856 in-

1444 1265 1551 1300 aliam
1576 1266 1718 1309 tribum,
1743 1269 1784 1302 de
1814 1274 1932 1303 nostra
1952 1269 2156 1305 haereditate
2183 1273 2372 1307 ntinuetur.
2395 1273 2508 1320 Atque

1442 1322 1494 1358 ita
1510 1324 1568 1369 fiet
1591 1333 1627 1359 ut
1643 1336 1722 1360 cum
1736 1326 1969 1374 jubiloeus,2id
1986 1336 2047 1372 est,
2073 1332 2379 1379 quinquagesimus
2392 1345 2506 1370 annus

1443 1385 1657 1419 remissionis
1673 1385 1861 1430 advenerit,
1877 1389 2113 1435 confundatur
2126 1394 2272 1429 sortium
2283 1394 2482 1432 distributio
2493 1405 2508 1434 .·

1443 1451 1475 1480 et
1485 1445 1633 1481 aliorum
1642 1449 1812 1492 possessio
1822 1450 1867 1484 ad
1879 1449 1966 1486 alios
1975 1453 2239 1498 transeat.Quid
2248 1458 2403 1503 estquod
2412 1459 2465 1504 pri
2471 1470 2508 1494 n-

1443 1507 1541 1552 cipes
1566 1507 1782 1544 familiarum
1801 1510 1935 1546 Galaad
1950 1511 2014 1548 filii
2035 1512 2174 1549 Machir
2186 1515 2250 1551 lilii
2263 1511 2427 1555 Manasse
2443 1519 2507 1556 filii

1443 1568 1592 1616 Joseph,
1615 1581 1681 1616 pro
1697 1571 1837 1607 filiabus
1856 1571 2033 1618 Salphaad
2054 1575 2099 1610 ad
2119 1572 2264 1622 Moysen
2282 1577 2390 1613 locuti
2409 1584 2505 1624 sunt,

1442 1636 1619 1675 quatenus
1634 1632 1848 1677 praevideret
1860 1633 1924 1675 eis,
1949 1642 1995 1670 ne
2013 1644 2092 1671 sors
2108 1636 2349 1681 possessionis
2367 1647 2440 1674 suae
2456 1638 2507 1676 ad

1441 1691 1592 1727 alteram
1615 1692 1748 1728 tribum
1777 1694 2055 1740 transferretur,
2090 1697 2119 1732 si
2139 1697 2287 1734 alterius
2311 1700 2424 1736 tribus
2440 1700 2506 1737 ho-

1440 1754 1596 1790 minibus
1615 1755 1815 1800 nuberent,
1851 1757 1920 1793 nisi
1945 1759 2039 1803 quod
2059 1758 2259 1804 praevidere
2277 1757 2407 1797 debent
2443 1773 2504 1799 co-

1439 1815 1633 1862 gitationes
1666 1817 1734 1863 pioe
1753 1828 1798 1853 ne
1826 1820 2008 1864 possessio
2029 1819 2206 1858 bonorum
2221 1823 2431 1860 meritorum
2465 1823 2526 1861 in,

1440 1876 1640 1913 alienorum
1655 1882 1814 1914 transeat
1834 1880 2046 1925 dominium,
2086 1882 2148 1918 sed
2175 1882 2335 1929 legitimo
2366 1883 2503 1921 haeredi

1437 1945 1612 1987 perpetuo
1642 1948 1879 1987 permaneat:
1902 1947 1937 1980 et
1959 1944 2004 1981 ob
2037 1945 2106 1982 hoc
2135 1942 2339 1984 consultum
2372 1947 2500 1994 Moysi,

1438 1999 1507 2035 hoc
1533 2006 1588 2037 est
1618 2000 1721 2048 legis,
1759 2002 1961 2040 adeundum
1986 2009 2126 2051 putant,
2148 2012 2188 2042 ut
2218 2007 2301 2044 inde
2336 2009 2498 2045 ediscant

1437 2061 1593 2106 qualiter
1626 2062 1681 2097 sui
1699 2061 1791 2108 J'uris
1812 2065 1975 2110 perpetui
2001 2075 2229 2110 possessores
2257 2067 2366 2112 fiant;
2404 2069 2502 2115 quod

1436 2121 1734 2167 interpretatione
1773 2134 1837 2160 sua
1861 2126 2067 2172 exprimunt
2090 2128 2249 2164 nomina.
2282 2128 2500 2175 Interpreta-

1435 2187 1494 2218 tur
1525 2182 1621 2217 enim
1648 2183 1783 2220 Galaad
1804 2194 1959 2221 acervus
1990 2186 2212 2230 testimonii;
2234 2188 2385 2232 Machir‚
2411 2199 2499 2225 ven-

1435 2243 1548 2289 dens;
1578 2243 1780 2291 Manasses,
1811 2248 1968 2292 oblitus3
2002 2246 2147 2296 joseph,
2171 2253 2311 2294 auctus,
2349 2256 2386 2287 et
2415 2250 2496 2287 Sal-

1434 2304 1563 2349 phaad,
1590 2306 1718 2342 umbra
1738 2305 1951 2344 formidinis.
1973 2308 2187 2355 Loquuntur
2202 2318 2288 2357 ergo
2314 2311 2498 2357 principes

1434 2363 1648 2401 familiarum
1671 2367 1805 2403 Galaad
1825 2369 1888 2404 tilii
1906 2368 2043 2405 Machir
2061 2370 2125 2405 filii
2145 2370 2307 2407 Manasse
2323 2372 2366 2408 de
2384 2372 2498 2419 stirpe

1434 2425 1589 2461 [iliarum
1608 2426 1754 2472 Joseph,
1785 2439 1850 2473 pro
1882 2429 2025 2466 filiabus
2047 2429 2242 2476 Salphaad‚
2276 2432 2421 2478 quando
2438 2443 2500 2469 co-

1434 2487 1626 2534 gitationes
1645 2494 1752 2533 atque
1772 2494 1948 2525 tractatus
1973 2490 2039 2535 piae
2060 2492 2204 2535 mentis,
2227 2493 2424 2528 secundum
2440 2503 2498 2529 sa-

1434 2557 1578 2584 crarum
1614 2548 1884 2594 Scripturarum
1906 2549 2112 2585 testimonia
2147 2550 2344 2597 dispositae,
2372 2553 2496 2588 decer-

1433 2613 1513 2644 tant
1531 2619 1597 2654 pro
1614 2609 1735 2645 anima
1763 2608 1873 2653 fideti,
1904 2620 1983 2656 quse
2003 2610 2163 2647 laborem
2193 2612 2384 2656 praesentis·
2413 2614 2495 2650 vitas

1432 2679 1499 2715 pro
1517 2667 1638 2704 sutura
1663 2670 1830 2705 mercede
1855 2670 2004 2715 vendin
2037 2676 2073 2706 et
2094 2670 2312 2708 obliviscens
2337 2683 2379 2708 ea
2415 2683 2495 2720 quae

1434 2733 1533 2764 retro
1554 2734 1651 2772 sunt,
1687 2729 1723 2764 in
1743 2730 1923 2766 anteriora
1952 2740 1990 2766 se
2008 2731 2184 2774 extendit,
2216 2739 2393 2777 quatenus
2427 2743 2494 2780 per

1433 2794 1664 2835 augmentum
1683 2788 1860 2825 bonorum
1878 2795 2026 2835 operum
2044 2790 2190 2837 praemia
2213 2797 2348 2826 aeterna
2364 2802 2491 2829 conse-

1433 2853 1577 2894 quatur.
1617 2849 1832 2886 Praedictum
1853 2856 1908 2886 est
1941 2851 2037 2887 enim
2065 2851 2102 2887 in
2131 2850 2376 2897 superioribus
2396 2854 2492 2899 quod

1434 2910 1591 2955 quinque
1611 2910 1694 2947 filiae
1714 2910 1906 2958 Salphaad,
1939 2912 2006 2948 hoc
2024 2914 2089 2955 est,
2116 2913 2253 2948 umbrae
2271 2912 2487 2959 formidinis,

1433 2980 1541 3016 opera
1559 2972 1804 3019 significarent
1832 2974 2025 3017 exteriora,
2051 2982 2129 3020 quae
2149 2975 2308 3021 quinque
2326 2977 2490 3014 sensibus
2525 3022 2531 3026 ι

1431 3030 1570 3066 utiliter
1601 3033 1802 3077 explentur.
1841 3033 1886 3068 Et
1917 3042 2065 3069 necesse
2087 3035 2141 3070 est
2174 3038 2213 3070 ut
2243 3035 2304 3080 qui
2333 3036 2488 3071 nuncin
2524 3042 2540 3063 -*

1430 3092 1558 3127 umbra
1578 3093 1764 3137 praesentis
1786 3094 1868 3128 vitae
1900 3093 2004 3129 bonis
2034 3087 2201 3139 operibus
2223 3090 2390 3137 student,
2423 3104 2490 3141 per

1430 3149 1494 3186 Dei
1512 3151 1678 3187 timorem
1692 3162 1733 3187 ea
1754 3161 1969 3189 conservare
1984 3158 2162 3200 satagant,
2189 3156 2235 3189 ne
2248 3153 2410 3189 laborem
2429 3159 2489 3191 ex-

1430 3220 1581 3255 pensum
1598 3213 1763 3257 perdant.
1786 3213 1964 3249 Verentur
1984 3220 2071 3259 ergo·
2091 3213 2270 3259 principes
2290 3210 2425 3250 Ga'laad
2441 3219 2487 3250 ne

1429 3271 1610 3316 possessio
1642 3283 1705 3307 sua
1738 3273 1774 3307 in
1792 3273 1946 3308 alienam
1967 3268 2101 3324 tribum
2135 3275 2389 3310 transferatur,
2424 3270 2487 3313 sic
2524 3303 2527 3307 .

1430 3338 1578 3365 neeesse
1598 3335 1653 3365 est
1681 3335 1720 3364 ut
1739 3328 1985 3376 unusquisque
2020 3329 2139 3366 tidelis
2162 3331 2323 3368 consulte
2356 3334 2485 3378 praevl-

1430 3386 1513 3426 deat
1539 3389 1696 3435 qualiter
1717 3398 1827 3436 opera
1845 3396 1924 3436 quae
1957 3390 2031 3436 agit
2051 3387 2119 3426 Sibi
2146 3386 2191 3427 ad
2222 3389 2374 3428 satutem
2397 3398 2483 3430 con-

1429 3452 1570 3487 servata
1593 3449 1819 3496 proveniant,
1849 3457 1894 3486 ne
1913 3444 2006 3486 {orte
2028 3443 2059 3487 si
2078 3453 2188 3498 prava
2207 3450 2406 3490 intentione
2423 3458 2483 3501 ge⁴²

1427 3517 1568 3556 rantur,
1595 3507 1640 3548 ab
1663 3511 1788 3547 alienis
1803 3512 2082 3558 possessoribus,
2104 3514 2172 3550 hoc
2188 3512 2256 3558 est,
2273 3524 2294 3550 a
2313 3510 2485 3562 malignis

1428 3566 1628 3619 spiritibus,
1646 3570 1873 3608 invadantur.
1905 3571 2023 3610 Prava·
2051 3580 2137 3622 ergo
2151 3574 2304 3613 intentio
2320 3574 2378 3612 e'st
2393 3573 2481 3623 &1¹8⁴

1427 3627 1557 3679 ramis,
1587 3630 1672 3670 ὁὺιιῑ
1689 3637 1732 3670 ea
1748 3631 1858 3679 opera
1875 3642 1957 3680 quae
1971 3637 2037 3682 pro
2056 3627 2187 3672 intuitu
2203 3633 2347 3673 aetuitae
2367 3631 2480 3674 rema

1426 3687 1586 3730 butiotiis
1603 3691 1711 3745 agere
1735 3690 1873 3738 debuit,
1902 3702 1970 3741 pro
1989 3695 2149 3743 appetitu
2172 3695 2407 3734 terrenarum
2421 3692 2479 3734 1⁹3⁴

1428 3751 1508 3795 rum
1526 3752 1701 3794 inutiliter
1718 3750 1897 3804 expendit.
1915 3752 2003 3803 Quae
2021 3759 2173 3802 necesse
2182 3761 2238 3797 est
2258 3758 2300 3797 ut
2315 3766 2338 3797 a
2356 3758 2397 3797 stt
2410 3753 2494 3796 ait-'-

1428 3817 1501 3856 lata
1521 3812 1659 3856 alienus
1674 3818 1861 3865 possessor
1880 3818 2022 3866 teneat,
2041 3815 2124 3860 eutii
2146 3815 2390 3870 malignus&
