2540 4016
564 225 928 274 memnones
953 227 1001 270 IN
1024 227 1203 272 unam!
1229 227 1542 271 NUMERORUM.
1565 252 1615 263 -·-
1635 230 1722 272 Lm.
1745 232 1774 272 l.

2201 243 2276 289 9th

91 321 186 349 anno
230 310 342 348 altero
382 309 590 358 emmonis
633 321 757 348 eorum
794 321 840 348 ew
870 308 1047 358 AEqypto:
1082 309 1154 347 Ubi
1170 309 1207 350 A
1223 308 1307 354 (luis
1325 307 1472 345 dabitur
1487 316 1533 344 ex
1551 307 1622 344 hoc
1633 308 1820 354 profectus
1835 308 1894 346 his
1912 311 1978 356 qui
1990 320 2103 355 saeris
2119 321 2270 360 volumi-

93 371 292 410 notandum
320 371 416 419 quod
454 371 491 408 in
516 372 729 423 duodecima
759 372 965 416 mansione,
998 372 1037 408 id
1073 377 1148 417 est,

91 434 131 472 in
151 435 342 472 solitudine
374 433 493 478 Sinai,
516 433 578 470 ubi
605 434 747 482 Moyses
772 434 935 472 aseendit
957 433 1004 470 ad
1028 433 1151 470 Domi-

91 506 192 540 num,
209 497 467 544 descenditque
484 497 659 534 Dominus
678 490 720 532 in
735 500 898 534 montem
916 495 1033 540 Sinai,
1060 496 1151 533 dans

92 557 210 605 legem
244 557 378 605 populo
415 568 494 602 suo,
532 556 583 595 ibi
621 558 822 594 fabricatur
861 557 1150 602 tabernaculum,

92 618 142 656 ihi
158 620 368 667 praecipitur
385 618 544 657 varietas
565 620 782 673 hostiarum,
806 623 972 657 vasorum
994 619 1149 656 diversi-

91 686 161 724 tas,
183 680 394 717 indumenta
410 681 607 728 pontilicis,
633 676 862 719 sacerdotum
883 693 925 719 ac
942 681 1152 718 Levitarum

91 740 317 777 caeremoniae
335 752 344 776 ι
364 741 487 789 ibique
515 744 739 780 enumeratio
767 744 982 792 populorum
1008 740 1151 779 Levita-

90 811 258 848 rumque,
280 808 316 840 et
334 814 401 850 per
430 806 591 851 singulas
623 806 738 843 tribus
759 802 880 852 populi
910 800 1120 841 distributio
1139 816 1147 839 :

89 861 291 900 oblationes
306 875 449 911 quoque
466 866 685 912 principum,
707 873 743 902 et
761 865 902 911 reliqua
921 870 1149 900 sacramenta

89 921 126 959 ln
145 923 214 960 hac
244 926 432 962 mansione
461 926 594 973 scripta
614 931 710 963 sunt.
733 924 807 962 Sed
822 925 859 960 ln
880 924 1006 961 eodem
1037 933 1147 968 anno,

87 983 173 1020 licet
189 995 261 1021 non
279 987 406 1022 eodem
431 996 556 1023 mense
577 997 648 1033 quo
675 991 838 1022 erectum
858 990 914 1021 est
931 985 1149 1020 tabernacu-

87 1045 176 1090 lum,
213 1056 385 1082 numerus
408 1045 566 1082 filiorum
594 1046 706 1082 Israel
730 1046 934 1093 descriptus
964 1051 1031 1082 est.
1055 1045 1147 1090 Quid

87 1111 208 1142 autem
238 1105 420 1151 significat
435 1117 551 1142 annus
575 1107 769 1151 secundus,
791 1107 848 1143 vel
866 1107 1000 1143 mensis
1020 1117 1148 1143 secun-

85 1165 152 1202 dus
186 1167 272 1202 anni
306 1168 469 1211 secundi,
505 1168 576 1204 nisi
608 1173 751 1215 tempus
782 1168 871 1205 Novi
908 1169 1144 1212 Testamenti,

1219 369 1327 406 nibus
1342 367 1502 417 gestiunt
1519 369 1658 406 erudiri
1670 369 1686 404 ’.Ρ
1700 368 1795 412 Quid
1811 369 1908 406 enim
1926 374 2074 418 prodest
2091 378 2163 417 ista
2180 383 2274 420 didi-

1220 431 1337 476 cisse,
1373 438 1435 470 aut
1466 435 1553 482 quid
1582 435 1714 472 animat
1745 434 1934 473 confertur
1964 438 2010 474 ad
2044 441 2210 489 salutem,
2244 450 2278 485 si

1220 492 1312 528 sciat
1336 495 1434 540 quod
1454 500 1539 542 pars
1556 494 1677 543 aliqua
1706 496 1830 543 populi
1853 499 2043 535 numerata
2070 505 2126 537 est
2156 502 2192 539 in
2215 507 2279 542 de-

1219 558 1332 598 serto,
1366 566 1452 602 pars
1473 568 1561 594 vero
1587 558 1819 594 innumerata
1844 559 2013 596 derelicta
2032 562 2111 598 est?
2131 563 2170 599 Si
2188 575 2276 603 vero

1219 608 1412 660 sequentes
1437 616 1541 652 Pauli
1561 617 1779 654 sententiam
1805 618 1818 666 (
1832 617 1932 654 Rom.
1950 619 2022 668 vn)
2038 620 2146 668 leqem
2176 625 2279 671 spiri-

1219 673 1324 710 talem
1346 685 1420 711 esse
1448 675 1652 720 credamus,
1689 682 1724 714 et
1760 677 1973 724 spiritaliter
2003 690 2084 728 quae
2118 682 2281 720 continet

1219 737 1421 782 audiamus,
1450 739 1580 785 ingens
1599 738 1785 786 profectus
1812 741 1942 777 animae
1960 740 1996 777 in
2016 741 2073 778 his
2094 753 2174 789 quae
2189 746 2280 782 scri·
2306 784 2310 790 ‚

1217 802 1281 843 pta
1300 804 1386 835 sunt
1407 801 1606 847 apparebit.
1631 801 1743 837 Docet
1761 802 1857 838 enim
1876 813 2037 849 praesens
2056 803 2163 842 lectio
2185 807 2279 852 quod
2307 795 2318 858 ξ

1218 858 1250 894 si
1269 861 1530 897 transcendero
1560 861 1710 908 puerilis
1730 862 1848 898 aetatis
1877 863 2138 910 insipientiam,
2169 867 2199 903 si
2219 868 2282 905 de·
2310 863 2314 885 ³

1218 920 1317 957 siero
1339 922 1511 968 parvulus
1542 933 1623 960 esse
1653 924 1841 967 sensibus,
1862 930 1898 960 et
1923 925 1979 961 vir
2003 925 2152 964 effectus
2172 929 2280 976 depo-

1218 990 1326 1018 suero
1345 993 1425 1028 quae
1444 989 1529 1019 sunt
1552 984 1714 1030 parvuli;
1745 985 1791 1028 si,
1814 985 1976 1031 inquam,
1998 986 2148 1024 effectus
2176 987 2282 1026 suero

1216 1041 1377 1088 juvenis,
1414 1050 1450 1081 et
1479 1045 1562 1082 talis
1597 1047 1743 1092 juvenis
1780 1048 1841 1093 qui
1876 1049 2019 1085 vincam
2058 1051 2280 1099 malignum,

1217 1109 1323 1148 aptus
1351 1103 1502 1140 videbor
1526 1105 1582 1140 his
1610 1105 1654 1141 de
1673 1106 1805 1151 quibus
1826 1109 2000 1154 scriptum
2028 1114 2083 1146 est
2111 1120 2121 1145 τ
2146 1111 2282 1151 Omnes

1217 1163 1278 1207 qui
1298 1164 1494 1209 procedent
1527 1166 1563 1201 in
1591 1166 1726 1202 virtute
1758 1167 1881 1213 lsrael,
1919 1175 1955 1206 et
1988 1171 2118 1218 dignus
2150 1174 2282 1212 divinis

41 1246 44 1251 ·
85 1225 183 1272 quod
206 1230 287 1272 post
320 1226 513 1262 adventum
538 1226 687 1271 Christi,
720 1227 925 1273 passionem
954 1232 990 1263 et
1023 1237 1146 1263 resur·
1166 1224 1198 1263 B
1217 1226 1380 1262 numeris
1423 1229 1673 1273 computabor.
1720 1228 1842 1266 Donec
1879 1235 2001 1267 autem
2044 1233 2139 1270 inest
2174 1235 2284 1272 alicui

86 1286 285 1324 rectionem
310 1285 403 1332 ejus,
429 1298 544 1334 usque
571 1287 616 1323 ad
646 1288 755 1325 finem
787 1289 912 1325 mundi
944 1289 1147 1335 pertinget?

83 1346 170 1384 Post
185 1348 356 1384 collatum
376 1348 472 1384 enim
490 1359 556 1395 per
574 1350 730 1395 gratiam
751 1349 885 1386 Christi
911 1351 1146 1397 baptismum,

84 1407 121 1443 in
141 1419 212 1454 quo
239 1408 392 1455 spiritali
414 1407 588 1456 AEgypto,
621 1412 809 1447 submerso
836 1422 923 1447 vero
942 1412 1146 1455 Pharaone,

84 1470 221 1516 egressi
252 1481 392 1514 sumus,
422 1471 604 1518 reliquum
624 1477 766 1518 tempus
798 1483 947 1508 necesse
967 1478 1022 1508 est
1051 1473 1149 1508 utin

86 1531 245 1566 novitate
262 1532 347 1567 vitae
365 1532 603 1575 ambulemus,
637 1534 682 1569 ad
698 1538 835 1569 terram
854 1534 1148 1580 repromissionis

88 1593 276 1629 tendentes
299 1594 336 1629 in
355 1594 500 1631 deserto
520 1594 633 1631 Sinai.
657 1595 758 1631 Sinai
782 1596 914 1643 quippe
932 1597 1149 1642 interpreta-

86 1656 146 1687 tur
171 1653 302 1697 rubus,
331 1664 402 1700 quo
431 1655 655 1703 significatur
680 1656 856 1700 Ecclesia,
890 1656 926 1692 in
947 1667 1020 1703 qua
1044 1658 1149 1694 nohis

87 1714 241 1759 apostoli
264 1716 475 1761 praedicant,
507 1721 542 1752 et
567 1717 728 1763 spiritale
751 1717 916 1763 praelium
937 1723 1063 1754 contra
1085 1728 1148 1754 ne-

87 1775 220 1820 quitias
252 1778 433 1823 spiritales
454 1779 559 1815 nobis
578 1780 774 1826 gerendum
794 1786 861 1816 est.
880 1781 1006 1827 Ibique
1026 1781 1147 1828 loqui-

86 1843 148 1874 tur
180 1839 354 1877 Dominus
387 1843 432 1878 ad
464 1843 625 1890 Moysen,
662 1844 724 1890 qui
758 1844 874 1891 legem
913 1845 1072 1882 instituit
1103 1846 1148 1882 ad

86 1900 361 1938 instructionem
388 1904 625 1948 credentium,
649 1905 718 1941 hoe
755 1911 825 1949 est,
854 1907 1072 1952 spiritalium
1097 1908 1148 1945 ls-

85 1962 308 1999 raelitarum.
344 1963 468 2001 Tollite
483 1977 656 2002 summam
681 1968 850 2004 unirersoe
868 1971 1148 2016 conqreqationis

84 2021 241 2067 filiorum
260 2023 375 2060 Israel
392 2036 454 2072 per
481 2028 704 2074 coquatioues
722 2034 755 2063 et
778 2029 899 2065 domos
920 2041 1003 2065 suas
1025 2036 1057 2066 et
1084 2042 1148 2067 ηο-

83 2084 180 2120 mina
214 2084 462 2132 singulorum,
499 2088 669 2136 quidquid
708 2095 759 2125 est
790 2101 893 2126 sexus
930 2091 1146 2137 masculini,

84 2155 106 2179 a
143 2146 308 2192 viqesimo
346 2158 438 2183 αηηο
476 2153 509 2184 et
545 2160 652 2196 supra
689 2151 845 2186 omnium
886 2151 1042 2187 virorum
1074 2153 1148 2198 for-

86 2205 173 2240 tium
194 2217 237 2242 ea:
255 2206 390 2253 Israel,
417 2214 448 2244 et
468 2210 696 2247 numerabitis
722 2222 780 2247 eos
807 2223 869 2259 per
892 2217 1028 2249 turmas
1048 2224 1146 2257 suas,

86 2271 123 2302 tu
154 2272 187 2302 et
221 2267 339 2304 Aaron
368 2281 379 2305 .·
414 2277 582 2320 eruntque
622 2273 795 2321 principes
836 2274 991 2311 tribuum
1031 2276 1147 2312 vobis-

85 2338 164 2362 cum
202 2340 242 2363 ac
282 2330 465 2367 (lentorum
500 2332 538 2367 in
572 2334 838 2380 coquationibus
873 2337 962 2372 suis.
1009 2335 1148 2374 Divinis

84 2390 245 2426 numeris
278 2402 349 2428 non
383 2403 511 2430 omnes
543 2393 642 2441 digni
677 2402 786 2439 sunt,
825 2396 889 2433 sed
921 2395 1033 2434 certis
1068 2398 1148 2444 qui-

84 2449 233 2486 busdam
261 2453 510 2500 praerogativis
540 2455 774 2503 designantur
798 2457 837 2493 hi
862 2458 925 2504 qui
952 2458 1049 2494 intra
1081 2469 1148 2494 nu-

84 2520 223 2547 merum
251 2511 315 2548 Dei
350 2513 505 2550 debeant
540 2517 812 2563 comprehendi.
852 2518 967 2564 Hujus
996 2518 1047 2553 rei
1072 2518 1147 2553 evi-

83 2570 173 2607 dens
193 2572 365 2609 indicium
387 2576 550 2612 continet
570 2577 661 2613 liber
678 2579 751 2620 hic,
770 2579 831 2624 qui
852 2578 1065 2614 inscribitur
1074 2578 1146 2614 Nu-

85 2643 282 2675 merorum,
309 2635 343 2668 in
365 2645 436 2680 quo
452 2636 608 2671 refertur
627 2639 723 2683 quod
737 2649 781 2673 ex
801 2643 983 2684 praecepto
1003 2639 1146 2674 Domini

83 2704 199 2739 neque
224 2693 393 2730 mulieres
414 2695 640 2731 deducantur
658 2697 704 2732 ad
729 2707 940 2741 numerum,
959 2696 1145 2736 femininae

85 2754 161 2789 sinc
183 2755 290 2790 duhio
322 2755 546 2792 infirmitatis
567 2758 754 2794 obstaculo
772 2770 781 2802 ;
819 2770 936 2806 neque
955 2771 1145 2798 servorum

85 2817 290 2863 quisquam,
320 2823 358 2853 nt
379 2824 463 2864 puta
482 2819 556 2855 vita
580 2820 816 2867 moribusque
842 2822 1060 2867 degeneres;
1083 2824 1146 2860 sed

84 2892 128 2918 ne
144 2880 396 2928 AEgyptiorum
429 2883 574 2934 quidem
599 2884 693 2921 ullus
713 2894 756 2920 ex
786 2885 844 2922 his
873 2886 1059 2932 quierant
1083 2887 1146 2922 ad-

83 2942 181 2978 misti
214 2950 440 2987 numeratur,
471 2944 648 2990 profecte,
687 2951 727 2981 ut
755 2945 965 2995 alienigenae
994 2954 1030 2984 et
1061 2949 1145 2984 har-

85 3001 177 3044 bari,
210 3003 274 3038 sed
308 3003 375 3039 soli
410 3011 649 3041 numerantur
683 3006 868 3044 Israelitae.
900 3009 945 3044 Et
979 3009 1039 3046 isti
1071 3000 1143 3046 non

84 3074 222 3109 omnes,
251 3066 354 3102 seda
383 3066 512 3113 viginti
548 3068 652 3104 annis
683 3074 718 3104 et
746 3079 868 3117 supra.
904 3071 950 3106 Et
975 3082 1043 3108 nec
1067 3072 1142 3108 sola

85 3127 202 3162 aetatis
227 3127 380 3163 habetur
397 3129 612 3171 observatio,
648 3131 711 3166 sed
730 3132 904 3176 quaeritur
919 3133 949 3169 si
965 3138 1002 3168 et
1020 3139 1142 3180 aptum

84 3187 188 3222 hellis
205 3187 316 3223 robur
330 3189 509 3224 ostendat.
531 3190 746 3238 Designatur
760 3192 892 3227 etenim
909 3203 975 3239 per
992 3194 1142 3230 verbum

84 3248 148 3284 Dei
180 3255 221 3285 ut
251 3256 464 3294 numeretur
493 3252 612 3289 omnis
643 3253 703 3300 qui
729 3254 893 3300 procedit
925 3255 960 3291 in
993 3255 1140 3292 virtute.

83 3308 162 3347 Non
186 3321 271 3359 ergo
287 3312 363 3358 sola
381 3318 484 3357 aetas,
514 3315 578 3350 sed
596 3314 712 3352 virtus
740 3316 776 3352 in
805 3316 968 3354 Israelita
988 3318 1144 3364 requiri-

81 3374 156 3407 tur.
186 3371 340 3421 Puerilis
357 3377 446 3410 aetas
462 3383 535 3410 non
561 3381 788 3419 numeratur,
820 3386 889 3412 nec
908 3381 992 3425 apta
1010 3377 1142 3414 divinis

85 3429 232 3474 calcidis
264 3432 422 3481 ducitur,
458 3433 530 3472 nisi
564 3433 658 3472 forte
694 3435 926 3483 primogeniti
957 3438 1044 3481 sint,
1081 3443 1145 3473 aut

87 3490 300 3538 sacerdotali
321 3493 379 3530 vel
398 3493 559 3539 Levitica
573 3496 693 3547 stirpe
719 3497 967 3543 descendant:
990 3498 1052 3534 isti
1075 3497 1142 3534 soli

86 3547 124 3595 in
154 3553 281 3602 {tuta-is
315 3553 547 3600 adducuntur
580 3555 619 3592 in
654 3567 861 3603 numerum,
906 3557 1142 3606 Feminarum

86 3618 173 3659 Q
201 3612 302 3666 Duil?
325 3624 476 3664 prorsus
503 3615 712 3665 adducitur.
741 3618 819 3665 Sed
850 3619 937 3666 quid
971 3619 1143 3657 videtur?

87 3669 351 3723 Posm‚,m
368 3687 482 3727 itm
497 3687 578 3725 esse
604 3681 817 3727 mysteriis?
841 3681 907 3718 sed
926 3681 1001 3723 ,hoc
1024 3681 1142 3724 solum

82 3737 480 3789 mmmmm
498 3737 657 3787 Spiritus
682 3746 844 3787 sanetus.
869 3741 934 3789 qui
952 3741 1031 3779 haec
1046 3741 1142 3780 scri-

87 3794 208 3836 benda
225 3796 390 3844 m
410 3800 644 3855 mutunus
666 3802 838 3848 wit-inc
866 3802 903 3840 in
921 3802 986 3840 isso
1008 3801 1141 3850 populo

47 3860 74 3911 ᾗ
90 3857 271 3894 numerati
296 3862 396 3903 sunt,
417 3861 457 3895 et
475 3858 540 3905 qui
563 3859 645 3898 sine
670 3871 823 3900 numero
853 3863 1065 3900 manserint.
1093 3862 1140 3898 Et

13 3968 28 4016 12
45 3913 79 4016 i

1216 1292 1378 1323 vestrum
1399 1287 1454 1324 vel
1475 1289 1597 1334 pueris
1625 1294 1662 1326 et
1679 1289 1840 1327 lubricus
1871 1303 2014 1338 sensus,
2043 1296 2099 1331 vel
2124 1296 2282 1335 feminea

1216 1353 1253 1383 et
1268 1348 1424 1384 resoluta
1459 1351 1647 1397 segnities,
1669 1351 1726 1387 vel
1746 1350 1938 1399 AEgyptios
1958 1356 2118 1401 gerimus
2134 1363 2170 1395 et
2199 1360 2282 1396 har·-

1217 1410 1325 1446 haros
1346 1421 1479 1456 mores,
1502 1413 1628 1450 haberi
1652 1417 1747 1462 apud
1765 1417 1878 1454 Deum
1897 1418 1931 1453 in
1954 1424 2080 1458 sancto
2101 1426 2136 1456 et
2155 1431 2280 1458 conse-

1218 1477 1319 1508 crato
1339 1483 1490 1510 numero
1511 1485 1581 1511 non
1602 1487 1796 1514 meremur.
1826 1479 2011 1517 innumeri
2042 1488 2161 1518 autem
2189 1483 2284 1530 apud

1219 1533 1448 1573 Salomonem
1480 1539 1649 1575 dicuntur
1683 1551 1763 1578 esse
1794 1543 1855 1588 qui
1892 1548 2061 1589 pereunt,
2101 1546 2282 1581 numerati

1219 1603 1339 1633 autem
1365 1608 1491 1636 omnes
1516 1601 1576 1646 qui
1607 1602 1807 1638 salvantur.
1840 1603 1886 1639 Et
1911 1604 1967 1639 vis
2001 1605 2066 1640 tibi
2093 1607 2283 1642 ostendam

1219 1658 1303 1704 quia
1324 1665 1530 1696 sanctorum
1552 1673 1723 1699 numerus
1741 1663 1896 1700 habetur
1917 1665 2012 1711 apud
2033 1665 2171 1701 Deum?
2188 1666 2284 1703 Audi

1219 1721 1400 1765 quomodo
1415 1723 1459 1758 de
1479 1724 1586 1760 astris
1619 1725 1763 1770 quidem
1790 1726 1998 1763 coelestibus
2029 1727 2116 1763 dicit
2135 1727 2250 1764 David
2271 1740 2280 1764 :

1221 1780 1290 1824 Qui
1300 1791 1459 1819 numerat
1472 1784 1730 1822 multitudinem
1741 1787 1937 1831 stellarum,
1950 1795 1982 1824 et
1992 1790 2152 1825 omnibus
2163 1790 2212 1826 eis
2226 1800 2285 1826 no-

1218 1844 1314 1879 mina
1341 1850 1439 1880 vocat
1462 1845 1474 1893 (
1495 1844 1592 1882 Psat.
1614 1848 1763 1895 extv1).
1784 1848 1952 1885 Salvator
1968 1860 2056 1886 vero
2075 1861 2148 1887 non
2166 1851 2284 1887 solum

1220 1905 1415 1952 discipulos
1445 1918 1528 1944 suos
1559 1908 1694 1946 eleetos
1724 1911 1791 1948 sub
1811 1922 1963 1949 numero
2000 1913 2137 1957 statuit,
2158 1924 2286 1950 verum

1219 1972 1255 2002 et
1275 1967 1423 2013 capillos
1444 1969 1573 2014 eapitis
1597 1980 1724 2006 eorum
1751 1972 1839 2008 dicit
1864 1982 1945 2009 csse
1966 1978 2189 2010 numeratos.
2219 1973 2284 2009 Ait

1219 2029 1350 2065 enim:
1383 2028 1495 2066 Vestri
1531 2038 1649 2067 autem
1680 2032 1801 2080 capilli
1837 2035 1962 2080 capitis
1994 2035 2168 2070 numerati
2201 2040 2285 2071 sunt

1220 2089 1233 2138 (
1254 2089 1382 2126 Mattlz.
1402 2102 1425 2127 x
1444 2090 1472 2138 ).
1493 2092 1532 2127 In
1547 2103 1619 2139 quo
1637 2094 1763 2140 utique
1779 2103 1852 2130 non
1873 2095 1954 2131 illos
1972 2095 2118 2131 dicebat
2133 2096 2283 2142 capillos

1218 2161 1299 2189 esse
1334 2160 1559 2198 numeratos,
1581 2155 1642 2202 qui
1674 2155 1730 2191 vel
1759 2155 1857 2192 ferro
1877 2157 2059 2193 attonderi
2092 2162 2130 2193 et
2154 2157 2283 2204 projici

1218 2214 1349 2261 solent,
1374 2215 1430 2251 vel
1454 2218 1627 2264 temporis
1662 2223 1769 2255 aetate
1801 2219 1957 2256 defluere
1988 2230 2030 2256 ac
2047 2220 2181 2266 perire,
2219 2222 2281 2258 sed

1218 2277 1269 2313 illi
1288 2278 1418 2324 eapitis
1435 2279 1555 2324 capilli
1575 2280 1670 2326 apud
1687 2280 1801 2316 Deum
1829 2281 2009 2317 numerati
2031 2286 2125 2321 sunt,
2156 2282 2217 2328 qni
2243 2282 2279 2317 in

1217 2337 1399 2376 Nazaraeis
1415 2346 1532 2383 erant,
1562 2341 1694 2386 quibus
1713 2341 1826 2377 inerat
1850 2342 1964 2382 virtus
1983 2341 2141 2387 Spiritus
2162 2342 2280 2377 saneti

1216 2398 1262 2433 ad
1294 2398 1581 2443 prosternendos
1607 2399 1838 2446 alienigenas.
1860 2401 2022 2437 Virtutes
2053 2411 2138 2447 ergo
2169 2402 2281 2437 animi

1216 2464 1254 2495 et
1278 2459 1550 2496 multitudinem
1569 2469 1754 2505 sensuum,
1785 2463 1845 2507 qni
1866 2463 1909 2497 de
1923 2462 2113 2509 principali
2134 2464 2278 2506 mentis,

1218 2526 1389 2566 tanquam
1433 2520 1476 2556 de
1512 2521 1630 2567 capite
1664 2522 1908 2567 apostolorum
1925 2550 1933 2566 ,
1971 2523 2278 2569 producebantur,

1216 2581 1366 2627 capillos
1384 2581 1514 2627 capitis
1535 2583 1741 2629 appellavit.
1766 2583 1837 2620 Sed
1860 2585 1897 2620 in
1916 2585 1992 2621 haec
2007 2596 2072 2632 per
2089 2595 2278 2623 excessum

1217 2642 1407 2686 quemdam
1427 2641 1658 2686 devenimus;
1692 2654 1790 2680 nunc
1808 2645 1851 2679 ad
1867 2647 2094 2691 propositum
2114 2654 2278 2684 reverta—

1215 2712 1310 2738 mur.
1328 2703 1374 2738 Et
1390 2702 1527 2740 locutus
1541 2710 1604 2747 est,
1625 2705 1754 2751 inquit,
1771 2705 1941 2741 Dominus
1953 2707 1999 2741 acl
2012 2707 2156 2755 Moysen
2171 2710 2208 2744 in
2223 2709 2281 2745 de-

1216 2769 1307 2798 serto
1327 2763 1444 2799 Sina-i.
1457 2764 1519 2800 llla
1535 2764 1673 2801 scilicet
1688 2765 1809 2801 omnia
1824 2775 1905 2810 quae
1925 2767 2091 2812 superius
2113 2778 2281 2816 compen-

1216 2824 1318 2860 d10sa
1341 2826 1551 2862 narratione
1583 2827 1938 2873 comprehendimus,
1974 2828 2034 2863 uhi
2068 2829 2279 2875 praecipitur

1215 2886 1402 2922 numerari
1431 2897 1451 2922 a
1478 2887 1603 2934 viginti
1629 2888 1734 2924 annis
1751 2894 1788 2924 et
1814 2898 1939 2934 supra,
1960 2890 2078 2926 omnis
2110 2890 2172 2936 qui
2192 2901 2277 2937 pro-

1216 2948 1312 2983 cedit
1341 2946 1377 2984 in
1392 2949 1524 2986 virtute
1544 2949 1668 2986 Israel.
1691 2949 1730 2985 Si
1748 2950 1829 2996 quis
1855 2959 1941 2996 ergo
1961 2952 2124 2997 procedit
2140 2952 2177 2987 in
2205 2952 2278 2987 vir-

1217 3012 1304 3052 tute,
1336 3008 1412 3054 ipse
1441 3015 1654 3046 numeratur
1681 3022 1688 3045 :
1712 3015 1748 3046 et
1768 3021 1839 3047 non
1869 3011 1905 3046 in
1935 3011 2179 3059 qualicunque
2204 3013 2277 3049 vir-

1215 3075 1305 3113 tute,
1326 3069 1360 3104 id
1381 3075 1447 3114 est,
1470 3082 1542 3108 non
1563 3071 1816 3119 AEgyptiorum
1837 3073 1991 3117 virtute,
2019 3085 2136 3120 neque
2154 3075 2190 3111 in
2207 3075 2276 3111 As-

1215 3131 1412 3177 syriorum,
1431 3143 1548 3180 neque
1569 3134 1604 3170 in
1623 3134 1846 3176 Graecorum,
1866 3135 1929 3171 sed
1942 3136 1978 3170 in
1996 3137 2130 3171 virtute
2149 3136 2272 3178 lsrael,
2322 3128 2335 3161 :²

1213 3191 1291 3237 ipse
1310 3199 1522 3229 numeratur
1543 3194 1638 3242 apud
1660 3194 1786 3230 Deum.
1810 3194 1873 3230 Est
1896 3195 1991 3230 enim
2014 3195 2127 3230 virtus
2145 3195 2270 3239 animi,

1212 3263 1323 3300 quam
1356 3253 1564 3292 Graecorum
1598 3254 1801 3302 philosophi
1834 3254 1976 3291 docent.
2007 3253 2076 3290 Sed
2103 3254 2180 3289 haec
2198 3265 2271 3292 non

1211 3316 1370 3362 pertinet
1402 3318 1447 3354 ad
1467 3327 1658 3353 numerum
1685 3316 1762 3352 Dei.
1781 3316 1860 3352 Non
1878 3316 1974 3351 enim
1998 3325 2065 3361 pro
2086 3315 2171 3358 Deo,
2205 3318 2270 3354 sed

1210 3384 1276 3421 pro
1305 3375 1419 3422 gloria
1449 3381 1641 3412 exercetur
1675 3376 1845 3411 humana.
1877 3374 1941 3412 Est
1970 3380 2006 3410 et
2035 3374 2267 3420 Assyriorum

1211 3436 1327 3472 virtus
1346 3436 1401 3472 vel
1422 3436 1684 3478 Chaldaeorum,
1706 3446 1786 3481 quae
1802 3434 2007 3484 astrologiae
2025 3435 2153 3477 studiis
2174 3447 2268 3483 prat-

1209 3498 1366 3543 dicatur.
1400 3497 1471 3534 Sed
1488 3508 1560 3535 non
1578 3502 1635 3534 est
1649 3497 1721 3534 ista
1741 3496 1856 3537 virtus
1880 3496 2094 3541 Israelitica,
2120 3503 2157 3535 et
2186 3498 2268 3536 ideo

1211 3569 1283 3595 non
1301 3558 1462 3604 pertinet
1483 3558 1529 3594 ad
1545 3558 1671 3597 Deum.
1689 3557 1753 3594 Est
1769 3563 1807 3594 et
1822 3557 2076 3606 AEgyptiomm
2094 3561 2210 3598 virtus
2229 3561 2267 3597 in

1211 3628 1254 3654 ea
1267 3627 1374 3663 quam
1394 3617 1520 3655 dicunt
1541 3622 1682 3655 secreta
1699 3618 1892 3664 sapientia,
1921 3619 1984 3658 sed
2008 3620 2087 3661 haec
2112 3631 2185 3658 non
2202 3621 2267 3658 ad-

1206 3679 1370 3727 iungitur
1401 3679 1447 3717 ad
1480 3679 1658 3716 caleulum
1693 3679 1850 3718 Domini.
1887 3680 1972 3724 Sola
2010 3687 2132 3722 autem
2170 3683 2277 3730 apud

1209 3741 1323 3778 Deum
1342 3740 1458 3778 virtus
1477 3740 1675 3779 israelitica
1690 3746 1919 3786 numeram,
1938 3742 2012 3789 hoe
2024 3749 2100 3789 est,
2114 3744 2179 3782 iun
2197 3745 2268 3783 vir-

1209 3806 1267 3840 tus
1284 3811 1367 3848 quae
1382 3811 1403 3838 a
1421 3801 1496 3838 Deo
1507 3801 1681 3846 docetur,
1714 3811 1795 3849 «με
1816 3809 1884 3849 pet·
1895 3802 2108 3850 §cripui-as
2125 3804 2266 3843 divinas

1206 3862 1371 3906 discitur,
1392 3872 1473 3908 quae
1489 3873 1554 3910 per
1573 3861 1680 3900 tidem
1705 3863 1949 3909 evangelicam
1975 3870 2010 3901 et
2029 3864 2267 3903 auostolicam
