2540 4016
20 234 23 235 γ
77 202 144 240 121

724 197 1064 238 COMMENTARIA
1088 197 1135 237 IN
1161 199 1373 242 EXODUM.
1400 221 1449 232 -ν-
1471 202 1560 242 LIB.
1585 205 1644 243 111.

2203 218 2278 257 122

75 282 206 318 tiaricm
244 280 352 327 suerit
386 277 570 320 dominus,
606 285 676 312 non
707 276 886 320 restituet‚·
925 277 1080 314 maxime
1112 279 1143 314 si
1161 280 1196 320 A
1212 290 1278 327 per
1294 271 1547 318 fornicationis
1572 282 1787 320 instinctum
1804 284 1905 323 vetat
1937 289 2082 329 misceri
2101 305 2110 329 t
2129 304 2274 336 necnon

73 343 286 380 conductam
298 346 436 378 venerat
453 349 517 387 pro
534 338 691 375 mercede
707 339 820 385 operis
841 339 910 374 sui.
921 338 953 374 A
969 339 1135 385 proximo

74 404 186 451 igitur
203 408 328 440 nostro
346 406 510 438 mutuum
527 399 774 446 postulamus,
797 410 881 437 cum
913 410 980 447 pro
998 405 1135 437 aeterna

73 463 380 505 remuneratione,
397 470 524 497 curam
543 461 663 507 gregis
690 460 870 497 Dominiei
901 461 1131 508 suscipimus.

73 524 144 561 Sed
163 525 193 561 si
210 521 456 560 timorem‘Dei
478 531 621 566 semper
640 526 724 557 ante
743 521 867 557 oculos
882 521 1000 558 cordis
1018 523 1134 559 nostri

69 585 248 630 ponimus,
257 587 294 619 et
305 582 498 618 adventum
508 580 585 626 ejus
600 582 703 628 quasi
722 582 927 628 exigentem
943 583 1134 629 pecuniam

69 646 174 682 nobis
189 643 419 682 commissam
440 642 678 680 formidamus
695 671 705 688 ,
737 644 841 690 quasi
873 645 909 680 in
940 644 1134 690 praesentia

68 708 181 754 ipsius
202 717 347 752 semper
362 717 500 743 sumus.
524 707 626 743 Unde
645 713 681 743 et
695 706 807 744 Jacob
827 707 872 743 ad
896 707 1022 744 Laban
1052 708 1104 744 ait
1122 720 1130 743 :

68 767 149 804 Nisi
170 768 265 804 Dens
284 769 394 815 patris
416 769 482 803 mei
500 768 693 811 Abraham,
716 774 758 822 et·
763 770 869 804 timor
885 768 990 804 Isaac
1007 770 1134 815 affuis-

64 833 114 862 set
137 828 243 870 mihi,
265 827 416 873 forsitan
443 827 546 862 modo
568 828 701 863 nudum
733 828 1008 864 me'dimisisses
1027 827 1130 876 (Gen.

65 888 181 935 xxxi).
202 889 247 924 Et
261 888 454 934 Apostolus
474 889 563 925 dicit
581 901 588 923 :
612 888 782 931 Scientes‚
808 889 966 924 timorem
986 889 1131 925 Domini

62 950 261 985 hominibus
282 949 471 985 suademus
488 976 498 993 ,
536 949 612 984 Deo
647 955 765 985 autem
801 950 980 996 manifesti
1008 963 1128 987 sumus

63 1009 120 1055 (ΙΙ
139 1008 220 1044 Cor.
237 1009 287 1056 v).
305 1009 350 1045 Et
366 1009 451 1044 item
472 1008 610 1044 dte-Deo
628 1009 768 1054 inquit:
793 1009 905 1052 Quasi
921 1022 1039 1046 coram
1055 1012 1127 1047 Deo

61 1070 97 1105 in
113 1068 250 1105 Christo
268 1069 456 1116 loquimur.
471 1069 740 1116 interitus-ergo
755 1070 931 1107 debilitati
950 1078 1012 1108 aut
1027 1084 1126 1109 mor-

60 1129 111 1164 tui
146 1129 288 1174 pecoris
326 1129 462 1175 pastori
494 1139 566 1165 non
605 1135 794 1175 reputatur
828 1131 859 1166 si
887 1130 965 1176 ejus
999 1142 1124 1168 curam

1204 346 1242 377 et
1262 342 1454 379 stultorum
1469 344 1658 381 hominum
1677 345 1847 392 prohibet
1861 351 2096 396 consortium,
2118 365 2273 402 quorum

1204 402 1358 439 societas
1377 403 1414 440 in
1450 403 1728 443 fornicationem
1754 408 1950 454 pessimam
1980 411 2164 451 hominem
2187 418 2273 456 facit

1203 464 1385 509 incidere,
1415 466 1452 502 id
1484 472 1565 512 est,
1597 468 1756 505 animam
1778 479 1846 517 per
1874 462 2040 509 errorem¹
2071 481 2231 522 separari
2252 491 2273 517 a

1203 524 1278 562 Deo
1300 553 1309 570 ,
1341 532 1376 563 et
1405 526 1511 575 jungi
1541 539 1607 576 per
1631 529 1809 578 flagitium
1838 532 1994 571 diabolo.
2030 535 2134 573 Unde
2168 537 2269 576 Scri-

1202 593 1308 633 ptura
1349 588 1439 625 dicit
1478 603 1486 626 :
1526 591 1670 628 Amicus
1715 593 1903 631 stultorum
1946 597 2112 644 efficietur
2144 599 2270 638 similis

1204 647 1326 696 (Prov.
1348 650 1444 697 xm).

1628 713 1782 754 CAPUT
1806 717 1848 754 Π.

1202 781 1254 818 De
1282 795 1321 820 eo
1353 787 1447 832 quod
1477 793 1566 823 vetat
1585 788 1762 827 idolorum
1792 791 1975 838 culturas,
2006 799 2039 831 et
2059 795 2201 832 instruit
2229 797 2272 833 de

1248 832 1420 868 charitate
1434 840 1467 869 et
1486 837 1621 872 cccteris
1633 837 1949 884 justificationibus
1976 841 2073 890 legis,
2098 855 2176 891 quoe
2194 850 2271 891 post

1248 878 1322 914 tzoec
1342 887 1536 926 sequuntur
1548 882 1585 918 in
1600 884 1788 922 volumine.

1247 954 1317 997 Qui
1331 956 1490 992 immolat
1517 958 1605 1002 diis,
1638 961 1843 997 occidetur:
1866 971 2099 1012 proeterquam
2117 967 2270 1004 Domino

1196 1015 1263 1050 soli
1287 1015 1419 1063 (Exod.
1452 1018 1560 1065 xxn),
1578 1019 1614 1054 id
1635 1027 1704 1064 est,
1722 1022 1784 1067 qui
1803 1023 1964 1060 divinum
1995 1025 2170 1063 honorem
2201 1027 2269 1064 soli

1196 1082 1463 1122 competentem
1478 1077 1564 1121 Deo,
1587 1079 1693 1116 alicui
1721 1089 1899 1120 creaturae
1928 1085 2159 1132 impenderit,
2178 1099 2268 1126 nece

1196 1138 1374 1183 spirituali
1402 1139 1439 1174 in
1473 1141 1595 1176 anima
1624 1141 1826 1179 multatur:
1856 1145 1892 1180 in
1911 1146 2104 1184 Tartarum
2142 1151 2269 1197 utique

60 1195 205 1226 strenue
227 1190 339 1235 gessit
360 1202 367 1225 :
390 1196 427 1226 et
459 1191 562 1236 quasi
583 1190 656 1226 Deo
676 1198 854 1237 praesente
873 1219 882 1235 ‚
921 1193 1127 1230 redditurus
1145 1190 1178 1230 B
1198 1201 1370 1247 gehennae
1392 1201 1501 1249 ignis,
1521 1203 1598 1238 siue
1622 1204 1695 1240 ullo
1724 1206 1885 1243 remedio
1920 1214 2070 1255 propter
2096 1211 2266 1256 impieta-

0 1255 1 1258 ’
58 1250 235 1286 rationem
255 1251 518 1287 studiosissime
548 1252 742 1289 laboravit.
765 1253 802 1288 Si
832 1258 953 1290 autem
978 1257 1123 1292 domino

59 1321 130 1347 non
147 1317 325 1357 praesente
358 1311 479 1347 damni
509 1313 704 1359 quidquam
726 1314 859 1349 factum
894 1313 1016 1358 suerit,
1039 1317 1122 1352 red-

0 1415 1 1421 *
58 1371 145 1407 dere
169 1372 417 1418 compelletur,
434 1373 518 1419 quia
536 1373 597 1419 qui
622 1374 807 1420 negligens
828 1375 934 1411 estin
951 1387 1038 1411 cura
1059 1387 1124 1423 pa-

0 1425 1 1428 *
57 1433 193 1477 stomli,
211 1440 249 1470 et
268 1435 465 1470 secundum
482 1434 579 1470 illam
597 1437 813 1472 sententiam
832 1438 926 1473 servi
951 1449 1121 1483 nequam,

0 1491 1 1497 ¹
57 1493 183 1529 dixerit
204 1495 240 1529 in
263 1491 367 1530 corde
384 1506 447 1530 suo
471 1509 478 1531 :
510 1495 649 1532 Moram
673 1497 757 1542 facit
776 1498 939 1534 dominus
959 1511 1053 1535 meus
1069 1512 1123 1536 re-

0 1551 1 1583 ]
56 1554 146 1597 nire,
165 1560 197 1589 et
220 1556 356 1601 coeperit
389 1563 565 1602 percutere
591 1569 718 1603 pueros
740 1565 770 1593 et
788 1559 949 1602 ancillas,
971 1567 1003 1595 et
1023 1561 1123 1596 edere

55 1621 88 1651 et
106 1614 219 1650 bibere
235 1621 266 1650 et
285 1616 467 1659 inebriari,
487 1618 597 1652 veniet
616 1618 778 1654 dominas
798 1620 886 1654 servi
902 1620 998 1655 illius
1015 1621 1051 1656 in
1067 1622 1123 1657 die

0 1661 1 1701 f
56 1687 124 1722 qua
146 1687 215 1710 non
235 1682 364 1722 sperat,
400 1683 432 1711 ct
458 1678 544 1712 liora
577 1689 646 1724 qua
669 1679 788 1722 nescit,
811 1686 844 1715 et
867 1680 996 1716 dividet
1019 1693 1120 1726 eum,

0 1728 1 1775 J
55 1744 257 1784 partemque
273 1737 349 1783 ejas
369 1749 448 1773 cum
467 1738 667 1783 infidelibus
700 1747 820 1786 ponet,
837 1747 869 1776 et
890 1742 926 1776 in
948 1754 1122 1778 carcerem

0 1827 1 1833 ,
55 1798 204 1841 missus,
230 1809 299 1833 non
330 1799 437 1833 exibit
468 1799 563 1842 inde,
592 1800 703 1835 donec
738 1802 862 1836 reddat
894 1804 1122 1839 novissimum

0 1880 1 1904 ἶ
54 1859 298 1904 quadrantem.
324 1857 364 1894 Si
387 1859 566 1895 seduxerit
589 1861 667 1906 quis
694 1861 863 1907 virqinem
887 1864 1032 1899 necdum
1066 1865 1123 1900 de-

0 1926 1 1970 ᾗ
56 1926 273 1966 sponsatam,
297 1928 328 1956 et
347 1921 529 1957 dormierit
551 1934 628 1958 cum
650 1934 706 1967 ea,
723 1924 1121 1970 dotab⁸iteam‚etl1abe-

53 1981 99 2017 bit
119 1993 195 2017 eam
215 1993 373 2018 uxorem.
390 1982 577 2030 Virginem
592 1985 726 2031 quippe
753 1986 908 2022 necdum
923 1987 1119 2033 desponsa-

0 2090 1 2095 1
54 2046 126 2079 tam
149 2044 334 2087 seducere,
353 2050 408 2080 est
442 2045 640 2091 quamlibet
666 2049 883 2084 sententiam
903 2050 1117 2086 canonicam

0 2149 1 2158 ἵ
53 2104 207 2140 necdum
226 2104 271 2140 ab
291 2105 362 2142 alio
381 2107 582 2152 expositam
603 2108 707 2153 juxta
725 2120 870 2147 sensum
884 2111 1047 2156 Patrum‚
1072 2124 1115 2150 ex
1137 2091 1167 2133 C

53 2166 198 2212 proprio
226 2177 420 2214 exponere.
452 2168 524 2205 Sed
557 2169 678 2206 dotem
700 2171 786 2207 dare
803 2172 854 2207 illi
875 2173 993 2215 debet,
1012 2180 1047 2210 et
1067 2175 1120 2212 sic

52 2227 186 2264 habere
203 2239 352 2265 uxorem
374 2243 381 2266 ;
405 2231 489 2276 quia
509 2231 580 2267 nisi
598 2242 663 2277 per
681 2232 787 2269 fidem
805 2234 1023 2271 catholicam
1038 2246 1119 2273 eam

0 2326 1 2341 χ
54 2289 275 2334 acquisierit,
313 2290 391 2335 eJus
413 2292 541 2337 copula
570 2292 640 2328 srui
663 2304 735 2330 non
757 2294 894 2331 licebit.
919 2296 1117 2343 Sequitur:

0 2347 1 2359 ¹
56 2346 97 2384 Si
115 2354 212 2394 pater
233 2350 376 2396 virainis
396 2361 473 2386 eam
492 2351 578 2387 dare
599 2352 760 2396 noluerit,
788 2355 914 2391 reddas
935 2358 1119 2402 pecuniam

0 2394 1 2408 ¹
50 2408 157 2454 juxta
177 2410 319 2445 modam
345 2411 456 2455 dotis,
496 2424 600 2459 qnam
627 2413 776 2460 viraines
804 2417 960 2462 accipere
975 2429 1121 2455 consae-

52 2476 186 2505 verunt.
208 2469 316 2506 Pater
349 2473 494 2518 quidem
534 2474 685 2520 virginis
719 2475 788 2511 hoe
819 2481 874 2512 est
908 2480 1096 2515 sententiae
1109 2506 1118 2523 ,

53 2538 182 2567 sensus
197 2536 252 2568 est
268 2533 477 2578 historicus,
497 2535 540 2570 de
560 2545 630 2581 qua
648 2537 811 2573 nascitur
830 2540 960 2575 oratio.
980 2539 1018 2575 Si
1033 2550 1120 2586 ergo

54 2591 251 2627 historicus
286 2603 414 2630 sensus
438 2595 475 2630 in
499 2596 660 2640 qualibet
694 2599 875 2634 sententia
914 2599 1117 2643 invenitur,

54 2651 117 2696 qui
136 2652 326 2687 charitatis
356 2663 506 2699 regnum
527 2655 668 2691 'idonee
688 2656 868 2701 aedificet,
900 2664 937 2694 et
969 2669 1120 2705 regnum

56 2711 265 2756 cupiditatis
283 2711 504 2748 sufficienter
519 2713 696 2758 destruat,
715 2725 788 2751 non
805 2716 953 2752 videtur
971 2728 1120 2755 neeesse

56 2771 251 2818 allegorica
267 2773 568 2819 interpretatione
587 2775 688 2811 illum
699 2778 842 2822 exponi.
861 2777 978 2822 Quam
999 2785 1119 2817 tamen

54 2833 170 2870 lector
186 2834 271 2870 dote
296 2841 407 2871 rectae
424 2835 508 2872 fidei
537 2836 718 2873 honorare
741 2838 867 2882 debet,
888 2846 924 2875 et
955 2842 1007 2878 sic
1025 2842 1119 2879 inta-

56 2901 150 2932 ctam
180 2906 244 2932 sua
275 2897 499 2942 expositione
518 2898 738 2945 relinquere.
761 2900 942 2947 Maleficos
964 2915 1033 2939 non
1060 2917 1119 2951 pa-

56 2955 156 2992 tiaris
175 2956 297 2992 vivere.
322 2956 504 2993 Maleficos
524 2953 689 3004 'appellat
722 2960 802 2998 illos
832 2963 893 3008 qui
925 2965 1117 3012 praestigiis

55 3017 204 3064 magicae
225 3018 314 3054 artis
329 3027 373 3054 ac
399 3018 585 3055 diabolicis
621 3019 802 3067 figmentis
829 3033 957 3061 causas
981 3033 1115 3073 agunt,

56 3086 95 3116 et
107 3082 152 3117 ab
164 3091 238 3117 uno
259 3081 348 3126 Deo,
373 3082 436 3128 qui
453 3092 562 3119 verus
591 3088 647 3120 est
666 3090 793 3121 auctor
825 3088 986 3125 omnium
1004 3091 1117 3128 bono⁶

56 3152 152 3187 rum,
172 3148 338 3180 avertere
353 3148 522 3191 satagunt
538 3157 546 3181 :
569 3156 660 3192 quos
682 3147 778 3183 ultra
800 3148 923 3186 valere
938 3151 984 3187 ad
1000 3152 1117 3190 homi-

19 3208 22 3209 ’
56 3208 141 3243 unm
152 3204 351 3251 perniciem
364 3205 422 3241 lex
437 3216 510 3242 non
518 3207 670 3253 patitur,
681 3209 744 3244 sed
759 3210 874 3256 magis
887 3211 1117 3259 exstinguere

53 3261 168 3310 hbet.
192 3265 327 3312 Typice
345 3271 467 3302 autem
484 3267 683 3311 maleficos,
702 3268 894 3307 haereticos
925 3282 1118 3318 possumus

16 3340 20 3341 ⁷
55 3325 236 3372 ψαίρει-ο,
253 3325 315 3372 qui
345 3336 418 3363 non
447 3326 578 3372 spiritu
597 3327 690 3372 Dei,
727 3332 790 3366 sed
811 3331 940 3377 spiritu
959 3334 1116 3381 maligno

47 3380 231 3433 >betigam
248 3396 438 3432 perversas
465 3393 583 3424 sectas
597 3388 643 3424 ad
660 3389 847 3427 hominum
866 3392 1116 3439 deceptionem

54 3439 312 3491 ''buoducunu
331 3457 423 3493 quos
439 3447 499 3484 lex
513 3447 656 3484 Domini
676 3449 837 3486 interimi
861 3450 976 3496 jubet,
996 3454 1033 3490 id
1045 3459 1114 3499 est,

47 3503 292 3553 mortio
309 3507 483 3553 fidelium,
502 3509 565 3556 qui
583 3510 658 3546 Deo
674 3510 751 3547 vita
771 3521 855 3548 vera
874 3513 1012 3556 vivunt,
1031 3524 1117 3552 ana-

124 3568 151 3616 ,ζρ
244 3571 392 3617 penitus
402 3572 650 3618 sequestrari,
669 3573 784 3609 donec
814 3574 1050 3620 maleficium,
1078 3576 1116 3614 id

248 3631 524 3677 exstinguatur,
542 3631 605 3678 qui
623 3633 731 3670 noxie
745 3634 782 3670 in
803 3635 856 3671 eis
875 3635 998 3672 vivere
1010 3637 1117 3689 ¹vide-

174 3735 179 3738 *
235 3690 240 3694 '
259 3693 614 3733 nonumeommunio
642 3694 860 3741 simplicium
880 3696 1034 3734 fratrum
1052 3698 1116 3736 tiat

251 3751 258 3802 J
320 3750 675 3795 ;ffl‚wieritcum
692 3755 878 3802 jumento,
909 3765 1020 3795 morte
1037 3770 1113 3795 mo-

265 3807 282 3810 ”
399 3814 403 3818 ’
543 3817 721 3865 tansum&
755 3818 876 3859 brutis
899 3822 1114 3871 animalibus

1195 1270 1279 1308 tem,
1301 1266 1338 1301 in
1353 1270 1528 1301 aeternum
1545 1267 1749 1312 puniendus
1762 1270 2065 1316 praecipitabitur.
2082 1272 2136 1308 Ad
2142 1284 2263 1311 venam

1194 1336 1264 1360 non
1282 1326 1519 1370 contristabis,
1540 1338 1648 1374 neque
1666 1329 1794 1375 affliqes
1818 1341 1909 1366 eum.
1945 1329 2097 1368 Advenoe
2116 1334 2208 1369 enim
2234 1339 2267 1370 et

1193 1386 1260 1431 ipsi
1275 1386 1391 1431 fuistis
1410 1387 1448 1421 in
1468 1393 1562 1422 terra
1582 1388 1743 1434 AE'qypti.
1769 1389 1895 1426 Vidua?
1914 1397 1945 1426 et
1963 1392 2096 1438 pupillo
2113 1405 2183 1430 non
2204 1405 2267 1430 no-

1193 1445 1297 1480 cebis.
1320 1445 1357 1481 Si
1373 1445 1504 1481 lccseris
1523 1458 1595 1490 cos,
1617 1448 1904 1494 vociferabuntur
1920 1451 1964 1486 ad
1981 1462 2048 1495 me,
2065 1459 2095 1488 et
2120 1464 2182 1499 eqo
2197 1465 2263 1489 aa-

1192 1506 1288 1540 diam
1322 1505 1511 1542 clamorem
1544 1518 1679 1550 eorum,
1701 1515 1733 1543 et
1760 1510 2003 1556 indiynabitnr
2031 1513 2133 1558 [uror
2149 1525 2262 1558 meus,

1191 1567 1453 1614 percutiamque
1470 1578 1527 1602 vos
1547 1566 1679 1613 qladio,
1693 1575 1723 1603 et
1735 1576 1836 1604 erunt
1853 1581 1979 1607 uxores
2000 1579 2122 1608 vestrm
2133 1573 2262 1619 victure,

1191 1635 1223 1664 et
1250 1628 1316 1674 filii
1332 1630 1434 1664 vestri
1449 1628 1588 1675 pupilli.
1610 1630 1847 1666 Dilectionem
1862 1633 2016 1678 proximi
2036 1645 2100 1680 per
2116 1635 2262 1672 miseri-

1192 1689 1325 1724 cordiae
1358 1690 1647 1734 compassionem
1672 1691 1916 1735 commendat,
1938 1703 1984 1729 ne
2009 1693 2104 1730 forte
2136 1695 2261 1733 surore

1192 1750 1388 1786 iracundiae
1407 1751 1591 1796 permoti,
1624 1756 1684 1786 aut
1724 1752 1886 1788 avaritiae
1921 1754 2067 1790 stimulo
2094 1756 2263 1802 incitati,

1190 1820 1331 1850 naturae
1347 1813 1407 1859 jus
1425 1825 1573 1850 servare
1592 1816 1797 1862 negligant;
1821 1818 1883 1853 sed
1901 1828 2045 1866 semper
2067 1821 2163 1858 illius
2180 1833 2264 1860 sen-

1191 1876 1314 1910 tentiae
1330 1876 1496 1912 veritatis
1512 1876 1803 1921 reminiscentes,
1823 1888 1893 1924 qua
1905 1879 1992 1915 dicit
2012 1893 2020 1916 :
2043 1881 2170 1918 Omnia
2184 1894 2264 1930 quoe

1189 1936 1293 1971 valtis
1314 1943 1351 1972 ut
1379 1936 1512 1982 saciant
1535 1937 1628 1972 vobis
1649 1938 1826 1982 homines,
1846 1940 1921 1976 lioec
1949 1941 2071 1977 eadem
2097 1950 2128 1978 et
2157 1944 2263 1990 facite

1188 1999 1259 2034 illis
1277 1999 1423 2047 (Matth.
1442 2001 1522 2048 vn).
1544 2001 1589 2036 Et
1610 2007 1649 2037 ut
1670 2003 1757 2039 alibi
1776 2004 1951 2051 scriptum
1972 2011 2027 2042 est
2045 2019 2053 2043 ε
2075 2007 2179 2050 Quod
2194 2010 2262 2046 sibi

1189 2061 1266 2107 quis
1286 2061 1365 2106 fieri
1381 2073 1450 2097 non
1475 2062 1562 2106 vult,
1586 2062 1656 2098 alio
1674 2075 1717 2099 ne
1738 2064 1859 2109 faciat.
1893 2066 2150 2115 Unusquisque
2176 2081 2262 2118 ergo

1191 2121 1366 2167 indigenti
1382 2122 1548 2168 proximo
1568 2133 1647 2166 suo,
1666 2123 1702 2160 iu
1729 2126 1948 2163 necessitate
1963 2129 2130 2165 consulat
2147 2158 2156 2174 ,
2192 2141 2262 2168 nee

1189 2194 1350 2230 unquam
1365 2190 1505 2229 noceat,
1524 2188 1587 2222 sed
1609 2188 1808 2223 seeundum
1826 2189 1922 2226 vires
1939 2189 2072 2228 foveat.
2091 2193 2204 2238 Alter,
2220 2194 2259 2232 in

1189 2244 1296 2280 vidua
1318 2244 1501 2289 Ecclesia;
1521 2247 1608 2283 etin
1625 2247 1760 2293 pupillo
1777 2248 2008 2289 Christianus
2031 2254 2184 2300 populus
2201 2266 2262 2293 ac-

1189 2305 1259 2350 cipi
1278 2310 1421 2351 potest:
1445 2317 1554 2352 quam
1574 2309 1741 2354 prohibet
1762 2311 1972 2348 contristari
1994 2324 2060 2360 per
2091 2325 2261 2361 perseeu-

1190 2366 1325 2402 tionem
1342 2367 1400 2403 vel
1426 2367 1562 2404 fastum
1595 2371 1819 2407 mundanum
1838 2400 1847 2416 ,
1874 2383 1920 2409 ne
1951 2373 2045 2411 sorte
2061 2376 2142 2412 talis
2162 2377 2261 2414 inse-

1190 2428 1316 2471 ctatio,
1338 2429 1383 2463 ad
1415 2430 1615 2474 perniciem
1638 2441 1765 2467 eorum
1795 2434 2020 2479 spiritualem
2051 2438 2259 2482 perveniat,

1190 2487 1251 2531 qui
1272 2497 1334 2522 eos
1370 2487 1506 2524 frustra
1540 2490 1634 2525 odiis
1655 2496 1691 2525 et
1725 2493 1956 2529 contumeliis
1989 2494 2192 2531 molestant.
2218 2496 2261 2532 Si

1188 2548 1372 2593 pecuniam
1398 2556 1558 2584 mutuam
1585 2550 1723 2585 dederis
1754 2551 1882 2597 populo
1919 2563 1995 2587 meo
2027 2555 2172 2600 pauperi
2195 2556 2257 2602 qui

1189 2603 1324 2638 habitat
1343 2609 1470 2646 tecam,
1501 2616 1570 2640 non
1599 2606 1737 2651 urqebis
1769 2618 1848 2642 eum
1873 2609 1976 2653 quasi
1996 2617 2164 2655 exactor,
2195 2623 2258 2648 nec

1190 2664 1307 2698 usuris
1328 2664 1515 2709 opprimes.
1542 2663 1584 2700 Si
1601 2666 1727 2711 piynus
1751 2678 1773 2702 α
1803 2668 1962 2713 proximo
1991 2676 2051 2705 tuo
2083 2673 2258 2718 acceperis

1189 2725 1444 2767 vestimentum,
1455 2731 1536 2762 ante
1559 2725 1644 2762 solis
1659 2738 1822 2764 occasum
1842 2729 1948 2765 redde
1959 2730 2006 2765 ei.
2022 2730 2145 2777 Ipsum
2160 2734 2253 2768 enim

1190 2791 1240 2821 est
1259 2785 1385 2829 solum,
1408 2797 1476 2832 quo
1495 2788 1652 2832 operitur
1669 2788 1915 2825 indumentum
1934 2793 2052 2828 carnis
2068 2793 2144 2839 ejus
2160 2803 2173 2828 .·
2194 2805 2256 2830 nec

1189 2846 1291 2881 hahet
1311 2845 1410 2882 aliud
1430 2847 1466 2882 in
1485 2858 1554 2894 quo
1569 2847 1734 2884 dormiat.
1758 2849 1858 2900 More
1879 2862 1945 2887 suo
1972 2852 2147 2890 Dominus
2171 2865 2257 2900 pro-

1187 2911 1299 2943 vocat
1320 2907 1366 2943 ad
1385 2907 1687 2952 misericordiam,
1708 2916 1744 2946 et
1762 2911 2040 2949 beneficentiam
2061 2915 2171 2951 corda
2187 2925 2252 2951 au-

1189 2967 1365 3004 dientium
1391 2978 1401 3002 2
1435 2968 1532 3014 quod
1575 2969 1819 3016 indigentibus
1851 2974 2026 3018 proximis
2059 2985 2104 3011 ex
2133 2986 2256 3014 rerum

1189 3029 1410 3066 abundantia
1428 3028 1653 3075 opitulantur
1670 3057 1679 3073 ‚
1709 3031 1912 3068 dilectionis
1932 3033 2007 3079 Jam
2022 3042 2254 3082 conservent,

1182 3100 1271 3137 unae
1289 3095 1464 3126 aeternam
1485 3090 1555 3126 illis
1575 3091 1719 3136 parient
1734 3091 1771 3127 in
1792 3092 1894 3129 coelis
1906 3097 2252 3134 remunerationem.

1187 3151 1306 3188 Aliter
1325 3164 1334 3188 :
1356 3152 1552 3188 Pecuniam
1577 3158 1740 3190 mutuam
1756 3155 1889 3201 populo
1910 3158 2059 3204 pauperi
2078 3158 2178 3203 dare,
2198 3164 2254 3196 est

1187 3213 1277 3259 legis
1292 3213 1483 3249 scientiam
1501 3214 1626 3260 gentili
1640 3215 1773 3262 populo
1789 3216 2012 3262 impendere,
2038 3219 2100 3265 qui
2114 3229 2254 3265 pauper

1187 3274 1317 3320 spiritu
1335 3277 1403 3310 est.
1429 3272 1544 3317 Quem
1564 3279 1687 3310 tamen
1706 3286 1850 3322 urgere,
1865 3277 1923 3313 vel
1940 3278 2073 3319 usuris,
2093 3278 2162 3313 hoc
2178 3283 2250 3322 est,

1187 3335 1522 3381 superabundantia
1540 3334 1660 3381 aliqua
1679 3336 1883 3382 opprimere
1914 3341 2035 3373 vetat:
2058 3337 2142 3382 quia
2165 3343 2251 3384 post

1186 3398 1458 3443 perceptionem
1475 3396 1614 3442 gratiae,
1625 3397 1671 3432 ad
1686 3397 1920 3432 caeremonias
1935 3396 2025 3442 legis
2041 3398 2175 3449 ⁴veteris
2185 3399 2250 3436 ob-

1186 3458 1383 3494 servandas
1402 3457 1608 3503 retorqueri
1626 3466 1698 3492 non
1728 3456 1823 3498 vu1t;
1845 3455 1929 3501 quia
1958 3455 2041 3493 finis
2072 3456 2161 3506 legis
2193 3467 2250 3497 est

1187 3515 1353 3554 Christus
1370 3516 1612 3561 adjustitiam
1629 3514 1729 3550 omni
1748 3514 1924 3566 credenti.
1959 3515 2032 3565 (Eae
2049 3517 2247 3569 Greqorio.)

1185 3577 1277 3613 Item
1302 3576 1526 3624 tropologice
1562 3573 1818 3628 praedicatores
1837 3574 2023 3629 Evangelii
2052 3579 2247 3631 admonet,

1186 3643 1227 3675 ut
1262 3637 1554 3684 superfluitatem
1594 3644 1718 3671 rerum
1753 3635 1792 3672 in
1825 3639 1996 3683 praesenti
2032 3650 2104 3677 non
2134 3650 2245 3688 appe—

1185 3704 1282 3742 tant;
1313 3699 1375 3734 sed
1406 3698 1586 3734 habentes
1616 3696 1754 3734 victum
1778 3702 1816 3734 et
1847 3700 2020 3739 vestitum
2034 3728 2046 3745 ,
2068 3701 2127 3739 his
2159 3713 2247 3742 con·

1184 3760 1276 3797 tenti
1298 3760 1390 3803 sint,
1421 3758 1627 3805 magisque,
1646 3755 1884 3820 recordeQr
1918 3760 2015 3814 fflhls.
2048 3761 2245 3814 Dominiaee

1184 3820 1403 3870 sententiae„
1422 3829 1496 3868 qua
1512 3817 1628 3867 uicit:
1647 3815 1771 3870 Graii!
1787 3821 1984 3874 ‘2009112'841'25-
1991 3819 2108 3885 41¹?ssst
2137 3821 2244 3886 aare:
