2540 4016
43 140 181 234 (ονε

695 172 933 227 commur-
957 138 1007 219 tu
1026 133 1200 219 maun
1221 175 1381 229 tosus..
1405 197 1453 204 —
1476 146 1574 233 tius
1589 180 1621 241 t..

2152 183 2254 248 39,ss

47 257 62 292 2
82 251 272 305 him‘ffl
286 250 443 303 proximi
459 253 559 295 sunt,
571 253 614 294 ut
629 249 727 302 ienis
741 261 806 297 ens
818 249 997 296 illuminet
1014 257 1052 295 et
1064 264 1135 298 uon
1153 255 1190 297 A
1204 254 1267 306 qut
1284 254 1486 307 salvantur,
1505 257 1592 307 quia
1610 261 1649 309 et
1661 256 1765 314 panis
1796 267 1893 312 unus
1924 267 1980 312 est
2006 274 2068 311 qui
2085 265 2129 310 ue
2157 266 2255 308 coelo

40 327 61 358 Ἰ;
79 315 227 370 mat.
243 310 449 354 Salvabitur
471 315 593 354 tamen
612 314 651 356 et
661 309 788 361 lsrael,
803 311 867 352 sed
879 311 984 359 longe
997 314 1076 360 posi
1082 319 1138 356 tus

48 418 61 423 „
75 373 304 437 ffllvabitun
320 379 358 416 et
371 371 440 416 iter
455 371 545 420 agit,
558 381 634 415 noa
655 381 722 411 sua
741 371 893 421 virtute,
907 372 972 413 sed
991 374 1141 418 admini-

79 436 178 484 mlis
197 440 235 477 et
253 432 479 484 previdentia
496 432 740 476 sacerdotum..

79 487 105 550 ,’
132 494 253 547 (ltin-i
277 508 288 534 ι
314 493 483 539 Dixitque
502 492 677 534 Dominus
697 493 741 533 ad
758 492 868 538 Josue
887 506 896 535 ι,
916 493 1031 545 Hodie,
1049 494 1140 538 iuci-

39 593 42 595 *
89 573 103 603 ς
125 559 223 608 piam
257 562 293 596 te
312 555 474 599 exaltare
509 565 632 597 coram
667 556 764 596 omni
799 556 931 610 populo
949 556 1080 601 Israel;
1102 562 1143 600 ut

80 635 103 670 ,⁴
126 621 242 662 sciant
269 618 366 666 quod
401 618 494 657 sicut
527 616 580 654 sui
609 628 691 654 cum
724 618 858 665 Moyse,
894 618 944 660 ita
964 624 1000 656 et
1020 625 1141 659 tecum

90 696 102 722 ς
126 683 206 724 sim,
229 694 242 715 ι
266 679 472 728 etreliqua.
501 677 642 727 Quanta
674 684 757 719 aute
786 685 886 728 gesta
919 681 1022 719 sunt!
1043 681 1142 723 Mare

78 743 247 787 Rubrum
263 741 455 781 transitum
470 746 524 780 est
541 742 703 788 pedibus,
736 752 867 782 manna
884 743 928 781 de
949 743 1040 781 coelo
1060 745 1141 784 (lata

85 809 154 848 est,
174 803 293 844 fontes
306 803 343 841 iu
362 813 486 840 eremo
503 803 656 850 disrupti
687 809 784 847 sunt,
805 804 863 845 lex,
894 814 960 853 per
994 804 1141 852 Moysen

84 864 167 905 data
184 870 254 908 est,
275 864 376 910 signa
386 869 422 902 et
440 864 602 911 prodigia
622 864 733 901 multa
746 866 914 903 ineremo
933 870 1032 911 gesta
1045 871 1139 910 sunt,

83 932 119 963 ct
139 937 314 972 nusquam
335 926 466 963 dieitur
487 927 666 966 exaltatus
699 937 778 963 esse
813 926 931 967 lesus.
957 927 1025 967 Ubi
1055 938 1141 964 vero

83 987 250 1024 Jordauis
271 987 461 1030 transitur,
476 987 525 1028 ilii
545 987 677 1026 dicitur
696 987 741 1026 ad
760 985 882 1024 «Iesum
902 997 911 1022 :
937 986 977 1023 ln
997 988 1064 1023 bac
1085 989 1141 1024 die

82 1047 216 1093 incipio
231 1053 265 1087 te
279 1048 440 1084 exaltare
464 1047 500 1083 in
530 1052 726 1092 conspectu
747 1047 883 1093 populi.
909 1047 1031 1096 Neque
1045 1049 1141 1088 enim

83 1115 166 1144 ante
180 1108 390 1154 mysterium
408 1107 578 1153 baptismi
596 1108 776 1147 exaltatur
790 1108 908 1152 Jesus,
929 1110 991 1146 sed
1005 1110 1141 1147 exalta-

1207 316 1408 370 descendit,
1425 321 1464 361 et,
1475 316 1537 360 dat
1552 310 1639 363 huie
1655 316 1790 360 mundo
1802 316 1938 374 vitant}
1949 325 1987 369 et,
1998 320 2087 368 tides
2098 337 2170 373 una
2181 333 2253 374 est,

1207 386 1320 418 unum
1374 377 1620 430 baptismum,
1667 381 1705 412 et
1753 387 1848 427 umis
1881 377 2033 435 spiritu}
2065 394 2135 439 quo
2175 397 2254 440 Q·

1207 446 1274 476 nes
1305 441 1476 489 notantur
1510 437 1549 474 in
1583 435 1791 489 baptismo,
1823 441 1861 483 et
1888 447 1981 483 unus
2016 437 2110 485 Deus
2146 441 2256 496 pater

1208 505 1382 540 omnium.-
2270 547 2272 549 .

1258 555 1375 606 (lain.)
1401 569 1412 591 ‹
1433 557 1546 607 Igitur
1559 567 1726 606 egressus
1747 563 1802 603 est
1835 558 1987 605 populus
2014 559 2057 596 de
2090 561 2256 611 taberna·

1214 630 1227 653 (
1249 617 1340 655 culis
1365 618 1453 661 suis,
1490 624 1530 654 ut
1561 619 1731 662 transiret
1763 618 1958 663 ,Iordanem
1978 633 1985 656 :
2005 626 2042 657 et
2055 623 2259 666 sacerdotes

1215 691 1227 713 ‹
1249 679 1312 728 qui
1351 679 1546 727 portabant
1586 690 1709 726 aream
1754 680 1902 718 foederis
1943 683 2141 730 pergebant
2179 691 2262 723 ante

1212 731 1226 774 ἰ
1250 750 1349 784 eum,
1370 754 1381 774 ι
1400 746 1469 777 etc.
1491 741 1632 784 Interea
1648 744 1881 785 sacerdotalis
1906 745 1996 782 ordo
2013 750 2049 785 et
2086 746 2261 793 leviticus,

1210 801 1273 847 qui
1307 801 1375 842 iter
1410 804 1622 842 ostendebat
1652 805 1784 850 populo
1819 804 1883 841 Dei
1919 806 1981 855 qui
1999 806 2085 843 exiit
2105 807 2148 843 de
2167 814 2263 846 terra

1209 860 1370 911 AEgypti,
1385 863 1451 908 ipsi
1468 863 1562 903 enim
1577 870 1660 906 sunt
1676 865 1737 912 qui
1758 866 1885 902 docent
1915 867 2083 918 populum
2105 868 2203 904 exire
2221 869 2264 905 de

1210 924 1386 970 AEgypto;
1419 925 1462 960 dc
1497 926 1682 965 erroribus
1705 926 1840 966 scilieet
1865 927 1989 964 mundi
2023 928 2178 971 transire
2201 939 2265 975 per

1210 994 1373 1020 eremum
1392 989 1546 1028 vastam,
1563 985 1598 1024 id
1620 991 1688 1030 est,
1722 987 1953 1024 tentationum
1972 998 2104 1035 genera
2122 989 2263 1026 diversa
2299 1016 2303 1021 .

1211 1049 1465 1083 transcurrere
1488 1050 1551 1080 :et
1575 1056 1692 1091 neque
1721 1047 1843 1087 noceri
1876 1059 1895 1083 a
1928 1050 2169 1099 serpentibus,
2202 1051 2264 1096 qui

1211 1110 1294 1141 sunt
1321 1115 1463 1146 morsus
1494 1107 1697 1145 daemonum
1729 1114 1765 1143 et
1792 1110 1966 1149 malarum
1997 1114 2263 1159 suggestionum

82 1169 192 1206 tionis
211 1168 287 1214 ejus
306 1169 342 1205 in
362 1174 557 1214 conspectu
572 1170 691 1215 populi
714 1170 796 1206 inde
813 1170 922 1208 sumit
938 1172 1139 1209 exordium.
1163 1169 1196 1213 Β
1213 1176 1351 1205 venena
1370 1166 1497 1207 vitare·
1520 1167 1624 1214 Quod
1643 1168 1672 1204 si
1690 1168 1781 1205 sorte
1797 1170 1927 1216 aliquis
1945 1182 2138 1217 percussus
2159 1173 2267 1211 suerit

83 1228 124 1265 Si
146 1229 240 1268 enim
259 1239 386 1265 omnes
406 1229 466 1274 qui
500 1229 732 1274 baptizantur
754 1230 788 1270 in
820 1231 966 1269 Christo
986 1231 1084 1275 Jesu‚
1107 1233 1142 1272 in

83 1296 197 1330 morte
214 1291 326 1337 ipsius
343 1290 592 1335 baptizantur;
616 1301 715 1327 mors
733 1298 854 1335 autem
866 1291 952 1332 Jesu
968 1293 1004 1331 in
1024 1294 1142 1331 erucis

83 1352 304 1391 exaltatione
339 1352 554 1397 completur..
596 1353 727 1389 merito
757 1353 951 1399 unicuique
984 1354 1142 1393 fidelium

83 1417 170 1450 tunc
197 1414 355 1459 primum
387 1412 492 1449 ,lesus
530 1413 723 1455 exaltatur,
755 1425 836 1455 eum
865 1415 909 1452 ad
931 1417 1142 1462 mysterium

82 1473 250 1519 baptismi
268 1472 498 1518 pervenitur,
520 1473 604 1518 quia
625 1473 799 1518 scriptum
820 1479 874 1509 est
895 1487 906 1507 (
933 1475 1026 1520 quod
1045 1476 1143 1512 exal⁴

84 1533 176 1569 tavit
196 1533 295 1572 illum
318 1532 424 1574 Deus,
447 1538 482 1571 ct
500 1533 645 1569 donavit
675 1534 725 1573 illi
746 1544 876 1573 nomen
897 1535 992 1580 qnod
1012 1541 1066 1571 cst
1084 1547 1143 1580 su,-

82 1602 148 1641 per
181 1602 288 1628 omne
310 1603 456 1635 nomen,
482 1598 521 1628 ut
555 1593 755 1631 innomine
791 1593 875 1631 Jesu
912 1604 1017 1634 omne
1051 1607 1143 1641 genu

82 1653 268 1696 flectatur,
310 1652 538 1697 coelestium,
577 1654 806 1691 terrestrium
846 1659 882 1695 et
920 1655 1141 1697 infernorum

83 1715 195 1764 (Phil.
214 1715 270 1762 ῃ).
290 1728 302 1749 ι

131 1776 250 1824 (lain.)
276 1790 288 1812 ι
310 1776 481 1823 Dixitque
500 1775 608 1814 Josne
627 1778 672 1814 ad
689 1777 782 1816 tilios
798 1778 910 1819 Israel
927 1789 935 1814 τ
951 1778 1044 1815 Ecce
1059 1789 1143 1816 arca

87 1852 100 1875 ι
125 1838 273 1875 soederis
303 1837 448 1875 Domini
486 1839 603 1877 omnis
630 1844 748 1883 terrm,
779 1840 967 1879 antecedet
999 1850 1144 1886 vesper

87 1913 100 1936 ι
123 1900 315 1937 Jordanem
339 1912 347 1936 ε
371 1906 498 1946 parate
538 1902 728 1941 duodecim
762 1902 860 1942 viros
895 1903 940 1939 de
981 1903 1143 1942 tribubus

86 1973 99 1997 (
124 1959 250 2002 lsrael,
273 1960 434 2006 singulos
449 1971 515 2006 per
533 1961 693 2007 singulas
712 1962 845 2005 trihus;
869 1968 904 2002 et
921 1973 1001 1998 cum
1016 1973 1144 2008 posuc-

87 2033 100 2055 ι
127 2020 200 2058 rint
216 2021 367 2067 vestigia
385 2021 514 2066 pedum
533 2032 681 2060 suorum
698 2023 907 2059 sacerdotes
923 2023 983 2068 qui
999 2028 1145 2068 portant

1214 1227 1250 1262 in
1272 1237 1394 1265 eremo
1413 1238 1432 1262 a
1452 1234 1632 1274 serpente,
1650 1234 1688 1266 ut
1709 1230 1875 1270 ostendat
1902 1231 1935 1271 ei
1968 1242 2100 1268 cereum
2122 1243 2267 1281 serpen-

1214 1292 1284 1323 tem
1304 1288 1339 1323 in
1355 1298 1462 1324 cruce
1477 1298 1705 1334 suspensum,
1723 1301 1828 1336 quenl
1862 1291 1922 1336 qui
1958 1292 2102 1336 viderit,
2123 1294 2158 1329 id
2190 1300 2257 1339 est,

1213 1349 1272 1394 qui
1289 1350 1482 1386 crediderit
1494 1350 1528 1385 in
1546 1361 1626 1387 cum
1644 1352 1744 1398 enjus
1758 1352 1908 1398 liguram
1928 1353 1986 1389 ille
2001 1364 2147 1401 serpens
2162 1367 2266 1393 mon-

1212 1411 1554 1454 strabat,‹liabolica
1589 1422 1653 1457 per
1683 1413 1750 1448 hoc
1775 1423 1911 1450 venena
1937 1414 2096 1461 diffugiet
2114 1428 2122 1435 ·
2145 1427 2265 1458 sacer-

1212 1471 1340 1506 dotalis
1374 1471 1586 1508 etleritiens
1604 1473 1692 1509 ordo
1721 1474 1850 1522 estqui
1874 1475 2011 1514 assistit
2037 1486 2129 1514 area:
2154 1482 2265 1514 testa-

1210 1533 1323 1569 menti
1338 1533 1492 1577 Domini,
1509 1534 1544 1569 in
1562 1544 1631 1579 qua
1651 1534 1708 1570 lex
1723 1535 1863 1575 Domini
1879 1542 2056 1583 portatur,
2069 1538 2145 1579 sine
2157 1539 2264 1575 dubio

1211 1598 1250 1630 ut
1270 1594 1336 1640 ipsi
1364 1593 1567 1633 illuminent
1593 1594 1764 1641 populum
1784 1596 1827 1632 de
1858 1598 2035 1637 mandatis
2065 1598 2142 1644 Dei,
2174 1600 2266 1636 sieut

1211 1654 1392 1701 Propheta
1420 1655 1506 1691 dicit
1538 1668 1545 1691 :
1580 1668 1591 1689 ‹
1624 1655 1785 1695 Lucerna
1818 1657 1967 1704 pedibus
2000 1659 2091 1695 meis
2116 1660 2265 1696 verbum

1212 1721 1328 1759 tuum,
1347 1716 1510 1759 Domine,
1524 1721 1559 1751 et
1574 1716 1694 1752 lumen
1711 1717 1850 1756 semitis
1861 1717 2075 1766 meis(Psal.
2087 1720 2231 1769 cxv111);
2251 1734 2261 1753 lt

1211 1777 1281 1817 hoc
1305 1777 1425 1816 lumen
1452 1787 1517 1824 per
1551 1777 1759 1815 sacerdotes
1802 1779 2010 1815 accenditur
2038 1785 2074 1816 et
2107 1780 2264 1818 Levitas.

1213 1838 1314 1883 Quod
1330 1839 1359 1874 si
1375 1838 1467 1875 sorte
1482 1839 1612 1885 aliquis
1632 1849 1676 1875 ex
1691 1839 1758 1879 lice
1783 1839 1908 1877 ordine
1938 1850 2128 1879 accensam
2153 1840 2267 1879 lucer-

1213 1910 1297 1935 nam
1314 1900 1474 1945 posuerit
1490 1901 1555 1935 sub
1572 1900 1704 1942 modio,
1725 1905 1760 1935 et
1776 1910 1846 1935 non
1875 1911 1982 1947 super
1997 1902 2265 1945 candelabrum,

1213 1967 1253 1996 ut
1268 1961 1384 1995 luceat
1401 1961 1567 1997 omnibus
1584 1962 1694 2006 quiin
1711 1962 1816 2000 domo
1832 1969 1927 2006 sunt,
1952 1964 2071 1999 videat
2089 1964 2173 2010 quid
2196 1963 2265 1999 sibi

1216 2024 1391 2069 agendum
1425 2023 1484 2067 sit,
1509 2033 1590 2058 cum
1619 2024 1789 2061 Dominus
1819 2024 1907 2059 lucis
1936 2026 2087 2072 eo‘perit
2115 2025 2267 2062 reddere

88 2093 100 2116 ι
124 2090 246 2118 arcam
267 2080 412 2118 Domini
443 2082 621 2119 universoe
642 2087 747 2118 terrac
768 2084 804 2118 in
833 2084 936 2129 aquis
961 2083 1143 2129 Jordanis,
1164 2077 1193 2119 C
1218 2085 1394 2121 rationem
1410 2095 1475 2131 pro
1494 2085 1550 2122 bis
1570 2085 1630 2131 qui
1647 2085 1735 2122 nihil
1751 2085 2021 2122 illuminationis
2036 2098 2054 2122 a
2071 2087 2265 2123 sacerdoti-

88 2155 101 2180 «
126 2152 228 2188 aquae
247 2153 327 2189 quae
358 2142 549 2183 inferiores
581 2150 679 2188 sunt,
710 2144 904 2182 decurrent
935 2151 1039 2192 atque
1058 2148 1145 2184 defi-

89 2215 101 2239 «
125 2203 243 2246 cient;
267 2212 347 2248 quae
374 2208 495 2241 autem
523 2203 677 2250 desuper
695 2205 857 2248 veniunt,
892 2206 927 2242 in
948 2217 1019 2242 nna
1053 2207 1146 2245 mole

89 2276 102 2298 ‹
125 2263 335 2301 consistent.
361 2276 373 2297 ι
392 2263 462 2300 Per
484 2265 690 2301 sacerdotes
715 2266 904 2305 deducitur
921 2268 1085 2313 populus,
1108 2274 1144 2306 et

86 2323 158 2361 iter
172 2324 246 2370 agit
262 2324 306 2360 ad
328 2328 461 2361 terram
482 2324 783 2370 repromissionis.
803 2325 1010 2372 Magisterio
1026 2337 1146 2364 sacer-

88 2385 212 2424 dotum
234 2391 356 2422 tantus
376 2396 427 2423 ac.
437 2386 516 2422 talis
531 2392 586 2425 est
600 2388 765 2433 populus,
786 2389 846 2434 qui
867 2388 902 2424 in
936 2389 996 2425 illo
1017 2390 1142 2427 ordine

87 2451 271 2487 mereatur
303 2447 447 2486 ascribi.
490 2446 527 2484 Si
570 2450 667 2485 enim
710 2449 758 2484 sit
793 2449 923 2495 aliquis
965 2450 1046 2488 talis
1061 2478 1070 2493 ‚
1107 2458 1146 2487 ut

88 2507 277 2552 quiescant
298 2508 331 2546 ei
348 2508 482 2547 fluenta
501 2507 683 2553 Jordanis,
699 2515 734 2545 et
761 2510 838 2555 ipsa
856 2510 1032 2549 clementa
1046 2521 1146 2548 vere·

87 2566 224 2603 huntur
247 2579 255 2602 ε
274 2577 360 2612 pars
379 2578 557 2612 aquarum
574 2567 759 2607 fluminum
775 2574 974 2607 retrorsum
995 2570 1142 2614 resiliet,

89 2631 125 2666 et
143 2631 222 2672 post
239 2631 379 2671 tergum
394 2625 594 2666 frenabitur
611 2639 618 2662 :
635 2637 718 2673 pars
732 2637 817 2663 vero
836 2629 871 2663 in
890 2639 988 2665 mare
1009 2630 1143 2666 salsum

89 2684 213 2730 rapido
230 2684 332 2730 lapsu
347 2684 502 2723 deficiet.
523 2685 625 2731 Quod
643 2693 760 2726 tamen
781 2698 848 2724 nec
872 2688 988 2735 ipsum
1009 2690 1144 2736 absque

89 2745 253 2792 mysterii
269 2746 409 2783 ratione
426 2746 582 2786 arbitror
597 2748 786 2794 seriptum,
815 2749 909 2794 quod
926 2759 1011 2795 pars
1034 2761 1144 2797 aqua-

90 2816 171 2845 rum
189 2805 356 2845 Jordauis
372 2807 602 2853 demergatur
623 2808 658 2847 in
685 2819 798 2853 mare,
828 2816 936 2855 atque
955 2811 991 2848 in
1013 2813 1145 2848 amari-

89 2868 215 2907 tudine
247 2867 415 2915 profluat,
445 2879 529 2916 pars
550 2880 635 2908 vero
654 2871 690 2907 in
715 2871 902 2908 dulcedine
922 2880 1141 2919 perseveret.

91 2926 130 2964 Si
147 2938 272 2968 otunes
290 2929 350 2975 qui
367 2931 598 2976 baptizantur
629 2938 814 2978 acceptam
843 2933 1000 2972 coelestis
1020 2935 1144 2980 gratiae

1214 2145 1282 2181 hus
1304 2146 1507 2190 capientes,
1525 2146 1561 2180 in
1589 2145 1746 2181 tenebris
1770 2146 1955 2182 ambulant
1975 2152 2011 2183 et
2038 2153 2268 2194 peccatorum

1215 2206 1438 2242 obscuritate
1459 2212 1654 2243 caecantur.

1264 2267 1379 2314 (lum.)
1413 2280 1424 2302 ‹
1457 2266 1623 2304 Jordanis
1651 2272 1771 2303 autem
1801 2267 1897 2314 ripas
1921 2268 2010 2304 alvei
2036 2269 2090 2304 sui
2109 2275 2269 2316 tempore

1220 2340 1231 2361 ‹
1251 2328 1378 2362 messis
1392 2327 1614 2373 impleverat.
1637 2341 1648 2362 ›
1670 2328 1741 2374 (Ex
1754 2328 1979 2375 Augustino.)
2011 2329 2179 2366 Jordanis
2201 2340 2265 2366 au-

1215 2392 1286 2422 tem
1302 2387 1428 2432 plenus
1443 2392 1520 2424 erat
1542 2397 1608 2432 per
1626 2392 1736 2424 totam
1754 2388 1972 2435 crepidinem
1988 2398 2102 2430 suam,
2121 2388 2213 2425 sicut
2228 2388 2262 2425 in

1215 2445 1341 2482 diclms
1356 2447 1483 2482 messis
1506 2447 1628 2483 tritici.
1651 2446 1725 2483 Hoc
1753 2447 1962 2486 incredibile
1986 2446 2127 2485 videtur
2150 2447 2268 2494 regio-

1215 2506 1492 2545 nibusnostris:
1515 2506 1561 2543 ibi
1578 2512 1697 2542 autem
1726 2506 1834 2554 (sicut
1862 2507 2050 2555 perhibent
2078 2507 2140 2555 qui
2157 2517 2267 2545 nove-

1215 2565 1310 2612 runt)
1336 2565 1438 2602 initio
1453 2566 1547 2602 veris
1563 2572 1618 2602 est
1634 2567 1761 2602 messis
1787 2567 1909 2607 tritici.
1940 2567 2038 2603 Tunc
2062 2574 2182 2605 autem
2206 2568 2266 2610 ille

1214 2627 1343 2663 ssuvius
1359 2627 1516 2674 repletur
1532 2628 1684 2673 amplius
1701 2638 1807 2675 quam
1822 2638 1886 2674 per
1898 2628 2067 2665 hiemem.

1262 2687 1360 2735 (Car.
1382 2686 1446 2735 iv.)
1476 2700 1487 2723 ‹
1512 2687 1724 2724 Sacerdotes
1750 2693 1869 2729 autem
1897 2688 1957 2734 qui
1977 2689 2168 2735 portabant
2195 2700 2254 2727 ar-

1219 2763 1230 2784 «
1261 2760 1355 2792 cam,
1378 2750 1520 2787 stabant
1533 2749 1568 2785 in
1587 2748 1733 2785 Jordani
1752 2750 1882 2793 medio,
1901 2749 2014 2786 donec
2029 2750 2149 2788 omnia
2167 2761 2265 2788 com-

1219 2823 1230 2844 «
1260 2811 1446 2857 plcrcntur
1465 2820 1544 2855 quac
1574 2808 1683 2846 Josuc
1708 2815 1747 2849 ut
1776 2810 1985 2856 loqueretur
2015 2812 2059 2847 ad
2090 2812 2262 2860 populum

1218 2883 1230 2904 t
1260 2875 1480 2918 pt·a¹ceperat
1500 2871 1684 2913 Dominus,
1708 2878 1744 2906 et
1761 2871 1901 2912 ‹iixerat
1918 2872 1950 2908 ei
1972 2871 2123 2919 Moyses.
2150 2871 2266 2911 Festi-

1219 2945 1230 2967 «
1262 2933 1430 2978 navitque
1451 2933 1602 2979 populus
1627 2938 1662 2968 et
1686 2933 1840 2974 transiit.
1861 2933 2021 2980 Cumque
2052 2935 2263 2975 transissent

88 2988 314 3029 dulcedinem
350 2991 586 3035 custodirent,
620 2998 656 3030 et
691 2993 809 3030 nullus
843 2993 881 3030 in
914 3000 1145 3040 peccatorum
1163 2987 1198 3026 D
1221 3007 1233 3030 ι
1263 3003 1410 3035 omues,
1433 2994 1576 3032 transiit
1595 2999 1631 3029 et
1650 3005 1734 3030 arca
1754 2994 1910 3034 Domini.
1936 2994 2151 3033 Sacerdotes
2173 3006 2262 3042 quo-

86 3051 367 3091 amaritudinem
387 3058 607 3097 verteretur,
626 3065 697 3094 uon
714 3054 837 3100 utique
857 3060 952 3093 esset
970 3056 1143 3102 seriptum

48 3157 54 3166 ι
87 3110 172 3158 quia
189 3121 276 3157 pars
302 3110 462 3153 iluminis
481 3113 566 3150 salsi
587 3115 697 3155 maris
716 3115 916 3162 gurgitibus
935 3115 1061 3151 suisset
1079 3116 1146 3158 itu-

45 3170 49 3174 ’
85 3180 220 3210 mersa.
241 3173 287 3211 Et
300 3173 383 3212 ideo
401 3174 462 3213 illa
481 3175 571 3213 mihi
594 3175 734 3213 videtur
753 3176 787 3213 in
818 3177 874 3218 iiis
889 3177 1010 3215 verbis
1034 3177 1145 3223 lapti-

88 3239 252 3274 uatorum
287 3235 445 3275 varietas
479 3237 676 3284 designari,
709 3247 815 3283 quarn
846 3237 913 3283 ipsi
942 3247 1007 3274 nos
1035 3237 1143 3286 (quod

87 3305 171 3332 eum
194 3297 316 3335 dolore
334 3299 594 3347 commemoro)
622 3309 716 3345 stupe
744 3298 930 3336 videamus
964 3299 1141 3343 accidere,

86 3362 128 3395 ut
156 3357 194 3394 hi
232 3359 295 3404 qui
332 3364 496 3401 sanetum
530 3360 708 3406 baptisma
741 3364 1027 3406 consequuntur,
1061 3369 1142 3398 eum

82 3421 225 3468 seipsos
237 3433 366 3460 rursus
380 3425 426 3460 ad
437 3425 582 3471 negotia
605 3425 791 3462 soecularia
807 3429 844 3461 et
857 3424 1047 3461 illecebras
1063 3424 1142 3464 libi-

86 3481 211 3520 dlnum
241 3485 403 3530 uadum,
433 3491 471 3522 et
503 3497 584 3523 eum
619 3486 780 3523 avaritiae
806 3485 940 3521 salsum
972 3483 1139 3529 poculum

83 3542 276 3590 bibunffln
293 3557 336 3583 ea
354 3557 531 3594 aquarum
551 3553 655 3594 parte
671 3547 874 3584 formantur
891 3554 971 3590 quae
990 3544 1024 3580 in
1039 3553 1140 3580 mare

83 3605 245 3652 pennu,
264 3612 374 3654 utque
387 3608 424 3644 in
437 3607 543 3645 salsis
570 3607 741 3645 fluetibus
760 3606 921 3654 deperit3
947 3614 1033 3651 pars
1051 3613 1137 3639 vero

86 3661 252 3709 ssiam
281 3675 365 3703 mm
393 3667 592 3704 stabilitate
621 3671 821 3715 permanet,
847 3671 884 3702 et
913 3663 1137 3703 dulcedinem

76 3726 526 3775 *um-m‚2designu
539 3738 602 3766 eos
619 3728 683 3775 qni
709 3733 899 3775 acceptum
925 3725 989 3762 Dei
1008 3734 1139 3763 munus

62 3781 612 3835 -mliwnenenta-Dt
627 3793 728 3826 rute
740 3797 817 3831 runa
834 3789 996 3836 panost
1011 3793 1136 3824 eorum

1218 3067 1229 3090 a
1259 3064 1330 3100 quc
1347 3053 1543 3100 pergebant
1563 3059 1647 3090 ante
1671 3054 1853 3100 populum.
1888 3054 1958 3102 (Ex
1982 3054 2221 3102 Aclumantt'o.)
2246 3068 2259 3092 r

1214 3115 1264 3150 De
1297 3115 1352 3150 liis
1385 3114 1528 3160 quidem
1558 3114 1618 3160 qui
1653 3124 1753 3153 mare
1786 3114 1946 3153 Rubrum
1981 3114 2198 3152 transierunt
2227 3121 2263 3149 et

1211 3175 1405 3223 Apostolus
1426 3175 1540 3218 dixit,
1575 3187 1586 3208 ‹
1612 3175 1694 3221 quia
1727 3183 1849 3210 omnes
1875 3173 1910 3208 in
1939 3172 2060 3218 Moyse
2088 3172 2256 3219 baptizati

1212 3242 1310 3278 sunt,
1333 3240 1368 3271 et
1401 3235 1437 3272 in
1472 3235 1586 3276 nube,
1615 3239 1648 3268 et
1672 3243 1707 3271 m
1735 3231 1825 3270 mari
1856 3229 1889 3276 (1
1907 3230 1986 3266 Cor.
2005 3229 2055 3275 x).
2076 3242 2087 3264 ι
2124 3229 2174 3268 De
2202 3230 2258 3271 bis

1214 3307 1300 3337 vero
1321 3299 1380 3342 qni
1404 3295 1595 3333 Jordanetu
1615 3292 1855 3333 transierunt,
1881 3300 2071 3337 possumus
2091 3290 2200 3331 etiam
2221 3298 2257 3329 et

1214 3367 1280 3395 nos
1311 3355 1418 3393 simili
1438 3354 1542 3391 modo
1565 3350 1797 3398 pronuntiare
1813 3376 1822 3392 ,
1848 3358 1973 3389 omnes
2004 3349 2038 3389 in
2066 3348 2150 3389 Jesu
2170 3351 2256 3398 bap·

1200 3416 1312 3455 'tizati
1345 3418 1427 3451 sunt
1457 3413 1493 3451 iu
1522 3409 1697 3452 Jordaue5
1727 3409 1776 3450 ita
1800 3414 1841 3445 ut
1869 3418 1911 3444 ea
1937 3418 2018 3455 quae
2041 3409 2075 3445 in
2096 3408 2254 3450 iordane

1210 3481 1309 3523 gesta
1325 3473 1541 3515 reseruntur.
1569 3470 1722 3512 formam
1743 3474 1889 3511 teneant
1913 3471 2130 3513 sacramenti
2156 3472 2253 3522 quod

1208 3545 1273 3583 per
1302 3533 1521 3580 baptismum
1540 3531 1754 3573 celebratur.
1789 3530 1879 3576 illud
1899 3541 1986 3574 vero
2013 3531 2109 3580 quod
2139 3531 2255 3578 scrip-

1210 3602 1285 3635 tum
1299 3599 1354 3631 est
1371 3607 1381 3631 2
1404 3605 1415 3627 ‹
1440 3593 1486 3633 Et
1501 3591 1682 3635 festinavit
1700 3591 1866 3639 populus,
1884 3595 1921 3639 gt
1938 3591 2105 3634 transivit
2126 3589 2254 3633 Jordan-

1209 3668 1312 3702 nem;
1330 3662 1367 3694 et
1382 3666 1466 3694 area
1485 3655 1692 3696 testamenti
1718 3654 1873 3699 Domini,
1896 3667 1910 3694 t
1931 3664 2004 3695 non
2023 3654 2111 3696 milti
2137 3653 2255 3698 otim

1209 3718 1369 3756 additum
1389 3716 1528 3755 videtur
1554 3725 1574 3753 a
1594 3714 1729 3762 Spiritu
1745 3720 1872 3755 saneto
1885 3714 1980 3761 quoti
1998 3714 2101 3759 dixit,
2131 3726 2146 3755 t
2166 3713 2254 3760 quia

1208 3778 1390 3822 festinavit
1416 3776 1568 3826 populus
1591 3775 1759 3819 unnim.
1781 3788 1794 3812 ⁸
1817 3773 1924 3825 Unde
1943 3779 1982 3819 οἱ
2007 3783 2074 3829 ⁶⁸⁰
2093 3773 2253 3819 arbitror
