2540 4016
124 180 168 223 'l
760 168 1100 214 mauman
1124 167 1172 211 11<
1199 166 1408 212 Exilium»
1436 175 1486 202 -’-
1507 167 1595 212 ΗΒ.
1621 169 1652 212 l.
2259 175 2307 218 Β

128 267 263 315 ginquo
297 259 477 305 erederet,
503 258 534 296 sl
563 267 584 294 a
602 256 825 305 promissore
849 265 916 292 suo
934 264 1006 302 non
1026 253 1137 290 etiam
1156 262 1178 289 e
1195 254 1230 294 A
1246 251 1342 296 boli,
1365 253 1402 289 et
1420 254 1620 290 humanum
1643 258 1758 300 genus
1781 261 1802 287 a
1827 251 1970 290 cultura
1987 252 2066 302 eJus'
2085 258 2306 298 absfflflen-

126 329 247 366 vicino
277 321 411 372 aliquid
437 319 671 368 pet-cepisset.
709 317 757 355 ut
777 327 864 364 ergo
893 315 938 352 ad
961 317 1178 352 aeternorum

126 390 234 427 fidem
252 383 385 424 ceruus
400 382 602 422 roboretur,
625 380 853 425 nequaquam
876 376 1102 414 solummodo
1117 385 1180 422 spe

126 452 171 488 ad
197 457 276 492 res,
297 446 362 483 sed
384 444 494 481 ‘rebus
513 447 655 489 quoque
683 441 728 478 ad
761 445 861 487 spem
888 439 1057 483 trabitur,
1083 438 1180 485 quod

125 509 259 557 liquido
276 506 470 544 Psalmista
487 506 641 541 testatur
655 503 780 540 dicens
798 513 808 538 :
832 502 933 538 Dedit
950 501 999 537 eis
1024 500 1178 547 reqiones

127 570 294 619 ςεκιίιιηι,
316 574 348 603 et
369 567 505 602 labores
517 566 724 613 populorum
741 564 981 610 possederunt,
1004 569 1042 597 ut
1062 567 1179 597 custo-

123 633 220 668 diant
249 629 525 677 justificationes
563 627 638 673 ejas
677 632 708 661 et
740 625 849 671 leqem
883 625 959 671 ejus
993 624 1178 671 exquirant

122 691 237 740 (Psal.
267 689 354 738 civ).
381 688 475 724 Rudi
507 687 605 724 enim
639 686 771 733 populo
804 686 913 721 etiam
944 685 988 720 de
1006 683 1177 730 praesenti

120 754 193 789 vita
210 750 346 798 aliquid
363 748 644 796 promittendum
665 746 731 782 suit
746 774 754 789 ‚
777 750 816 781 ut
835 745 974 791 possint
994 743 1178 779 robustius

119 818 157 853 in
180 817 300 852 futuro
331 813 493 851 solidari.
532 811 695 848 carnalis
721 810 874 857 populus
907 810 937 845 si
965 818 1079 855 parva
1105 818 1175 843 non

120 878 329 924 acciperet,
363 885 494 921 magna
525 881 595 909 non
628 872 806 908 crederet.
834 870 1070 915 Omnipotens
1091 878 1178 915 ergo

120 940 214 975 Deus
231 937 418 985 largiendo
436 941 578 971 terrena
597 933 724 969 suadet
743 932 788 967 ad
807 931 983 973 coelestia,
1001 935 1040 965 ut
1056 930 1175 975 perci-

117 1001 220 1046 piens
241 998 335 1045 quod
357 997 517 1039 videret,
541 1004 688 1041 sperare
718 994 874 1030 disceret
905 993 1001 1039 quod
1027 992 1176 1027 minime

118 1061 282 1103 videbat;
326 1064 362 1095 et
391 1062 491 1094 tanto
523 1057 672 1094 solidior
705 1057 748 1092 de
781 1055 1023 1091 invisibilibus
1057 1055 1173 1098 lieret,

117 1126 252 1168 quanto
276 1130 357 1157 eum
385 1119 427 1155 ad
452 1119 526 1165 spei
548 1117 802 1154 certitudinem
819 1116 973 1152 visibilia
995 1116 1174 1162 promissa

1250 314 1356 358 dum3
1389 315 1425 350 et
1450 318 1542 350 sient
1568 317 1640 350 non
1672 313 1834 361 Moyses,
1856 313 1920 350 sed
1947 311 2119 356 Dominus
2135 322 2307 368 pupulum

1247 375 1417 412 liberavit
1435 377 1480 413 de
1496 377 1672 413 servitute
1686 370 1955 423 Acgyptiorum,
1971 377 2025 414 sie
2043 382 2114 415 ιιοιι
2134 381 2191 418 lex
2204 394 2309 422 mun-

1249 438 1348 480 dum,
1369 438 1432 475 sed
1449 438 1629 482 Christus,
1654 445 1719 475 sua
1741 432 1910 484 'passim
1925 438 1963 475 et
1981 439 2262 490 resurreetione,
2286 458 2307 484 a

1247 499 1377 546 laqueo
1396 501 1525 537 mortis
1545 500 1724 537 liberavit.
1754 500 1828 549 (Ex
1846 495 2045 553 Greqorio.)
2085 503 2187 542 Tunc
2204 517 2308 545 nam·

1247 571 1318 608 que
1352 561 1493 609 Moyses
1532 562 1576 598 ad
1614 562 1818 599 vocandum
1857 561 1990 600 missus
2020 570 2091 609 est,
2125 571 2208 602 cum
2232 567 2308 613 jam

1246 622 1388 658 Pharao
1412 623 1514 659 duris
1529 624 1699 670 operibus
1718 621 1762 660 ad
1777 621 2055 670 opprimendum
2071 626 2189 664 suerat
2205 638 2310 666 exer-

1246 685 1353 728 citus,
1374 689 1413 721 ut
1444 685 1689 721 israelitarum
1723 688 1884 730 mentes,
1916 686 2076 735 AEgypto
2098 688 2309 729 deformiter

1247 747 1479 792 inhaerentes,
1501 747 1591 784 alius
1607 749 1690 784 dum
1703 746 1865 794 vocaret,
1885 750 1989 797 quasi
2011 750 2194 796 traheret;
2217 746 2309 792 alius

1246 809 1448 855 impelleret
1467 810 1552 845 dum
1579 810 1744 854 sterit-en
1772 816 1807 847 et
1833 810 1934 857 plebs
1963 812 2000 847 in
2022 813 2170 850 servitio
2191 816 2308 861 turpi-

1247 875 1301 906 ter
1334 870 1405 906 fixa
1422 898 1431 914 ‚
1463 870 1521 906 vel
1553 877 1749 917 provocata
1774 873 1900 917 honis,
1928 873 1983 909 vel
2007 874 2112 911 malis
2139 875 2307 922 impulsa,

1246 935 1466 966 moveretur.
1493 931 1570 967 Hoc
1586 933 1749 978 quotidie
1769 933 1900 980 agitur,
1929 935 2013 970 dum
2035 936 2080 972 de
2101 937 2308 983 praedicatis

1245 989 1454 1026 coelestibus
1469 991 1631 1036 przemlis
1647 1019 1656 1034 ,
1691 993 1820 1028 saevire
1843 993 1879 1028 in
1908 994 2034 1032 electis
2056 997 2200 1042 reprobi
2226 1007 2309 1044 per-

1245 1050 1458 1093 mittuntur;
1481 1055 1520 1085 ut
1539 1050 1569 1086 si
1589 1051 1632 1086 ad
1648 1045 1898 1097 promissionis
1921 1057 2055 1090 terram
2074 1057 2192 1092 vocati
2209 1058 2309 1095 exire

1246 1109 1484 1156 negligimus,
1514 1112 1697 1157 pressuris
1729 1112 1857 1148 saltem
1891 1114 2122 1151 saevientibus
2146 1117 2308 1164 impella-

116 1183 297 1220 sulcirent.
320 1179 403 1228 (Ex
422 1179 655 1228 Augustino.)
680 1179 781 1223 Quod
800 1183 921 1214 autem
947 1178 1033 1214 dicit
1055 1188 1093 1213 se
1111 1187 1173 1213 eos
1191 1171 1223 1211 Β
1244 1183 1325 1207 111111·
1345 1186 1352 1207 1
1379 1178 1488 1219 ³quss
1517 1174 1594 1209 ¹¹aess
1627 1173 1806 1221 AEgypfflss
1820 1203 1828 1217 ν
1851 1175 2018 1212 Videlicet
2034 1177 2110 1213 Vita
2130 1189 2306 1225 PPfflSCssS,

116 1245 407 1282 introducturum
432 1244 467 1279 in
503 1249 636 1278 terram
668 1241 836 1277 fluentem
871 1241 963 1276 lacte
992 1246 1029 1276 et
1052 1240 1170 1283 melle,

116 1307 290 1352 quaeritur
313 1305 434 1341 ulrum
453 1308 587 1340 terram
607 1303 777 1339 fluentem
799 1302 892 1338 lactc
912 1307 948 1337 et
974 1302 1079 1337 melle
1097 1301 1171 1347 spi-

114 1367 295 1404 ritualiter
322 1367 488 1412 accipere
515 1364 712 1400 debean-ius
727 1391 735 1407 ‚
766 1364 851 1409 qula
871 1363 1067 1398 secundum
1088 1372 1174 1407 pro-

115 1428 305 1476 prietatem
342 1436 412 1462 non
444 1423 520 1461 brec
547 1430 627 1460 erat
660 1424 719 1460 illa
750 1435 829 1469 qli-e
865 1424 947 1459 data
967 1429 1022 1458 est
1042 1422 1173 1468 populo

113 1489 245 1533 lsracl;
278 1499 322 1524 an
354 1483 546 1524 locutionis
576 1494 632 1523 est
662 1487 802 1529 modus,
837 1486 922 1531 quid
954 1484 998 1520 ad
1031 1484 1173 1519 laudem

115 1550 292 1586 ubertatis
327 1554 362 1584 ct
399 1549 586 1584 suavitatis
620 1547 810 1583 reseratur.
858 1546 914 1581 Aa
954 1546 1093 1591 Moyses
1127 1543 1172 1579 acl

116 1610 228 1646 Deum
248 1619 259 1645 .·
280 1608 370 1644 Ecce
390 1619 451 1654 ‘eqo
468 1607 594 1642 vadam
615 1608 660 1641 ad
677 1608 769 1652 filios
786 1605 900 1641 Israel
919 1611 949 1640 et
965 1606 1079 1640 dicam
1100 1606 1172 1640 eis:

116 1672 210 1707 Deus
229 1677 368 1718 patrum
386 1675 579 1705 vestrorum
600 1669 695 1703 misit
719 1678 772 1702 me
787 1667 831 1702 ad
851 1678 922 1702 vos.
960 1666 1001 1702 Si
1020 1666 1171 1701 clixerint

114 1733 212 1776 milti,
235 1732 337 1775 Quod
369 1733 416 1765 esl
449 1740 572 1764 nomen
604 1729 702 1775 ejus,
731 1728 815 1775 quid
833 1728 946 1763 dicam
968 1728 1043 1763 eis?
1077 1727 1173 1763 Dixit

113 1794 209 1830 Deus
231 1793 276 1828 ad
293 1787 452 1837 Moysen,
470 1789 546 1837 Eyo
562 1801 639 1825 sam
656 1791 715 1836 qai
732 1798 822 1824 sum.
844 1790 893 1823 Ac
910 1791 959 1825 sic
978 1789 1070 1825 dices
1089 1789 1173 1835 filiis

111 1853 241 1898 Israel,
261 1851 433 1889 Dominus
452 1851 546 1888 Deus
562 1858 701 1899 patrum
715 1857 922 1894 vestrorum,
943 1851 1038 1886 Deus
1057 1851 1171 1886 Abra-

112 1915 210 1958 ham,
229 1913 322 1949 Deus
339 1912 443 1948 Isaac
458 1940 466 1955 ‚
487 1908 578 1947 Deus
594 1910 704 1946 Jacob
717 1938 725 1953 ,
748 1911 841 1945 misit
859 1916 912 1946 me
931 1910 977 1945 ad
996 1922 1067 1946 ros.
1095 1909 1172 1945 110⁶

111 1987 236 2013 nonten
255 1975 340 2011 milti
356 1976 403 2010 est
420 1975 457 2009 in
474 1980 657 2010 salemum.
677 1973 812 2009 Beatus
830 1972 1071 2020 Hieronymus
1083 1974 1173 2009 scri-

112 2036 203 2074 bens
234 2036 280 2072 ad
311 2034 517 2071 Marcellam
545 2035 588 2070 de
620 2033 826 2070 nominibus
863 2032 940 2077 Dei,
973 2038 1076 2069 sexto
1094 2033 1172 2070 loco

1241 1244 1321 1279 quae
1345 1245 1410 1270 nos
1427 1235 1648 1280 oppresserit
1666 1235 1869 1279 blandiens,
1895 1237 2040 1283 adjuvet
2058 1249 2228 1285 premens
2245 1253 2253 1285 ;
2272 1248 2308 1278 et

1241 1306 1321 1342 quai
1337 1295 1422 1331 dum
1441 1295 1568 1333 fovens
1595 1298 1783 1334 servitutis
1800 1297 1926 1345 jugum
1946 1300 2138 1343 contrivit,
2162 1301 2308 1339 liberta-

1242 1356 1288 1392 tis
1305 1357 1399 1392 viam
1417 1385 1425 1399 ,
1449 1357 1532 1392 dum
1558 1359 1717 1401 cruciat,
1741 1360 1921 1396 ostendat.
1951 1360 2035 1397 Ilaec
2056 1361 2178 1408 itaque
2197 1374 2306 1401 causa

1242 1424 1297 1454 est
1319 1419 1414 1464 quod
1432 1420 1476 1455 ab
1497 1421 1642 1467 injustis
1664 1421 1751 1467 justi
1765 1423 2026 1467 permittuntur
2040 1425 2162 1472 affligi,
2184 1431 2224 1462 ut
2238 1428 2308 1464 sci-

1242 1478 1326 1514 lieet
1341 1480 1424 1514 dum
1444 1479 1565 1515 futura
1589 1481 1739 1516 audiunt
1759 1482 1853 1517 bona
1881 1493 1960 1528 quse
1981 1485 2143 1531 cupiant,
2162 1487 2306 1533 patian-

1242 1543 1300 1573 tur
1334 1539 1442 1574 etiam
1486 1540 1580 1574 mala
1620 1542 1811 1586 przesentia
1831 1570 1839 1586 ‚
1871 1554 1952 1589 quae
1987 1546 2303 1592 perhorrescant,

1241 1605 1348 1645 atque
1377 1600 1421 1634 ad
1448 1599 1647 1636 faciliorem
1675 1603 1837 1645 exitum,
1877 1604 1962 1639 tium
1990 1614 2094 1641 amor
2116 1614 2303 1653 provocat,

1241 1661 1421 1696 cruciatus
1456 1661 1629 1706 impellat.
1684 1662 1853 1710 Daboque
1881 1666 2031 1711 qratiam
2068 1668 2196 1714 populo
2224 1669 2306 1706 ltuic

1241 1730 1360 1754 coram
1390 1719 1591 1766 AE'yyptiim
1621 1727 1653 1756 et
1681 1733 1759 1756 cum
1788 1723 2039 1769 eqrediemini,
2078 1738 2148 1763 non
2168 1730 2304 1765 exibitis

1240 1783 1341 1817 vacui
1360 1791 1371 1815 :
1396 1783 1456 1818 sed
1484 1783 1674 1829 postulabit
1702 1785 1829 1820 mulier
1854 1799 1874 1822 a
1900 1788 2015 1824 vicina
2032 1801 2111 1835 sua,
2132 1798 2165 1827 et
2182 1793 2225 1828 ab
2244 1793 2305 1829 lto-

1240 1844 1330 1889 spica
1349 1855 1427 1888 sua,
1451 1856 1532 1880 vasa
1562 1853 1724 1892 argentea
1752 1853 1785 1882 et
1806 1858 1916 1883 aurea
1936 1860 1977 1884 ac
1998 1855 2104 1886 vestes
2121 1861 2133 1886 :
2153 1855 2306 1900 ponetis-

1239 1915 1305 1950 que
1329 1916 1387 1939 eas
1421 1916 1525 1951 super
1543 1906 1636 1951 filios
1664 1918 1704 1942 ac
1736 1908 1829 1952 filias
1855 1916 1985 1946 vestras
2004 1938 2013 1955 ,
2048 1918 2079 1948 et
2107 1914 2304 1960 spoliabitis

1239 1963 1447 2011 AEqaptum.
1473 1966 1545 2013 (Ex
1563 1967 1771 2014 Auqastino.
1777 1969 1789 2016 )
1810 1969 1910 2013 Quod
1929 1972 2115 2010 mandavit
2130 1975 2304 2014 Dominus

1240 2027 1403 2064 Hebraeis
1435 2040 1500 2075 per
1531 2029 1705 2077 Moysen,
1742 2037 1781 2067 ut
1808 2033 2015 2079 acciperent
2049 2036 2091 2071 ab
2121 2036 2304 2085 AEgyptiis

110 2097 213 2145 ponit
230 2106 361 2132 nomen
384 2095 518 2131 Esclter
539 2095 647 2137 eheie,
671 2100 766 2134 rvr&
792 2100 895 2139 -πιῃκ,
915 2095 1171 2141 quodinExo.
1189 2083 1219 2127 C
1240 2099 1326 2124 vasa
1361 2099 1470 2124 aurea
1503 2095 1539 2125 et
1571 2097 1744 2137 argentea
1772 2098 1988 2138 θιιθειθιιι,
2016 2101 2125 2142 atque
2152 2098 2302 2144 addidit,

112 2157 158 2193 do
174 2157 337 2204 legitur:
367 2155 436 2199 Qui
456 2162 518 2199 est,
539 2155 632 2190 misit
648 2166 715 2190 me.
743 2155 838 2192 Deus
861 2157 958 2192 enim
978 2156 1087 2199 solus,
1108 2156 1170 2202 qui

112 2217 302 2254 exordium
329 2220 400 2253 noti
429 2216 562 2260 habet,
589 2216 755 2252 essentiae
780 2226 912 2253 nomen
931 2226 1016 2253 vere
1038 2217 1168 2261 tenuit,

113 2285 149 2315 et
163 2279 231 2315 boc
246 2278 342 2314 enirn
356 2280 486 2313 numen
509 2277 554 2313 ad
571 2282 736 2312 sanctum
755 2277 901 2324 Moysen
919 2284 984 2324 per
1003 2276 1169 2324 angelum

112 2345 168 2376 est.
185 2339 356 2375 delatum.
384 2338 567 2382 Quaerenti
583 2338 680 2374 enim
705 2339 799 2385 quod
827 2344 925 2376 esset
940 2349 1071 2375 nomen
1093 2339 1169 2384 eJus

112 2400 269 2447 quicum
283 2407 432 2446 pergere
449 2400 682 2446 praecipiebat
698 2401 743 2436 ad
760 2401 931 2447 populum
948 2412 990 2438 ex
1014 2402 1170 2450 AEgypto

111 2460 335 2497 liberandum
349 2488 358 2503 ,
385 2461 596 2507 respondit:
619 2460 694 2508 qu
715 2473 790 2497 sam
810 2464 870 2509 qui
891 2471 968 2498 sam
982 2491 990 2506 ‚
1019 2469 1051 2499 et
1077 2465 1170 2500 dices

111 2520 194 2566 filiis
215 2519 329 2556 lsrael
347 2528 358 2556 .·
386 2519 456 2564 Qui
477 2526 526 2556 est
541 2548 550 2564 ,
571 2523 664 2557 misit
683 2532 736 2557 me
756 2522 802 2557 ad
822 2534 892 2558 vos.
925 2523 1112 2569 Tanquam
1134 2525 1169 2560 in

112 2583 189 2628 ejus
207 2582 478 2628 comparatione
499 2584 561 2628 qui
580 2593 665 2619 vere
688 2591 760 2627 est,
783 2595 826 2620 eo
849 2585 946 2630 quod
971 2585 1172 2621 incommu-

113 2641 235 2677 tabilis
254 2647 323 2685 est,
344 2649 387 2678 ea
414 2653 495 2687 quae
523 2645 792 2680 commutabilia
827 2643 923 2680 sacta
954 2651 1037 2681 sunt
1068 2648 1170 2692 quasi

113 2712 184 2739 non
203 2702 288 2739 sint.
315 2702 419 2747 Quod
442 2703 539 2739 enim
564 2703 699 2740 dicitur
715 2704 797 2748 l'uit,
815 2716 887 2741 non
907 2712 984 2750 est;
1013 2712 1048 2743 et
1075 2709 1169 2754 quod

111 2764 246 2800 dicitur
263 2765 348 2808 erit,
369 2766 529 2802 nondum
550 2770 620 2803 est.
657 2767 751 2804 Deus
779 2774 901 2805 autem
929 2774 1067 2805 tantum
1091 2776 1167 2814 est;

112 2835 183 2861 non
202 2825 303 2861 novit
334 2825 458 2870 fuisse,
480 2830 518 2862 et
535 2825 696 2863 futurum
722 2839 802 2865 esse
821 2839 892 2865 non
913 2829 1027 2866 novit.
1064 2830 1170 2868 Solus

113 2889 232 2921 autem
254 2884 362 2921 Pater
387 2893 467 2922 cum
490 2886 581 2923 Filio
601 2891 638 2922 et
665 2887 803 2934 Spiritu
832 2892 958 2926 saneto
990 2892 1170 2927 veraciter

112 2951 188 2989 est;
210 2945 312 2991 enjus
335 2947 503 2983 essentiae
517 2953 766 2995 comparatum
789 2959 869 2987 esse
893 2955 1073 2996 nostrum,
1096 2964 1168 2989 non

1240 2156 1275 2187 et
1292 2151 1540 2196 praedabimini
1561 2164 1636 2197 eos,
1669 2156 1829 2191 mandati
1850 2157 1957 2203 liujus
1979 2169 2051 2195 non
2071 2166 2192 2207 potest
2210 2163 2304 2210 inju-

1239 2219 1335 2250 stum
1350 2224 1430 2250 esse
1444 2215 1635 2262 judicium.
1655 2217 1863 2254 illaudatum
1880 2220 1975 2256 enim
1993 2221 2058 2258 Dei
2077 2228 2147 2267 est,
2170 2224 2215 2261 de
2231 2236 2303 2271 quo

1238 2285 1309 2311 non
1343 2275 1578 2321 judicandum
1595 2305 1604 2322 ‚
1632 2280 1695 2315 sed
1720 2280 1753 2316 ei
1785 2281 2105 2328 obtemperandum
2127 2285 2207 2322 suit.
2243 2286 2304 2323 Ille

1237 2337 1335 2372 enim
1350 2338 1462 2381 novit,
1482 2348 1588 2384 quani
1610 2339 1708 2385 juste
1736 2342 1983 2387 mandaverim
2010 2347 2053 2380 ad
2074 2356 2219 2382 servum
2241 2358 2303 2383 au-

1240 2404 1312 2435 tem
1334 2401 1492 2446 pertinet
1512 2403 1725 2440 obedienter
1746 2404 1865 2441 facere
1884 2407 1980 2452 quod
2002 2409 2201 2444 mandavit.
2239 2409 2304 2446 Re·

1239 2461 1563 2508 spomlensMoyscs
1580 2465 1630 2498 ait
1645 2473 1656 2498 .·
1676 2464 1759 2499 Non
1775 2466 1913 2500 credent
1934 2467 2021 2501 miln'
2038 2479 2146 2514 neque
2159 2469 2302 2506 audient

1239 2531 1353 2555 vocem
1369 2532 1495 2566 meam,
1514 2524 1573 2558 secl
1588 2525 1704 2559 (licent
1723 2535 1734 2559 :
1754 2524 1836 2560 Noa
1854 2528 2017 2572 apparuit
2037 2529 2099 2563 tibi
2111 2527 2300 2567 Dominus.

1238 2582 1337 2618 Dixit
1356 2595 1437 2630 erqo
1454 2584 1499 2619 ad
1516 2594 1617 2620 eum:
1638 2585 1732 2629 Quid
1746 2592 1795 2622 est
1815 2584 1909 2634 quod
1926 2594 2020 2624 tenes
2037 2590 2072 2625 in
2088 2599 2195 2627 manu
2213 2595 2303 2629 tua?

1240 2643 1446 2689 Respondit,
1471 2644 1591 2692 Vir-aa.
1613 2645 1671 2681 Ait
1693 2657 1705 2682 :
1731 2646 1873 2694 Projice
1894 2657 1971 2685 eam
1990 2649 2185 2688 interram.
2206 2652 2300 2690 Pro‘-

1232 2706 1333 2752 jecit,
1355 2711 1387 2742 et
1408 2718 1507 2743 versa
1525 2715 1574 2743 est
1593 2709 1629 2743 in
1651 2709 1850 2754 colubrum,
1866 2712 1917 2746 ita
1936 2717 1973 2747 ut
1993 2712 2127 2759 suqeret
2147 2714 2299 2763 Moyses.

1242 2767 1405 2814 Dixitque
1422 2767 1614 2813 Dominus,
1649 2769 1809 2806 Extende
1828 2779 1971 2808 manum
1991 2779 2103 2818 tuam,
2123 2782 2155 2811 et
2174 2789 2300 2824 appre-

1237 2829 1348 2865 hemte
1366 2831 1515 2866 caudam
1542 2832 1630 2878 ejus.
1659 2830 1828 2869 Extendit
1849 2836 1880 2870 et
1908 2836 2039 2879 tenuit,
2063 2848 2230 2885 versaque
2250 2847 2300 2876 est

1235 2890 1273 2926 in
1292 2890 1424 2937 virqam
1457 2891 1590 2939 (Exod.
1614 2893 1679 2938 iv).
1706 2893 1794 2938 Quis
1810 2905 1876 2940 per
1898 2895 2043 2944 Moysen
2058 2924 2068 2940 ‚
2091 2898 2159 2934 nisi
2178 2898 2301 2936 Judai-

1238 2962 1302 2989 cus
1317 2953 1468 2998 populus
1481 2980 1490 2997 ,
1510 2960 1546 2990 et
1568 2955 1654 3001 quid
1679 2966 1744 3002 per
1763 2955 1901 3004 virgam
1921 2957 1990 2994 nisi
2019 2963 2182 3005 potestas
2202 2960 2298 2997 Divi-

113 3015 192 3043 esse
211 3011 279 3043 est.
308 3006 411 3043 Unde
431 3011 467 3043 et
485 3008 523 3044 in
539 3008 718 3055 colloquio
738 3010 890 3047 dicimus
915 3022 922 3046 :
943 3011 1040 3049 Vivit
1058 3013 1167 3056 Deus,
1186 2992 1220 3031 D
1238 3015 1387 3050 nitatis?
1422 3014 1515 3059 Quid
1538 3025 1604 3062 per
1626 3022 1831 3063 serpentem
1861 3019 1931 3055 nisi
1955 3021 2158 3058 mortalitas
2185 3026 2298 3060 nostri

111 3066 175 3112 qui
193 3066 360 3103 essentiae
389 3067 463 3103 vita
494 3068 584 3104 vivit
608 3070 718 3115 quam
746 3080 845 3106 mors
863 3081 934 3107 non
954 3071 1075 3108 habet.
1108 3073 1170 3108 In-

111 3122 348 3175 gredierisque
367 3131 417 3171 itt,
441 3132 475 3164 'et
494 3130 647 3166 seniores
668 3130 783 3167 Israel
803 3132 849 3167 ad
867 3134 982 3180 reqein
1006 3132 1169 3180 AEqypti,

111 3193 147 3223 et
163 3189 258 3225 diaes
273 3189 319 3224 nd
333 3196 414 3225 eam
431 3198 444 3224 .·
463 3190 637 3227 Dominus
663 3191 758 3228 Deus
780 3192 1012 3230 Hebro-orum
1039 3194 1170 3232 vocavit

113 3254 191 3286 aas.
216 3242 351 3287 ibimus
367 3251 460 3287 vtum
492 3251 597 3288 trium
620 3252 758 3290 dierum
786 3265 848 3302 pet·
865 3255 1105 3301 solitudinem,
1127 3265 1166 3293 ut

110 3309 330 3347 flumiminis
354 3311 504 3348 Domino
534 3312 608 3349 Deo
641 3318 771 3351 nostro.
815 3314 884 3352 Sed
901 3325 963 3364 eyo
982 3316 1054 3354 seio
1073 3319 1166 3366 quod

59 3365 62 3372 '
91 3381 93 3387 ⁴
113 3377 185 3405 non
201 3369 349 3406 dimittet
363 3375 422 3406 von
439 3374 502 3407 rex
514 3371 661 3420 AE'yyp'ti
683 3379 722 3409 ut
743 3375 844 3419 eatis,
866 3374 935 3412 nisi
946 3386 1009 3423 per
1022 3381 1165 3414 nannum

67 3428 76 3472 J
106 3451 131 3476 „W
167 3437 195 3459 ιι
217 3448 234 3464 κ,
250 3428 266 3435 ”
310 3429 509 3469 mendam
533 3434 626 3470 enim
653 3438 799 3472 manum
826 3440 952 3480 meam,
983 3443 1016 3474 et
1042 3446 1166 3485 pereu-

68 3495 74 3506 ·
107 3511 125 3526 ·.
152 3528 157 3530 ,
201 3489 412 3539 «Nym
428 3492 469 3529 Μ
496 3487 631 3531 &unctio
658 3495 878 3533 mirantum
900 3498 986 3535 ineis
1008 3497 1095 3548 autel
1110 3499 1166 3547 fa*

64 3591 72 3606 .
243 3551 385 3589 emin
397 3551 513 3589 mato
532 3560 667 3599 eorum,
684 3559 718 3592 et
733 3560 812 3604 post
828 3557 904 3594 laec
918 3557 1069 3595 dimittet
1089 3559 1162 3596 ιιοιι

310 3635 334 3654 ,η
382 3611 562 3651 Mnus
581 3613 728 3664 Moysen
747 3608 795 3655 ati
809 3614 1036 3657 Rumonem
1049 3619 1163 3666 misit,

284 3677 290 3680 ’
348 3696 350 3701 ·
409 3690 423 3712 ,ε
443 3675 719 3756 &immadidet
735 3679 831 3772 effus,
859 3678 898 3719 el
911 3687 1100 3748 postremo
1120 3682 1166 3721 ad

1239 3073 1492 3120 Redemptoris
1509 3076 1745 3122 exprimitur?
1771 3079 1862 3124 Quia
1884 3080 1980 3116 enim
2004 3092 2069 3127 per
2091 3089 2297 3130 serpentem

1240 3145 1362 3178 mors,
1394 3141 1494 3173 recte
1522 3139 1726 3177 mortalitas
1758 3141 1794 3177 in
1829 3148 1999 3190 serpente
2019 3144 2195 3192 signatur.
2234 3144 2298 3182 Vel

1239 3200 1340 3232 certe
1355 3206 1436 3232 cum
1461 3197 1639 3244 scriptum
1655 3200 1716 3236 sit.
1744 3199 1870 3237 Estote
1889 3209 1975 3249 ergo
1994 3203 2190 3249 prudentes
2204 3202 2298 3239 sicut

1236 3265 1424 3305 serpentes
1443 3258 1588 3307 (Matth.
1610 3258 1663 3308 x),
1684 3266 1720 3298 et
1735 3259 1820 3308 quia
1836 3259 1915 3310 ipsa
1934 3274 2073 3300 summa
2088 3262 2296 3310 prudentia,

1236 3318 1346 3356 idest
1379 3319 1443 3356 Dei
1477 3318 1679 3368 sapientia,
1706 3323 1889 3360 incarnari
1915 3324 2063 3370 dignata
2088 3329 2171 3369 est,
2197 3324 2296 3363 recte

1236 3379 1314 3426 ejus
1332 3381 1536 3419 mortalitas
1565 3383 1602 3419 in
1630 3382 1800 3430 serpente
1831 3373 2020 3430 liguratur.
2066 3372 2169 3422 Unde
2196 3391 2234 3424 et
2258 3386 2294 3424 in

1234 3441 1432 3490 Evangelio
1449 3442 1493 3480 de
1511 3443 1682 3489 passione
1722 3450 1786 3478 sua
1818 3441 1979 3488 loquitur
2009 3435 2167 3483 dicens:
2192 3443 2296 3484 Sicut

1235 3500 1377 3548 Moyses
1400 3500 1568 3538 exaltavit
1594 3505 1786 3547 serpentem
1810 3498 1849 3537 itt
1868 3500 2025 3557 deserto,
2060 3502 2112 3542 ita
2141 3505 2295 3542 waltari

1236 3563 1370 3604 oportet
1387 3559 1502 3605 fitium
1523 3557 1675 3595 hominis
1699 3556 1823 3608 (soans'
1842 3561 1916 3610 ni).
1946 3553 2090 3612 Moyses
2114 3575 2135 3601 e
2180 3576 2203 3602 o
2218 3564 2294 3603 vir-

1236 3619 1319 3666 gani
1334 3618 1465 3662 tenuit,
1485 3618 1570 3670 quia·
1591 3613 1767 3658 Iudaicus
1785 3614 1940 3670 mattis
1963 3619 2047 3662 alite·
2073 3612 2294 3683 Redempto-

1238 3680 1290 3716 ris
1305 3676 1496 3716 adventum
1529 3665 1570 3716 lii
1598 3674 1719 3718 divina
1738 3674 1918 3730 pbtestat'e
1944 3675 2111 3728 hundius
2127 3667 2214 3733 est:
2209 3687 2295 3739 ‘s'e'd

1236 3742 1377 3790 rii-gam
1394 3740 1433 3778 iu
1459 3736 1593 3780 terrain
1623 3739 1799 3791 proiecit,
1818 3736 1904 3793 quiid
1932 3735 2029 3785 l'deni
2160 3735 2235 3788 eis
2227 3748 2295 3799 μοι·

1234 3800 1467 3854 patriarchas
1483 3807 1539 3842 ac
1563 3794 1765 3869 propbetas
1780 3796 1907 3845 mdiu
1924 3788 2106 3860 lile-ruffi
2129 3799 2199 3848 uili
2207 3802 2294 3855 esse
