<?xml version="1.0" encoding="UTF-8"?>
<!DOCTYPE html PUBLIC "-//W3C//DTD XHTML 1.0 Transitional//EN"
    "http://www.w3.org/TR/xhtml1/DTD/xhtml1-transitional.dtd">
<html xmlns="http://www.w3.org/1999/xhtml" xml:lang="en" lang="en">
 <head>
  <title>
</title>
<meta http-equiv="Content-Type" content="text/html;charset=utf-8" />
  <meta name='ocr-system' content='tesseract 3.04.00' />
  <meta name='ocr-capabilities' content='ocr_page ocr_carea ocr_par ocr_line ocrx_word'/>
</head>
<body>
  <div class='ocr_page' id='page_1' title='image "./patrologiae00unknuoft_0503.png"; bbox 0 0 2540 4016; ppageno 0'>
   <div class='ocr_carea' id='block_1_1' title="bbox 0 269 118 4016">
    <p class='ocr_par' dir='ltr' id='par_1_1' title="bbox 0 269 118 4016">
     <span class='ocr_line' id='line_1_1' title="bbox 0 269 103 426; baseline 0 -36"><span class='ocrx_word' id='word_1_1' title='bbox 0 269 103 426; x_wconf 95' lang='lat' dir='ltr'>   </span> 
     </span>
     <span class='ocr_line' id='line_1_2' title="bbox 0 426 118 577; baseline 0 -90"><span class='ocrx_word' id='word_1_2' title='bbox 0 426 118 577; x_wconf 95' lang='lat' dir='ltr'>     </span> 
     </span>
     <span class='ocr_line' id='line_1_3' title="bbox 0 577 82 703; baseline 0 -22"><span class='ocrx_word' id='word_1_3' title='bbox 0 577 82 703; x_wconf 95' lang='lat' dir='ltr'>   </span> 
     </span>
     <span class='ocr_line' id='line_1_4' title="bbox 0 703 110 861; baseline 0 -36"><span class='ocrx_word' id='word_1_4' title='bbox 0 703 110 861; x_wconf 95' lang='lat' dir='ltr'>    </span> 
     </span>
     <span class='ocr_line' id='line_1_5' title="bbox 0 861 60 944; baseline 0 0"><span class='ocrx_word' id='word_1_5' title='bbox 0 861 60 944; x_wconf 95' lang='lat' dir='ltr'>  </span> 
     </span>
     <span class='ocr_line' id='line_1_6' title="bbox 0 944 58 1040; baseline 0 -59"><span class='ocrx_word' id='word_1_6' title='bbox 0 944 58 1040; x_wconf 95' lang='lat' dir='ltr'>   </span> 
     </span>
     <span class='ocr_line' id='line_1_7' title="bbox 0 1040 52 1210; baseline 0 -51"><span class='ocrx_word' id='word_1_7' title='bbox 0 1040 52 1210; x_wconf 95' lang='lat' dir='ltr'>    </span> 
     </span>
     <span class='ocr_line' id='line_1_8' title="bbox 0 1210 81 1370; baseline 0 -25"><span class='ocrx_word' id='word_1_8' title='bbox 0 1210 81 1370; x_wconf 95' lang='lat' dir='ltr'>   </span> 
     </span>
     <span class='ocr_line' id='line_1_9' title="bbox 0 1370 51 1522; baseline 0 -36"><span class='ocrx_word' id='word_1_9' title='bbox 0 1370 51 1522; x_wconf 95' lang='lat' dir='ltr'>    </span> 
     </span>
     <span class='ocr_line' id='line_1_10' title="bbox 0 1522 50 1607; baseline 0 0"><span class='ocrx_word' id='word_1_10' title='bbox 0 1522 50 1607; x_wconf 95' lang='lat' dir='ltr'>  </span> 
     </span>
     <span class='ocr_line' id='line_1_11' title="bbox 0 1607 56 1827; baseline 0 -124"><span class='ocrx_word' id='word_1_11' title='bbox 0 1607 56 1827; x_wconf 95' lang='lat' dir='ltr'>    </span> 
     </span>
     <span class='ocr_line' id='line_1_12' title="bbox 0 1827 47 1973; baseline 0 -25"><span class='ocrx_word' id='word_1_12' title='bbox 0 1827 47 1973; x_wconf 95' lang='lat' dir='ltr'>   </span> 
     </span>
     <span class='ocr_line' id='line_1_13' title="bbox 0 1973 78 2074; baseline 0.013 -1"><span class='ocrx_word' id='word_1_13' title='bbox 0 1973 78 2074; x_wconf 95' lang='lat' dir='ltr'>   </span> 
     </span>
     <span class='ocr_line' id='line_1_14' title="bbox 0 2074 64 2275; baseline 0.094 -70"><span class='ocrx_word' id='word_1_14' title='bbox 0 2074 64 2275; x_wconf 95' lang='lat' dir='ltr'>    </span> 
     </span>
     <span class='ocr_line' id='line_1_15' title="bbox 0 2275 39 2394; baseline 0 -19"><span class='ocrx_word' id='word_1_15' title='bbox 0 2275 39 2394; x_wconf 95' lang='lat' dir='ltr'>   </span> 
     </span>
     <span class='ocr_line' id='line_1_16' title="bbox 0 2394 72 2511; baseline 0 -16"><span class='ocrx_word' id='word_1_16' title='bbox 0 2394 72 2511; x_wconf 95' lang='lat' dir='ltr'>   </span> 
     </span>
     <span class='ocr_line' id='line_1_17' title="bbox 0 2511 53 2573; baseline 0 0"><span class='ocrx_word' id='word_1_17' title='bbox 0 2511 53 2573; x_wconf 95' lang='lat' dir='ltr'>  </span> 
     </span>
     <span class='ocr_line' id='line_1_18' title="bbox 0 2573 43 2678; baseline 0 -55"><span class='ocrx_word' id='word_1_18' title='bbox 0 2573 43 2678; x_wconf 95' lang='lat' dir='ltr'>   </span> 
     </span>
     <span class='ocr_line' id='line_1_19' title="bbox 0 2678 51 2815; baseline 0 -26"><span class='ocrx_word' id='word_1_19' title='bbox 0 2678 51 2815; x_wconf 95' lang='lat' dir='ltr'>   </span> 
     </span>
     <span class='ocr_line' id='line_1_20' title="bbox 0 2815 28 2912; baseline 0 -56"><span class='ocrx_word' id='word_1_20' title='bbox 0 2815 28 2912; x_wconf 95' lang='lat' dir='ltr'>  </span> 
     </span>
     <span class='ocr_line' id='line_1_21' title="bbox 0 2912 84 3057; baseline 0 -17"><span class='ocrx_word' id='word_1_21' title='bbox 0 2912 84 3057; x_wconf 95' lang='lat' dir='ltr'>   </span> 
     </span>
     <span class='ocr_line' id='line_1_22' title="bbox 0 3057 33 3234; baseline 0 -8"><span class='ocrx_word' id='word_1_22' title='bbox 0 3057 33 3234; x_wconf 95' lang='lat' dir='ltr'>    </span> 
     </span>
     <span class='ocr_line' id='line_1_23' title="bbox 0 3234 30 4016; baseline 0 -665"><span class='ocrx_word' id='word_1_23' title='bbox 0 3234 30 4016; x_wconf 95' lang='lat' dir='ltr'>   </span> 
     </span>
    </p>
   </div>
   <div class='ocr_carea' id='block_1_2' title="bbox 22 351 1076 1190">
    <p class='ocr_par' dir='ltr' id='par_1_2' title="bbox 26 351 1072 594">
     <span class='ocr_line' id='line_1_24' title="bbox 51 351 1070 414; baseline -0.006 -12"><span class='ocrx_word' id='word_1_24' title='bbox 51 351 76 414; x_wconf 49' lang='lat' dir='ltr'><em>J</em></span> <span class='ocrx_word' id='word_1_25' title='bbox 87 372 142 405; x_wconf 79' lang='lat' dir='ltr'>tes</span> <span class='ocrx_word' id='word_1_26' title='bbox 157 369 194 402; x_wconf 90' lang='lat' dir='ltr'>et</span> <span class='ocrx_word' id='word_1_27' title='bbox 207 363 425 408; x_wconf 82' lang='lat' dir='ltr'>mugientes,</span> <span class='ocrx_word' id='word_1_28' title='bbox 441 362 568 398; x_wconf 86' lang='lat' dir='ltr'>dantes</span> <span class='ocrx_word' id='word_1_29' title='bbox 583 361 729 407; x_wconf 91' lang='lat' dir='ltr'>quidem</span> <span class='ocrx_word' id='word_1_30' title='bbox 747 361 792 396; x_wconf 91' lang='lat' dir='ltr'>ab</span> <span class='ocrx_word' id='word_1_31' title='bbox 811 360 946 397; x_wconf 92' lang='lat' dir='ltr'>intimis</span> <span class='ocrx_word' id='word_1_32' title='bbox 958 363 1070 409; x_wconf 87' lang='lat' dir='ltr'>mugi-</span> 
     </span>
     <span class='ocr_line' id='line_1_25' title="bbox 29 420 1070 472; baseline -0.004 -10"><span class='ocrx_word' id='word_1_33' title='bbox 29 429 84 462; x_wconf 60' lang='lat'>51&gt;</span> <span class='ocrx_word' id='word_1_34' title='bbox 103 452 128 472; x_wconf 87' lang='lat'>,</span> <span class='ocrx_word' id='word_1_35' title='bbox 162 423 225 461; x_wconf 88' lang='lat' dir='ltr'>sed</span> <span class='ocrx_word' id='word_1_36' title='bbox 253 427 376 459; x_wconf 86' lang='lat' dir='ltr'>tamen</span> <span class='ocrx_word' id='word_1_37' title='bbox 401 425 550 467; x_wconf 90' lang='lat' dir='ltr'>accepto</span> <span class='ocrx_word' id='word_1_38' title='bbox 574 420 702 472; x_wconf 82' lang='lat' dir='ltr'>itinere</span> <span class='ocrx_word' id='word_1_39' title='bbox 735 431 808 457; x_wconf 92' lang='lat' dir='ltr'>non</span> <span class='ocrx_word' id='word_1_40' title='bbox 843 420 1070 458; x_wconf 81' lang='lat' dir='ltr'>deflectentes</span> 
     </span>
     <span class='ocr_line' id='line_1_26' title="bbox 70 480 1071 528; baseline 0 -10"><span class='ocrx_word' id='word_1_41' title='bbox 70 502 93 518; x_wconf 32' lang='grc' dir='ltr'>»Α</span> <span class='ocrx_word' id='word_1_42' title='bbox 106 494 174 522; x_wconf 85' lang='lat' dir='ltr'>us.</span> <span class='ocrx_word' id='word_1_43' title='bbox 205 495 218 518; x_wconf 77' lang='lat' dir='ltr'>t</span> <span class='ocrx_word' id='word_1_44' title='bbox 237 482 377 519; x_wconf 89' lang='lat' dir='ltr'>Ponent</span> <span class='ocrx_word' id='word_1_45' title='bbox 396 480 596 528; x_wconf 90' lang='lat' dir='ltr'>thymiama</span> <span class='ocrx_word' id='word_1_46' title='bbox 615 481 652 518; x_wconf 92' lang='lat' dir='ltr'>in</span> <span class='ocrx_word' id='word_1_47' title='bbox 674 480 797 518; x_wconf 81' lang='lat' dir='ltr'>surore</span> <span class='ocrx_word' id='word_1_48' title='bbox 824 487 900 525; x_wconf 90' lang='lat' dir='ltr'>tuo,</span> <span class='ocrx_word' id='word_1_49' title='bbox 918 486 955 517; x_wconf 92' lang='lat' dir='ltr'>et</span> <span class='ocrx_word' id='word_1_50' title='bbox 970 481 1071 518; x_wconf 90' lang='lat' dir='ltr'>holo-</span> 
     </span>
     <span class='ocr_line' id='line_1_27' title="bbox 26 542 1072 594; baseline -0.005 -11"><span class='ocrx_word' id='word_1_51' title='bbox 26 591 31 594; x_wconf 31' lang='lat'>,</span> <span class='ocrx_word' id='word_1_52' title='bbox 50 575 51 578; x_wconf 18' lang='grc' dir='ltr'>η</span> <span class='ocrx_word' id='word_1_53' title='bbox 72 562 75 578; x_wconf 70' lang='grc' dir='ltr'>ι</span> <span class='ocrx_word' id='word_1_54' title='bbox 92 551 180 583; x_wconf 89' lang='lat' dir='ltr'>tum</span> <span class='ocrx_word' id='word_1_55' title='bbox 196 553 304 591; x_wconf 88' lang='lat' dir='ltr'>super</span> <span class='ocrx_word' id='word_1_56' title='bbox 321 543 435 580; x_wconf 87' lang='lat' dir='ltr'>altare</span> <span class='ocrx_word' id='word_1_57' title='bbox 448 547 565 579; x_wconf 90' lang='lat' dir='ltr'>tuum.</span> <span class='ocrx_word' id='word_1_58' title='bbox 591 556 604 578; x_wconf 86' lang='lat'><strong>»</strong></span> <span class='ocrx_word' id='word_1_59' title='bbox 634 542 738 579; x_wconf 88' lang='lat' dir='ltr'>Sicut</span> <span class='ocrx_word' id='word_1_60' title='bbox 757 542 879 579; x_wconf 83' lang='lat' dir='ltr'>Aaron</span> <span class='ocrx_word' id='word_1_61' title='bbox 899 542 1072 580; x_wconf 86' lang='lat' dir='ltr'>historia-</span> 
     </span>
    </p>

    <p class='ocr_par' dir='ltr' id='par_1_3' title="bbox 22 603 1076 1190">
     <span class='ocr_line' id='line_1_28' title="bbox 68 603 1072 655; baseline -0.004 -10"><span class='ocrx_word' id='word_1_62' title='bbox 68 618 101 645; x_wconf 88' lang='lat' dir='ltr'>r</span> <span class='ocrx_word' id='word_1_63' title='bbox 117 607 156 644; x_wconf 86' lang='lat' dir='ltr'>in</span> <span class='ocrx_word' id='word_1_64' title='bbox 190 605 283 642; x_wconf 88' lang='lat' dir='ltr'>libro</span> <span class='ocrx_word' id='word_1_65' title='bbox 315 603 556 640; x_wconf 87' lang='lat' dir='ltr'>Numerorum</span> <span class='ocrx_word' id='word_1_66' title='bbox 576 603 714 655; x_wconf 21' lang='lat' dir='ltr'>‘fecisse</span> <span class='ocrx_word' id='word_1_67' title='bbox 749 604 881 651; x_wconf 86' lang='lat' dir='ltr'>legitur</span> <span class='ocrx_word' id='word_1_68' title='bbox 894 631 904 649; x_wconf 92' lang='lat'>,</span> <span class='ocrx_word' id='word_1_69' title='bbox 928 604 1072 650; x_wconf 85' lang='lat' dir='ltr'>quando</span> 
     </span>
     <span class='ocr_line' id='line_1_29' title="bbox 67 666 1069 718; baseline 0 -16"><span class='ocrx_word' id='word_1_70' title='bbox 67 711 71 714; x_wconf 85' lang='lat'>.</span> <span class='ocrx_word' id='word_1_71' title='bbox 82 673 164 718; x_wconf 84' lang='lat' dir='ltr'>pter</span> <span class='ocrx_word' id='word_1_72' title='bbox 193 666 404 704; x_wconf 80' lang='lat' dir='ltr'>seditionem</span> <span class='ocrx_word' id='word_1_73' title='bbox 436 666 568 702; x_wconf 81' lang='lat' dir='ltr'>factam</span> <span class='ocrx_word' id='word_1_74' title='bbox 592 666 630 702; x_wconf 92' lang='lat' dir='ltr'>in</span> <span class='ocrx_word' id='word_1_75' title='bbox 649 666 779 713; x_wconf 91' lang='lat' dir='ltr'>populo</span> <span class='ocrx_word' id='word_1_76' title='bbox 797 672 946 713; x_wconf 89' lang='lat' dir='ltr'>propter</span> <span class='ocrx_word' id='word_1_77' title='bbox 964 666 1069 711; x_wconf 78' lang='lat' dir='ltr'>Cure,</span> 
     </span>
     <span class='ocr_line' id='line_1_30' title="bbox 48 726 1072 774; baseline -0.005 -5"><span class='ocrx_word' id='word_1_78' title='bbox 48 729 158 774; x_wconf 64' lang='lat' dir='ltr'>,than</span> <span class='ocrx_word' id='word_1_79' title='bbox 174 733 211 766; x_wconf 92' lang='lat' dir='ltr'>et</span> <span class='ocrx_word' id='word_1_80' title='bbox 226 726 377 772; x_wconf 91' lang='lat' dir='ltr'>Abiron,</span> <span class='ocrx_word' id='word_1_81' title='bbox 396 737 548 765; x_wconf 90' lang='lat' dir='ltr'>currens</span> <span class='ocrx_word' id='word_1_82' title='bbox 565 727 611 763; x_wconf 88' lang='lat' dir='ltr'>ad</span> <span class='ocrx_word' id='word_1_83' title='bbox 630 727 788 764; x_wconf 89' lang='lat' dir='ltr'>mediam</span> <span class='ocrx_word' id='word_1_84' title='bbox 807 728 1072 764; x_wconf 75' lang='lat' dir='ltr'><strong>multitudinem</strong></span> 
     </span>
     <span class='ocr_line' id='line_1_31' title="bbox 53 788 1074 837; baseline 0.002 -14"><span class='ocrx_word' id='word_1_85' title='bbox 53 806 56 823; x_wconf 65' lang='grc' dir='ltr'><strong><em>ι</em></strong></span> <span class='ocrx_word' id='word_1_86' title='bbox 110 806 115 823; x_wconf 73' lang='grc' dir='ltr'>ι</span> <span class='ocrx_word' id='word_1_87' title='bbox 139 789 216 837; x_wconf 85' lang='lat' dir='ltr'>jam</span> <span class='ocrx_word' id='word_1_88' title='bbox 230 788 396 825; x_wconf 83' lang='lat' dir='ltr'>vastabat</span> <span class='ocrx_word' id='word_1_89' title='bbox 413 788 779 833; x_wconf 86' lang='lat' dir='ltr'>incendium,&#39;obtulit</span> <span class='ocrx_word' id='word_1_90' title='bbox 797 789 1017 836; x_wconf 78' lang='lat' dir='ltr'>thymiama3</span> <span class='ocrx_word' id='word_1_91' title='bbox 1037 794 1074 825; x_wconf 91' lang='lat' dir='ltr'>et</span> 
     </span>
     <span class='ocr_line' id='line_1_32' title="bbox 60 849 1074 897; baseline -0.002 -9"><span class='ocrx_word' id='word_1_92' title='bbox 60 861 117 888; x_wconf 72' lang='lat' dir='ltr'>vus</span> <span class='ocrx_word' id='word_1_93' title='bbox 141 851 238 888; x_wconf 87' lang='lat' dir='ltr'>inter</span> <span class='ocrx_word' id='word_1_94' title='bbox 260 856 422 888; x_wconf 90' lang='lat' dir='ltr'>mortuos</span> <span class='ocrx_word' id='word_1_95' title='bbox 447 860 491 886; x_wconf 90' lang='lat' dir='ltr'>ac</span> <span class='ocrx_word' id='word_1_96' title='bbox 507 851 685 894; x_wconf 90' lang='lat' dir='ltr'>viventes,</span> <span class='ocrx_word' id='word_1_97' title='bbox 711 861 778 897; x_wconf 86' lang='lat' dir='ltr'>pro</span> <span class='ocrx_word' id='word_1_98' title='bbox 799 849 931 896; x_wconf 90' lang='lat' dir='ltr'>populo</span> <span class='ocrx_word' id='word_1_99' title='bbox 948 849 1074 896; x_wconf 90' lang='lat' dir='ltr'>depre-</span> 
     </span>
     <span class='ocr_line' id='line_1_33' title="bbox 24 909 1074 957; baseline -0.005 -8"><span class='ocrx_word' id='word_1_100' title='bbox 24 915 118 948; x_wconf 84' lang='lat' dir='ltr'>tus</span> <span class='ocrx_word' id='word_1_101' title='bbox 136 915 207 955; x_wconf 91' lang='lat' dir='ltr'>est,</span> <span class='ocrx_word' id='word_1_102' title='bbox 234 915 272 947; x_wconf 89' lang='lat' dir='ltr'>et</span> <span class='ocrx_word' id='word_1_103' title='bbox 299 910 403 957; x_wconf 88' lang='lat' dir='ltr'>plaga</span> <span class='ocrx_word' id='word_1_104' title='bbox 424 910 593 946; x_wconf 90' lang='lat' dir='ltr'>cessavit.</span> <span class='ocrx_word' id='word_1_105' title='bbox 621 909 750 953; x_wconf 83' lang='lat' dir='ltr'>Aliter,</span> <span class='ocrx_word' id='word_1_106' title='bbox 782 919 848 955; x_wconf 88' lang='lat' dir='ltr'>per</span> <span class='ocrx_word' id='word_1_107' title='bbox 866 914 1074 945; x_wconf 87' lang='lat' dir='ltr'>sanctorum</span> 
     </span>
     <span class='ocr_line' id='line_1_34' title="bbox 25 968 1072 1016; baseline -0.002 -9"><span class='ocrx_word' id='word_1_108' title='bbox 25 969 211 1012; x_wconf 88' lang='lat' dir='ltr'>ationes,</span> <span class='ocrx_word' id='word_1_109' title='bbox 231 970 326 1016; x_wconf 90' lang='lat' dir='ltr'>quod</span> <span class='ocrx_word' id='word_1_110' title='bbox 347 974 404 1006; x_wconf 90' lang='lat' dir='ltr'>est</span> <span class='ocrx_word' id='word_1_111' title='bbox 423 969 610 1005; x_wconf 90' lang='lat' dir='ltr'>incensum</span> <span class='ocrx_word' id='word_1_112' title='bbox 630 968 885 1005; x_wconf 88' lang='lat' dir='ltr'>suavissimum</span> <span class='ocrx_word' id='word_1_113' title='bbox 906 968 1072 1013; x_wconf 86' lang='lat' dir='ltr'>Domino,</span> 
     </span>
     <span class='ocr_line' id='line_1_35' title="bbox 29 1028 1073 1075; baseline -0.004 -7"><span class='ocrx_word' id='word_1_114' title='bbox 29 1030 173 1068; x_wconf 68' lang='lat' dir='ltr'>uindicta</span> <span class='ocrx_word' id='word_1_115' title='bbox 193 1028 290 1074; x_wconf 87' lang='lat' dir='ltr'>juste</span> <span class='ocrx_word' id='word_1_116' title='bbox 318 1029 513 1066; x_wconf 88' lang='lat' dir='ltr'>imminens</span> <span class='ocrx_word' id='word_1_117' title='bbox 537 1028 670 1075; x_wconf 88' lang='lat' dir='ltr'>populo</span> <span class='ocrx_word' id='word_1_118' title='bbox 693 1028 856 1073; x_wconf 78' lang='lat' dir='ltr'>peccanti</span> <span class='ocrx_word' id='word_1_119' title='bbox 876 1028 1073 1075; x_wconf 87' lang='lat' dir='ltr'>mitigatur.</span> 
     </span>
     <span class='ocr_line' id='line_1_36' title="bbox 22 1089 1076 1136; baseline -0.005 -6"><span class='ocrx_word' id='word_1_120' title='bbox 22 1102 26 1122; x_wconf 73' lang='lat'>1</span> <span class='ocrx_word' id='word_1_121' title='bbox 49 1102 94 1130; x_wconf 88' lang='lat' dir='ltr'>uo</span> <span class='ocrx_word' id='word_1_122' title='bbox 119 1091 216 1128; x_wconf 89' lang='lat' dir='ltr'>enim</span> <span class='ocrx_word' id='word_1_123' title='bbox 234 1089 360 1136; x_wconf 87' lang='lat' dir='ltr'>purius</span> <span class='ocrx_word' id='word_1_124' title='bbox 385 1090 510 1125; x_wconf 89' lang='lat' dir='ltr'>talium</span> <span class='ocrx_word' id='word_1_125' title='bbox 532 1099 634 1125; x_wconf 89' lang='lat' dir='ltr'>mens</span> <span class='ocrx_word' id='word_1_126' title='bbox 652 1089 751 1125; x_wconf 92' lang='lat' dir='ltr'>omni</span> <span class='ocrx_word' id='word_1_127' title='bbox 769 1094 923 1126; x_wconf 74' lang='lat' dir='ltr'>terrenae</span> <span class='ocrx_word' id='word_1_128' title='bbox 938 1089 1076 1135; x_wconf 89' lang='lat' dir='ltr'>cupidi-</span> 
     </span>
     <span class='ocr_line' id='line_1_37' title="bbox 38 1150 1076 1190; baseline -0.004 1"><span class='ocrx_word' id='word_1_129' title='bbox 38 1152 102 1190; x_wconf 87' lang='lat' dir='ltr'>tis</span> <span class='ocrx_word' id='word_1_130' title='bbox 119 1155 289 1189; x_wconf 87' lang='lat' dir='ltr'>contactu</span> <span class='ocrx_word' id='word_1_131' title='bbox 314 1150 491 1187; x_wconf 82' lang='lat' dir='ltr'>defoecata</span> <span class='ocrx_word' id='word_1_132' title='bbox 511 1155 568 1187; x_wconf 91' lang='lat' dir='ltr'>est</span> <span class='ocrx_word' id='word_1_133' title='bbox 586 1155 622 1186; x_wconf 90' lang='lat' dir='ltr'>et</span> <span class='ocrx_word' id='word_1_134' title='bbox 647 1150 733 1187; x_wconf 92' lang='lat' dir='ltr'>solis</span> <span class='ocrx_word' id='word_1_135' title='bbox 751 1151 911 1187; x_wconf 88' lang='lat' dir='ltr'>coelestis</span> <span class='ocrx_word' id='word_1_136' title='bbox 938 1150 1076 1187; x_wconf 90' lang='lat' dir='ltr'>deside-</span> 
     </span>
    </p>
   </div>
   <div class='ocr_carea' id='block_1_3' title="bbox 23 1270 1084 2048">
    <p class='ocr_par' dir='ltr' id='par_1_4' title="bbox 23 1270 1084 2048">
     <span class='ocr_line' id='line_1_38' title="bbox 23 1270 1076 1320; baseline -0.007 -7"><span class='ocrx_word' id='word_1_137' title='bbox 23 1288 25 1290; x_wconf 92' lang='lat'>·</span> <span class='ocrx_word' id='word_1_138' title='bbox 54 1281 105 1313; x_wconf 84' lang='lat' dir='ltr'>at</span> <span class='ocrx_word' id='word_1_139' title='bbox 127 1287 136 1311; x_wconf 74' lang='grc' dir='ltr'>ε</span> <span class='ocrx_word' id='word_1_140' title='bbox 159 1284 239 1320; x_wconf 85' lang='lat' dir='ltr'>quae</span> <span class='ocrx_word' id='word_1_141' title='bbox 265 1283 366 1309; x_wconf 92' lang='lat' dir='ltr'>more</span> <span class='ocrx_word' id='word_1_142' title='bbox 387 1271 635 1319; x_wconf 80' lang='lat' dir='ltr'>thymiamatis</span> <span class='ocrx_word' id='word_1_143' title='bbox 654 1271 691 1307; x_wconf 90' lang='lat' dir='ltr'>in</span> <span class='ocrx_word' id='word_1_144' title='bbox 711 1276 904 1318; x_wconf 88' lang='lat' dir='ltr'>conspectu</span> <span class='ocrx_word' id='word_1_145' title='bbox 922 1271 987 1307; x_wconf 85' lang='lat' dir='ltr'>Dei</span> <span class='ocrx_word' id='word_1_146' title='bbox 1011 1270 1076 1306; x_wconf 87' lang='lat' dir='ltr'>ssa-</span> 
     </span>
     <span class='ocr_line' id='line_1_39' title="bbox 69 1331 1076 1380; baseline -0.003 -11"><span class='ocrx_word' id='word_1_147' title='bbox 69 1342 112 1380; x_wconf 93' lang='lat' dir='ltr'>t,</span> <span class='ocrx_word' id='word_1_148' title='bbox 148 1341 184 1373; x_wconf 90' lang='lat' dir='ltr'>et</span> <span class='ocrx_word' id='word_1_149' title='bbox 220 1335 334 1371; x_wconf 90' lang='lat' dir='ltr'>instar</span> <span class='ocrx_word' id='word_1_150' title='bbox 366 1333 593 1370; x_wconf 89' lang='lat' dir='ltr'>mundissimi</span> <span class='ocrx_word' id='word_1_151' title='bbox 625 1332 836 1375; x_wconf 85' lang='lat' dir='ltr'>holocausti,</span> <span class='ocrx_word' id='word_1_152' title='bbox 863 1332 908 1368; x_wconf 85' lang='lat' dir='ltr'>ab</span> <span class='ocrx_word' id='word_1_153' title='bbox 938 1342 1001 1367; x_wconf 87' lang='lat' dir='ltr'>ara</span> <span class='ocrx_word' id='word_1_154' title='bbox 1026 1331 1076 1377; x_wconf 90' lang='lat' dir='ltr'>pii</span> 
     </span>
     <span class='ocr_line' id='line_1_40' title="bbox 47 1391 1076 1434; baseline -0.002 -5"><span class='ocrx_word' id='word_1_155' title='bbox 47 1396 137 1434; x_wconf 88' lang='lat' dir='ltr'>rdis</span> <span class='ocrx_word' id='word_1_156' title='bbox 164 1393 310 1430; x_wconf 84' lang='lat' dir='ltr'>flamma</span> <span class='ocrx_word' id='word_1_157' title='bbox 338 1398 471 1430; x_wconf 85' lang='lat' dir='ltr'>sanctae</span> <span class='ocrx_word' id='word_1_158' title='bbox 495 1392 697 1429; x_wconf 90' lang='lat' dir='ltr'>devotionis</span> <span class='ocrx_word' id='word_1_159' title='bbox 730 1392 766 1428; x_wconf 89' lang='lat' dir='ltr'>in</span> <span class='ocrx_word' id='word_1_160' title='bbox 790 1391 920 1428; x_wconf 90' lang='lat' dir='ltr'>coelum</span> <span class='ocrx_word' id='word_1_161' title='bbox 945 1391 1076 1428; x_wconf 90' lang='lat' dir='ltr'>subvo-</span> 
     </span>
     <span class='ocr_line' id='line_1_41' title="bbox 55 1452 1075 1499; baseline -0.007 -6"><span class='ocrx_word' id='word_1_162' title='bbox 55 1461 81 1494; x_wconf 89' lang='lat' dir='ltr'>t.</span> <span class='ocrx_word' id='word_1_163' title='bbox 102 1455 178 1492; x_wconf 86' lang='lat' dir='ltr'>Hoc</span> <span class='ocrx_word' id='word_1_164' title='bbox 196 1459 317 1491; x_wconf 89' lang='lat' dir='ltr'>autem</span> <span class='ocrx_word' id='word_1_165' title='bbox 335 1453 516 1499; x_wconf 82' lang='lat' dir='ltr'>praecipue</span> <span class='ocrx_word' id='word_1_166' title='bbox 537 1452 673 1488; x_wconf 88' lang='lat' dir='ltr'>sanctis</span> <span class='ocrx_word' id='word_1_167' title='bbox 694 1452 865 1499; x_wconf 89' lang='lat' dir='ltr'>apostolis</span> <span class='ocrx_word' id='word_1_168' title='bbox 884 1456 921 1487; x_wconf 89' lang='lat' dir='ltr'>et</span> <span class='ocrx_word' id='word_1_169' title='bbox 938 1456 1075 1498; x_wconf 84' lang='lat' dir='ltr'>marty-</span> 
     </span>
     <span class='ocr_line' id='line_1_42' title="bbox 34 1511 1078 1562; baseline -0.009 -7"><span class='ocrx_word' id='word_1_170' title='bbox 34 1517 121 1555; x_wconf 85' lang='lat' dir='ltr'>bus</span> <span class='ocrx_word' id='word_1_171' title='bbox 135 1515 317 1562; x_wconf 87' lang='lat' dir='ltr'>congruit,</span> <span class='ocrx_word' id='word_1_172' title='bbox 337 1523 492 1560; x_wconf 90' lang='lat' dir='ltr'>quorum</span> <span class='ocrx_word' id='word_1_173' title='bbox 512 1511 736 1549; x_wconf 84' lang='lat' dir='ltr'>orationibus</span> <span class='ocrx_word' id='word_1_174' title='bbox 752 1521 846 1558; x_wconf 69' lang='lat' dir='ltr'>saepe</span> <span class='ocrx_word' id='word_1_175' title='bbox 862 1511 1078 1558; x_wconf 82' lang='lat' dir='ltr'>propitiatur</span> 
     </span>
     <span class='ocr_line' id='line_1_43' title="bbox 25 1571 1080 1621; baseline -0.007 -8"><span class='ocrx_word' id='word_1_176' title='bbox 25 1590 30 1598; x_wconf 91' lang='lat'><em>·</em></span> <span class='ocrx_word' id='word_1_177' title='bbox 51 1586 116 1614; x_wconf 90' lang='lat' dir='ltr'>eus</span> <span class='ocrx_word' id='word_1_178' title='bbox 141 1574 301 1621; x_wconf 86' lang='lat' dir='ltr'>peccatis</span> <span class='ocrx_word' id='word_1_179' title='bbox 319 1573 442 1619; x_wconf 88' lang='lat' dir='ltr'>populi</span> <span class='ocrx_word' id='word_1_180' title='bbox 461 1572 543 1615; x_wconf 90' lang='lat' dir='ltr'>sui;</span> <span class='ocrx_word' id='word_1_181' title='bbox 571 1571 703 1617; x_wconf 90' lang='lat' dir='ltr'>quique</span> <span class='ocrx_word' id='word_1_182' title='bbox 731 1571 942 1616; x_wconf 90' lang='lat' dir='ltr'>semetipsos</span> <span class='ocrx_word' id='word_1_183' title='bbox 972 1580 1080 1616; x_wconf 90' lang='lat' dir='ltr'>super</span> 
     </span>
     <span class='ocr_line' id='line_1_44' title="bbox 34 1631 1079 1679; baseline -0.007 -6"><span class='ocrx_word' id='word_1_184' title='bbox 34 1637 135 1673; x_wconf 83' lang='lat' dir='ltr'>litare</span> <span class='ocrx_word' id='word_1_185' title='bbox 151 1634 231 1679; x_wconf 90' lang='lat' dir='ltr'>Dei,</span> <span class='ocrx_word' id='word_1_186' title='bbox 250 1634 286 1670; x_wconf 76' lang='lat' dir='ltr'>id</span> <span class='ocrx_word' id='word_1_187' title='bbox 301 1639 370 1677; x_wconf 91' lang='lat' dir='ltr'>est,</span> <span class='ocrx_word' id='word_1_188' title='bbox 385 1642 452 1679; x_wconf 91' lang='lat' dir='ltr'>pro</span> <span class='ocrx_word' id='word_1_189' title='bbox 470 1632 540 1668; x_wconf 86' lang='lat' dir='ltr'>fide</span> <span class='ocrx_word' id='word_1_190' title='bbox 553 1631 700 1675; x_wconf 85' lang='lat' dir='ltr'>Christi,</span> <span class='ocrx_word' id='word_1_191' title='bbox 720 1636 815 1668; x_wconf 90' lang='lat' dir='ltr'>totos</span> <span class='ocrx_word' id='word_1_192' title='bbox 831 1631 1079 1667; x_wconf 90' lang='lat' dir='ltr'>holocaustum</span> 
     </span>
     <span class='ocr_line' id='line_1_45' title="bbox 54 1691 1081 1738; baseline -0.005 -6"><span class='ocrx_word' id='word_1_193' title='bbox 54 1695 174 1733; x_wconf 90' lang='lat' dir='ltr'>omino</span> <span class='ocrx_word' id='word_1_194' title='bbox 196 1693 416 1730; x_wconf 90' lang='lat' dir='ltr'>obtulerunt.</span> <span class='ocrx_word' id='word_1_195' title='bbox 452 1691 554 1728; x_wconf 91' lang='lat' dir='ltr'>Unde</span> <span class='ocrx_word' id='word_1_196' title='bbox 577 1696 613 1728; x_wconf 89' lang='lat' dir='ltr'>et</span> <span class='ocrx_word' id='word_1_197' title='bbox 637 1692 680 1727; x_wconf 91' lang='lat' dir='ltr'>de</span> <span class='ocrx_word' id='word_1_198' title='bbox 701 1692 789 1738; x_wconf 88' lang='lat' dir='ltr'>ipsis</span> <span class='ocrx_word' id='word_1_199' title='bbox 809 1691 996 1738; x_wconf 87' lang='lat' dir='ltr'>Scriptura</span> <span class='ocrx_word' id='word_1_200' title='bbox 1027 1691 1081 1727; x_wconf 88' lang='lat' dir='ltr'>di-</span> 
     </span>
     <span class='ocr_line' id='line_1_46' title="bbox 36 1754 1082 1803; baseline -0.004 -9"><span class='ocrx_word' id='word_1_201' title='bbox 36 1758 73 1794; x_wconf 66' lang='lat' dir='ltr'>&#39;t</span> <span class='ocrx_word' id='word_1_202' title='bbox 93 1769 102 1794; x_wconf 71' lang='grc' dir='ltr'><strong>ε</strong></span> <span class='ocrx_word' id='word_1_203' title='bbox 130 1769 142 1792; x_wconf 88' lang='lat'><strong>‹</strong></span> <span class='ocrx_word' id='word_1_204' title='bbox 169 1757 356 1803; x_wconf 85' lang='lat' dir='ltr'>Tanquam</span> <span class='ocrx_word' id='word_1_205' title='bbox 377 1766 505 1792; x_wconf 89' lang='lat' dir='ltr'>aurum</span> <span class='ocrx_word' id='word_1_206' title='bbox 525 1756 561 1791; x_wconf 92' lang='lat' dir='ltr'>in</span> <span class='ocrx_word' id='word_1_207' title='bbox 582 1754 728 1792; x_wconf 82' lang='lat' dir='ltr'>fornace</span> <span class='ocrx_word' id='word_1_208' title='bbox 746 1754 911 1801; x_wconf 89' lang='lat' dir='ltr'>probavit</span> <span class='ocrx_word' id='word_1_209' title='bbox 931 1754 1026 1798; x_wconf 91' lang='lat' dir='ltr'>illos,</span> <span class='ocrx_word' id='word_1_210' title='bbox 1044 1759 1082 1790; x_wconf 91' lang='lat' dir='ltr'>et</span> 
     </span>
     <span class='ocr_line' id='line_1_47' title="bbox 42 1814 1076 1863; baseline -0.006 -8"><span class='ocrx_word' id='word_1_211' title='bbox 42 1819 116 1856; x_wconf 84' lang='lat' dir='ltr'>icut</span> <span class='ocrx_word' id='word_1_212' title='bbox 136 1817 336 1856; x_wconf 85' lang='lat' dir='ltr'>holocausti</span> <span class='ocrx_word' id='word_1_213' title='bbox 358 1818 513 1855; x_wconf 86' lang='lat' dir='ltr'>hostiam</span> <span class='ocrx_word' id='word_1_214' title='bbox 534 1817 674 1863; x_wconf 89' lang='lat' dir='ltr'>accepit</span> <span class='ocrx_word' id='word_1_215' title='bbox 699 1815 778 1852; x_wconf 91' lang='lat' dir='ltr'>illos</span> <span class='ocrx_word' id='word_1_216' title='bbox 805 1815 904 1862; x_wconf 86' lang='lat' dir='ltr'>(Sap.</span> <span class='ocrx_word' id='word_1_217' title='bbox 932 1814 1037 1862; x_wconf 87' lang='lat' dir='ltr'>xvn).</span> <span class='ocrx_word' id='word_1_218' title='bbox 1064 1827 1076 1849; x_wconf 83' lang='lat'><strong>›</strong></span> 
     </span>
     <span class='ocr_line' id='line_1_48' title="bbox 25 1875 1082 1924; baseline -0.007 -7"><span class='ocrx_word' id='word_1_219' title='bbox 25 1880 119 1918; x_wconf 70' lang='lat' dir='ltr'>stud</span> <span class='ocrx_word' id='word_1_220' title='bbox 147 1886 203 1917; x_wconf 85' lang='lat' dir='ltr'>est</span> <span class='ocrx_word' id='word_1_221' title='bbox 223 1880 336 1916; x_wconf 88' lang='lat' dir='ltr'>altare</span> <span class='ocrx_word' id='word_1_222' title='bbox 366 1880 430 1915; x_wconf 90' lang='lat' dir='ltr'>Dei</span> <span class='ocrx_word' id='word_1_223' title='bbox 457 1879 523 1915; x_wconf 92' lang='lat' dir='ltr'>sub</span> <span class='ocrx_word' id='word_1_224' title='bbox 549 1888 619 1924; x_wconf 91' lang='lat' dir='ltr'>quo</span> <span class='ocrx_word' id='word_1_225' title='bbox 651 1877 789 1913; x_wconf 87' lang='lat' dir='ltr'>animas</span> <span class='ocrx_word' id='word_1_226' title='bbox 812 1875 1082 1913; x_wconf 82' lang='lat' dir='ltr'>interfectorum</span> 
     </span>
     <span class='ocr_line' id='line_1_49' title="bbox 47 1926 1083 1988; baseline -0.007 -10"><span class='ocrx_word' id='word_1_227' title='bbox 47 1947 168 1988; x_wconf 90' lang='lat' dir='ltr'>ropter</span> <span class='ocrx_word' id='word_1_228' title='bbox 194 1941 344 1977; x_wconf 91' lang='lat' dir='ltr'>verbum</span> <span class='ocrx_word' id='word_1_229' title='bbox 373 1926 437 1975; x_wconf 80' lang='lat' dir='ltr'>Dei</span> <span class='ocrx_word' id='word_1_230' title='bbox 461 1944 499 1975; x_wconf 88' lang='lat' dir='ltr'>et</span> <span class='ocrx_word' id='word_1_231' title='bbox 525 1937 771 1975; x_wconf 87' lang='lat' dir='ltr'>testimonium</span> <span class='ocrx_word' id='word_1_232' title='bbox 794 1935 893 1980; x_wconf 88' lang='lat' dir='ltr'>Jesu,</span> <span class='ocrx_word' id='word_1_233' title='bbox 925 1935 1083 1972; x_wconf 90' lang='lat' dir='ltr'>Joannes</span> 
     </span>
     <span class='ocr_line' id='line_1_50' title="bbox 33 1998 1084 2048; baseline -0.005 -8"><span class='ocrx_word' id='word_1_234' title='bbox 33 2003 221 2040; x_wconf 78' lang='lat' dir='ltr'>llamantes</span> <span class='ocrx_word' id='word_1_235' title='bbox 250 2003 287 2038; x_wconf 93' lang='lat' dir='ltr'>in</span> <span class='ocrx_word' id='word_1_236' title='bbox 305 2002 518 2048; x_wconf 81' lang='lat' dir='ltr'>Apocalypsi</span> <span class='ocrx_word' id='word_1_237' title='bbox 548 2000 638 2036; x_wconf 92' lang='lat' dir='ltr'>vidit</span> <span class='ocrx_word' id='word_1_238' title='bbox 661 1999 763 2047; x_wconf 85' lang='lat' dir='ltr'>(Gap.</span> <span class='ocrx_word' id='word_1_239' title='bbox 784 1998 852 2045; x_wconf 77' lang='lat' dir='ltr'>vi),</span> <span class='ocrx_word' id='word_1_240' title='bbox 882 1998 926 2034; x_wconf 95' lang='lat' dir='ltr'>de</span> <span class='ocrx_word' id='word_1_241' title='bbox 954 1998 1084 2043; x_wconf 91' lang='lat' dir='ltr'>quibus</span> 
     </span>
    </p>
   </div>
   <div class='ocr_carea' id='block_1_4' title="bbox 28 2177 1094 3013">
    <p class='ocr_par' dir='ltr' id='par_1_5' title="bbox 28 2177 1094 3013">
     <span class='ocr_line' id='line_1_51' title="bbox 46 2177 1087 2229; baseline -0.009 -8"><span class='ocrx_word' id='word_1_242' title='bbox 46 2199 57 2215; x_wconf 44' lang='grc' dir='ltr'>α,</span> <span class='ocrx_word' id='word_1_243' title='bbox 67 2190 235 2221; x_wconf 90' lang='lat' dir='ltr'>nctorum</span> <span class='ocrx_word' id='word_1_244' title='bbox 249 2188 450 2229; x_wconf 74' lang='lat' dir='ltr'>martyrum</span> <span class='ocrx_word' id='word_1_245' title='bbox 465 2179 703 2221; x_wconf 85' lang='lat' dir='ltr'>benedicitur,</span> <span class='ocrx_word' id='word_1_246' title='bbox 716 2189 797 2215; x_wconf 91' lang='lat' dir='ltr'>cum</span> <span class='ocrx_word' id='word_1_247' title='bbox 813 2187 939 2215; x_wconf 82' lang='lat' dir='ltr'>eorum</span> <span class='ocrx_word' id='word_1_248' title='bbox 954 2177 1087 2213; x_wconf 84' lang='lat' dir='ltr'>invicta</span> 
     </span>
     <span class='ocr_line' id='line_1_52' title="bbox 36 2235 1088 2288; baseline -0.01 -7"><span class='ocrx_word' id='word_1_249' title='bbox 36 2243 198 2281; x_wconf 85' lang='lat' dir='ltr'>atientia</span> <span class='ocrx_word' id='word_1_250' title='bbox 226 2242 366 2278; x_wconf 85' lang='lat' dir='ltr'>coelesti</span> <span class='ocrx_word' id='word_1_251' title='bbox 399 2240 513 2288; x_wconf 89' lang='lat' dir='ltr'>gloria</span> <span class='ocrx_word' id='word_1_252' title='bbox 539 2243 805 2274; x_wconf 84' lang='lat' dir='ltr'>remuneratur.</span> <span class='ocrx_word' id='word_1_253' title='bbox 835 2237 939 2282; x_wconf 85' lang='lat' dir='ltr'>Quod</span> <span class='ocrx_word' id='word_1_254' title='bbox 967 2235 1088 2272; x_wconf 86' lang='lat' dir='ltr'>verbis</span> 
     </span>
     <span class='ocr_line' id='line_1_53' title="bbox 39 2300 1086 2350; baseline -0.01 -9"><span class='ocrx_word' id='word_1_255' title='bbox 39 2304 108 2341; x_wconf 85' lang='lat' dir='ltr'>uiis</span> <span class='ocrx_word' id='word_1_256' title='bbox 127 2303 302 2350; x_wconf 88' lang='lat' dir='ltr'>repetisse</span> <span class='ocrx_word' id='word_1_257' title='bbox 321 2302 464 2337; x_wconf 84' lang='lat' dir='ltr'>videtur</span> <span class='ocrx_word' id='word_1_258' title='bbox 483 2300 660 2341; x_wconf 87' lang='lat' dir='ltr'>addendo,</span> <span class='ocrx_word' id='word_1_259' title='bbox 690 2311 702 2331; x_wconf 86' lang='lat'>‹</span> <span class='ocrx_word' id='word_1_260' title='bbox 726 2304 762 2335; x_wconf 91' lang='lat' dir='ltr'>et</span> <span class='ocrx_word' id='word_1_261' title='bbox 782 2307 896 2343; x_wconf 89' lang='lat' dir='ltr'>opera</span> <span class='ocrx_word' id='word_1_262' title='bbox 914 2307 1086 2333; x_wconf 87' lang='lat' dir='ltr'>manuum</span> 
     </span>
     <span class='ocr_line' id='line_1_54' title="bbox 28 2357 1086 2410; baseline -0.009 -8"><span class='ocrx_word' id='word_1_263' title='bbox 28 2364 126 2402; x_wconf 79' lang='lat' dir='ltr'>ttius</span> <span class='ocrx_word' id='word_1_264' title='bbox 141 2363 298 2410; x_wconf 90' lang='lat' dir='ltr'>suscipe.</span> <span class='ocrx_word' id='word_1_265' title='bbox 326 2375 337 2397; x_wconf 88' lang='lat'><strong>›</strong></span> <span class='ocrx_word' id='word_1_266' title='bbox 362 2362 500 2397; x_wconf 82' lang='lat' dir='ltr'>Dantur</span> <span class='ocrx_word' id='word_1_267' title='bbox 514 2360 567 2396; x_wconf 90' lang='lat' dir='ltr'>eis</span> <span class='ocrx_word' id='word_1_268' title='bbox 586 2370 681 2395; x_wconf 86' lang='lat' dir='ltr'>nunc</span> <span class='ocrx_word' id='word_1_269' title='bbox 701 2358 850 2405; x_wconf 84' lang='lat' dir='ltr'>singulae</span> <span class='ocrx_word' id='word_1_270' title='bbox 866 2357 965 2394; x_wconf 83' lang='lat' dir='ltr'>stolae</span> <span class='ocrx_word' id='word_1_271' title='bbox 985 2357 1086 2400; x_wconf 82' lang='lat' dir='ltr'>albae,</span> 
     </span>
     <span class='ocr_line' id='line_1_55' title="bbox 38 2419 1090 2470; baseline -0.008 -10"><span class='ocrx_word' id='word_1_272' title='bbox 38 2425 123 2462; x_wconf 75' lang='lat' dir='ltr'>licut</span> <span class='ocrx_word' id='word_1_273' title='bbox 145 2424 182 2460; x_wconf 93' lang='lat' dir='ltr'>in</span> <span class='ocrx_word' id='word_1_274' title='bbox 202 2421 418 2470; x_wconf 77' lang='lat' dir='ltr'>Apocalypsi</span> <span class='ocrx_word' id='word_1_275' title='bbox 438 2421 605 2467; x_wconf 85' lang='lat' dir='ltr'>legimus,</span> <span class='ocrx_word' id='word_1_276' title='bbox 622 2419 729 2455; x_wconf 85' lang='lat' dir='ltr'>beata</span> <span class='ocrx_word' id='word_1_277' title='bbox 741 2419 1090 2465; x_wconf 30' lang='lat' dir='ltr'>scilicet-animarum</span> 
     </span>
     <span class='ocr_line' id='line_1_56' title="bbox 46 2478 1090 2531; baseline -0.01 -8"><span class='ocrx_word' id='word_1_278' title='bbox 46 2486 173 2530; x_wconf 82' lang='lat' dir='ltr'>titia3</span> <span class='ocrx_word' id='word_1_279' title='bbox 194 2490 230 2521; x_wconf 91' lang='lat' dir='ltr'>et</span> <span class='ocrx_word' id='word_1_280' title='bbox 250 2485 287 2521; x_wconf 91' lang='lat' dir='ltr'>in</span> <span class='ocrx_word' id='word_1_281' title='bbox 314 2482 451 2531; x_wconf 85' lang='lat' dir='ltr'>judicio</span> <span class='ocrx_word' id='word_1_282' title='bbox 471 2481 617 2524; x_wconf 81' lang='lat' dir='ltr'>futuro,</span> <span class='ocrx_word' id='word_1_283' title='bbox 642 2481 798 2527; x_wconf 87' lang='lat' dir='ltr'>receptis</span> <span class='ocrx_word' id='word_1_284' title='bbox 826 2478 1090 2516; x_wconf 84' lang='lat' dir='ltr'>immortalibus</span> 
     </span>
     <span class='ocr_line' id='line_1_57' title="bbox 53 2539 1089 2595; baseline -0.011 -11"><span class='ocrx_word' id='word_1_285' title='bbox 53 2557 73 2584; x_wconf 91' lang='lat' dir='ltr'>c</span> <span class='ocrx_word' id='word_1_286' title='bbox 93 2546 279 2595; x_wconf 83' lang='lat' dir='ltr'>praeclaris</span> <span class='ocrx_word' id='word_1_287' title='bbox 299 2556 345 2581; x_wconf 88' lang='lat' dir='ltr'>ex</span> <span class='ocrx_word' id='word_1_288' title='bbox 364 2543 632 2581; x_wconf 89' lang='lat' dir='ltr'>resurrectione</span> <span class='ocrx_word' id='word_1_289' title='bbox 650 2541 862 2588; x_wconf 87' lang='lat' dir='ltr'>corporibus</span> <span class='ocrx_word' id='word_1_290' title='bbox 880 2539 1089 2586; x_wconf 82' lang='lat' dir='ltr'>fulgebunt,</span> 
     </span>
     <span class='ocr_line' id='line_1_58' title="bbox 43 2599 1087 2652; baseline -0.011 -9"><span class='ocrx_word' id='word_1_291' title='bbox 43 2611 70 2643; x_wconf 81' lang='lat' dir='ltr'>tt</span> <span class='ocrx_word' id='word_1_292' title='bbox 95 2605 286 2652; x_wconf 86' lang='lat' dir='ltr'>Scriptura</span> <span class='ocrx_word' id='word_1_293' title='bbox 305 2603 404 2646; x_wconf 88' lang='lat' dir='ltr'>dicit,</span> <span class='ocrx_word' id='word_1_294' title='bbox 430 2615 443 2637; x_wconf 70' lang='lat' dir='ltr'>r</span> <span class='ocrx_word' id='word_1_295' title='bbox 474 2608 509 2638; x_wconf 89' lang='lat' dir='ltr'>et</span> <span class='ocrx_word' id='word_1_296' title='bbox 536 2607 707 2646; x_wconf 88' lang='lat' dir='ltr'>tanquam</span> <span class='ocrx_word' id='word_1_297' title='bbox 736 2599 900 2635; x_wconf 82' lang='lat' dir='ltr'>scintillae</span> <span class='ocrx_word' id='word_1_298' title='bbox 923 2600 960 2634; x_wconf 89' lang='lat' dir='ltr'>in</span> <span class='ocrx_word' id='word_1_299' title='bbox 978 2608 1087 2633; x_wconf 88' lang='lat' dir='ltr'>arun-</span> 
     </span>
     <span class='ocr_line' id='line_1_59' title="bbox 33 2657 1088 2708; baseline -0.008 -6"><span class='ocrx_word' id='word_1_300' title='bbox 33 2666 153 2702; x_wconf 88' lang='lat' dir='ltr'>llineto</span> <span class='ocrx_word' id='word_1_301' title='bbox 174 2665 380 2700; x_wconf 87' lang='lat' dir='ltr'>discurrent</span> <span class='ocrx_word' id='word_1_302' title='bbox 410 2660 510 2708; x_wconf 83' lang='lat' dir='ltr'>(Sap.</span> <span class='ocrx_word' id='word_1_303' title='bbox 540 2661 612 2706; x_wconf 86' lang='lat'>111).</span> <span class='ocrx_word' id='word_1_304' title='bbox 650 2672 661 2693; x_wconf 84' lang='lat'>1&gt;</span> <span class='ocrx_word' id='word_1_305' title='bbox 693 2658 895 2694; x_wconf 88' lang='lat' dir='ltr'>Exurentes</span> <span class='ocrx_word' id='word_1_306' title='bbox 920 2657 1088 2694; x_wconf 89' lang='lat' dir='ltr'>videlicet</span> 
     </span>
     <span class='ocr_line' id='line_1_60' title="bbox 43 2717 1091 2765; baseline -0.008 -3"><span class='ocrx_word' id='word_1_307' title='bbox 43 2734 166 2762; x_wconf 77' lang='lat' dir='ltr'>racuos</span> <span class='ocrx_word' id='word_1_308' title='bbox 201 2730 322 2760; x_wconf 84' lang='lat' dir='ltr'>mente</span> <span class='ocrx_word' id='word_1_309' title='bbox 359 2727 396 2758; x_wconf 92' lang='lat' dir='ltr'>et</span> <span class='ocrx_word' id='word_1_310' title='bbox 434 2720 680 2757; x_wconf 78' lang='lat' dir='ltr'>infructuosos</span> <span class='ocrx_word' id='word_1_311' title='bbox 714 2728 823 2765; x_wconf 89' lang='lat' dir='ltr'>opere</span> <span class='ocrx_word' id='word_1_312' title='bbox 865 2717 1091 2754; x_wconf 87' lang='lat' dir='ltr'>adversarios</span> 
     </span>
     <span class='ocr_line' id='line_1_61' title="bbox 39 2778 1093 2830; baseline -0.008 -7"><span class='ocrx_word' id='word_1_313' title='bbox 39 2796 130 2829; x_wconf 90' lang='lat' dir='ltr'>uos,</span> <span class='ocrx_word' id='word_1_314' title='bbox 165 2785 210 2821; x_wconf 88' lang='lat' dir='ltr'>de</span> <span class='ocrx_word' id='word_1_315' title='bbox 242 2793 395 2830; x_wconf 87' lang='lat' dir='ltr'>quorum</span> <span class='ocrx_word' id='word_1_316' title='bbox 430 2791 537 2828; x_wconf 88' lang='lat' dir='ltr'>poena</span> <span class='ocrx_word' id='word_1_317' title='bbox 569 2790 652 2816; x_wconf 87' lang='lat' dir='ltr'>mox</span> <span class='ocrx_word' id='word_1_318' title='bbox 679 2779 870 2825; x_wconf 88' lang='lat' dir='ltr'>sequitur:</span> <span class='ocrx_word' id='word_1_319' title='bbox 898 2791 909 2811; x_wconf 79' lang='grc' dir='ltr'><strong><em>ι</em></strong></span> <span class='ocrx_word' id='word_1_320' title='bbox 940 2778 1093 2815; x_wconf 88' lang='lat' dir='ltr'>Percute</span> 
     </span>
     <span class='ocr_line' id='line_1_62' title="bbox 28 2839 1093 2888; baseline -0.008 -8"><span class='ocrx_word' id='word_1_321' title='bbox 28 2859 52 2882; x_wconf 70' lang='grc' dir='ltr'>«ι</span> <span class='ocrx_word' id='word_1_322' title='bbox 82 2847 189 2884; x_wconf 85' lang='lat' dir='ltr'>dorsa</span> <span class='ocrx_word' id='word_1_323' title='bbox 207 2844 438 2881; x_wconf 89' lang='lat' dir='ltr'>inimicorum</span> <span class='ocrx_word' id='word_1_324' title='bbox 461 2842 558 2888; x_wconf 72' lang='lat' dir='ltr'>eJ&#39;us,</span> <span class='ocrx_word' id='word_1_325' title='bbox 588 2846 625 2877; x_wconf 93' lang='lat' dir='ltr'>et</span> <span class='ocrx_word' id='word_1_326' title='bbox 644 2840 705 2886; x_wconf 91' lang='lat' dir='ltr'>qui</span> <span class='ocrx_word' id='word_1_327' title='bbox 725 2839 878 2875; x_wconf 88' lang='lat' dir='ltr'>oderunt</span> <span class='ocrx_word' id='word_1_328' title='bbox 904 2847 1000 2881; x_wconf 91' lang='lat' dir='ltr'>eum,</span> <span class='ocrx_word' id='word_1_329' title='bbox 1020 2847 1093 2873; x_wconf 90' lang='lat' dir='ltr'>non</span> 
     </span>
     <span class='ocr_line' id='line_1_63' title="bbox 28 2899 1094 2953; baseline -0.008 -12"><span class='ocrx_word' id='word_1_330' title='bbox 28 2920 53 2943; x_wconf 69' lang='grc' dir='ltr'>ιι</span> <span class='ocrx_word' id='word_1_331' title='bbox 83 2904 313 2953; x_wconf 81' lang='lat' dir='ltr'>consurgant.</span> <span class='ocrx_word' id='word_1_332' title='bbox 341 2917 354 2939; x_wconf 84' lang='lat'>›</span> <span class='ocrx_word' id='word_1_333' title='bbox 384 2903 608 2940; x_wconf 84' lang='lat' dir='ltr'>Videbantur</span> <span class='ocrx_word' id='word_1_334' title='bbox 637 2900 734 2937; x_wconf 90' lang='lat' dir='ltr'>enim</span> <span class='ocrx_word' id='word_1_335' title='bbox 769 2899 838 2936; x_wconf 88' lang='lat' dir='ltr'>sibi</span> <span class='ocrx_word' id='word_1_336' title='bbox 860 2899 1007 2944; x_wconf 90' lang='lat' dir='ltr'>impune</span> <span class='ocrx_word' id='word_1_337' title='bbox 1027 2902 1094 2938; x_wconf 85' lang='lat' dir='ltr'>¹tot</span> 
     </span>
     <span class='ocr_line' id='line_1_64' title="bbox 33 2958 1094 3013; baseline -0.012 -6"><span class='ocrx_word' id='word_1_338' title='bbox 33 2973 246 3007; x_wconf 62' lang='lat' dir='ltr'>:anctorum</span> <span class='ocrx_word' id='word_1_339' title='bbox 273 2970 474 3013; x_wconf 86' lang='lat' dir='ltr'>martyrum</span> <span class='ocrx_word' id='word_1_340' title='bbox 504 2962 718 3010; x_wconf 89' lang='lat' dir='ltr'>sanguinem</span> <span class='ocrx_word' id='word_1_341' title='bbox 750 2960 922 3004; x_wconf 79' lang='lat' dir='ltr'>sundere3</span> <span class='ocrx_word' id='word_1_342' title='bbox 955 2959 1018 2996; x_wconf 91' lang='lat' dir='ltr'>sed</span> <span class='ocrx_word' id='word_1_343' title='bbox 1040 2958 1094 2995; x_wconf 92' lang='lat' dir='ltr'>eis</span> 
     </span>
    </p>
   </div>
   <div class='ocr_carea' id='block_1_5' title="bbox 28 3083 1102 3875">
    <p class='ocr_par' dir='ltr' id='par_1_6' title="bbox 28 3083 1102 3875">
     <span class='ocr_line' id='line_1_65' title="bbox 28 3083 1092 3135; baseline -0.009 -7"><span class='ocrx_word' id='word_1_344' title='bbox 28 3095 179 3134; x_wconf 75' lang='lat' dir='ltr'>weram,</span> <span class='ocrx_word' id='word_1_345' title='bbox 206 3087 424 3135; x_wconf 87' lang='lat' dir='ltr'>parabatur,</span> <span class='ocrx_word' id='word_1_346' title='bbox 451 3085 636 3122; x_wconf 90' lang='lat' dir='ltr'>damnatio</span> <span class='ocrx_word' id='word_1_347' title='bbox 657 3083 826 3121; x_wconf 89' lang='lat' dir='ltr'>videlicet</span> <span class='ocrx_word' id='word_1_348' title='bbox 855 3083 1092 3129; x_wconf 88' lang='lat' dir='ltr'>sempiterna,</span> 
     </span>
     <span class='ocr_line' id='line_1_66' title="bbox 28 3145 1096 3199; baseline -0.009 -9"><span class='ocrx_word' id='word_1_349' title='bbox 28 3152 79 3190; x_wconf 69' lang='lat' dir='ltr'>un</span> <span class='ocrx_word' id='word_1_350' title='bbox 94 3161 203 3199; x_wconf 84' lang='lat' dir='ltr'>quam</span> <span class='ocrx_word' id='word_1_351' title='bbox 227 3154 373 3187; x_wconf 89' lang='lat' dir='ltr'>ruentes</span> <span class='ocrx_word' id='word_1_352' title='bbox 405 3147 502 3184; x_wconf 88' lang='lat' dir='ltr'>ultra</span> <span class='ocrx_word' id='word_1_353' title='bbox 534 3157 682 3195; x_wconf 83' lang='lat' dir='ltr'>surgere</span> <span class='ocrx_word' id='word_1_354' title='bbox 714 3156 787 3183; x_wconf 89' lang='lat' dir='ltr'>non</span> <span class='ocrx_word' id='word_1_355' title='bbox 815 3145 989 3181; x_wconf 89' lang='lat' dir='ltr'>valerent.</span> <span class='ocrx_word' id='word_1_356' title='bbox 1018 3145 1096 3181; x_wconf 89' lang='lat' dir='ltr'>Tali</span> 
     </span>
     <span class='ocr_line' id='line_1_67' title="bbox 51 3207 1098 3256; baseline -0.009 -5"><span class='ocrx_word' id='word_1_357' title='bbox 51 3228 55 3245; x_wconf 78' lang='grc' dir='ltr'>ι</span> <span class='ocrx_word' id='word_1_358' title='bbox 72 3213 274 3251; x_wconf 84' lang='lat' dir='ltr'>rcussione</span> <span class='ocrx_word' id='word_1_359' title='bbox 297 3211 488 3255; x_wconf 80' lang='lat' dir='ltr'>feriuntur,</span> <span class='ocrx_word' id='word_1_360' title='bbox 506 3209 551 3247; x_wconf 93' lang='lat' dir='ltr'>de</span> <span class='ocrx_word' id='word_1_361' title='bbox 570 3210 698 3256; x_wconf 83' lang='lat' dir='ltr'>quibus</span> <span class='ocrx_word' id='word_1_362' title='bbox 719 3207 889 3245; x_wconf 87' lang='lat' dir='ltr'>Salomon</span> <span class='ocrx_word' id='word_1_363' title='bbox 907 3207 958 3243; x_wconf 87' lang='lat' dir='ltr'>ait</span> <span class='ocrx_word' id='word_1_364' title='bbox 986 3218 995 3243; x_wconf 89' lang='lat'>:</span> <span class='ocrx_word' id='word_1_365' title='bbox 1018 3219 1030 3240; x_wconf 91' lang='lat'>‹</span> <span class='ocrx_word' id='word_1_366' title='bbox 1051 3207 1098 3243; x_wconf 88' lang='lat' dir='ltr'>Et</span> 
     </span>
     <span class='ocr_line' id='line_1_68' title="bbox 30 3263 1098 3322; baseline -0.007 -12"><span class='ocrx_word' id='word_1_367' title='bbox 30 3263 144 3322; x_wconf 62' lang='lat' dir='ltr'>uirga</span> <span class='ocrx_word' id='word_1_368' title='bbox 169 3272 205 3309; x_wconf 90' lang='lat' dir='ltr'>in</span> <span class='ocrx_word' id='word_1_369' title='bbox 232 3273 340 3309; x_wconf 90' lang='lat' dir='ltr'>dorso</span> <span class='ocrx_word' id='word_1_370' title='bbox 366 3269 662 3318; x_wconf 88' lang='lat' dir='ltr'>imprudentium.</span> <span class='ocrx_word' id='word_1_371' title='bbox 694 3282 706 3303; x_wconf 87' lang='lat'><strong>»</strong></span> <span class='ocrx_word' id='word_1_372' title='bbox 739 3268 826 3314; x_wconf 84' lang='lat' dir='ltr'>Quae</span> <span class='ocrx_word' id='word_1_373' title='bbox 847 3273 933 3305; x_wconf 90' lang='lat' dir='ltr'>tunc</span> <span class='ocrx_word' id='word_1_374' title='bbox 951 3277 1098 3314; x_wconf 87' lang='lat' dir='ltr'>percus-</span> 
     </span>
     <span class='ocr_line' id='line_1_69' title="bbox 30 3328 1101 3387; baseline -0.007 -15"><span class='ocrx_word' id='word_1_375' title='bbox 30 3343 164 3387; x_wconf 69' lang='lat' dir='ltr'>tserum</span> <span class='ocrx_word' id='word_1_376' title='bbox 191 3333 306 3371; x_wconf 90' lang='lat' dir='ltr'>oculis</span> <span class='ocrx_word' id='word_1_377' title='bbox 338 3332 617 3379; x_wconf 77' lang='lat' dir='ltr'>praesentabitur</span> <span class='ocrx_word' id='word_1_378' title='bbox 641 3341 725 3368; x_wconf 91' lang='lat' dir='ltr'>cum</span> <span class='ocrx_word' id='word_1_379' title='bbox 747 3331 851 3377; x_wconf 71' lang='lat' dir='ltr'>,iuxta</span> <span class='ocrx_word' id='word_1_380' title='bbox 875 3329 1008 3366; x_wconf 88' lang='lat' dir='ltr'>librum</span> <span class='ocrx_word' id='word_1_381' title='bbox 1036 3328 1101 3364; x_wconf 85' lang='lat' dir='ltr'>Sa-</span> 
     </span>
     <span class='ocr_line' id='line_1_70' title="bbox 30 3391 1099 3443; baseline -0.009 -8"><span class='ocrx_word' id='word_1_382' title='bbox 30 3391 202 3443; x_wconf 66' lang='lat' dir='ltr'>mientiae,</span> <span class='ocrx_word' id='word_1_383' title='bbox 222 3397 260 3433; x_wconf 90' lang='lat' dir='ltr'>in</span> <span class='ocrx_word' id='word_1_384' title='bbox 279 3395 420 3433; x_wconf 83' lang='lat' dir='ltr'>inferno</span> <span class='ocrx_word' id='word_1_385' title='bbox 435 3394 561 3443; x_wconf 87' lang='lat' dir='ltr'>positi,</span> <span class='ocrx_word' id='word_1_386' title='bbox 591 3399 628 3431; x_wconf 92' lang='lat' dir='ltr'>et</span> <span class='ocrx_word' id='word_1_387' title='bbox 643 3398 852 3430; x_wconf 85' lang='lat' dir='ltr'>sanctorum</span> <span class='ocrx_word' id='word_1_388' title='bbox 883 3397 1099 3438; x_wconf 89' lang='lat' dir='ltr'>martyrum,</span> 
     </span>
     <span class='ocr_line' id='line_1_71' title="bbox 30 3455 1100 3504; baseline -0.008 -9"><span class='ocrx_word' id='word_1_389' title='bbox 30 3467 136 3504; x_wconf 67' lang='lat' dir='ltr'>quos</span> <span class='ocrx_word' id='word_1_390' title='bbox 152 3457 214 3494; x_wconf 86' lang='lat' dir='ltr'>hic</span> <span class='ocrx_word' id='word_1_391' title='bbox 231 3467 361 3496; x_wconf 84' lang='lat' dir='ltr'>exosos</span> <span class='ocrx_word' id='word_1_392' title='bbox 375 3457 590 3500; x_wconf 87' lang='lat' dir='ltr'>habuerant,</span> <span class='ocrx_word' id='word_1_393' title='bbox 607 3455 759 3502; x_wconf 84' lang='lat' dir='ltr'>gloriam</span> <span class='ocrx_word' id='word_1_394' title='bbox 780 3458 1003 3495; x_wconf 82' lang='lat' dir='ltr'>contuentes,</span> <span class='ocrx_word' id='word_1_395' title='bbox 1020 3460 1100 3487; x_wconf 88' lang='lat' dir='ltr'>sera</span> 
     </span>
     <span class='ocr_line' id='line_1_72' title="bbox 32 3510 1102 3564; baseline -0.008 -11"><span class='ocrx_word' id='word_1_396' title='bbox 32 3521 155 3564; x_wconf 68' lang='lat' dir='ltr'>utque</span> <span class='ocrx_word' id='word_1_397' title='bbox 170 3516 395 3555; x_wconf 75' lang='lat' dir='ltr'>infructuosa</span> <span class='ocrx_word' id='word_1_398' title='bbox 414 3515 642 3563; x_wconf 85' lang='lat' dir='ltr'>poenitudine</span> <span class='ocrx_word' id='word_1_399' title='bbox 663 3513 794 3551; x_wconf 89' lang='lat' dir='ltr'>dicturi</span> <span class='ocrx_word' id='word_1_400' title='bbox 814 3517 898 3549; x_wconf 88' lang='lat' dir='ltr'>sunt</span> <span class='ocrx_word' id='word_1_401' title='bbox 918 3523 926 3546; x_wconf 92' lang='lat'>:</span> <span class='ocrx_word' id='word_1_402' title='bbox 953 3510 998 3546; x_wconf 83' lang='lat' dir='ltr'>lli</span> <span class='ocrx_word' id='word_1_403' title='bbox 1018 3513 1102 3545; x_wconf 89' lang='lat' dir='ltr'>sunt</span> 
     </span>
     <span class='ocr_line' id='line_1_73' title="bbox 32 3567 1101 3624; baseline -0.013 -8"><span class='ocrx_word' id='word_1_404' title='bbox 32 3568 136 3624; x_wconf 52' lang='lat' dir='ltr'>*fios</span> <span class='ocrx_word' id='word_1_405' title='bbox 153 3577 346 3615; x_wconf 87' lang='lat' dir='ltr'>habuimus</span> <span class='ocrx_word' id='word_1_406' title='bbox 375 3575 570 3623; x_wconf 82' lang='lat' dir='ltr'>aliquando</span> <span class='ocrx_word' id='word_1_407' title='bbox 593 3575 630 3612; x_wconf 91' lang='lat' dir='ltr'>in</span> <span class='ocrx_word' id='word_1_408' title='bbox 657 3574 816 3611; x_wconf 88' lang='lat' dir='ltr'>derisum</span> <span class='ocrx_word' id='word_1_409' title='bbox 838 3577 874 3608; x_wconf 89' lang='lat' dir='ltr'>et</span> <span class='ocrx_word' id='word_1_410' title='bbox 898 3567 1101 3607; x_wconf 89' lang='lat' dir='ltr'>similitudi-</span> 
     </span>
     <span class='ocr_line' id='line_1_74' title="bbox 33 3632 1098 3686; baseline -0.011 -10"><span class='ocrx_word' id='word_1_411' title='bbox 33 3646 132 3676; x_wconf 72' lang='lat' dir='ltr'>nem</span> <span class='ocrx_word' id='word_1_412' title='bbox 149 3638 381 3686; x_wconf 67' lang='lat' dir='ltr'>im1iroperii3</span> <span class='ocrx_word' id='word_1_413' title='bbox 403 3646 484 3681; x_wconf 87' lang='lat' dir='ltr'>nos,</span> <span class='ocrx_word' id='word_1_414' title='bbox 502 3635 690 3679; x_wconf 86' lang='lat' dir='ltr'>insensati,</span> <span class='ocrx_word' id='word_1_415' title='bbox 705 3635 814 3671; x_wconf 87' lang='lat' dir='ltr'>vitam</span> <span class='ocrx_word' id='word_1_416' title='bbox 835 3632 975 3668; x_wconf 85' lang='lat' dir='ltr'>illorum</span> <span class='ocrx_word' id='word_1_417' title='bbox 994 3632 1098 3676; x_wconf 88' lang='lat' dir='ltr'>puta-</span> 
     </span>
     <span class='ocr_line' id='line_1_75' title="bbox 35 3696 1098 3746; baseline -0.014 -4"><span class='ocrx_word' id='word_1_418' title='bbox 35 3702 176 3742; x_wconf 66' lang='lat' dir='ltr'>!&#39;hnmus</span> <span class='ocrx_word' id='word_1_419' title='bbox 206 3701 397 3746; x_wconf 79' lang='lat' dir='ltr'>insaniam,</span> <span class='ocrx_word' id='word_1_420' title='bbox 432 3705 470 3738; x_wconf 90' lang='lat' dir='ltr'>et</span> <span class='ocrx_word' id='word_1_421' title='bbox 503 3699 614 3737; x_wconf 88' lang='lat' dir='ltr'>finem</span> <span class='ocrx_word' id='word_1_422' title='bbox 644 3699 788 3736; x_wconf 91' lang='lat' dir='ltr'>illorum</span> <span class='ocrx_word' id='word_1_423' title='bbox 821 3697 899 3733; x_wconf 87' lang='lat' dir='ltr'>sine</span> <span class='ocrx_word' id='word_1_424' title='bbox 931 3696 1098 3731; x_wconf 88' lang='lat' dir='ltr'>honore:</span> 
     </span>
     <span class='ocr_line' id='line_1_76' title="bbox 34 3754 1102 3812; baseline -0.011 -12"><span class='ocrx_word' id='word_1_425' title='bbox 34 3760 232 3812; x_wconf 59' lang='lat' dir='ltr'>quomodo</span> <span class='ocrx_word' id='word_1_426' title='bbox 251 3761 448 3809; x_wconf 79' lang='lat' dir='ltr'>computati</span> <span class='ocrx_word' id='word_1_427' title='bbox 482 3766 566 3797; x_wconf 85' lang='lat' dir='ltr'>sunt</span> <span class='ocrx_word' id='word_1_428' title='bbox 595 3760 689 3796; x_wconf 88' lang='lat' dir='ltr'>inter</span> <span class='ocrx_word' id='word_1_429' title='bbox 720 3758 814 3794; x_wconf 81' lang='lat' dir='ltr'>filios</span> <span class='ocrx_word' id='word_1_430' title='bbox 834 3756 912 3799; x_wconf 89' lang='lat' dir='ltr'>Dei,</span> <span class='ocrx_word' id='word_1_431' title='bbox 938 3759 975 3792; x_wconf 90' lang='lat' dir='ltr'>et</span> <span class='ocrx_word' id='word_1_432' title='bbox 1008 3754 1102 3790; x_wconf 88' lang='lat' dir='ltr'>iuter</span> 
     </span>
     <span class='ocr_line' id='line_1_77' title="bbox 35 3812 1101 3875; baseline -0.013 -9"><span class='ocrx_word' id='word_1_433' title='bbox 35 3828 196 3867; x_wconf 62' lang='lat' dir='ltr'>sanctos</span> <span class='ocrx_word' id='word_1_434' title='bbox 221 3830 302 3863; x_wconf 80' lang='lat' dir='ltr'>sors</span> <span class='ocrx_word' id='word_1_435' title='bbox 334 3821 477 3863; x_wconf 79' lang='lat' dir='ltr'>illorum</span> <span class='ocrx_word' id='word_1_436' title='bbox 509 3821 592 3860; x_wconf 76' lang='lat' dir='ltr'>est?</span> <span class='ocrx_word' id='word_1_437' title='bbox 626 3825 664 3858; x_wconf 86' lang='lat' dir='ltr'>et</span> <span class='ocrx_word' id='word_1_438' title='bbox 690 3825 832 3859; x_wconf 81' lang='lat' dir='ltr'>caetera.</span> <span class='ocrx_word' id='word_1_439' title='bbox 856 3829 869 3853; x_wconf 81' lang='grc' dir='ltr'>ι</span> <span class='ocrx_word' id='word_1_440' title='bbox 895 3817 942 3856; x_wconf 84' lang='lat' dir='ltr'>Et</span> <span class='ocrx_word' id='word_1_441' title='bbox 972 3812 1101 3875; x_wconf 73' lang='lat' dir='ltr'>Benia-</span> 
     </span>
    </p>
   </div>
   <div class='ocr_carea' id='block_1_6' title="bbox 536 217 1681 268">
    <p class='ocr_par' dir='ltr' id='par_1_7' title="bbox 536 217 1681 268">
     <span class='ocr_line' id='line_1_78' title="bbox 536 217 1681 268; baseline 0.009 -11"><span class='ocrx_word' id='word_1_442' title='bbox 536 217 804 258; x_wconf 83' lang='lat' dir='ltr'>ENARRATIO</span> <span class='ocrx_word' id='word_1_443' title='bbox 830 220 982 259; x_wconf 87' lang='lat' dir='ltr'>SUPER</span> <span class='ocrx_word' id='word_1_444' title='bbox 1006 223 1420 265; x_wconf 81' lang='lat' dir='ltr'>DEUTERONOMIUM.</span> <span class='ocrx_word' id='word_1_445' title='bbox 1443 246 1490 255; x_wconf 93' lang='lat'><strong>—</strong></span> <span class='ocrx_word' id='word_1_446' title='bbox 1513 228 1598 266; x_wconf 91' lang='lat' dir='ltr'>LlB.</span> <span class='ocrx_word' id='word_1_447' title='bbox 1626 230 1681 268; x_wconf 81' lang='lat' dir='ltr'>lv.</span> 
     </span>
    </p>
   </div>
   <div class='ocr_carea' id='block_1_7' title="bbox 36 299 2174 360">
    <p class='ocr_par' dir='ltr' id='par_1_8' title="bbox 36 295 2174 360">
     <span class='ocr_line' id='line_1_79' title="bbox 36 299 2174 360; baseline 0.004 -16"><span class='ocrx_word' id='word_1_448' title='bbox 36 301 47 306; x_wconf 57' lang='lat'>⁸</span> <span class='ocrx_word' id='word_1_449' title='bbox 119 303 252 343; x_wconf 86' lang='lat' dir='ltr'>vitulos</span> <span class='ocrx_word' id='word_1_450' title='bbox 273 300 490 339; x_wconf 87' lang='lat' dir='ltr'>clausissent</span> <span class='ocrx_word' id='word_1_451' title='bbox 508 299 629 342; x_wconf 91' lang='lat' dir='ltr'>domi,</span> <span class='ocrx_word' id='word_1_452' title='bbox 647 305 688 335; x_wconf 89' lang='lat' dir='ltr'>ut</span> <span class='ocrx_word' id='word_1_453' title='bbox 705 299 879 346; x_wconf 83' lang='lat' dir='ltr'>scriptum</span> <span class='ocrx_word' id='word_1_454' title='bbox 901 307 970 343; x_wconf 89' lang='lat' dir='ltr'>est,</span> <span class='ocrx_word' id='word_1_455' title='bbox 985 311 1067 347; x_wconf 88' lang='lat' dir='ltr'>per·</span> <span class='ocrx_word' id='word_1_456' title='bbox 1083 303 1118 344; x_wconf 87' lang='lat' dir='ltr'>A</span> <span class='ocrx_word' id='word_1_457' title='bbox 1139 315 1151 337; x_wconf 87' lang='lat'><strong>‹</strong></span> <span class='ocrx_word' id='word_1_458' title='bbox 1178 305 1254 341; x_wconf 89' lang='lat' dir='ltr'>min</span> <span class='ocrx_word' id='word_1_459' title='bbox 1283 306 1334 342; x_wconf 87' lang='lat' dir='ltr'>ait</span> <span class='ocrx_word' id='word_1_460' title='bbox 1361 317 1370 342; x_wconf 91' lang='lat'>:</span> <span class='ocrx_word' id='word_1_461' title='bbox 1395 305 1676 357; x_wconf 85' lang='lat' dir='ltr'>Amantissimus</span> <span class='ocrx_word' id='word_1_462' title='bbox 1713 308 1853 346; x_wconf 85' lang='lat' dir='ltr'>nomini</span> <span class='ocrx_word' id='word_1_463' title='bbox 1889 312 2060 356; x_wconf 86' lang='lat' dir='ltr'>habitabit</span> <span class='ocrx_word' id='word_1_464' title='bbox 2089 332 2174 360; x_wconf 88' lang='lat' dir='ltr'>con-</span> 
     </span>
    </p>
   </div>
   <div class='ocr_carea' id='block_1_8' title="bbox 2101 246 2170 284">
    <p class='ocr_par' dir='ltr' id='par_1_9' title="bbox 2101 246 2170 284">
     <span class='ocr_line' id='line_1_80' title="bbox 2101 246 2170 284; baseline 0.014 -1"><span class='ocrx_word' id='word_1_465' title='bbox 2101 246 2170 284; x_wconf 70' lang='lat'>9⁰4</span> 
     </span>
    </p>
   </div>
   <div class='ocr_carea' id='block_1_9' title="bbox 1136 364 2195 1199">
    <p class='ocr_par' dir='ltr' id='par_1_10' title="bbox 1136 364 2195 1199">
     <span class='ocr_line' id='line_1_81' title="bbox 1141 364 2174 419; baseline 0.01 -20"><span class='ocrx_word' id='word_1_466' title='bbox 1141 375 1154 397; x_wconf 71' lang='grc' dir='ltr'><strong><em>ι</em></strong></span> <span class='ocrx_word' id='word_1_467' title='bbox 1172 364 1325 401; x_wconf 88' lang='lat' dir='ltr'>fidenter</span> <span class='ocrx_word' id='word_1_468' title='bbox 1342 365 1377 401; x_wconf 89' lang='lat' dir='ltr'>in</span> <span class='ocrx_word' id='word_1_469' title='bbox 1395 375 1452 402; x_wconf 91' lang='lat' dir='ltr'>eo.</span> <span class='ocrx_word' id='word_1_470' title='bbox 1477 377 1490 400; x_wconf 73' lang='grc' dir='ltr'><strong>ι</strong></span> <span class='ocrx_word' id='word_1_471' title='bbox 1512 365 1660 412; x_wconf 76' lang='lat' dir='ltr'>Legitur</span> <span class='ocrx_word' id='word_1_472' title='bbox 1687 367 1784 403; x_wconf 88' lang='lat' dir='ltr'>enim</span> <span class='ocrx_word' id='word_1_473' title='bbox 1812 369 1848 404; x_wconf 91' lang='lat' dir='ltr'>in</span> <span class='ocrx_word' id='word_1_474' title='bbox 1880 370 2055 414; x_wconf 67' lang='lat' dir='ltr'>Geneseos</span> <span class='ocrx_word' id='word_1_475' title='bbox 2085 380 2174 419; x_wconf 61' lang='lat' dir='ltr'>mm,</span> 
     </span>
     <span class='ocr_line' id='line_1_82' title="bbox 1136 423 2179 485; baseline 0.011 -26"><span class='ocrx_word' id='word_1_476' title='bbox 1136 423 1268 460; x_wconf 84' lang='lat' dir='ltr'>dixisse</span> <span class='ocrx_word' id='word_1_477' title='bbox 1305 424 1435 462; x_wconf 87' lang='lat' dir='ltr'>Judam</span> <span class='ocrx_word' id='word_1_478' title='bbox 1475 426 1519 462; x_wconf 85' lang='lat' dir='ltr'>ad</span> <span class='ocrx_word' id='word_1_479' title='bbox 1558 426 1691 473; x_wconf 88' lang='lat' dir='ltr'>Joseph</span> <span class='ocrx_word' id='word_1_480' title='bbox 1722 427 1760 463; x_wconf 89' lang='lat' dir='ltr'>in</span> <span class='ocrx_word' id='word_1_481' title='bbox 1801 428 1958 477; x_wconf 83' lang='lat' dir='ltr'>AEgypto</span> <span class='ocrx_word' id='word_1_482' title='bbox 1984 435 2028 471; x_wconf 89' lang='lat' dir='ltr'>de</span> <span class='ocrx_word' id='word_1_483' title='bbox 2053 436 2179 485; x_wconf 73' lang='lat' dir='ltr'>Benja.</span> 
     </span>
     <span class='ocr_line' id='line_1_83' title="bbox 1138 481 2182 535; baseline 0.016 -18"><span class='ocrx_word' id='word_1_484' title='bbox 1138 482 1214 518; x_wconf 87' lang='lat' dir='ltr'>min</span> <span class='ocrx_word' id='word_1_485' title='bbox 1235 494 1244 517; x_wconf 91' lang='lat'>:</span> <span class='ocrx_word' id='word_1_486' title='bbox 1264 481 1373 519; x_wconf 88' lang='lat' dir='ltr'>Pater</span> <span class='ocrx_word' id='word_1_487' title='bbox 1407 489 1532 522; x_wconf 89' lang='lat' dir='ltr'>tenere</span> <span class='ocrx_word' id='word_1_488' title='bbox 1562 486 1678 533; x_wconf 83' lang='lat' dir='ltr'>diligit</span> <span class='ocrx_word' id='word_1_489' title='bbox 1700 496 1797 523; x_wconf 89' lang='lat' dir='ltr'>eum.</span> <span class='ocrx_word' id='word_1_490' title='bbox 1817 488 1929 535; x_wconf 84' lang='lat' dir='ltr'>Igitur</span> <span class='ocrx_word' id='word_1_491' title='bbox 1956 493 1986 528; x_wconf 85' lang='lat' dir='ltr'>si</span> <span class='ocrx_word' id='word_1_492' title='bbox 2004 493 2182 534; x_wconf 82' lang='lat' dir='ltr'>intravero</span> 
     </span>
     <span class='ocr_line' id='line_1_84' title="bbox 1137 542 2182 603; baseline 0.015 -25"><span class='ocrx_word' id='word_1_493' title='bbox 1137 542 1183 579; x_wconf 91' lang='lat' dir='ltr'>ad</span> <span class='ocrx_word' id='word_1_494' title='bbox 1213 552 1358 579; x_wconf 87' lang='lat' dir='ltr'>servum</span> <span class='ocrx_word' id='word_1_495' title='bbox 1383 550 1486 581; x_wconf 90' lang='lat' dir='ltr'>tuum</span> <span class='ocrx_word' id='word_1_496' title='bbox 1513 551 1652 591; x_wconf 90' lang='lat' dir='ltr'>patrem</span> <span class='ocrx_word' id='word_1_497' title='bbox 1670 554 1848 593; x_wconf 87' lang='lat' dir='ltr'>nostrum,</span> <span class='ocrx_word' id='word_1_498' title='bbox 1874 555 1910 586; x_wconf 88' lang='lat' dir='ltr'>et</span> <span class='ocrx_word' id='word_1_499' title='bbox 1927 551 1986 588; x_wconf 90' lang='lat' dir='ltr'>ille</span> <span class='ocrx_word' id='word_1_500' title='bbox 2017 553 2182 603; x_wconf 83' lang='lat' dir='ltr'>defuerit,</span> 
     </span>
     <span class='ocr_line' id='line_1_85' title="bbox 1138 604 2184 656; baseline 0.012 -17"><span class='ocrx_word' id='word_1_501' title='bbox 1138 613 1221 640; x_wconf 88' lang='lat' dir='ltr'>cum</span> <span class='ocrx_word' id='word_1_502' title='bbox 1238 604 1358 640; x_wconf 88' lang='lat' dir='ltr'>anima</span> <span class='ocrx_word' id='word_1_503' title='bbox 1389 604 1485 642; x_wconf 91' lang='lat' dir='ltr'>illius</span> <span class='ocrx_word' id='word_1_504' title='bbox 1503 615 1549 642; x_wconf 88' lang='lat' dir='ltr'>ex</span> <span class='ocrx_word' id='word_1_505' title='bbox 1569 605 1675 652; x_wconf 84' lang='lat' dir='ltr'>hujus</span> <span class='ocrx_word' id='word_1_506' title='bbox 1701 609 1820 645; x_wconf 90' lang='lat' dir='ltr'>anima</span> <span class='ocrx_word' id='word_1_507' title='bbox 1841 611 2006 656; x_wconf 88' lang='lat' dir='ltr'>pendeat,</span> <span class='ocrx_word' id='word_1_508' title='bbox 2037 614 2184 652; x_wconf 87' lang='lat' dir='ltr'>viderit-</span> 
     </span>
     <span class='ocr_line' id='line_1_86' title="bbox 1138 667 2187 713; baseline 0.011 -13"><span class='ocrx_word' id='word_1_509' title='bbox 1138 674 1208 711; x_wconf 87' lang='lat' dir='ltr'>que</span> <span class='ocrx_word' id='word_1_510' title='bbox 1245 674 1327 702; x_wconf 90' lang='lat' dir='ltr'>eum</span> <span class='ocrx_word' id='word_1_511' title='bbox 1358 675 1431 702; x_wconf 89' lang='lat' dir='ltr'>non</span> <span class='ocrx_word' id='word_1_512' title='bbox 1459 676 1540 703; x_wconf 88' lang='lat' dir='ltr'>esse</span> <span class='ocrx_word' id='word_1_513' title='bbox 1569 667 1754 705; x_wconf 88' lang='lat' dir='ltr'>nobiscum</span> <span class='ocrx_word' id='word_1_514' title='bbox 1768 695 1778 713; x_wconf 93' lang='lat'>,</span> <span class='ocrx_word' id='word_1_515' title='bbox 1816 671 2002 708; x_wconf 89' lang='lat' dir='ltr'>morietur.</span> <span class='ocrx_word' id='word_1_516' title='bbox 2039 674 2187 712; x_wconf 82' lang='lat' dir='ltr'>Videtur</span> 
     </span>
     <span class='ocr_line' id='line_1_87' title="bbox 1138 725 2186 780; baseline 0.011 -19"><span class='ocrx_word' id='word_1_517' title='bbox 1138 725 1282 771; x_wconf 89' lang='lat' dir='ltr'>quidem</span> <span class='ocrx_word' id='word_1_518' title='bbox 1301 728 1497 763; x_wconf 89' lang='lat' dir='ltr'>secundum</span> <span class='ocrx_word' id='word_1_519' title='bbox 1514 727 1704 765; x_wconf 89' lang='lat' dir='ltr'>historiam</span> <span class='ocrx_word' id='word_1_520' title='bbox 1725 735 1870 778; x_wconf 85' lang='lat' dir='ltr'>tangere</span> <span class='ocrx_word' id='word_1_521' title='bbox 1889 734 1983 778; x_wconf 90' lang='lat' dir='ltr'>quod</span> <span class='ocrx_word' id='word_1_522' title='bbox 1999 733 2186 780; x_wconf 73' lang='lat' dir='ltr'>Beniamin</span> 
     </span>
     <span class='ocr_line' id='line_1_88' title="bbox 1139 785 2189 840; baseline 0.012 -20"><span class='ocrx_word' id='word_1_523' title='bbox 1139 794 1159 821; x_wconf 89' lang='lat' dir='ltr'>a</span> <span class='ocrx_word' id='word_1_524' title='bbox 1175 785 1383 831; x_wconf 90' lang='lat' dir='ltr'>patriarcha</span> <span class='ocrx_word' id='word_1_525' title='bbox 1396 787 1503 823; x_wconf 92' lang='lat' dir='ltr'>simul</span> <span class='ocrx_word' id='word_1_526' title='bbox 1525 793 1561 825; x_wconf 92' lang='lat' dir='ltr'>et</span> <span class='ocrx_word' id='word_1_527' title='bbox 1582 790 1756 836; x_wconf 89' lang='lat' dir='ltr'>propheta</span> <span class='ocrx_word' id='word_1_528' title='bbox 1773 792 1899 838; x_wconf 89' lang='lat' dir='ltr'>spiritu</span> <span class='ocrx_word' id='word_1_529' title='bbox 1914 793 1979 830; x_wconf 91' lang='lat' dir='ltr'>Dei</span> <span class='ocrx_word' id='word_1_530' title='bbox 1998 794 2119 840; x_wconf 90' lang='lat' dir='ltr'>pleno,</span> <span class='ocrx_word' id='word_1_531' title='bbox 2139 797 2189 834; x_wconf 88' lang='lat' dir='ltr'>vi-</span> 
     </span>
     <span class='ocr_line' id='line_1_89' title="bbox 1145 845 2188 901; baseline 0.012 -20"><span class='ocrx_word' id='word_1_532' title='bbox 1145 845 1274 882; x_wconf 88' lang='lat' dir='ltr'>delicet</span> <span class='ocrx_word' id='word_1_533' title='bbox 1289 852 1393 893; x_wconf 89' lang='lat' dir='ltr'>patre</span> <span class='ocrx_word' id='word_1_534' title='bbox 1410 857 1477 884; x_wconf 90' lang='lat' dir='ltr'>suo</span> <span class='ocrx_word' id='word_1_535' title='bbox 1495 847 1618 893; x_wconf 86' lang='lat' dir='ltr'>Jacob,</span> <span class='ocrx_word' id='word_1_536' title='bbox 1633 856 1836 896; x_wconf 81' lang='lat' dir='ltr'>amaretur3</span> <span class='ocrx_word' id='word_1_537' title='bbox 1866 857 1902 889; x_wconf 89' lang='lat' dir='ltr'>et</span> <span class='ocrx_word' id='word_1_538' title='bbox 1919 854 2015 900; x_wconf 90' lang='lat' dir='ltr'>quod</span> <span class='ocrx_word' id='word_1_539' title='bbox 2032 864 2098 901; x_wconf 87' lang='lat' dir='ltr'>per</span> <span class='ocrx_word' id='word_1_540' title='bbox 2114 856 2188 893; x_wconf 89' lang='lat' dir='ltr'>dis-</span> 
     </span>
     <span class='ocr_line' id='line_1_90' title="bbox 1140 908 2192 964; baseline 0.011 -22"><span class='ocrx_word' id='word_1_541' title='bbox 1140 908 1391 953; x_wconf 88' lang='lat' dir='ltr'>pensationem</span> <span class='ocrx_word' id='word_1_542' title='bbox 1427 909 1490 946; x_wconf 92' lang='lat' dir='ltr'>Dei</span> <span class='ocrx_word' id='word_1_543' title='bbox 1525 910 1624 948; x_wconf 93' lang='lat' dir='ltr'>locus</span> <span class='ocrx_word' id='word_1_544' title='bbox 1663 911 1722 949; x_wconf 90' lang='lat' dir='ltr'>ille</span> <span class='ocrx_word' id='word_1_545' title='bbox 1736 937 1747 955; x_wconf 88' lang='lat'>,</span> <span class='ocrx_word' id='word_1_546' title='bbox 1786 913 1824 950; x_wconf 92' lang='lat' dir='ltr'>in</span> <span class='ocrx_word' id='word_1_547' title='bbox 1859 925 1930 960; x_wconf 91' lang='lat' dir='ltr'>quo</span> <span class='ocrx_word' id='word_1_548' title='bbox 1963 915 2081 953; x_wconf 88' lang='lat' dir='ltr'>cultus</span> <span class='ocrx_word' id='word_1_549' title='bbox 2115 917 2192 964; x_wconf 83' lang='lat' dir='ltr'>ejus</span> 
     </span>
     <span class='ocr_line' id='line_1_91' title="bbox 1140 967 2184 1020; baseline 0.011 -18"><span class='ocrx_word' id='word_1_550' title='bbox 1140 967 1296 1004; x_wconf 82' lang='lat' dir='ltr'>maxime</span> <span class='ocrx_word' id='word_1_551' title='bbox 1325 967 1467 1006; x_wconf 82' lang='lat' dir='ltr'>futurus</span> <span class='ocrx_word' id='word_1_552' title='bbox 1493 975 1584 1014; x_wconf 89' lang='lat' dir='ltr'>erat,</span> <span class='ocrx_word' id='word_1_553' title='bbox 1606 971 1716 1008; x_wconf 88' lang='lat' dir='ltr'>tribul</span> <span class='ocrx_word' id='word_1_554' title='bbox 1734 971 1895 1018; x_wconf 88' lang='lat' dir='ltr'>ejusdem</span> <span class='ocrx_word' id='word_1_555' title='bbox 1917 975 2184 1020; x_wconf 85' lang='lat' dir='ltr'>decerneretur,</span> 
     </span>
     <span class='ocr_line' id='line_1_92' title="bbox 1141 1026 2192 1078; baseline 0.012 -16"><span class='ocrx_word' id='word_1_556' title='bbox 1141 1026 1212 1063; x_wconf 91' lang='lat' dir='ltr'>hoc</span> <span class='ocrx_word' id='word_1_557' title='bbox 1229 1032 1285 1064; x_wconf 91' lang='lat' dir='ltr'>est</span> <span class='ocrx_word' id='word_1_558' title='bbox 1309 1026 1524 1074; x_wconf 87' lang='lat' dir='ltr'>Jerusalem,</span> <span class='ocrx_word' id='word_1_559' title='bbox 1545 1031 1606 1066; x_wconf 93' lang='lat' dir='ltr'>ubi</span> <span class='ocrx_word' id='word_1_560' title='bbox 1625 1032 1798 1078; x_wconf 88' lang='lat' dir='ltr'>templum</span> <span class='ocrx_word' id='word_1_561' title='bbox 1824 1039 1862 1070; x_wconf 90' lang='lat' dir='ltr'>et</span> <span class='ocrx_word' id='word_1_562' title='bbox 1885 1035 1999 1071; x_wconf 88' lang='lat' dir='ltr'>altare</span> <span class='ocrx_word' id='word_1_563' title='bbox 2022 1036 2087 1074; x_wconf 90' lang='lat' dir='ltr'>Dei</span> <span class='ocrx_word' id='word_1_564' title='bbox 2106 1048 2192 1075; x_wconf 88' lang='lat' dir='ltr'>con-</span> 
     </span>
     <span class='ocr_line' id='line_1_93' title="bbox 1141 1087 2192 1140; baseline 0.01 -17"><span class='ocrx_word' id='word_1_565' title='bbox 1141 1087 1361 1125; x_wconf 87' lang='lat' dir='ltr'>struebatur.</span> <span class='ocrx_word' id='word_1_566' title='bbox 1381 1090 1499 1136; x_wconf 82' lang='lat' dir='ltr'>Atque</span> <span class='ocrx_word' id='word_1_567' title='bbox 1519 1091 1600 1129; x_wconf 92' lang='lat' dir='ltr'>ideo</span> <span class='ocrx_word' id='word_1_568' title='bbox 1621 1091 1848 1140; x_wconf 84' lang='lat' dir='ltr'>subjungitur</span> <span class='ocrx_word' id='word_1_569' title='bbox 1865 1106 1876 1131; x_wconf 89' lang='lat'>:</span> <span class='ocrx_word' id='word_1_570' title='bbox 1902 1107 1914 1129; x_wconf 85' lang='lat'><strong>‹</strong></span> <span class='ocrx_word' id='word_1_571' title='bbox 1936 1096 2045 1140; x_wconf 83' lang='lat' dir='ltr'>Quasi</span> <span class='ocrx_word' id='word_1_572' title='bbox 2060 1098 2095 1133; x_wconf 95' lang='lat' dir='ltr'>in</span> <span class='ocrx_word' id='word_1_573' title='bbox 2113 1099 2192 1134; x_wconf 87' lang='lat' dir='ltr'>tha-</span> 
     </span>
     <span class='ocr_line' id='line_1_94' title="bbox 1142 1148 2195 1199; baseline 0.01 -14"><span class='ocrx_word' id='word_1_574' title='bbox 1142 1148 1237 1186; x_wconf 89' lang='lat' dir='ltr'>lamo</span> <span class='ocrx_word' id='word_1_575' title='bbox 1255 1155 1331 1187; x_wconf 89' lang='lat' dir='ltr'>tota</span> <span class='ocrx_word' id='word_1_576' title='bbox 1350 1150 1409 1187; x_wconf 89' lang='lat' dir='ltr'>die</span> <span class='ocrx_word' id='word_1_577' title='bbox 1429 1152 1640 1189; x_wconf 89' lang='lat' dir='ltr'>morabitur.</span> <span class='ocrx_word' id='word_1_578' title='bbox 1681 1166 1692 1188; x_wconf 76' lang='grc' dir='ltr'><strong>ι</strong></span> <span class='ocrx_word' id='word_1_579' title='bbox 1727 1154 1817 1199; x_wconf 85' lang='lat' dir='ltr'>Quia</span> <span class='ocrx_word' id='word_1_580' title='bbox 1843 1154 2042 1194; x_wconf 82' lang='lat' dir='ltr'>Jerusalem</span> <span class='ocrx_word' id='word_1_581' title='bbox 2059 1158 2127 1195; x_wconf 81' lang='lat' dir='ltr'>fuit</span> <span class='ocrx_word' id='word_1_582' title='bbox 2152 1169 2195 1197; x_wconf 92' lang='lat' dir='ltr'>eo</span> 
     </span>
    </p>
   </div>
   <div class='ocr_carea' id='block_1_10' title="bbox 23 1204 2194 1261">
    <p class='ocr_par' dir='ltr' id='par_1_11' title="bbox 23 1204 2194 1261">
     <span class='ocr_line' id='line_1_95' title="bbox 23 1204 2194 1261; baseline 0.005 -15"><span class='ocrx_word' id='word_1_583' title='bbox 23 1235 38 1246; x_wconf 66' lang='grc'>.»</span> <span class='ocrx_word' id='word_1_584' title='bbox 51 1214 82 1253; x_wconf 82' lang='lat' dir='ltr'>is</span> <span class='ocrx_word' id='word_1_585' title='bbox 99 1212 225 1261; x_wconf 85' lang='lat' dir='ltr'>ignita,</span> <span class='ocrx_word' id='word_1_586' title='bbox 246 1221 290 1248; x_wconf 91' lang='lat' dir='ltr'>eo</span> <span class='ocrx_word' id='word_1_587' title='bbox 318 1209 498 1247; x_wconf 85' lang='lat' dir='ltr'>efficacius</span> <span class='ocrx_word' id='word_1_588' title='bbox 518 1221 644 1247; x_wconf 89' lang='lat' dir='ltr'>eorum</span> <span class='ocrx_word' id='word_1_589' title='bbox 669 1211 786 1247; x_wconf 87' lang='lat' dir='ltr'>oratio</span> <span class='ocrx_word' id='word_1_590' title='bbox 806 1211 899 1247; x_wconf 88' lang='lat' dir='ltr'>iram</span> <span class='ocrx_word' id='word_1_591' title='bbox 919 1210 983 1247; x_wconf 91' lang='lat' dir='ltr'>Dei</span> <span class='ocrx_word' id='word_1_592' title='bbox 1006 1209 1074 1247; x_wconf 87' lang='lat' dir='ltr'>mi·</span> <span class='ocrx_word' id='word_1_593' title='bbox 1092 1204 1123 1244; x_wconf 92' lang='lat' dir='ltr'><strong>B</strong></span> <span class='ocrx_word' id='word_1_594' title='bbox 1142 1215 1303 1258; x_wconf 91' lang='lat' dir='ltr'>tempore</span> <span class='ocrx_word' id='word_1_595' title='bbox 1324 1212 1424 1249; x_wconf 90' lang='lat' dir='ltr'>locus</span> <span class='ocrx_word' id='word_1_596' title='bbox 1439 1223 1546 1259; x_wconf 88' lang='lat' dir='ltr'>quem</span> <span class='ocrx_word' id='word_1_597' title='bbox 1564 1214 1670 1261; x_wconf 87' lang='lat' dir='ltr'>elegit</span> <span class='ocrx_word' id='word_1_598' title='bbox 1686 1215 1858 1253; x_wconf 91' lang='lat' dir='ltr'>Dominus</span> <span class='ocrx_word' id='word_1_599' title='bbox 1878 1223 1917 1254; x_wconf 90' lang='lat' dir='ltr'>ut</span> <span class='ocrx_word' id='word_1_600' title='bbox 1940 1224 2036 1256; x_wconf 90' lang='lat' dir='ltr'>esset</span> <span class='ocrx_word' id='word_1_601' title='bbox 2062 1230 2194 1258; x_wconf 89' lang='lat' dir='ltr'>nomen</span> 
     </span>
    </p>
   </div>
   <div class='ocr_carea' id='block_1_11' title="bbox 1143 1270 2205 2058">
    <p class='ocr_par' dir='ltr' id='par_1_12' title="bbox 1143 1270 2205 2058">
     <span class='ocr_line' id='line_1_96' title="bbox 1144 1270 2197 1320; baseline 0.011 -14"><span class='ocrx_word' id='word_1_602' title='bbox 1144 1270 1222 1316; x_wconf 87' lang='lat' dir='ltr'>ejus</span> <span class='ocrx_word' id='word_1_603' title='bbox 1257 1271 1319 1308; x_wconf 90' lang='lat' dir='ltr'>ibi.</span> <span class='ocrx_word' id='word_1_604' title='bbox 1354 1272 1552 1320; x_wconf 87' lang='lat' dir='ltr'>Allegorice</span> <span class='ocrx_word' id='word_1_605' title='bbox 1579 1279 1699 1310; x_wconf 90' lang='lat' dir='ltr'>autem</span> <span class='ocrx_word' id='word_1_606' title='bbox 1734 1276 1907 1314; x_wconf 89' lang='lat' dir='ltr'>Dominus</span> <span class='ocrx_word' id='word_1_607' title='bbox 1944 1285 2068 1316; x_wconf 89' lang='lat' dir='ltr'>noster</span> <span class='ocrx_word' id='word_1_608' title='bbox 2093 1280 2197 1318; x_wconf 88' lang='lat' dir='ltr'>Jesus</span> 
     </span>
     <span class='ocr_line' id='line_1_97' title="bbox 1143 1330 2195 1386; baseline 0.011 -21"><span class='ocrx_word' id='word_1_609' title='bbox 1143 1330 1306 1366; x_wconf 88' lang='lat' dir='ltr'>Christus</span> <span class='ocrx_word' id='word_1_610' title='bbox 1333 1331 1408 1377; x_wconf 90' lang='lat' dir='ltr'>ipse</span> <span class='ocrx_word' id='word_1_611' title='bbox 1438 1333 1706 1370; x_wconf 87' lang='lat' dir='ltr'>amantissimus</span> <span class='ocrx_word' id='word_1_612' title='bbox 1734 1340 1787 1371; x_wconf 87' lang='lat' dir='ltr'>cst</span> <span class='ocrx_word' id='word_1_613' title='bbox 1806 1336 1867 1371; x_wconf 93' lang='lat' dir='ltr'>Dei</span> <span class='ocrx_word' id='word_1_614' title='bbox 1890 1336 2018 1380; x_wconf 89' lang='lat' dir='ltr'>Patris,</span> <span class='ocrx_word' id='word_1_615' title='bbox 2052 1339 2093 1375; x_wconf 90' lang='lat' dir='ltr'>de</span> <span class='ocrx_word' id='word_1_616' title='bbox 2124 1351 2195 1386; x_wconf 88' lang='lat' dir='ltr'>quo</span> 
     </span>
     <span class='ocr_line' id='line_1_98' title="bbox 1145 1391 2192 1445; baseline 0.011 -19"><span class='ocrx_word' id='word_1_617' title='bbox 1145 1391 1237 1427; x_wconf 89' lang='lat' dir='ltr'>dixit</span> <span class='ocrx_word' id='word_1_618' title='bbox 1257 1403 1265 1426; x_wconf 91' lang='lat'><strong>:</strong></span> <span class='ocrx_word' id='word_1_619' title='bbox 1290 1403 1302 1424; x_wconf 72' lang='grc' dir='ltr'><strong>α</strong></span> <span class='ocrx_word' id='word_1_620' title='bbox 1332 1391 1397 1427; x_wconf 88' lang='lat' dir='ltr'>Hic</span> <span class='ocrx_word' id='word_1_621' title='bbox 1427 1398 1482 1429; x_wconf 89' lang='lat' dir='ltr'>est</span> <span class='ocrx_word' id='word_1_622' title='bbox 1501 1393 1614 1429; x_wconf 87' lang='lat' dir='ltr'>Filius</span> <span class='ocrx_word' id='word_1_623' title='bbox 1631 1404 1733 1431; x_wconf 87' lang='lat' dir='ltr'>meus</span> <span class='ocrx_word' id='word_1_624' title='bbox 1752 1396 1918 1441; x_wconf 89' lang='lat' dir='ltr'>dilectus,</span> <span class='ocrx_word' id='word_1_625' title='bbox 1946 1398 1982 1434; x_wconf 90' lang='lat' dir='ltr'>in</span> <span class='ocrx_word' id='word_1_626' title='bbox 2013 1409 2084 1445; x_wconf 89' lang='lat' dir='ltr'>quo</span> <span class='ocrx_word' id='word_1_627' title='bbox 2104 1401 2192 1438; x_wconf 88' lang='lat' dir='ltr'>mihi</span> 
     </span>
     <span class='ocr_line' id='line_1_99' title="bbox 1144 1450 2197 1502; baseline 0.01 -16"><span class='ocrx_word' id='word_1_628' title='bbox 1144 1450 1236 1487; x_wconf 89' lang='lat' dir='ltr'>bene</span> <span class='ocrx_word' id='word_1_629' title='bbox 1252 1452 1451 1498; x_wconf 88' lang='lat' dir='ltr'>complacui</span> <span class='ocrx_word' id='word_1_630' title='bbox 1487 1452 1629 1500; x_wconf 82' lang='grc' dir='ltr'>(ΜαιιΙι.</span> <span class='ocrx_word' id='word_1_631' title='bbox 1650 1455 1719 1502; x_wconf 85' lang='lat'>111).</span> <span class='ocrx_word' id='word_1_632' title='bbox 1743 1469 1754 1490; x_wconf 73' lang='grc' dir='ltr'><strong><em>ι</em></strong></span> <span class='ocrx_word' id='word_1_633' title='bbox 1788 1455 1853 1493; x_wconf 86' lang='lat' dir='ltr'>Hic</span> <span class='ocrx_word' id='word_1_634' title='bbox 1879 1457 1914 1493; x_wconf 91' lang='lat' dir='ltr'>in</span> <span class='ocrx_word' id='word_1_635' title='bbox 1934 1458 2064 1495; x_wconf 88' lang='lat' dir='ltr'>virtute</span> <span class='ocrx_word' id='word_1_636' title='bbox 2080 1459 2197 1498; x_wconf 88' lang='lat' dir='ltr'>Patris</span> 
     </span>
     <span class='ocr_line' id='line_1_100' title="bbox 1145 1513 2196 1566; baseline 0.009 -18"><span class='ocrx_word' id='word_1_637' title='bbox 1145 1517 1281 1555; x_wconf 88' lang='lat' dir='ltr'>manet,</span> <span class='ocrx_word' id='word_1_638' title='bbox 1309 1513 1392 1558; x_wconf 88' lang='lat' dir='ltr'>quia</span> <span class='ocrx_word' id='word_1_639' title='bbox 1413 1513 1447 1548; x_wconf 92' lang='lat' dir='ltr'>in</span> <span class='ocrx_word' id='word_1_640' title='bbox 1470 1514 1616 1550; x_wconf 85' lang='lat' dir='ltr'>dextera</span> <span class='ocrx_word' id='word_1_641' title='bbox 1642 1515 1785 1552; x_wconf 84' lang='lat' dir='ltr'>virtutis</span> <span class='ocrx_word' id='word_1_642' title='bbox 1814 1517 1927 1562; x_wconf 88' lang='lat' dir='ltr'>sedet,</span> <span class='ocrx_word' id='word_1_643' title='bbox 1951 1524 1986 1554; x_wconf 90' lang='lat' dir='ltr'>et</span> <span class='ocrx_word' id='word_1_644' title='bbox 2015 1526 2141 1566; x_wconf 85' lang='lat' dir='ltr'>regnat</span> <span class='ocrx_word' id='word_1_645' title='bbox 2159 1520 2196 1558; x_wconf 92' lang='lat' dir='ltr'>in</span> 
     </span>
     <span class='ocr_line' id='line_1_101' title="bbox 1149 1575 2198 1630; baseline 0.009 -19"><span class='ocrx_word' id='word_1_646' title='bbox 1149 1575 1314 1612; x_wconf 80' lang='lat' dir='ltr'>excelsis.</span> <span class='ocrx_word' id='word_1_647' title='bbox 1345 1576 1415 1612; x_wconf 89' lang='lat' dir='ltr'>Sed</span> <span class='ocrx_word' id='word_1_648' title='bbox 1433 1581 1468 1612; x_wconf 90' lang='lat' dir='ltr'>et</span> <span class='ocrx_word' id='word_1_649' title='bbox 1486 1577 1529 1613; x_wconf 88' lang='lat' dir='ltr'>de</span> <span class='ocrx_word' id='word_1_650' title='bbox 1549 1578 1772 1615; x_wconf 89' lang='lat' dir='ltr'>humanitate</span> <span class='ocrx_word' id='word_1_651' title='bbox 1798 1580 1875 1626; x_wconf 87' lang='lat' dir='ltr'>ejus</span> <span class='ocrx_word' id='word_1_652' title='bbox 1899 1581 2045 1629; x_wconf 87' lang='lat' dir='ltr'>intelligi</span> <span class='ocrx_word' id='word_1_653' title='bbox 2065 1589 2198 1630; x_wconf 87' lang='lat' dir='ltr'>potest,</span> 
     </span>
     <span class='ocr_line' id='line_1_102' title="bbox 1147 1636 2201 1688; baseline 0.009 -18"><span class='ocrx_word' id='word_1_654' title='bbox 1147 1636 1232 1682; x_wconf 89' lang='lat' dir='ltr'>quia</span> <span class='ocrx_word' id='word_1_655' title='bbox 1253 1636 1288 1671; x_wconf 92' lang='lat' dir='ltr'>in</span> <span class='ocrx_word' id='word_1_656' title='bbox 1311 1646 1352 1672; x_wconf 87' lang='lat' dir='ltr'>ea</span> <span class='ocrx_word' id='word_1_657' title='bbox 1385 1637 1556 1674; x_wconf 85' lang='lat' dir='ltr'>divinitas</span> <span class='ocrx_word' id='word_1_658' title='bbox 1574 1638 1713 1674; x_wconf 90' lang='lat' dir='ltr'>habitat</span> <span class='ocrx_word' id='word_1_659' title='bbox 1729 1640 1976 1684; x_wconf 83' lang='lat' dir='ltr'>confidenter,</span> <span class='ocrx_word' id='word_1_660' title='bbox 2002 1652 2108 1688; x_wconf 86' lang='lat' dir='ltr'>quam</span> <span class='ocrx_word' id='word_1_661' title='bbox 2133 1644 2201 1680; x_wconf 90' lang='lat' dir='ltr'>sibi</span> 
     </span>
     <span class='ocr_line' id='line_1_103' title="bbox 1148 1696 2201 1747; baseline 0.008 -14"><span class='ocrx_word' id='word_1_662' title='bbox 1148 1696 1333 1742; x_wconf 78' lang='lat' dir='ltr'>conjunxit</span> <span class='ocrx_word' id='word_1_663' title='bbox 1354 1698 1390 1733; x_wconf 88' lang='lat' dir='ltr'>in</span> <span class='ocrx_word' id='word_1_664' title='bbox 1407 1698 1543 1735; x_wconf 89' lang='lat' dir='ltr'>unitate</span> <span class='ocrx_word' id='word_1_665' title='bbox 1561 1709 1735 1746; x_wconf 71' lang='lat' dir='ltr'>personae.</span> <span class='ocrx_word' id='word_1_666' title='bbox 1752 1700 1853 1745; x_wconf 86' lang='lat' dir='ltr'>Quod</span> <span class='ocrx_word' id='word_1_667' title='bbox 1870 1708 1989 1738; x_wconf 90' lang='lat' dir='ltr'>autem</span> <span class='ocrx_word' id='word_1_668' title='bbox 2006 1702 2104 1747; x_wconf 86' lang='lat' dir='ltr'>dicit,</span> <span class='ocrx_word' id='word_1_669' title='bbox 2129 1716 2141 1738; x_wconf 72' lang='grc' dir='ltr'><strong><em>ι</em></strong></span> <span class='ocrx_word' id='word_1_670' title='bbox 2165 1705 2201 1741; x_wconf 93' lang='lat' dir='ltr'>in</span> 
     </span>
     <span class='ocr_line' id='line_1_104' title="bbox 1148 1758 2199 1811; baseline 0.008 -17"><span class='ocrx_word' id='word_1_671' title='bbox 1148 1758 1306 1794; x_wconf 87' lang='lat' dir='ltr'>thalamo</span> <span class='ocrx_word' id='word_1_672' title='bbox 1325 1760 1533 1802; x_wconf 88' lang='lat' dir='ltr'>morabitur,</span> <span class='ocrx_word' id='word_1_673' title='bbox 1566 1765 1603 1796; x_wconf 91' lang='lat' dir='ltr'>et</span> <span class='ocrx_word' id='word_1_674' title='bbox 1628 1761 1721 1797; x_wconf 88' lang='lat' dir='ltr'>inter</span> <span class='ocrx_word' id='word_1_675' title='bbox 1747 1761 1917 1800; x_wconf 88' lang='lat' dir='ltr'>humeros</span> <span class='ocrx_word' id='word_1_676' title='bbox 1945 1763 2040 1800; x_wconf 84' lang='lat' dir='ltr'>illius</span> <span class='ocrx_word' id='word_1_677' title='bbox 2059 1765 2199 1811; x_wconf 86' lang='lat' dir='ltr'>requie-</span> 
     </span>
     <span class='ocr_line' id='line_1_105' title="bbox 1149 1821 2202 1873; baseline 0.009 -17"><span class='ocrx_word' id='word_1_678' title='bbox 1149 1825 1238 1862; x_wconf 85' lang='lat' dir='ltr'>scet,</span> <span class='ocrx_word' id='word_1_679' title='bbox 1259 1833 1270 1854; x_wconf 85' lang='lat'>›</span> <span class='ocrx_word' id='word_1_680' title='bbox 1286 1821 1462 1866; x_wconf 82' lang='lat' dir='ltr'>significat</span> <span class='ocrx_word' id='word_1_681' title='bbox 1477 1822 1571 1867; x_wconf 90' lang='lat' dir='ltr'>quod</span> <span class='ocrx_word' id='word_1_682' title='bbox 1585 1822 1622 1858; x_wconf 92' lang='lat' dir='ltr'>in</span> <span class='ocrx_word' id='word_1_683' title='bbox 1631 1828 1734 1859; x_wconf 88' lang='lat' dir='ltr'>utero</span> <span class='ocrx_word' id='word_1_684' title='bbox 1744 1823 1894 1871; x_wconf 88' lang='lat' dir='ltr'>virginis</span> <span class='ocrx_word' id='word_1_685' title='bbox 1905 1826 2060 1862; x_wconf 84' lang='lat' dir='ltr'>coelestis</span> <span class='ocrx_word' id='word_1_686' title='bbox 2070 1837 2202 1873; x_wconf 86' lang='lat' dir='ltr'>sponso</span> 
     </span>
     <span class='ocr_line' id='line_1_106' title="bbox 1150 1881 2203 1935; baseline 0.008 -18"><span class='ocrx_word' id='word_1_687' title='bbox 1150 1881 1339 1926; x_wconf 87' lang='lat' dir='ltr'>conjuncta</span> <span class='ocrx_word' id='word_1_688' title='bbox 1363 1888 1418 1919; x_wconf 88' lang='lat' dir='ltr'>est</span> <span class='ocrx_word' id='word_1_689' title='bbox 1434 1883 1615 1929; x_wconf 88' lang='lat' dir='ltr'>Ecclesia,</span> <span class='ocrx_word' id='word_1_690' title='bbox 1638 1896 1718 1932; x_wconf 80' lang='lat' dir='ltr'>quae</span> <span class='ocrx_word' id='word_1_691' title='bbox 1741 1886 1779 1922; x_wconf 91' lang='lat' dir='ltr'>in</span> <span class='ocrx_word' id='word_1_692' title='bbox 1803 1886 2013 1925; x_wconf 83' lang='lat' dir='ltr'>fortitudine</span> <span class='ocrx_word' id='word_1_693' title='bbox 2034 1888 2203 1935; x_wconf 83' lang='lat' dir='ltr'>potentiae</span> 
     </span>
     <span class='ocr_line' id='line_1_107' title="bbox 1156 1942 2204 1993; baseline 0.007 -15"><span class='ocrx_word' id='word_1_694' title='bbox 1156 1942 1288 1979; x_wconf 89' lang='lat' dir='ltr'>Christi</span> <span class='ocrx_word' id='word_1_695' title='bbox 1318 1948 1353 1979; x_wconf 89' lang='lat' dir='ltr'>et</span> <span class='ocrx_word' id='word_1_696' title='bbox 1385 1943 1421 1980; x_wconf 93' lang='lat' dir='ltr'>in</span> <span class='ocrx_word' id='word_1_697' title='bbox 1448 1945 1616 1989; x_wconf 88' lang='lat' dir='ltr'>operibus</span> <span class='ocrx_word' id='word_1_698' title='bbox 1649 1946 1725 1993; x_wconf 87' lang='lat' dir='ltr'>ejus</span> <span class='ocrx_word' id='word_1_699' title='bbox 1752 1948 1944 1983; x_wconf 89' lang='lat' dir='ltr'>maximam</span> <span class='ocrx_word' id='word_1_700' title='bbox 1973 1948 2138 1985; x_wconf 80' lang='lat' dir='ltr'>fiduciam</span> <span class='ocrx_word' id='word_1_701' title='bbox 2162 1958 2204 1985; x_wconf 88' lang='lat' dir='ltr'>ac</span> 
     </span>
     <span class='ocr_line' id='line_1_108' title="bbox 1155 2005 2205 2058; baseline 0.004 -17"><span class='ocrx_word' id='word_1_702' title='bbox 1155 2005 1319 2051; x_wconf 90' lang='lat' dir='ltr'>requiem</span> <span class='ocrx_word' id='word_1_703' title='bbox 1339 2006 1471 2043; x_wconf 89' lang='lat' dir='ltr'>mentis</span> <span class='ocrx_word' id='word_1_704' title='bbox 1490 2008 1611 2043; x_wconf 84' lang='lat' dir='ltr'>habet.</span> <span class='ocrx_word' id='word_1_705' title='bbox 1632 2008 1745 2044; x_wconf 83' lang='lat' dir='ltr'>Aliter</span> <span class='ocrx_word' id='word_1_706' title='bbox 1764 2022 1771 2043; x_wconf 93' lang='lat'><strong>:</strong></span> <span class='ocrx_word' id='word_1_707' title='bbox 1789 2019 1853 2055; x_wconf 86' lang='lat' dir='ltr'>per</span> <span class='ocrx_word' id='word_1_708' title='bbox 1862 2009 2060 2058; x_wconf 79' lang='lat' dir='ltr'>Benjamin‚</span> <span class='ocrx_word' id='word_1_709' title='bbox 2079 2009 2140 2055; x_wconf 89' lang='lat' dir='ltr'>qui</span> <span class='ocrx_word' id='word_1_710' title='bbox 2159 2020 2205 2046; x_wconf 85' lang='lat' dir='ltr'>ex</span> 
     </span>
    </p>
   </div>
   <div class='ocr_carea' id='block_1_12' title="bbox 62 2057 2207 2174">
    <p class='ocr_par' dir='ltr' id='par_1_13' title="bbox 62 2057 2207 2174">
     <span class='ocr_line' id='line_1_109' title="bbox 78 2057 2206 2111; baseline 0.003 -13"><span class='ocrx_word' id='word_1_711' title='bbox 78 2065 190 2101; x_wconf 72' lang='lat' dir='ltr'>uditur</span> <span class='ocrx_word' id='word_1_712' title='bbox 215 2076 223 2099; x_wconf 93' lang='lat'><strong>:</strong></span> <span class='ocrx_word' id='word_1_713' title='bbox 257 2075 269 2097; x_wconf 90' lang='lat'>‹</span> <span class='ocrx_word' id='word_1_714' title='bbox 301 2063 471 2105; x_wconf 86' lang='lat' dir='ltr'>Benedic‚</span> <span class='ocrx_word' id='word_1_715' title='bbox 504 2061 668 2097; x_wconf 81' lang='lat' dir='ltr'>Domine·</span> <span class='ocrx_word' id='word_1_716' title='bbox 698 2057 900 2095; x_wconf 75' lang='lat' dir='ltr'>fortitudini</span> <span class='ocrx_word' id='word_1_717' title='bbox 920 2058 998 2104; x_wconf 75' lang='lat' dir='ltr'>ejus</span> <span class='ocrx_word' id='word_1_718' title='bbox 1019 2069 1027 2092; x_wconf 68' lang='grc' dir='ltr'>ἕ</span> <span class='ocrx_word' id='word_1_719' title='bbox 1049 2062 1086 2093; x_wconf 70' lang='lat' dir='ltr'>fit</span> <span class='ocrx_word' id='word_1_720' title='bbox 1154 2064 1227 2101; x_wconf 86' lang='lat' dir='ltr'>filio</span> <span class='ocrx_word' id='word_1_721' title='bbox 1236 2065 1369 2102; x_wconf 90' lang='lat' dir='ltr'>doloris</span> <span class='ocrx_word' id='word_1_722' title='bbox 1383 2066 1418 2102; x_wconf 95' lang='lat' dir='ltr'>in</span> <span class='ocrx_word' id='word_1_723' title='bbox 1430 2066 1540 2102; x_wconf 86' lang='lat' dir='ltr'>[ilium</span> <span class='ocrx_word' id='word_1_724' title='bbox 1555 2067 1712 2104; x_wconf 79' lang='lat' dir='ltr'>dexterae</span> <span class='ocrx_word' id='word_1_725' title='bbox 1722 2079 1848 2104; x_wconf 85' lang='lat' dir='ltr'>versus</span> <span class='ocrx_word' id='word_1_726' title='bbox 1861 2070 2064 2111; x_wconf 87' lang='lat' dir='ltr'>est‚beatus</span> <span class='ocrx_word' id='word_1_727' title='bbox 2074 2069 2206 2106; x_wconf 88' lang='lat' dir='ltr'>Paulus</span> 
     </span>
     <span class='ocr_line' id='line_1_110' title="bbox 62 2107 2207 2174; baseline 0.001 -13"><span class='ocrx_word' id='word_1_728' title='bbox 62 2134 173 2172; x_wconf 89' lang='lat' dir='ltr'>opera</span> <span class='ocrx_word' id='word_1_729' title='bbox 196 2115 369 2159; x_wconf 74' lang='lat' dir='ltr'>manuum</span> <span class='ocrx_word' id='word_1_730' title='bbox 391 2121 486 2157; x_wconf 79' lang='lat' dir='ltr'>illius</span> <span class='ocrx_word' id='word_1_731' title='bbox 505 2120 662 2166; x_wconf 74' lang='lat' dir='ltr'>suscipe·</span> <span class='ocrx_word' id='word_1_732' title='bbox 687 2131 700 2153; x_wconf 67' lang='lat'><em>2</em></span> <span class='ocrx_word' id='word_1_733' title='bbox 721 2117 938 2154; x_wconf 69' lang='lat' dir='ltr'>F0r¹iffldi¹¹i</span> <span class='ocrx_word' id='word_1_734' title='bbox 955 2117 1087 2163; x_wconf 61' lang='lat' dir='ltr'>quippe</span> <span class='ocrx_word' id='word_1_735' title='bbox 1105 2107 1134 2149; x_wconf 81' lang='lat' dir='ltr'>C</span> <span class='ocrx_word' id='word_1_736' title='bbox 1156 2125 1378 2171; x_wconf 88' lang='lat' dir='ltr'>designatur,</span> <span class='ocrx_word' id='word_1_737' title='bbox 1402 2127 1462 2172; x_wconf 91' lang='lat' dir='ltr'>qui</span> <span class='ocrx_word' id='word_1_738' title='bbox 1484 2127 1527 2163; x_wconf 90' lang='lat' dir='ltr'>de</span> <span class='ocrx_word' id='word_1_739' title='bbox 1545 2132 1775 2172; x_wconf 85' lang='lat' dir='ltr'>persecutore</span> <span class='ocrx_word' id='word_1_740' title='bbox 1793 2128 1828 2163; x_wconf 94' lang='lat' dir='ltr'>in</span> <span class='ocrx_word' id='word_1_741' title='bbox 1848 2128 2045 2174; x_wconf 90' lang='lat' dir='ltr'>apostolum</span> <span class='ocrx_word' id='word_1_742' title='bbox 2059 2132 2207 2174; x_wconf 88' lang='lat' dir='ltr'>repente</span> 
     </span>
    </p>
   </div>
   <div class='ocr_carea' id='block_1_13' title="bbox 1156 2186 2212 3016">
    <p class='ocr_par' dir='ltr' id='par_1_14' title="bbox 1156 2186 2212 3016">
     <span class='ocr_line' id='line_1_111' title="bbox 1156 2186 2209 2234; baseline 0.003 -13"><span class='ocrx_word' id='word_1_743' title='bbox 1156 2191 1328 2229; x_wconf 86' lang='lat' dir='ltr'>mutatus,</span> <span class='ocrx_word' id='word_1_744' title='bbox 1360 2196 1423 2222; x_wconf 86' lang='lat' dir='ltr'>vas</span> <span class='ocrx_word' id='word_1_745' title='bbox 1455 2186 1641 2222; x_wconf 89' lang='lat' dir='ltr'>electionis</span> <span class='ocrx_word' id='word_1_746' title='bbox 1671 2187 1814 2223; x_wconf 89' lang='lat' dir='ltr'>Christo</span> <span class='ocrx_word' id='word_1_747' title='bbox 1847 2187 1995 2223; x_wconf 82' lang='lat' dir='ltr'>effectus</span> <span class='ocrx_word' id='word_1_748' title='bbox 2028 2193 2095 2224; x_wconf 87' lang='lat' dir='ltr'>cst.</span> <span class='ocrx_word' id='word_1_749' title='bbox 2131 2188 2209 2234; x_wconf 88' lang='lat' dir='ltr'>Ipse</span> 
     </span>
     <span class='ocr_line' id='line_1_112' title="bbox 1156 2246 2209 2294; baseline 0.002 -12"><span class='ocrx_word' id='word_1_750' title='bbox 1156 2246 1255 2283; x_wconf 91' lang='lat' dir='ltr'>enim</span> <span class='ocrx_word' id='word_1_751' title='bbox 1274 2256 1312 2283; x_wconf 91' lang='lat' dir='ltr'>se</span> <span class='ocrx_word' id='word_1_752' title='bbox 1332 2257 1376 2283; x_wconf 87' lang='lat' dir='ltr'>ex</span> <span class='ocrx_word' id='word_1_753' title='bbox 1395 2247 1464 2283; x_wconf 84' lang='lat' dir='ltr'>hac</span> <span class='ocrx_word' id='word_1_754' title='bbox 1482 2247 1576 2283; x_wconf 86' lang='lat' dir='ltr'>tribu</span> <span class='ocrx_word' id='word_1_755' title='bbox 1597 2246 1708 2283; x_wconf 81' lang='lat' dir='ltr'>fuisse</span> <span class='ocrx_word' id='word_1_756' title='bbox 1730 2252 1894 2290; x_wconf 84' lang='lat' dir='ltr'>testatur,</span> <span class='ocrx_word' id='word_1_757' title='bbox 1915 2248 1958 2284; x_wconf 89' lang='lat' dir='ltr'>de</span> <span class='ocrx_word' id='word_1_758' title='bbox 1978 2258 2046 2294; x_wconf 89' lang='lat' dir='ltr'>qua</span> <span class='ocrx_word' id='word_1_759' title='bbox 2063 2247 2122 2283; x_wconf 88' lang='lat' dir='ltr'>hic</span> <span class='ocrx_word' id='word_1_760' title='bbox 2138 2247 2209 2294; x_wconf 92' lang='lat' dir='ltr'>spi-</span> 
     </span>
     <span class='ocr_line' id='line_1_113' title="bbox 1158 2307 2205 2354; baseline 0.001 -12"><span class='ocrx_word' id='word_1_761' title='bbox 1158 2307 1232 2343; x_wconf 92' lang='lat' dir='ltr'>ritu</span> <span class='ocrx_word' id='word_1_762' title='bbox 1246 2307 1449 2352; x_wconf 88' lang='lat' dir='ltr'>prophetali</span> <span class='ocrx_word' id='word_1_763' title='bbox 1467 2308 1672 2343; x_wconf 90' lang='lat' dir='ltr'>nasciturus</span> <span class='ocrx_word' id='word_1_764' title='bbox 1689 2317 1767 2344; x_wconf 89' lang='lat' dir='ltr'>esse</span> <span class='ocrx_word' id='word_1_765' title='bbox 1782 2308 2029 2353; x_wconf 84' lang='lat' dir='ltr'>praenoscitur.</span> <span class='ocrx_word' id='word_1_766' title='bbox 2052 2308 2205 2354; x_wconf 84' lang='lat' dir='ltr'>Dignum</span> 
     </span>
     <span class='ocr_line' id='line_1_114' title="bbox 1157 2366 2205 2413; baseline 0.002 -12"><span class='ocrx_word' id='word_1_767' title='bbox 1157 2366 1287 2412; x_wconf 88' lang='lat' dir='ltr'>quippe</span> <span class='ocrx_word' id='word_1_768' title='bbox 1303 2366 1370 2402; x_wconf 80' lang='lat' dir='ltr'>suit</span> <span class='ocrx_word' id='word_1_769' title='bbox 1387 2372 1426 2402; x_wconf 91' lang='lat' dir='ltr'>ut</span> <span class='ocrx_word' id='word_1_770' title='bbox 1449 2369 1748 2412; x_wconf 86' lang='lat' dir='ltr'>quemadmodum</span> <span class='ocrx_word' id='word_1_771' title='bbox 1764 2366 1912 2402; x_wconf 90' lang='lat' dir='ltr'>Joannis</span> <span class='ocrx_word' id='word_1_772' title='bbox 1930 2368 2096 2413; x_wconf 84' lang='lat' dir='ltr'>Baptistae</span> <span class='ocrx_word' id='word_1_773' title='bbox 2112 2378 2205 2413; x_wconf 85' lang='lat' dir='ltr'>prae-</span> 
     </span>
     <span class='ocr_line' id='line_1_115' title="bbox 1157 2426 2204 2472; baseline -0.001 -9"><span class='ocrx_word' id='word_1_774' title='bbox 1157 2427 1331 2470; x_wconf 90' lang='lat' dir='ltr'>cursoria,</span> <span class='ocrx_word' id='word_1_775' title='bbox 1362 2426 1433 2463; x_wconf 92' lang='lat' dir='ltr'>imo</span> <span class='ocrx_word' id='word_1_776' title='bbox 1459 2427 1620 2472; x_wconf 86' lang='lat' dir='ltr'>angelica</span> <span class='ocrx_word' id='word_1_777' title='bbox 1653 2427 1805 2472; x_wconf 88' lang='lat' dir='ltr'>dignitas</span> <span class='ocrx_word' id='word_1_778' title='bbox 1831 2433 1913 2463; x_wconf 87' lang='lat' dir='ltr'>ante</span> <span class='ocrx_word' id='word_1_779' title='bbox 1942 2427 2111 2472; x_wconf 87' lang='lat' dir='ltr'>praedicta</span> <span class='ocrx_word' id='word_1_780' title='bbox 2136 2433 2204 2471; x_wconf 89' lang='lat' dir='ltr'>est,</span> 
     </span>
     <span class='ocr_line' id='line_1_116' title="bbox 1158 2488 2206 2535; baseline 0.001 -11"><span class='ocrx_word' id='word_1_781' title='bbox 1158 2489 1207 2524; x_wconf 93' lang='lat' dir='ltr'>ita</span> <span class='ocrx_word' id='word_1_782' title='bbox 1227 2493 1262 2523; x_wconf 88' lang='lat' dir='ltr'>ct</span> <span class='ocrx_word' id='word_1_783' title='bbox 1281 2489 1444 2535; x_wconf 86' lang='lat' dir='ltr'>magistri</span> <span class='ocrx_word' id='word_1_784' title='bbox 1465 2488 1626 2534; x_wconf 88' lang='lat' dir='ltr'>gentium</span> <span class='ocrx_word' id='word_1_785' title='bbox 1651 2488 1687 2523; x_wconf 91' lang='lat' dir='ltr'>in</span> <span class='ocrx_word' id='word_1_786' title='bbox 1706 2488 1776 2523; x_wconf 88' lang='lat' dir='ltr'>fide</span> <span class='ocrx_word' id='word_1_787' title='bbox 1803 2493 1838 2523; x_wconf 91' lang='lat' dir='ltr'>ct</span> <span class='ocrx_word' id='word_1_788' title='bbox 1864 2488 2015 2524; x_wconf 87' lang='lat' dir='ltr'>veritate</span> <span class='ocrx_word' id='word_1_789' title='bbox 2038 2488 2206 2525; x_wconf 83' lang='lat' dir='ltr'>universo</span> 
     </span>
     <span class='ocr_line' id='line_1_117' title="bbox 1157 2545 2204 2593; baseline -0.002 -10"><span class='ocrx_word' id='word_1_790' title='bbox 1157 2547 1289 2584; x_wconf 87' lang='lat' dir='ltr'>mundo</span> <span class='ocrx_word' id='word_1_791' title='bbox 1308 2557 1372 2593; x_wconf 90' lang='lat' dir='ltr'>pro</span> <span class='ocrx_word' id='word_1_792' title='bbox 1394 2546 1511 2582; x_wconf 77' lang='lat' dir='ltr'>sutura</span> <span class='ocrx_word' id='word_1_793' title='bbox 1529 2546 1643 2593; x_wconf 87' lang='lat' dir='ltr'>gratia</span> <span class='ocrx_word' id='word_1_794' title='bbox 1670 2546 1765 2582; x_wconf 89' lang='lat' dir='ltr'>inter</span> <span class='ocrx_word' id='word_1_795' title='bbox 1782 2556 1910 2591; x_wconf 84' lang='lat' dir='ltr'>magna</span> <span class='ocrx_word' id='word_1_796' title='bbox 1936 2545 2106 2583; x_wconf 88' lang='lat' dir='ltr'>Ecclesiae</span> <span class='ocrx_word' id='word_1_797' title='bbox 2124 2556 2204 2592; x_wconf 78' lang='lat' dir='ltr'>my-</span> 
     </span>
     <span class='ocr_line' id='line_1_118' title="bbox 1162 2606 2208 2654; baseline -0.001 -10"><span class='ocrx_word' id='word_1_798' title='bbox 1162 2608 1271 2644; x_wconf 88' lang='lat' dir='ltr'>steria</span> <span class='ocrx_word' id='word_1_799' title='bbox 1301 2609 1597 2654; x_wconf 83' lang='lat' dir='ltr'>prophetaretur,</span> <span class='ocrx_word' id='word_1_800' title='bbox 1629 2607 1711 2651; x_wconf 89' lang='lat' dir='ltr'>quia</span> <span class='ocrx_word' id='word_1_801' title='bbox 1735 2606 1885 2642; x_wconf 79' lang='lat' dir='ltr'>Domino</span> <span class='ocrx_word' id='word_1_802' title='bbox 1921 2606 2050 2653; x_wconf 89' lang='lat' dir='ltr'>insigni</span> <span class='ocrx_word' id='word_1_803' title='bbox 2085 2616 2208 2643; x_wconf 83' lang='lat' dir='ltr'>amore</span> 
     </span>
     <span class='ocr_line' id='line_1_119' title="bbox 1159 2665 2208 2712; baseline 0.001 -9"><span class='ocrx_word' id='word_1_804' title='bbox 1159 2667 1326 2710; x_wconf 85' lang='lat' dir='ltr'>dilectus,</span> <span class='ocrx_word' id='word_1_805' title='bbox 1362 2667 1480 2702; x_wconf 89' lang='lat' dir='ltr'>subito</span> <span class='ocrx_word' id='word_1_806' title='bbox 1510 2677 1553 2702; x_wconf 87' lang='lat' dir='ltr'>ex</span> <span class='ocrx_word' id='word_1_807' title='bbox 1573 2671 1802 2712; x_wconf 88' lang='lat' dir='ltr'>persecutore</span> <span class='ocrx_word' id='word_1_808' title='bbox 1819 2665 2033 2712; x_wconf 82' lang='lat' dir='ltr'>praedicator</span> <span class='ocrx_word' id='word_1_809' title='bbox 2061 2666 2208 2704; x_wconf 80' lang='lat' dir='ltr'>effectus</span> 
     </span>
     <span class='ocr_line' id='line_1_120' title="bbox 1159 2725 2205 2774; baseline -0.001 -10"><span class='ocrx_word' id='word_1_810' title='bbox 1159 2734 1214 2764; x_wconf 85' lang='lat' dir='ltr'>cst</span> <span class='ocrx_word' id='word_1_811' title='bbox 1237 2740 1246 2763; x_wconf 88' lang='lat'><strong>:</strong></span> <span class='ocrx_word' id='word_1_812' title='bbox 1276 2727 1506 2774; x_wconf 82' lang='lat' dir='ltr'>Evangelium</span> <span class='ocrx_word' id='word_1_813' title='bbox 1525 2736 1589 2773; x_wconf 92' lang='lat' dir='ltr'>per</span> <span class='ocrx_word' id='word_1_814' title='bbox 1616 2727 1873 2763; x_wconf 86' lang='lat' dir='ltr'>revelationem</span> <span class='ocrx_word' id='word_1_815' title='bbox 1889 2725 2023 2763; x_wconf 90' lang='lat' dir='ltr'>Christi</span> <span class='ocrx_word' id='word_1_816' title='bbox 2056 2727 2205 2771; x_wconf 85' lang='lat' dir='ltr'>didicit;</span> 
     </span>
     <span class='ocr_line' id='line_1_121' title="bbox 1160 2786 2204 2832; baseline -0.002 -7"><span class='ocrx_word' id='word_1_817' title='bbox 1160 2789 1204 2825; x_wconf 88' lang='lat' dir='ltr'>ad</span> <span class='ocrx_word' id='word_1_818' title='bbox 1234 2787 1360 2823; x_wconf 86' lang='lat' dir='ltr'>coelum</span> <span class='ocrx_word' id='word_1_819' title='bbox 1394 2797 1506 2832; x_wconf 87' lang='lat' dir='ltr'>usque</span> <span class='ocrx_word' id='word_1_820' title='bbox 1535 2786 1680 2822; x_wconf 87' lang='lat' dir='ltr'>tertium</span> <span class='ocrx_word' id='word_1_821' title='bbox 1714 2791 1836 2832; x_wconf 89' lang='lat' dir='ltr'>raptus</span> <span class='ocrx_word' id='word_1_822' title='bbox 1866 2791 1921 2822; x_wconf 90' lang='lat' dir='ltr'>est</span> <span class='ocrx_word' id='word_1_823' title='bbox 1943 2796 1951 2821; x_wconf 91' lang='lat'><strong>:</strong></span> <span class='ocrx_word' id='word_1_824' title='bbox 1973 2787 2008 2822; x_wconf 92' lang='lat' dir='ltr'>in</span> <span class='ocrx_word' id='word_1_825' title='bbox 2038 2787 2204 2832; x_wconf 86' lang='lat' dir='ltr'>paradiso</span> 
     </span>
     <span class='ocr_line' id='line_1_122' title="bbox 1160 2846 2205 2892; baseline -0.002 -8"><span class='ocrx_word' id='word_1_826' title='bbox 1160 2858 1291 2884; x_wconf 85' lang='lat' dir='ltr'>arcana</span> <span class='ocrx_word' id='word_1_827' title='bbox 1307 2846 1429 2890; x_wconf 84' lang='lat' dir='ltr'>verba,</span> <span class='ocrx_word' id='word_1_828' title='bbox 1445 2856 1523 2892; x_wconf 84' lang='lat' dir='ltr'>quae</span> <span class='ocrx_word' id='word_1_829' title='bbox 1539 2856 1764 2892; x_wconf 86' lang='lat' dir='ltr'>nequaquam</span> <span class='ocrx_word' id='word_1_830' title='bbox 1779 2846 1983 2883; x_wconf 91' lang='lat' dir='ltr'>hominibus</span> <span class='ocrx_word' id='word_1_831' title='bbox 1995 2847 2091 2892; x_wconf 89' lang='lat' dir='ltr'>loqui</span> <span class='ocrx_word' id='word_1_832' title='bbox 2109 2846 2205 2891; x_wconf 91' lang='lat' dir='ltr'>licet,</span> 
     </span>
     <span class='ocr_line' id='line_1_123' title="bbox 1160 2907 2211 2954; baseline -0.003 -7"><span class='ocrx_word' id='word_1_833' title='bbox 1160 2911 1309 2947; x_wconf 86' lang='lat' dir='ltr'>audivit.</span> <span class='ocrx_word' id='word_1_834' title='bbox 1331 2910 1369 2945; x_wconf 94' lang='lat' dir='ltr'>ln</span> <span class='ocrx_word' id='word_1_835' title='bbox 1390 2909 1492 2954; x_wconf 84' lang='lat' dir='ltr'>cujus</span> <span class='ocrx_word' id='word_1_836' title='bbox 1516 2914 1636 2945; x_wconf 88' lang='lat' dir='ltr'>mente</span> <span class='ocrx_word' id='word_1_837' title='bbox 1654 2914 1751 2945; x_wconf 89' lang='lat' dir='ltr'>tanta</span> <span class='ocrx_word' id='word_1_838' title='bbox 1777 2908 1859 2944; x_wconf 84' lang='lat' dir='ltr'>fidei</span> <span class='ocrx_word' id='word_1_839' title='bbox 1876 2908 2090 2945; x_wconf 86' lang='lat' dir='ltr'>confidentia</span> <span class='ocrx_word' id='word_1_840' title='bbox 2108 2907 2211 2944; x_wconf 89' lang='lat' dir='ltr'>Chri-</span> 
     </span>
     <span class='ocr_line' id='line_1_124' title="bbox 1162 2969 2212 3016; baseline -0.004 -7"><span class='ocrx_word' id='word_1_841' title='bbox 1162 2977 1240 3009; x_wconf 89' lang='lat' dir='ltr'>stus</span> <span class='ocrx_word' id='word_1_842' title='bbox 1257 2970 1448 3014; x_wconf 89' lang='lat' dir='ltr'>habitavit,</span> <span class='ocrx_word' id='word_1_843' title='bbox 1464 2974 1504 3005; x_wconf 93' lang='lat' dir='ltr'>ut</span> <span class='ocrx_word' id='word_1_844' title='bbox 1517 2969 1594 3015; x_wconf 90' lang='lat' dir='ltr'>ipse</span> <span class='ocrx_word' id='word_1_845' title='bbox 1610 2969 1704 3006; x_wconf 87' lang='lat' dir='ltr'>inter</span> <span class='ocrx_word' id='word_1_846' title='bbox 1720 2970 1904 3006; x_wconf 88' lang='lat' dir='ltr'>innumera</span> <span class='ocrx_word' id='word_1_847' title='bbox 1917 2969 2077 3016; x_wconf 87' lang='lat' dir='ltr'>pericula</span> <span class='ocrx_word' id='word_1_848' title='bbox 2090 2979 2212 3006; x_wconf 87' lang='lat' dir='ltr'>coram</span> 
     </span>
    </p>
   </div>
   <div class='ocr_carea' id='block_1_14' title="bbox 46 3010 2211 3082">
    <p class='ocr_par' dir='ltr' id='par_1_15' title="bbox 46 3010 2211 3082">
     <span class='ocr_line' id='line_1_125' title="bbox 46 3010 2211 3082; baseline -0.005 -5"><span class='ocrx_word' id='word_1_849' title='bbox 46 3066 52 3072; x_wconf 78' lang='lat'>.</span> <span class='ocrx_word' id='word_1_850' title='bbox 72 3028 141 3067; x_wconf 66' lang='lat'>&#39;³⁸¹</span> <span class='ocrx_word' id='word_1_851' title='bbox 158 3038 224 3076; x_wconf 68' lang='lat'><em>1³01*</em></span> <span class='ocrx_word' id='word_1_852' title='bbox 248 3028 397 3065; x_wconf 70' lang='lat' dir='ltr'>‘1⁰¹&#39;SU111</span> <span class='ocrx_word' id='word_1_853' title='bbox 426 3033 547 3073; x_wconf 66' lang='lat' dir='ltr'>Poessav</span> <span class='ocrx_word' id='word_1_854' title='bbox 577 3034 686 3071; x_wconf 65' lang='lat' dir='ltr'>(luam</span> <span class='ocrx_word' id='word_1_855' title='bbox 708 3021 908 3070; x_wconf 65' lang='lat' dir='ltr'>Pl&#39;aeVidel&#39;e</span> <span class='ocrx_word' id='word_1_856' title='bbox 938 3031 1011 3058; x_wconf 70' lang='lat'><strong>⁰⁰¹¹</strong></span> <span class='ocrx_word' id='word_1_857' title='bbox 1030 3032 1094 3059; x_wconf 71' lang='lat'>¹¹0-</span> <span class='ocrx_word' id='word_1_858' title='bbox 1109 3010 1145 3051; x_wconf 80' lang='lat' dir='ltr'>D</span> <span class='ocrx_word' id='word_1_859' title='bbox 1163 3034 1329 3082; x_wconf 83' lang='lat' dir='ltr'>gentibus</span> <span class='ocrx_word' id='word_1_860' title='bbox 1351 3040 1389 3070; x_wconf 88' lang='lat' dir='ltr'>et</span> <span class='ocrx_word' id='word_1_861' title='bbox 1419 3031 1565 3078; x_wconf 87' lang='lat' dir='ltr'>regibus</span> <span class='ocrx_word' id='word_1_862' title='bbox 1597 3037 1633 3067; x_wconf 90' lang='lat' dir='ltr'>et</span> <span class='ocrx_word' id='word_1_863' title='bbox 1661 3031 1743 3068; x_wconf 84' lang='lat' dir='ltr'>filiis</span> <span class='ocrx_word' id='word_1_864' title='bbox 1769 3030 1878 3067; x_wconf 86' lang='lat' dir='ltr'>lsrael</span> <span class='ocrx_word' id='word_1_865' title='bbox 1897 3035 2105 3067; x_wconf 88' lang='lat' dir='ltr'>constanter</span> <span class='ocrx_word' id='word_1_866' title='bbox 2130 3040 2211 3067; x_wconf 91' lang='lat' dir='ltr'>eum</span> 
     </span>
    </p>
   </div>
   <div class='ocr_carea' id='block_1_15' title="bbox 1161 3090 2213 3806">
    <p class='ocr_par' dir='ltr' id='par_1_16' title="bbox 1161 3090 2213 3806">
     <span class='ocr_line' id='line_1_126' title="bbox 1161 3090 2213 3142; baseline -0.006 -11"><span class='ocrx_word' id='word_1_867' title='bbox 1161 3095 1378 3142; x_wconf 80' lang='lat' dir='ltr'>praedicans,</span> <span class='ocrx_word' id='word_1_868' title='bbox 1410 3093 1542 3129; x_wconf 87' lang='lat' dir='ltr'>clamet</span> <span class='ocrx_word' id='word_1_869' title='bbox 1566 3104 1574 3128; x_wconf 82' lang='lat' dir='ltr'><strong><em>z</em></strong></span> <span class='ocrx_word' id='word_1_870' title='bbox 1602 3104 1613 3126; x_wconf 77' lang='grc' dir='ltr'>ι</span> <span class='ocrx_word' id='word_1_871' title='bbox 1645 3091 1730 3128; x_wconf 90' lang='lat' dir='ltr'>Mihi</span> <span class='ocrx_word' id='word_1_872' title='bbox 1758 3092 1879 3128; x_wconf 79' lang='lat' dir='ltr'>vivere</span> <span class='ocrx_word' id='word_1_873' title='bbox 1897 3090 2060 3127; x_wconf 86' lang='lat' dir='ltr'>Christus</span> <span class='ocrx_word' id='word_1_874' title='bbox 2086 3096 2153 3133; x_wconf 90' lang='lat' dir='ltr'>est,</span> <span class='ocrx_word' id='word_1_875' title='bbox 2176 3097 2213 3126; x_wconf 90' lang='lat' dir='ltr'>et</span> 
     </span>
     <span class='ocr_line' id='line_1_127' title="bbox 1164 3149 2212 3201; baseline -0.01 -7"><span class='ocrx_word' id='word_1_876' title='bbox 1164 3156 1256 3194; x_wconf 86' lang='lat' dir='ltr'>mori</span> <span class='ocrx_word' id='word_1_877' title='bbox 1286 3155 1424 3191; x_wconf 91' lang='lat' dir='ltr'>lucrum</span> <span class='ocrx_word' id='word_1_878' title='bbox 1445 3153 1556 3201; x_wconf 81' lang='lat' dir='ltr'>(Phil.</span> <span class='ocrx_word' id='word_1_879' title='bbox 1587 3153 1628 3200; x_wconf 81' lang='grc' dir='ltr'>ι).</span> <span class='ocrx_word' id='word_1_880' title='bbox 1655 3166 1667 3187; x_wconf 83' lang='lat'><strong>›</strong></span> <span class='ocrx_word' id='word_1_881' title='bbox 1696 3153 1740 3187; x_wconf 88' lang='lat' dir='ltr'>Et</span> <span class='ocrx_word' id='word_1_882' title='bbox 1759 3152 1888 3187; x_wconf 88' lang='lat' dir='ltr'>iterum</span> <span class='ocrx_word' id='word_1_883' title='bbox 1913 3162 1922 3185; x_wconf 93' lang='lat'><strong>:</strong></span> <span class='ocrx_word' id='word_1_884' title='bbox 1948 3161 1961 3182; x_wconf 83' lang='lat'>‹</span> <span class='ocrx_word' id='word_1_885' title='bbox 1983 3150 2021 3184; x_wconf 83' lang='lat' dir='ltr'>ln</span> <span class='ocrx_word' id='word_1_886' title='bbox 2050 3149 2146 3184; x_wconf 89' lang='lat' dir='ltr'>omni</span> <span class='ocrx_word' id='word_1_887' title='bbox 2175 3149 2212 3184; x_wconf 82' lang='lat' dir='ltr'>ti-</span> 
     </span>
     <span class='ocr_line' id='line_1_128' title="bbox 1166 3209 2211 3262; baseline -0.01 -7"><span class='ocrx_word' id='word_1_888' title='bbox 1166 3217 1270 3255; x_wconf 86' lang='lat' dir='ltr'>ducia</span> <span class='ocrx_word' id='word_1_889' title='bbox 1294 3217 1388 3253; x_wconf 89' lang='lat' dir='ltr'>sicut</span> <span class='ocrx_word' id='word_1_890' title='bbox 1406 3225 1563 3262; x_wconf 90' lang='lat' dir='ltr'>semper,</span> <span class='ocrx_word' id='word_1_891' title='bbox 1583 3215 1633 3250; x_wconf 90' lang='lat' dir='ltr'>ita</span> <span class='ocrx_word' id='word_1_892' title='bbox 1653 3219 1688 3249; x_wconf 84' lang='lat' dir='ltr'>et</span> <span class='ocrx_word' id='word_1_893' title='bbox 1705 3221 1799 3247; x_wconf 89' lang='lat' dir='ltr'>nunc</span> <span class='ocrx_word' id='word_1_894' title='bbox 1812 3209 2031 3256; x_wconf 83' lang='lat' dir='ltr'>glorificatur</span> <span class='ocrx_word' id='word_1_895' title='bbox 2048 3209 2211 3245; x_wconf 90' lang='lat' dir='ltr'>Christus</span> 
     </span>
     <span class='ocr_line' id='line_1_129' title="bbox 1165 3270 2206 3324; baseline -0.012 -8"><span class='ocrx_word' id='word_1_896' title='bbox 1165 3280 1203 3316; x_wconf 92' lang='lat' dir='ltr'>in</span> <span class='ocrx_word' id='word_1_897' title='bbox 1225 3288 1375 3324; x_wconf 86' lang='lat' dir='ltr'>corpore</span> <span class='ocrx_word' id='word_1_898' title='bbox 1409 3287 1500 3318; x_wconf 90' lang='lat' dir='ltr'>meo,</span> <span class='ocrx_word' id='word_1_899' title='bbox 1535 3275 1610 3311; x_wconf 84' lang='lat' dir='ltr'>sivo</span> <span class='ocrx_word' id='word_1_900' title='bbox 1638 3283 1701 3318; x_wconf 88' lang='lat' dir='ltr'>per</span> <span class='ocrx_word' id='word_1_901' title='bbox 1725 3271 1850 3312; x_wconf 88' lang='lat' dir='ltr'>vitam,</span> <span class='ocrx_word' id='word_1_902' title='bbox 1877 3270 1952 3305; x_wconf 91' lang='lat' dir='ltr'>sive</span> <span class='ocrx_word' id='word_1_903' title='bbox 1969 3278 2035 3314; x_wconf 90' lang='lat' dir='ltr'>per</span> <span class='ocrx_word' id='word_1_904' title='bbox 2053 3274 2206 3305; x_wconf 89' lang='lat' dir='ltr'>mortem</span> 
     </span>
     <span class='ocr_line' id='line_1_130' title="bbox 1167 3327 2207 3387; baseline -0.014 -11"><span class='ocrx_word' id='word_1_905' title='bbox 1167 3339 1308 3387; x_wconf 53' lang='lat' dir='ltr'>(Imm).</span> <span class='ocrx_word' id='word_1_906' title='bbox 1334 3350 1345 3373; x_wconf 71' lang='grc' dir='ltr'><strong>ι</strong></span> <span class='ocrx_word' id='word_1_907' title='bbox 1369 3339 1420 3374; x_wconf 88' lang='lat' dir='ltr'>Dc</span> <span class='ocrx_word' id='word_1_908' title='bbox 1437 3336 1538 3380; x_wconf 87' lang='lat' dir='ltr'>eujus</span> <span class='ocrx_word' id='word_1_909' title='bbox 1557 3333 1674 3368; x_wconf 85' lang='lat' dir='ltr'>adhuc</span> <span class='ocrx_word' id='word_1_910' title='bbox 1697 3330 1793 3365; x_wconf 88' lang='lat' dir='ltr'>omni</span> <span class='ocrx_word' id='word_1_911' title='bbox 1811 3330 1982 3364; x_wconf 82' lang='lat' dir='ltr'>virtutum</span> <span class='ocrx_word' id='word_1_912' title='bbox 2002 3327 2103 3371; x_wconf 84' lang='lat' dir='ltr'>flore,</span> <span class='ocrx_word' id='word_1_913' title='bbox 2125 3338 2207 3375; x_wconf 85' lang='lat' dir='ltr'>spe-</span> 
     </span>
     <span class='ocr_line' id='line_1_131' title="bbox 1166 3388 2207 3436; baseline -0.013 0"><span class='ocrx_word' id='word_1_914' title='bbox 1166 3398 1366 3436; x_wconf 88' lang='lat' dir='ltr'>ciosissima</span> <span class='ocrx_word' id='word_1_915' title='bbox 1390 3400 1426 3431; x_wconf 90' lang='lat' dir='ltr'>et</span> <span class='ocrx_word' id='word_1_916' title='bbox 1458 3390 1687 3428; x_wconf 85' lang='lat' dir='ltr'>dilectissima</span> <span class='ocrx_word' id='word_1_917' title='bbox 1715 3388 1858 3426; x_wconf 89' lang='lat' dir='ltr'>Christo</span> <span class='ocrx_word' id='word_1_918' title='bbox 1882 3388 2022 3431; x_wconf 88' lang='lat' dir='ltr'>anima,</span> <span class='ocrx_word' id='word_1_919' title='bbox 2051 3388 2207 3424; x_wconf 90' lang='lat' dir='ltr'>dicitur:</span> 
     </span>
     <span class='ocr_line' id='line_1_132' title="bbox 1169 3448 2210 3503; baseline -0.011 -8"><span class='ocrx_word' id='word_1_920' title='bbox 1169 3471 1181 3493; x_wconf 86' lang='lat'>‹</span> <span class='ocrx_word' id='word_1_921' title='bbox 1210 3458 1319 3503; x_wconf 86' lang='lat' dir='ltr'>Quasi</span> <span class='ocrx_word' id='word_1_922' title='bbox 1337 3457 1374 3491; x_wconf 91' lang='lat' dir='ltr'>in</span> <span class='ocrx_word' id='word_1_923' title='bbox 1394 3453 1550 3490; x_wconf 84' lang='lat' dir='ltr'>thalamo</span> <span class='ocrx_word' id='word_1_924' title='bbox 1570 3456 1643 3487; x_wconf 92' lang='lat' dir='ltr'>tota</span> <span class='ocrx_word' id='word_1_925' title='bbox 1664 3450 1722 3486; x_wconf 91' lang='lat' dir='ltr'>die</span> <span class='ocrx_word' id='word_1_926' title='bbox 1736 3449 1949 3485; x_wconf 89' lang='lat' dir='ltr'>morabitur.</span> <span class='ocrx_word' id='word_1_927' title='bbox 1976 3461 1988 3483; x_wconf 74' lang='grc' dir='ltr'><strong><em>ι</em></strong></span> <span class='ocrx_word' id='word_1_928' title='bbox 2013 3448 2078 3485; x_wconf 86' lang='lat' dir='ltr'>Vel</span> <span class='ocrx_word' id='word_1_929' title='bbox 2098 3448 2210 3496; x_wconf 88' lang='lat' dir='ltr'>ipsius</span> 
     </span>
     <span class='ocr_line' id='line_1_133' title="bbox 1165 3508 2210 3562; baseline -0.012 -6"><span class='ocrx_word' id='word_1_930' title='bbox 1165 3520 1300 3557; x_wconf 90' lang='lat' dir='ltr'>scilicet</span> <span class='ocrx_word' id='word_1_931' title='bbox 1314 3513 1490 3562; x_wconf 86' lang='lat' dir='ltr'>spirituali</span> <span class='ocrx_word' id='word_1_932' title='bbox 1505 3511 1684 3549; x_wconf 87' lang='lat' dir='ltr'>connubio</span> <span class='ocrx_word' id='word_1_933' title='bbox 1701 3510 1794 3546; x_wconf 88' lang='lat' dir='ltr'>mira</span> <span class='ocrx_word' id='word_1_934' title='bbox 1811 3516 1953 3555; x_wconf 86' lang='lat' dir='ltr'>semper</span> <span class='ocrx_word' id='word_1_935' title='bbox 1974 3508 2210 3546; x_wconf 87' lang='lat' dir='ltr'>oblectatione</span> 
     </span>
     <span class='ocr_line' id='line_1_134' title="bbox 1169 3567 2211 3628; baseline -0.012 -12"><span class='ocrx_word' id='word_1_936' title='bbox 1169 3579 1371 3628; x_wconf 73' lang='lat' dir='ltr'>perfruens,</span> <span class='ocrx_word' id='word_1_937' title='bbox 1391 3584 1542 3621; x_wconf 85' lang='lat' dir='ltr'>eamque</span> <span class='ocrx_word' id='word_1_938' title='bbox 1559 3572 1761 3609; x_wconf 90' lang='lat' dir='ltr'>divinorum</span> <span class='ocrx_word' id='word_1_939' title='bbox 1780 3579 1948 3607; x_wconf 84' lang='lat' dir='ltr'>sensuum</span> <span class='ocrx_word' id='word_1_940' title='bbox 1971 3568 2070 3616; x_wconf 86' lang='lat' dir='ltr'>prole</span> <span class='ocrx_word' id='word_1_941' title='bbox 2089 3567 2211 3604; x_wconf 75' lang='lat' dir='ltr'>sccun-</span> 
     </span>
     <span class='ocr_line' id='line_1_135' title="bbox 1171 3627 2212 3683; baseline -0.013 -5"><span class='ocrx_word' id='word_1_942' title='bbox 1171 3642 1280 3683; x_wconf 87' lang='lat' dir='ltr'>dans,</span> <span class='ocrx_word' id='word_1_943' title='bbox 1307 3643 1343 3675; x_wconf 89' lang='lat' dir='ltr'>et</span> <span class='ocrx_word' id='word_1_944' title='bbox 1362 3637 1491 3673; x_wconf 88' lang='lat' dir='ltr'>nullius</span> <span class='ocrx_word' id='word_1_945' title='bbox 1520 3634 1595 3670; x_wconf 86' lang='lat' dir='ltr'>vitii</span> <span class='ocrx_word' id='word_1_946' title='bbox 1627 3631 1872 3678; x_wconf 88' lang='lat' dir='ltr'>inquietudine</span> <span class='ocrx_word' id='word_1_947' title='bbox 1901 3634 2079 3666; x_wconf 80' lang='lat' dir='ltr'>secretum</span> <span class='ocrx_word' id='word_1_948' title='bbox 2101 3627 2212 3675; x_wconf 86' lang='lat' dir='ltr'>placi-</span> 
     </span>
     <span class='ocr_line' id='line_1_136' title="bbox 1171 3687 2212 3745; baseline -0.014 -7"><span class='ocrx_word' id='word_1_949' title='bbox 1171 3700 1308 3739; x_wconf 87' lang='lat' dir='ltr'>dissimi</span> <span class='ocrx_word' id='word_1_950' title='bbox 1325 3697 1482 3745; x_wconf 87' lang='lat' dir='ltr'>pectoris</span> <span class='ocrx_word' id='word_1_951' title='bbox 1506 3694 1767 3739; x_wconf 86' lang='lat' dir='ltr'>derelinquens.</span> <span class='ocrx_word' id='word_1_952' title='bbox 1798 3690 1859 3727; x_wconf 87' lang='lat' dir='ltr'>Vel</span> <span class='ocrx_word' id='word_1_953' title='bbox 1875 3695 1972 3727; x_wconf 85' lang='lat' dir='ltr'>certe</span> <span class='ocrx_word' id='word_1_954' title='bbox 1988 3689 2024 3725; x_wconf 93' lang='lat' dir='ltr'>in</span> <span class='ocrx_word' id='word_1_955' title='bbox 2044 3698 2088 3725; x_wconf 89' lang='lat' dir='ltr'>eo</span> <span class='ocrx_word' id='word_1_956' title='bbox 2106 3687 2212 3735; x_wconf 69' lang='lat' dir='ltr'>quant</span> 
     </span>
     <span class='ocr_line' id='line_1_137' title="bbox 1171 3747 2212 3806; baseline -0.014 -9"><span class='ocrx_word' id='word_1_957' title='bbox 1171 3762 1207 3798; x_wconf 90' lang='lat' dir='ltr'>in</span> <span class='ocrx_word' id='word_1_958' title='bbox 1230 3756 1473 3806; x_wconf 87' lang='lat' dir='ltr'>pulcherrimo</span> <span class='ocrx_word' id='word_1_959' title='bbox 1497 3753 1654 3791; x_wconf 84' lang='lat' dir='ltr'>thalamo</span> <span class='ocrx_word' id='word_1_960' title='bbox 1673 3750 1844 3791; x_wconf 85' lang='lat' dir='ltr'>residens,</span> <span class='ocrx_word' id='word_1_961' title='bbox 1873 3754 1910 3785; x_wconf 87' lang='lat' dir='ltr'>et</span> <span class='ocrx_word' id='word_1_962' title='bbox 1931 3747 2108 3794; x_wconf 81' lang='lat' dir='ltr'>virgineas</span> <span class='ocrx_word' id='word_1_963' title='bbox 2132 3755 2212 3784; x_wconf 74' lang='lat' dir='ltr'>cre-</span> 
     </span>
    </p>
   </div>
   <div class='ocr_carea' id='block_1_16' title="bbox 1173 3805 2212 3867">
    <p class='ocr_par' dir='ltr' id='par_1_17' title="bbox 1173 3805 2212 3867">
     <span class='ocr_line' id='line_1_138' title="bbox 1173 3805 2212 3867; baseline -0.015 -7"><span class='ocrx_word' id='word_1_964' title='bbox 1173 3821 1332 3863; x_wconf 81' lang='lat' dir='ltr'>dentium</span> <span class='ocrx_word' id='word_1_965' title='bbox 1356 3822 1494 3857; x_wconf 83' lang='lat' dir='ltr'>mentes</span> <span class='ocrx_word' id='word_1_966' title='bbox 1504 3841 1514 3861; x_wconf 84' lang='lat'>‚</span> <span class='ocrx_word' id='word_1_967' title='bbox 1538 3814 1611 3853; x_wconf 89' lang='lat' dir='ltr'>imo</span> <span class='ocrx_word' id='word_1_968' title='bbox 1627 3812 1847 3851; x_wconf 82' lang='lat' dir='ltr'>diversorum</span> <span class='ocrx_word' id='word_1_969' title='bbox 1864 3807 2074 3867; x_wconf 72' lang='lat' dir='ltr'>populorum</span> <span class='ocrx_word' id='word_1_970' title='bbox 2088 3805 2212 3851; x_wconf 71' lang='lat' dir='ltr'>Eccle-</span> 
     </span>
    </p>
   </div>
  </div>
 </body>
</html>
