2540 4016
306 161 377 198 867

733 154 776 191 Β.
803 153 976 190 RABANI
1000 153 1150 191 MAURI
1173 153 1388 191 Ancum-Pa
1414 154 1623 193 uocum.
1650 155 1843 195 OPERUM
1867 156 1987 195 PARS
2010 157 2038 194 Ι.

305 242 379 270 non
405 229 524 268 solum
542 240 683 274 verum,
703 230 770 266 sed
787 230 898 265 etiam
917 228 1050 266 falsum
1078 234 1199 275 potest
1222 228 1362 274 jurare.
1381 235 1419 277 A
1432 232 1612 276 vastabat,
1634 231 1763 279 incipit
1785 232 1954 270 excolere
1972 232 2172 270 humlitas.
2197 233 2244 271 Et
2266 235 2320 271 ita
2339 250 2353 278 5
2366 253 2373 274 A·
2392 272 2397 279 ⁴
2431 254 2435 262 -
2461 238 2471 248 ·

305 293 375 339 Qui
394 297 516 329 autem
539 292 687 329 omnino
711 303 787 329 non
802 293 918 340 iurat,
936 302 960 328 a
975 289 1138 339 penurie
1157 290 1263 337 longe
1281 300 1362 329 am-

303 353 416 391 bulat.

697 409 849 448 CAPUT
873 411 965 447 Xlll.

302 475 355 512 De
373 471 554 521 ejiciendis
571 477 701 519 septem
729 472 888 519 flentibus
909 472 1192 510 Chananaeorum
1210 473 1253 510 de
1266 481 1363 511 terra

397 519 691 567 repromissionis,
711 531 752 555 ac
777 518 952 566 paulatim
976 520 1264 558 comminuentes.

350 595 452 645 (CAP.
471 596 554 643 vu.)
580 607 593 628 ι
612 594 703 631 Cum
724 595 968 632 introduxerit
999 601 1035 632 te
1062 596 1237 633 Dominus
1266 596 1362 632 Deus

306 669 319 691 ‹
342 661 423 693 tuus
450 657 488 693 in
520 660 656 692 terram
676 666 784 702 quam
814 666 1050 703 possessurus
1079 657 1307 705 ingredieris,
1326 662 1363 692 et

305 730 318 753 ‹
343 718 515 755 deleverit
527 722 651 764 gentes
662 717 794 754 multas
805 728 928 754 coram
940 723 989 762 te,
998 718 1175 759 Ethaeum,
1187 723 1223 752 et
1233 716 1365 763 Gerge-

306 792 318 813 ‹
344 790 468 824 saeum,
480 784 516 815 et
524 777 789 822 Amorrhaeum‚
801 777 1056 823 Chananaeum,
1068 784 1102 815 et
1113 778 1359 821 Pherezaeum,

307 855 319 877 ‹
350 848 387 878 et
405 842 566 885 Evaeum,
578 846 614 877 et
627 840 843 883 Jebusaeum,
857 846 994 886 septem
1010 846 1138 887 gentes
1156 841 1268 876 multo
1281 850 1360 875 ma-

309 916 322 937 ‹
345 903 436 948 j0ris
452 902 594 938 numeri
612 912 721 948 quam
740 907 778 938 tu
798 912 852 946 es,
873 908 909 937 et
936 902 1161 938 robustiores
1182 907 1229 944 te,
1252 900 1362 936 tradi-

305 976 317 997 «
342 963 506 1009 deritque
524 973 588 999 eas
604 963 779 999 Dominus
798 962 893 999 Deus
912 968 994 999 tuus
1013 962 1091 1006 tibi,
1103 962 1285 1009 percuties
1301 971 1362 997 cas

303 1037 315 1058 ι
339 1034 453 1070 usque
470 1023 516 1059 ad
531 1023 829 1059 internecionem.
846 1023 924 1059 Non
939 1024 1045 1060 inibis
1060 1034 1144 1060 cum
1161 1024 1214 1059 eis
1231 1023 1359 1064 foedus,

305 1094 316 1115 ι
342 1092 408 1119 nec
428 1082 670 1118 misereberis
690 1092 830 1117 earum.
849 1095 862 1116 »
888 1082 1035 1127 Septem
1065 1082 1142 1118 istae
1163 1087 1288 1129 gentes
1306 1091 1364 1117 se-

300 1149 398 1190 ptem
419 1148 504 1179 sunt
531 1143 746 1190 principalia
777 1142 880 1186 vitia,
901 1153 980 1188 quae
1010 1153 1074 1189 per
1109 1143 1265 1189 gratiam
1296 1143 1361 1178 Dei
1379 1142 1411 1181 B

298 1203 547 1250 unusquisque
561 1202 735 1248 spiritalis
749 1202 853 1238 miles
867 1203 1360 1249 exsuperans‚fiexterminare

297 1263 443 1308 penitus
459 1263 686 1298 admonetur.
713 1263 817 1306 Quod
842 1272 928 1298 vero
953 1262 1101 1308 majoris
1121 1265 1262 1300 numeri
1280 1275 1360 1300 esse

299 1322 480 1364 dicuntur,
500 1322 577 1356 haec
598 1321 690 1356 ratio
709 1327 765 1357 est
786 1322 871 1367 quia
901 1321 1004 1367 plura
1023 1329 1108 1358 sunt
1131 1323 1218 1357 vitia
1252 1332 1360 1367 quam

298 1381 464 1416 virtutes.
486 1375 531 1415 Et
562 1379 643 1415 ideo
667 1380 813 1425 quidem
831 1381 868 1415 in
901 1382 1064 1427 catalogo
1086 1383 1360 1419 dinumerantur

297 1443 435 1484 septem
454 1438 621 1475 nationes
638 1451 647 1473 :
666 1438 702 1473 i'n
722 1439 988 1484 expugnatione
1007 1449 1094 1475 vcro
1114 1450 1259 1482 earum,
1282 1441 1362 1477 sine

298 1499 439 1536 numeri
459 1499 677 1545 ascriptione
702 1505 899 1546 ponuntur.
921 1499 972 1535 Ita
991 1500 1087 1536 enim
1109 1501 1241 1536 dicitur
1258 1514 1265 1535 :
1286 1514 1297 1534 a
1317 1502 1362 1537 Et

297 1561 469 1598 deleverit
493 1566 617 1607 gentes
647 1561 780 1596 multas
798 1570 920 1596 coram
946 1566 991 1596 te.
1014 1574 1026 1596 ›
1051 1560 1287 1598 Numerosior
1306 1568 1361 1598 est

299 1620 396 1657 enim
412 1631 521 1666 quam
538 1620 650 1656 lsrael
666 1621 865 1656 carnalium
886 1621 1095 1667 passionum
1112 1622 1280 1667 populus,
1299 1623 1359 1667 qui

298 1679 342 1717 de
358 1680 427 1716 hoe
449 1681 655 1727 septenario
681 1680 806 1716 fomite
838 1681 1008 1717 vitiorum
1028 1691 1070 1716 ae
1094 1682 1215 1718 radice
1232 1692 1360 1728 proce-

298 1739 363 1777 dit.
395 1742 446 1777 De
462 1742 716 1787 gastrimargia
738 1752 893 1787 namque
908 1748 1107 1779 nascuntur
1125 1745 1360 1780 comessatio-

296 1811 377 1845 nes,
396 1800 604 1838 ebrietates.
638 1803 690 1838 De
716 1802 968 1847 fornicatione,
993 1803 1233 1851 turpiloquia,
1254 1815 1358 1840 seur--

297 1862 430 1906 rilitas,
455 1861 594 1899 ludicra
624 1868 732 1908 atque
766 1863 1002 1910 stultiloquia.
1036 1863 1087 1901 De
1122 1865 1357 1912 philargyrIa‚

297 1924 503 1967 mendacia,
534 1924 734 1969 fraudatio,
770 1925 880 1969 sacta,
915 1925 1088 1970 perjuria,
1120 1927 1234 1973 turpis
1268 1927 1360 1963 lucri

296 1984 491 2030 appetitus,
513 1984 605 2021 salsa
635 1985 853 2028 testimonia,
871 1985 1064 2030 violentiae,
1094 1987 1299 2023 immanitas
1318 1997 1361 2023 ac

1432 292 1530 330 vitiis
1562 293 1736 340 expulsis,
1768 303 1895 330 eorum
1918 293 2014 335 loca,
2041 291 2080 330 id
2110 297 2168 330 est
2194 294 2341 340 animai,
2395 290 2398 292 ’
2415 312 2465 329 μ(
2488 303 2492 308 ’

1429 351 1557 390 Deum.
1593 353 1686 390 illud
1719 364 1808 390 vero
1826 353 1923 399 quod
1953 363 2037 391 cum
2069 353 2258 397 Abrehm
2290 356 2336 394 de
2358 357 2455 396 visu

1428 413 1545 452 Deum
1575 414 1802 461 loqueretur,
1818 423 1892 450 non
1911 419 2051 460 septem
2077 420 2204 462 gentos
2228 416 2362 464 legitur
2385 418 2474 456 din:>

1428 486 1604 519 merasse,
1619 476 1683 512 sed
1701 476 1826 512 decem
1842 483 1998 521 quarum
2013 481 2114 513 terra
2131 477 2261 515 semini
2274 477 2354 524 ejus
2373 479 2457 517 dan
2476 489 2484 502 ²

1427 535 1666 581 promittitur.
1701 534 1771 579 Qui
1801 544 1975 572 numerus
2000 535 2149 582 adjecta
2173 537 2378 576 idololatria
2405 550 2475 588 gen

1429 598 1532 639 tium,
1562 596 1788 642 blasphemia
1806 595 2035 640 Judaeorum,
2062 606 2190 634 errore
2219 599 2492 639 haeretieorum

1429 657 1700 694 evidentissime
1718 657 1949 703 adimpletur.
1971 657 2110 702 Quibus
2124 664 2210 696 unte
2226 660 2395 698 notitiam
2407 660 2474 699 Dei

1429 722 1464 754 et
1483 717 1636 763 gratiam
1666 718 1851 763 baptismi,
1870 717 1927 754 vel
1955 718 2067 764 impia
2096 720 2307 765 gentilium,
2332 721 2391 758 vel
2413 721 2473 759 bla

1429 780 1579 825 sphema
1610 779 1818 816 ,ludaeorum
1846 780 2038 816 multitudo
2069 779 2229 825 subjecta
2267 787 2343 824 est.
2375 782 2518 825 done

1429 841 1665 878 intellectuali
1683 841 1840 889 AEgypto
1859 848 2178 879 commemoratur.
2196 843 2236 879 Si
2251 849 2372 881 autem
2383 844 2490 882 abre·
2508 848 2521 898 ὅ

1428 901 1599 936 nuntians
1617 902 1711 947 quiS,
1732 911 1899 949 egressus
1923 912 1968 938 ex
1988 902 2084 945 inde,
2101 912 2166 948 per
2186 902 2250 938 Dei
2275 904 2430 949 gratiam
2446 902 2493 940 ad
2511 902 2539 942 'i'

1429 971 1590 997 eremum
1604 962 1810 1006 pervenerit
1825 962 2037 1007 spiritalem,
2047 962 2091 998 de
2101 962 2372 1009 impugnatione
2382 963 2454 1000 triu
2464 978 2481 995 u
2508 949 2521 992 l

1429 1022 1592 1068 gentium
1611 1022 1799 1065 liberatus,
1823 1028 1947 1058 contra
1979 1029 2118 1068 septem
2152 1028 2306 1068 tantum,
2325 1034 2406 1070 quae
2427 1034 2473 1071 pe
2493 1035 2496 1038 ⁴

1430 1081 1576 1129 Moysen
1601 1082 1891 1126 dinumerantur,
1909 1083 2004 1118 bella
2024 1083 2209 1129 suscipiet.
2496 1074 2502 1082 ⁸

1481 1157 1493 1178 ι
1517 1144 1596 1180 Noli
1614 1145 1754 1188 timere,
1771 1145 1834 1181 sed
1853 1145 2044 1181 recordare
2076 1154 2155 1190 quae
2171 1144 2300 1181 fecerit
2317 1146 2494 1182 Dominus
2504 1141 2518 1165 >⁷

1434 1220 1446 1241 ‹
1471 1208 1566 1243 Deus
1587 1207 1784 1250 Pharaoni,
1805 1212 1844 1243 et
1863 1207 2002 1243 cunctis
2025 1206 2208 1254 AEgyptiis
2229 1207 2355 1253 plagas
2378 1206 2495 1243 maxi·
2527 1211 2540 1259 ξ

1433 1280 1446 1302 ‹
1471 1279 1564 1310 mas,
1583 1278 1674 1313 quas
1703 1268 1874 1303 viderunt
1900 1268 1994 1304 oculi
2014 1267 2080 1311 tui,
2105 1272 2141 1303 et
2159 1268 2262 1314 signa
2283 1272 2391 1313 atque
2410 1277 2494 1313 por-
2527 1263 2540 1289 3

1423 1328 1445 1359 ἰ
1471 1332 1584 1370 tenta,
1605 1336 1824 1372 manumque
1857 1329 2044 1363 robustam
2075 1333 2111 1363 et
2142 1328 2332 1364 brachium
2361 1326 2492 1364 extenss
2525 1319 2536 1364 ξ

1434 1398 1446 1419 ι
1471 1393 1561 1428 tum,
1579 1390 1618 1420 ut
1639 1386 1810 1421 educeret
1828 1390 1862 1420 te
1882 1386 2057 1422 Dominus
2076 1387 2172 1423 Deus
2192 1393 2287 1424 tuus.
2307 1388 2368 1424 Sic
2384 1387 2495 1424 saciet

1434 1458 1446 1479 ι
1473 1446 1614 1481 eunctis
1634 1446 1776 1491 populis
1801 1456 1891 1490 quos
1914 1447 2060 1481 metuis.
2081 1446 2231 1493 Insuper
2247 1453 2284 1483 et
2297 1450 2494 1485 crabrones
2527 1440 2540 1474 Ϊ

1434 1520 1445 1540 «
1470 1507 1591 1542 mittet
1616 1506 1792 1542 Dominus
1826 1506 1922 1541 Deus
1955 1513 2037 1542 tuus
2065 1506 2101 1542 in
2134 1517 2210 1551 eos,
2232 1508 2346 1544 donec
2377 1509 2497 1547 deleat
2524 1511 2540 1544 l

1435 1579 1446 1600 ‹
1472 1577 1597 1603 omnes
1630 1572 1738 1612 atque
1769 1567 1993 1612 disperdat.»
2018 1567 2097 1603 Non
2126 1568 2260 1615 legitur
2291 1569 2424 1606 alicubi
2457 1571 2496 1607 in
2526 1566 2540 1602 ἶ

1429 1628 1581 1663 historia
1619 1628 1759 1663 Veteris
1792 1627 2036 1671 Testamenti,
2072 1629 2168 1674 quod
2205 1629 2403 1666 crabrones
2434 1629 2495 1667 vel
2524 1662 2540 1663 „

1429 1697 1559 1733 vespas
1589 1687 1728 1722 miserit
1756 1687 1930 1723 Dominus
1953 1693 2036 1724 ante
2060 1688 2155 1725 {ilios
2178 1689 2290 1725 lsrael
2314 1690 2352 1725 in
2371 1690 2496 1728 hostes
2531 1683 2540 1686 ’

1430 1757 1572 1790 eorum,
1593 1747 1655 1783 sed
1679 1757 1744 1793 per
1769 1748 1851 1784 haec
1866 1748 2049 1793 animalia,
2067 1759 2146 1795 quae
2167 1749 2302 1786 aculeis
2319 1754 2492 1796 pugnant,
2524 1751 2533 1792 'J

1429 1807 1597 1854 designat
1629 1808 1768 1845 timoris
1801 1810 2096 1856 compunctiones
2129 1821 2255 1847 eorum
2283 1811 2321 1847 in
2354 1812 2492 1856 hostes,
2526 1811 2536 1853 ’Ῐ

1430 1879 1500 1914 quo
1522 1869 1752 1905 terrebantur
1770 1876 1878 1916 atque
1910 1870 2145 1918 fugabantur.

1482 1944 1492 1964 ‹
1518 1931 1613 1967 Deus
1646 1942 1798 1978 magnus
1835 1938 1943 1978 atque
1976 1933 2160 1977 terribilis,
2194 1933 2271 1980 ipse
2306 1937 2495 1970 consumet
2524 1946 2540 1977 ‘j

1435 2002 1447 2023 ‹
1473 1991 1638 2026 nationes
1659 1991 1724 2027 has
1750 1992 1786 2027 in
1806 1998 2003 2038 conspeetu
2024 1998 2085 2029 tuo
2114 1993 2288 2039 paulatim
2308 1999 2414 2039 atque
2430 2004 2494 2039 per
2525 2015 2540 2051 ,ζ

297 2044 490 2090 rapacitas.
521 2044 572 2080 De
598 2045 663 2087 ira,
696 2045 906 2088 homicidia,
926 2045 1063 2081 clamor
1086 2051 1122 2082 et
1143 2045 1354 2093 indignatio.
1375 2038 1406 2081 C
1431 2062 1442 2084 ‹
1467 2056 1602 2096 partes.
1635 2050 1712 2086 Non
1746 2052 1881 2097 poteris
1911 2062 1972 2088 cas
1999 2053 2119 2089 delere
2142 2053 2304 2098 pariter,
2324 2064 2370 2089 ne
2400 2053 2494 2091 forte
2527 2067 2540 2076 ·

240 2142 244 2145 ,
296 2104 347 2139 De
378 2104 536 2146 tristitia,
563 2114 709 2146 rancor,
728 2105 1006 2150 pusillanimitas
1023 2133 1033 2150 ,
1054 2107 1271 2150 amaritudo,
1291 2108 1355 2144 de-

297 2163 467 2208 speratio.
490 2162 542 2199 De
562 2163 699 2206 acedia,
732 2163 910 2207 otiositas,
950 2166 1204 2210 somnolentia,
1227 2167 1358 2213 impor-

297 2223 441 2266 tunitas,
460 2223 683 2270 inquietudo,
702 2225 966 2269 praevaricatio,
985 2225 1205 2262 instabilitas
1223 2227 1356 2263 mentis

296 2282 331 2318 c't
349 2283 527 2328 emporis,
557 2282 759 2318 verbositas
776 2290 812 2318 et
837 2285 1043 2322 curiositas.
1067 2286 1118 2321 Dc
1141 2286 1354 2330 cenodoxia,

296 2343 560 2387 contentiones,
587 2343 757 2386 haereses,
771 2344 946 2389 jactantia
975 2356 1017 2382 ac
1036 2347 1270 2392 praesumptio
1290 2358 1355 2382 no-

295 2404 460 2440 vitatum.
490 2405 542 2441 De
567 2406 748 2451 superbia,
780 2411 1030 2453 contemptus,
1054 2407 1203 2451 invidia,
1234 2408 1357 2445 inobe-

294 2461 446 2508 dientia,
469 2464 707 2511 blasphemia,
732 2466 986 2510 murmuratio,
1006 2468 1197 2512 detractio,
1215 2468 1357 2515 aliaque

296 2526 404 2571 quam
421 2525 575 2571 plurima
594 2521 740 2562 similia.
768 2525 855 2571 Quae
869 2538 950 2563 cum
978 2529 1050 2564 sint
1068 2529 1182 2565 multo
1209 2530 1356 2577 maj0ris

297 2585 439 2621 numeri
460 2595 569 2632 quam
595 2586 765 2631 virtutes,
791 2587 943 2625 devictis
966 2594 1086 2626 tamen
1120 2590 1191 2625 illis
1219 2595 1356 2636 septem

297 2645 557 2692 principalibus
586 2647 698 2692 vitiis,
718 2659 762 2684 ex
794 2659 948 2694 quorum
981 2657 1111 2688 natura
1132 2652 1201 2688 ista
1229 2663 1357 2699 proce·

297 2705 399 2748 dunt,
419 2715 546 2741 omnes
563 2707 729 2752 protinus
748 2710 1023 2755 conquiescunt,
1045 2721 1089 2747 ac
1112 2712 1251 2758 pariter
1274 2723 1357 2760 per-

296 2770 405 2812 petua
425 2775 507 2801 cum
534 2765 591 2802 his
614 2767 814 2805 intentione
833 2769 1011 2807 delentur.
1043 2771 1147 2816 Quod
1164 2778 1283 2809 autem
1301 2774 1356 2809 hae

297 2834 417 2875 pestes
452 2828 564 2865 etiam
595 2829 817 2867 robustiores
852 2840 959 2878 sunt,
993 2836 1186 2874 manifeste
1217 2843 1356 2874 naturae

296 2888 411 2935 ipsius
437 2889 707 2937 impugnatione
732 2893 919 2930 sentimus.
946 2895 1092 2933 Fortius
1109 2899 1203 2934 enim
1225 2896 1356 2935 militat

298 2947 337 2984 in
357 2949 530 2985 membris
558 2951 694 2988 nostris
713 2943 908 2990 oblectatio
928 2954 1127 2993 carnalium
1145 2950 1354 3004 passionum

299 3017 408 3055 quam
426 3007 544 3045 studia
561 3010 737 3047 virtutum
755 3024 763 3047 :
781 3023 862 3058 quae
881 3015 951 3050 nisi
983 3026 1124 3054 summa
1142 3020 1356 3058 contritione

299 3068 419 3106 cordis
443 3073 480 3105 et
495 3068 657 3116 corperis
680 3081 752 3107 non
772 3073 1021 3119 acquiruntur.
1042 3076 1145 3121 Quod
1163 3090 1249 3115 vero
1269 3080 1356 3116 ista-

298 3138 381 3164 rum
397 3129 685 3176 'perniciosarum
702 3132 863 3179 gentium
879 3135 1045 3180 regiones
1063 3137 1258 3176 salubriter
1274 3152 1356 3187 pos-

299 3189 420 3227 sidere
448 3191 678 3238 praecipimur
693 3220 704 3236 ‚
739 3193 790 3230 ita
827 3194 1051 3243 intelligitur.
1102 3199 1217 3236 Habet
1258 3203 1356 3238 enim

298 3247 652 3298 ‘unumquodcunque
682 3253 810 3290 vitium
830 3254 868 3291 in
886 3255 994 3293 corde
1011 3263 1138 3295 nostro
1161 3261 1355 3298 stationem

298 3315 495 3363 propriam.
522 3314 592 3352 Sed
610 3316 640 3352 si
660 3326 742 3352 cuin
761 3317 904 3355 Israelis
921 3316 1067 3367 populo,
1087 3320 1124 3358 id
1142 3327 1198 3358 est
1213 3323 1356 3360 virtuti-

297 3366 367 3410 bus
394 3377 519 3412 contra
548 3386 587 3413 se
614 3373 870 3416 dimicantibus
894 3375 1030 3417 fuerint
1055 3378 1143 3418 vitia
1169 3390 1352 3431 superata,

298 3430 420 3487 locum
440 3438 547 3480 quem
566 3434 635 3473 sibi
654 3438 692 3474 in
711 3435 821 3476 'coi-de
837 3439 962 3478 nostro
979 3442 1282 3490 concupiscentiae
1298 3445 1355 3482 vel

299 3485 550 3531 fornicationis
582 3496 730 3543 spiritus
761 3490 987 3547 retentabat,
1003 3499 1172 3550 deinceps
1203 3505 1355 3543 castitas

300 3543 488 3609 obtinebit.
506 3553 620 3601 Quem
638 3557 740 3596 furor
765 3559 924 3607 ceperat,
939 3558 1114 3609 patientia
1143 3553 1352 3603 vindicabit.

300 3604 414 3657 Quem
437 3616 582 3653 tristitia
601 3615 754 3657 mor't'em
780 3631 935 3669 operans
951 3631 1206 3672 occupaverat,
1221 3622 1356 3676 saluta-

265 3730 269 3734 .
300 3672 351 3709 'ris
369 3681 414 3711 ex
432 3674 538 3723 pleno
555 3679 685 3736 gaudio
710 3678 835 3718 laetitia
859 3680 1071 3730 possidebit.
1097 3684 1212 3730 Quem
1229 3681 1355 3734 acedia

285 3724 476 3799 &astabam
494 3736 620 3790 incipit
637 3732 804 3782 excolere
830 3738 1017 3798 fortitudo.
1037 3739 1167 3796 ‚Quem
1184 3739 1353 3802 superbia

1431 2123 1442 2144 ι
1468 2111 1755 2157 multiplicentur
1785 2118 1910 2148 contra
1944 2119 1978 2149 te
2012 2114 2137 2150 bestiae
2170 2121 2296 2157 tcrrae3
2319 2114 2492 2160 dabitque
2527 2107 2540 2110 “

1430 2184 1442 2205 ‹
1468 2182 1530 2208 cas
1550 2173 1723 2208 Dominus
1746 2173 1839 2208 Deus
1873 2179 1955 2210 tuus
1982 2175 2019 2210 in
2050 2180 2246 2220 conspectu
2278 2181 2353 2219 tuo,
2380 2180 2415 2211 et
2437 2175 2492 2212 in·
2523 2173 2540 2216 ἐ

1430 2247 1441 2265 «
1470 2232 1626 2268 terficiet
1663 2233 1745 2269 illos
1785 2234 1899 2270 donee
1935 2236 2078 2280 penitus
2113 2235 2313 2272 deleantur.
2337 2249 2350 2271 »
2374 2237 2493 2282 Deus,
2530 2232 2540 2257 ἶ

1425 2292 1556 2338 inquit,
1575 2303 1725 2339 magnus
1748 2299 1784 2329 et
1806 2295 1990 2332 terribilis.
2020 2296 2188 2344 Magnum
2216 2298 2329 2334 Deum
2358 2303 2392 2334 et
2419 2304 2493 2335 ter·
2525 2294 2534 2335 f

1426 2356 1567 2392 ribilem
1599 2357 1697 2392 dicit.
1729 2357 1879 2401 Magnus
1910 2365 1986 2402 est,
2008 2360 2091 2406 quia
2121 2360 2348 2406 omnipotens
2371 2366 2427 2397 est
2454 2361 2492 2397 in
2527 2350 2540 2356 “

1425 2427 1509 2453 suos
1543 2417 1749 2460 liberando,
1786 2424 1822 2454 et
1857 2419 2029 2456 terribilis
2062 2421 2099 2455 in
2129 2421 2359 2460 adversarios
2394 2421 2492 2466 juste
2526 2423 2540 2463 ῖς

1418 2476 1626 2523 judicando.
1651 2477 1731 2523 Ipse
1752 2484 1943 2514 consumet
1964 2479 2130 2515 nationes
2151 2480 2230 2522 has,
2247 2479 2332 2525 quia
2349 2477 2489 2516 veraci-

1425 2544 1482 2575 ter
1501 2539 1652 2575 victoria
1669 2539 1818 2575 ascribit
1836 2539 1888 2575 illi
1905 2539 1984 2583 soli,
2004 2540 2149 2586 quando
2170 2540 2294 2576 hostes
2311 2551 2489 2587 superan-
2536 2555 2540 2557 ·

1425 2605 1484 2635 tur
1504 2599 1678 2635 universi.
1699 2598 1847 2642 Quodve
1866 2599 1954 2635 dicit
1982 2599 2028 2636 de
2049 2599 2216 2646 gentibus
2234 2610 2307 2636 non
2326 2599 2490 2638 delendis
2526 2594 2540 2633 ἒ

1424 2660 1574 2707 pariter,
1591 2670 1637 2696 ne
1653 2659 1746 2696 sorte
1763 2659 1889 2696 bestiae
1904 2659 2233 2707 multiplicarentur
2246 2665 2373 2705 contra
2391 2659 2486 2704 illos,
2528 2658 2540 2678 ‘'

1425 2722 1626 2758 cavendum
1658 2731 1738 2758 csse
1767 2721 1872 2757 nobis
1907 2721 2085 2765 ostendit,
2120 2732 2167 2758 ne
2199 2721 2294 2758 forte
2326 2720 2488 2767 expulsis

1423 2782 1583 2828 peccatis
1600 2792 1620 2818 a
1636 2791 1747 2818 carne
1775 2786 1921 2825 nostra,
1941 2786 1978 2818 et
1997 2787 2146 2828 repente
2178 2791 2352 2828 superans
2382 2791 2488 2818 acce-

1425 2843 1513 2879 dant
1546 2848 1671 2878 eontra
1696 2853 1762 2878 nos
1784 2842 1909 2879 bestiae
1931 2842 2122 2889 spiritales,
2144 2842 2213 2878 hoc
2233 2847 2289 2879 est
2305 2842 2514 2912 ‘iactantia'

1425 2908 1487 2938 aut
1508 2903 1688 2948 superbia,
1710 2902 1765 2938 vel
1789 2909 1888 2939 certe
1915 2913 2008 2939 vana
2026 2902 2153 2950 gloria,
2174 2913 2255 2954 quae
2287 2903 2486 2949 subrepse-

1425 2963 1510 3006 rint,
1529 2961 1658 3007 majori
1672 2963 1794 2999 labore
1807 2963 2096 3010 extirpabuntur,
2108 2963 2194 3010 quia
2207 2963 2367 2999 carnalia
2383 2964 2483 3002 vitia.
2507 2964 2510 2973 '

1423 3013 1518 3060 Loth
1542 3024 1637 3060 enim
1656 3023 1694 3060 in
1711 3023 1832 3061 monte
1849 3014 2006 3071 positus,
2022 3023 2217 3062 concubitu
2243 3023 2384 3062 nefario
2404 3019 2485 3072 pol-

1425 3083 1521 3119 lutus
1546 3088 1636 3126 erat,
1654 3085 1717 3130 qui
1747 3084 1782 3119 in
1804 3084 1970 3121 Sodomis
1989 3084 2174 3128 habitans,
2192 3083 2372 3137 continuit
2389 3093 2429 3122 se
2444 3090 2487 3122 ut

1425 3155 1497 3180 non
1516 3150 1697 3191 peccaret.
1723 3147 1770 3180 At
1789 3156 1854 3191 per
1880 3147 1950 3183 hoc
1970 3147 2211 3192 quodcunque
2226 3145 2356 3182 vitium
2374 3155 2486 3194 expu-

1426 3205 1588 3248 lerimus,
1607 3206 1729 3242 statim
1762 3206 1800 3242 in
1830 3207 1911 3242 loco
1945 3206 2041 3243 illius
2073 3206 2259 3253 plantetur
2290 3207 2419 3251 virtus,
2437 3216 2486 3244 ne

1422 3263 1517 3300 forte
1536 3265 1705 3310 expulsus
1736 3265 1906 3311 spiritus,
1929 3266 2062 3302 iterum
2094 3270 2295 3309 revertens,
2321 3267 2485 3304 inveniat

1423 3325 1571 3363 domum
1595 3329 1759 3375 ‚nostram
1792 3330 1994 3362 vacantem.
2018 3318 2212 3362 Sciendum
2240 3330 2362 3363 tamen
2383 3328 2484 3374 quod

1422 3382 1634 3429 plerumque
1652 3382 1909 3430 omnipotentis
1924 3378 1988 3419 Dei
2005 3382 2275 3430 dispensatione
2289 3385 2479 3434 contingit,

1422 3448 1463 3480 ut
1486 3443 1616 3490 quibus
1650 3442 1791 3490 maJora
1820 3443 1917 3481 dona
1944 3449 2113 3491 praestat,
2135 3446 2299 3492 quaedam
2336 3446 2384 3484 m'

1423 3515 1496 3542 non
1512 3495 1660 3550 tribuat,
1679 3509 1722 3558 ut
1739 3514 1883 3552 semper
1912 3503 2039 3542 eorum
2059 3507 2202 3544 animus
2229 3508 2362 3548 habeat

1423 3567 1584 3614 seipsum
1605 3566 1859 3614 reprehendat,
1881 3573 2058 3614 quatenus
2077 3569 2162 3606 dum
2194 3574 2368 3619 appetant

1423 3626 1508 3665 secti
1524 3637 1605 3668 esse
1621 3633 1660 3665 et
1686 3638 1762 3665 non
1787 3637 1954 3675 possunt,
1972 3635 2008 3666 et
2039 3630 2206 3674 laborant
2227 3630 2265 3675 in
2292 3632 2364 3674 hoe

1412 3699 1494 3747 pon
1519 3694 1752 3744 acceperant,
1775 3699 1841 3727 nec
1864 3695 1986 3743 tamen
2017 3681 2238 3741 elaborando
2242 3702 2362 3746 ,mv
2403 3742 2410 3746 ἶ

1421 3754 1465 3810 ut
1482 3749 1520 3790 in
1538 3749 1596 3816 ἥῑε
1615 3750 1694 3805 Ψῆθ
1716 3755 1864 3807 accere
1886 3751 2022 3817 ἥφθηι
2044 3763 2085 3794 ⁵⁰
2109 3753 2383 3814 ψηίψεέκ,,.
