2540 4016
58 270 61 285 ι

32 297 47 359 “,
61 317 99 354 t·
110 311 370 358 percmserunt
387 315 450 342 eos
465 303 528 351 qui
546 302 760 339 habitabant
778 302 863 346 Ahi,
883 307 924 338 ιιι
947 313 1019 339 ιιοιι
1038 314 1096 339 ιε.

71 387 110 405 ἰ..
121 373 270 407 ueretur
278 367 332 404 nb
349 367 404 404 eis
422 365 485 412 qui
503 365 626 401 salvus
648 363 754 400 fieret
769 369 805 399 et
823 373 940 409 neque
957 363 1018 410 qui
1038 364 1095 400 fu-

54 448 91 477 1³st
116 435 146 467 ι
177 441 188 466 :
216 437 290 466 non
316 425 560 473 intelligentes
587 425 625 461 in
651 425 709 461 his
738 424 860 461 verbis
889 425 1096 461 adumbrari

55 513 58 525 .
79 491 230 535 steria,
249 494 288 527 et
305 489 375 525 hoc
394 498 417 524 a
433 487 537 525 nobis
557 487 672 534 magis
689 487 854 532 indicari,
871 488 968 534 quod
982 497 1026 523 ex
1041 488 1097 525 his

54 573 58 589 ι
79 563 198 592 orum
221 552 331 589 chaos
348 555 405 587 est
422 549 669 586 habitaculum
682 578 691 594 ,
713 555 749 587 et
769 550 831 597 qui
854 556 1098 597 regnaverunt

28 603 35 643 .'
57 627 83 654 n
97 615 228 662 abysso
244 611 480 655 daemonibus,
501 611 639 647 nullum
654 611 798 658 penitus
818 611 1021 657 relinquere
1040 613 1099 649 de-

28 681 59 713 i..
76 697 78 699 ·
96 688 210 722 mus,
236 677 300 714 sed
316 685 443 712 omnes
465 675 687 711 interimere.
712 675 956 712 Interimimus
975 681 1097 712 autem

52 747 241 782 mones,
266 746 340 773 non
364 736 481 782 ipsam
506 745 631 771 eorum
658 734 896 771 substantiam
914 734 1097 780 perimen-

41 795 45 796 ’
84 825 90 829 -
123 809 133 833 :
161 798 225 835 sed
253 797 338 844 quia
363 806 455 842 opus
481 805 607 832 eorum
628 805 671 832 ac
695 795 853 831 studium
879 795 949 831 hoc
976 800 1032 830 est
1056 800 1096 830 ut

50 867 191 895 coare
210 857 375 894 homines
390 855 544 898 faciant,
572 861 609 891 et
629 856 706 891 haec
731 860 787 891 est
805 854 949 891 illorum
966 853 1040 889 vita
1066 854 1095 890 si

28 954 30 957 ,
51 927 106 954 os
124 927 331 964 peccemus,
353 917 431 954 sine
449 916 557 953 dubio
573 916 741 952 interitus
760 924 887 951 eorum
905 920 961 950 est
977 915 1006 950 si
1023 925 1095 951 non

49 985 245 1014 eccemus.
261 976 530 1013 interficiuntur
542 985 627 1022 ergo
644 974 868 1010 habitatores
880 973 963 1018 Ahi,
979 975 1095 1011 sancti

30 1038 170 1085 auique
187 1038 392 1083 perimunt,
409 1042 446 1072 et
468 1047 541 1072 non
561 1036 746 1072 dimittunt
762 1044 807 1071 ex
822 1035 875 1072 eis
897 1035 1009 1072 ullum
1028 1049 1037 1072 z
1057 1037 1095 1072 hi

46 1097 117 1134 ‘ine
146 1096 255 1133 dubio
287 1097 350 1143 qui
386 1106 469 1132 cum
496 1096 596 1131 omni
631 1094 815 1140 diligentia
849 1101 995 1131 servant
1031 1106 1094 1132 cor

62 1221 98 1259 ui
122 1220 317 1258 observant
339 1229 380 1256 os
400 1229 528 1263 suum,
554 1224 595 1254 ιιι
622 1218 738 1254 omnis
765 1227 886 1255 sermo
911 1217 1027 1254 malus
1050 1227 1094 1254 ex

47 1292 102 1320 re
123 1291 249 1319 eorum
267 1291 341 1317 non
367 1280 553 1326 procedat.
576 1278 653 1315 Hoc
674 1283 730 1315 est
755 1289 827 1315 non
849 1278 960 1314 ullum
986 1279 1095 1314 relin-

71 1352 149 1379 ere
161 1342 223 1388 qui
238 1340 384 1388 effugiat
401 1350 483 1377 cum
501 1340 567 1383 eis,
585 1348 652 1374 nec
668 1348 786 1375 sermo
801 1337 946 1384 effugiat
963 1338 1092 1374 malus.

50 1429 53 1435 .
74 1404 143 1447 ιιε
161 1413 248 1450 ergo
267 1408 304 1438 et
330 1411 393 1438 vos
416 1413 424 1436 :
453 1409 698 1446 praeparemus
723 1409 788 1435 nos
817 1399 862 1435 ad
888 1398 1093 1443 hujusmodi

61 1463 172 1508 radia,
196 1462 441 1509 percutiamus
454 1459 524 1496 Ahi
545 1460 580 1495 in
599 1469 662 1495 ore
681 1459 809 1505 gladii,
829 1463 866 1494 et
889 1458 1095 1503 exstingua—

26 1535 118 1562 mus
133 1534 258 1561 omnes
276 1523 499 1559 habitatores
517 1522 640 1565 chaos,
662 1530 786 1557 omnes
806 1520 1009 1556 contrarias
1025 1519 1094 1554 vir-

53 1589 148 1622 utes.
169 1583 317 1620 Utinam
337 1587 374 1619 ει
390 1591 455 1628 ego
475 1581 580 1617 modo
599 1581 683 1617 dum
710 1580 837 1625 loquor
863 1580 907 1615 ad
929 1590 993 1615 vos
1013 1589 1095 1615 ver-

25 1651 124 1680 ··)um
149 1641 238 1685 Dei,
265 1651 329 1677 cor
353 1640 510 1687 pectoris
536 1639 680 1685 pulsare
698 1639 856 1684 possim!
884 1639 979 1685 quod
999 1639 1029 1675 si
1046 1638 1095 1674 fe-

26 1715 141 1748 zero,
173 1709 313 1742 certum
338 1709 394 1740 est
420 1703 514 1749 quod
547 1702 664 1747 gladio
690 1702 763 1738 oris
789 1701 860 1738 mei
893 1700 1094 1746 percutiam

49 1765 333 1808 brnicationem,
352 1764 553 1811 percutiam
580 1763 777 1805 malitiam,
802 1761 980 1798 refrenem
996 1760 1095 1797 suro-

39 1849 44 1854 ·
66 1837 131 1870 ·m,
150 1831 186 1862 et
207 1827 238 1863 si
258 1836 329 1872 qua
350 1825 419 1862 alia
440 1831 523 1861 sunt
542 1824 651 1862 mala,
669 1824 705 1859 in
725 1833 787 1859 ore
804 1823 925 1869 gladii,
942 1823 1009 1858 hoc
1023 1827 1093 1865 est,

47 1885 113 1923 iris
133 1886 206 1923 mei
225 1896 412 1929 sermone,
434 1885 656 1931 restinguam
670 1911 678 1927 ,
699 1889 735 1919 et
754 1893 826 1919 non
847 1883 1094 1928 derelinquam

46 1956 82 1982 ιιι
105 1946 158 1982 eis
186 1946 249 1992 qui
277 1946 399 1983 salvus
420 1945 502 1988 ssat,
522 1954 639 1990 neque
663 1944 724 1990 qui
751 1943 909 1989 effugiat.
935 1941 973 1978 Si
998 1942 1094 1978 enim

37 2015 165 2043 amnes
182 2006 306 2042 hostes
320 2011 466 2041 nostros
486 2004 776 2045 exstinxerimus,
795 2008 880 2038 tunc
894 2011 977 2038 vere
998 2002 1093 2038 diem

27 2064 170 2104 festum
189 2063 452 2101 celebrabimus
469 2065 564 2106 Deo,
593 2067 643 2106 et,
671 2062 820 2098 devictis
852 2061 1090 2104 adversariis,

29 2130 120 2163 aaeta
133 2125 359 2162 solemnitate
372 2124 620 2170 gaudebimus.
631 2123 719 2160 Tale
734 2122 867 2168 aliquid
880 2122 969 2158 mihi
984 2123 1094 2159 etiam

30 2187 182 2224 widetur
201 2191 349 2223 sanctus
372 2186 546 2232 propheta
565 2186 602 2221 in
626 2185 775 2231 psalmis
799 2185 1009 2230 designare,
1033 2183 1095 2221 ubi

29 2246 127 2284 <llicit
148 2246 192 2282 de
211 2255 262 2289 se,
283 2245 368 2292 quia
389 2257 402 2279 ‹
422 2245 459 2281 in
480 2245 667 2281 matutinis
689 2244 951 2281 interficiebam
970 2254 1095 2282 omnes

28 2312 251 2355 peccatores
270 2303 391 2349 terrae,
412 2311 454 2341 ut
472 2306 716 2351 disperderem
731 2305 775 2340 de
789 2305 933 2341 civitate
952 2305 1096 2341 Domini

31 2377 167 2405 «omnes
180 2367 242 2413 qui
256 2372 451 2413 operantur
466 2366 694 2411 iniquitatem
709 2363 823 2412 (Psal.
841 2364 890 2412 c).
912 2378 923 2399 ›
945 2364 983 2401 Si
998 2366 1094 2402 enim

30 2414 334 2465 ‹aivitas'Domini
362 2426 523 2463 Ecclesia
549 2426 611 2462 Dei
641 2425 797 2462 viventis
823 2425 1009 2471 accipitur,
1038 2424 1097 2471 eji-

31 2487 142 2524 ‹riunt
168 2488 334 2525 doctores
364 2488 408 2524 de
439 2486 600 2523 Ecclesia
628 2491 665 2524 et
695 2486 916 2523 interficiunt
943 2496 1005 2523 eos
1035 2487 1098 2533 qui

32 2553 238 2594 operantur
255 2547 499 2593 iniquitatem,
521 2547 722 2583 contrarias
744 2548 946 2582 daemonum
971 2546 1098 2582 adver-

31 2609 229 2655 asariasque
251 2607 423 2650 virtutes,
449 2617 530 2652 quae
559 2611 690 2653 cogunt
711 2606 874 2643 homines
901 2607 945 2642 ad
970 2615 1097 2652 pecca-

33 2675 118 2706 itum
143 2667 304 2705 docendo
333 2671 370 2704 et
397 2667 637 2711 instituendo,
662 2671 698 2702 et
725 2666 868 2702 occulta
898 2666 936 2702 in
967 2666 1098 2704 divinis

33 2727 173 2765 {litteris
198 2737 244 2764 ex
271 2726 361 2764 locis
393 2727 524 2764 talibus
541 2754 551 2771 ‚
570 2727 606 2762 in
630 2726 794 2773 qualibus
826 2736 922 2763 nunc
952 2736 1096 2770 sumus,

35 2788 218 2837 mysteria
235 2788 442 2825 reserando.
466 2787 550 2824 Sive
567 2787 752 2823 civitatem
769 2787 911 2823 Domini
930 2786 1098 2824 uniuscu-

31 2849 174 2896 §iusque
192 2854 356 2886 nostrum
377 2848 534 2883 animam
558 2847 817 2894 intelligamus,
845 2857 924 2892 quae
945 2846 1098 2882 aedifica-

35 2914 106 2946 ttur
123 2919 145 2945 a
161 2908 314 2946 Domino
329 2918 374 2944 ex
393 2908 568 2954 lapidibus
582 2907 688 2951 vivis,
705 2907 742 2944 id
758 2912 828 2951 est,
844 2917 889 2943 cx
905 2906 1098 2942 virtutibus

36 2968 160 3006 *variis
186 2973 225 3006 et
251 2967 418 3006 diversis.
444 2968 494 3003 De
521 2967 598 3014 ipsa
619 2976 762 3013 quoque
787 2966 934 3003 civitate
953 2966 1099 3002 sanctus

36 3029 200 3077 equisque
226 3034 264 3066 et
290 3029 440 3076 diligens
459 3027 580 3074 ejiciet
604 3032 835 3074 peccatores,
861 3027 898 3063 id
916 3031 984 3071 cst,
1005 3026 1100 3073 cogi-

36 3089 204 3131 nationes
222 3089 400 3136 pessimas
419 3094 455 3126 et
474 3089 686 3136 cupiditates
705 3098 834 3134 pravas
851 3086 1044 3123 interficiet
1062 3086 1101 3123 in

36 3148 229 3187 imatutino
247 3154 348 3186 ortus
367 3148 435 3186 sui.
463 3147 586 3185 Justus
611 3148 706 3184 enim
727 3148 813 3184 dicit
830 3160 838 3183 ε
863 3159 875 3181 ι
897 3147 936 3183 ln
954 3145 1101 3182 matuti-

37 3208 108 3248 mis
122 3209 324 3247 meditabor
342 3210 379 3246 in
397 3214 451 3254 te,
478 3210 564 3256 quia
582 3208 682 3245 suisti
702 3208 844 3254 adjutor
866 3218 966 3244 meus
984 3206 1098 3255 (Psal.

36 3271 163 3320 mxu).
191 3285 206 3309 ι
231 3271 335 3318 Quod
361 3277 417 3309 est
442 3272 539 3309 istud
557 3271 796 3315 matutinum,
828 3269 899 3306 nisi
932 3269 1104 3306 Dominus

37 3334 176 3371 moster
198 3331 306 3370 Jesus
330 3331 518 3377 Christus,
544 3332 606 3379 qui
636 3337 691 3369 est
718 3331 780 3367 lux
810 3340 897 3367 vera
921 3329 1042 3366 oriens
1069 3328 1105 3364 in

39 3392 224 3430 :cordibus
238 3393 387 3437 nostris,
404 3398 514 3439 atque
528 3391 734 3429 illuminans
747 3389 960 3439 ignorantiae
973 3393 1105 3425 nostrae

41 3451 247 3498 itenebras,
263 3451 352 3490 l'acit
370 3463 437 3490 nos
454 3453 492 3490 in
517 3453 654 3490 lumine
673 3461 738 3488 suo
761 3451 883 3487 lumen
899 3448 1045 3485 videre?
1065 3446 1104 3483 Si

39 3511 201 3560 equando
223 3522 310 3561 ergo
334 3513 433 3561 legas
458 3512 495 3548 in
525 3511 722 3559 Scripturis
746 3510 926 3557 justorum
953 3515 1103 3553 pugnas,

39 3572 175 3611 §cuades
191 3583 234 3610 ac
252 3579 392 3621 strages
410 3573 725 3620 interemptorum,
745 3575 782 3607 ct
798 3569 882 3617 quia
901 3566 1015 3605 sancti
1032 3564 1108 3601 nul-

40 3627 103 3669 nis
118 3633 263 3679 penitus
275 3634 434 3672 hostium
451 3637 623 3679 parcunt;
642 3633 728 3679 quin
749 3632 822 3668 imo
839 3635 875 3667 et
895 3628 925 3666 si
941 3633 1107 3675 peperce-

43 3691 156 3744 ¹rint,
177 3685 336 3738 reputari
361 3694 415 3730 eis
437 3693 474 3729 in
488 3698 702 3740 peccatum,
722 3692 816 3729 sicut
835 3693 1035 3737 reputatum
1055 3689 1110 3722 est

41 3749 176 3823 *Paula
210 3751 272 3800 qui
294 3752 416 3789 vivum
437 3757 647 3789 servaverat
677 3751 777 3799 Agag
801 3760 922 3798 regem
944 3747 1109 3791 Amalec;

326 3812 515 3855 Parnoi„
545 3811 692 3854 Cvnl.

660 170 898 210 COMMENT.
925 169 971 207 IN
995 170 1168 209 LIBRUM
1198 171 1354 210 Josuss.
1375 192 1423 200 -
1445 174 1532 212 LlB.
1556 175 1587 213 Ι.

116 245 424 294 umsangninem
443 244 620 286 sitientes,
639 247 807 290 putantes
821 243 906 288 quia
927 247 964 278 et
983 243 1096 279 sancti
1113 245 1148 285 A
1163 243 1233 281 hoc
1251 245 1358 282 modo
1376 255 1448 292 quo
1466 256 1573 293 supra
1589 248 1838 295 exposuimus,
1857 252 2010 302 intellige
2026 257 2118 296 bella
2138 259 2198 307 iu-

67 1171 158 1204 ιιιιι,
177 1169 224 1196 ne
241 1159 285 1196 de
305 1169 348 1196 eo
363 1157 602 1205 cogitationes
623 1157 729 1193 malae
744 1157 952 1204 procedant.
973 1156 1043 1194 Sed
1058 1163 1095 1194 et
1111 1139 1143 1178 B

2103 185 2194 224 1034

1163 311 1322 350 storum,
1349 307 1434 353 quia
1458 307 1535 344 haec
1557 308 1649 344 bella
1674 309 1719 344 ab
1735 308 1789 344 eis
1806 309 1992 350 adversum
2014 324 2199 362 peccatum

1163 371 1348 411 geruntur.
1367 366 1553 411 Quomodo
1571 367 1770 404 manebunt
1786 368 1896 414 justi,
1923 371 1954 406 si
1977 373 2033 408 vel
2049 384 2199 422 ppt-vum

1163 424 1300 470 aliquid
1322 427 1461 472 peccati
1487 427 1524 462 in
1553 427 1756 473 semetipsis
1780 429 2023 466 servaverint?
2050 431 2095 470 Et
2122 436 2203 476 ideo

1164 484 1296 521 dicitur
1314 485 1360 522 de
1378 486 1432 522 eis
1451 487 1535 532 quia
1553 496 1628 523 non
1645 487 1913 534 dereliquerunt
1931 499 1998 528 nec
2020 501 2130 529 unum
2145 496 2207 543 qui

1163 545 1285 582 salvus
1303 545 1406 582 lieret
1420 551 1457 582 et
1473 547 1535 592 qui
1553 546 1737 594 effugeret.

1212 604 1329 653 (Ιιιιιι.)
1360 617 1372 639 ι
1392 605 1638 653 Praecepitque
1661 606 1788 651 Josue,
1814 608 2123 658 deposueruntque
2146 625 2206 651 ca-

1168 677 1181 701 «
1206 666 1315 702 daver
1332 665 1409 711 ejus
1437 666 1482 703 de
1508 677 1637 714 cruce,
1661 666 1960 715 projeceruntque
1987 670 2024 706 in
2050 671 2127 718 ipso
2155 674 2210 710 in·-

1168 739 1181 762 ‹
1206 728 1318 764 troitu
1333 718 1501 771 civitatis,
1521 734 1691 775 congesto
1709 739 1815 775 super
1831 740 1913 766 eum
1935 741 2064 777 magno
2083 743 2211 771 acervo

1168 799 1181 822 ι
1203 787 1375 834 lapidum,
1392 789 1453 834 qui
1467 795 1655 834 permanet
1669 798 1782 835 usque
1798 790 1834 825 in
1847 797 2062 836 praesentem
2077 793 2206 837 diem,»

1164 854 1201 885 et
1227 849 1377 895 reliqua.
1406 849 1498 894 Quid
1519 850 1696 897 significat
1714 851 1810 896 quod
1835 852 1989 895 cadaver
2012 854 2110 900 regis
2126 853 2208 898 Alii,

1162 920 1228 956 per
1244 917 1464 958 praeceptum
1482 911 1590 949 Josue
1608 913 1652 950 de
1669 923 1775 950 cruce
1792 914 2006 960 depositum,
2023 916 2210 962 projicitur

1162 973 1199 1009 in
1218 973 1367 1010 introitu
1388 974 1558 1018 civitatis,
1578 974 1647 1010 nisi
1667 975 1762 1020 quod
1782 975 1923 1012 diabolo
1951 976 2120 1011 damnato
2145 986 2209 1022 per

1162 1033 1368 1077 passionem
1387 1033 1535 1076 Christi,
1553 1034 1675 1069 statim
1697 1034 1730 1070 ei
1753 1035 1789 1070 in
1810 1035 1972 1081 ingressu
1991 1036 2073 1071 iidci
2094 1042 2131 1071 et
2148 1036 2209 1071 ba-

1162 1090 1343 1136 ptismatis
1359 1092 1602 1138 perceptione,
1623 1103 1644 1127 a
1668 1093 1866 1138 quibusque
1889 1094 2129 1138 credentibus,
2149 1104 2207 1131 sc-

1164 1150 1323 1187 cundum
1348 1150 1546 1188 Salvatoris
1572 1152 1687 1188 nostri
1718 1153 1944 1195 mandatum,
1972 1155 2210 1197 renuntiatur,

1162 1217 1199 1248 et
1236 1211 1313 1256 ejus
1342 1212 1455 1248 cultui
1483 1213 1627 1259 penitus
1668 1214 1952 1250 contradicitur?
1992 1225 2004 1247 ‹
2035 1213 2211 1261 Congesto

1163 1282 1270 1318 super
1292 1283 1373 1309 eum
1391 1284 1522 1320 magno
1541 1283 1671 1310 acervo
1691 1274 1859 1320 lapidum,
1883 1288 1895 1309 ›
1914 1263 1983 1311 hoc
2000 1281 2068 1318 est,
2091 1275 2210 1311 multi-

1163 1336 1285 1372 tudine
1308 1337 1479 1372 durarum
1502 1338 1779 1382 sententiarum,
1807 1337 1937 1383 quibus
1961 1337 2038 1382 eJ'us
2062 1338 2210 1384 perfidia

1161 1405 1223 1431 seu
1243 1397 1403 1442 nequitia
1423 1397 1646 1443 improbatur
1665 1403 1772 1443 atque
1793 1398 2007 1434 damnatur?
2025 1397 2109 1441 Quae
2127 1408 2208 1433 con-

1162 1456 1278 1502 geries
1310 1463 1497 1501 permanet
1528 1468 1641 1503 usque
1673 1459 1708 1494 in
1738 1463 1950 1504 praesentem
1978 1458 2092 1502 diem,
2124 1458 2207 1504 quia

1163 1515 1402 1552 damnationis
1420 1526 1493 1552 suae
1518 1518 1746 1563 opprobrium
1766 1518 1834 1562 ipsi
1850 1512 1997 1553 'diabolo
2014 1523 2051 1552 et
2074 1517 2209 1563 angelis

1161 1575 1239 1622 ejus
1265 1582 1475 1621 perseverat
1503 1577 1539 1612 in
1567 1582 1778 1623 perpetuum
1802 1587 1811 1612 ε
1837 1577 1921 1623 quia
1949 1577 2042 1613 sicut
2066 1577 2207 1613 illorum

1162 1636 1339 1673 correctio
1356 1647 1540 1683 nunquam
1559 1638 1648 1682 erit,
1669 1638 1720 1674 ita
1738 1637 1977 1674 damnationis
1998 1646 2104 1684 poena
2122 1648 2210 1673 nun-

1162 1706 1269 1741 quam
1287 1698 1454 1734 cessabit.

1210 1757 1328 1805 (Imn.)
1352 1771 1364 1792 ‹
1388 1759 1488 1795 Tunc
1508 1759 1699 1796 aedificavit
1717 1759 1824 1797 Josue
1840 1760 1952 1796 altare
1969 1760 2118 1797 Domino
2136 1760 2210 1797 Deo

1166 1831 1179 1853 ‹
1203 1819 1313 1855 lsrael
1330 1819 1367 1855 in
1386 1826 1508 1856 monte
1525 1820 1626 1863 Ebal,
1648 1820 1742 1857 sicut
1762 1826 1981 1866 praeceperat
2000 1820 2139 1866 Moyses
2159 1820 2210 1855 sa-

1166 1892 1178 1915 «
1202 1881 1320 1918 mulus
1342 1881 1483 1918 Domini
1506 1882 1590 1919 filiis
1608 1882 1732 1922 Israel.
1754 1896 1766 1918 ›
1790 1883 1991 1928 etreliqua.
2021 1881 2208 1919 Videamus

1162 1942 1248 1987 quid
1271 1942 1307 1978 ιιι
1325 1942 1381 1978 his
1405 1943 1571 1978 omnibus
1598 1943 1790 1987 indicatur,
1809 1949 1845 1979 et
1870 1944 1957 1989 quid
1982 1954 2138 1990 praesens
2162 1942 2209 1979 lc·

1162 2004 1235 2040 ctio
1264 2004 1368 2040 nobis
1395 2004 1643 2041 aedificationis
1663 2006 1837 2051 acquirat.
1861 2004 1992 2041 Omnes
2012 2005 2073 2051 qui
2097 2005 2133 2040 in
2152 2004 2210 2039 Je-

1162 2074 1244 2100 sum
1263 2063 1445 2100 Christum
1462 2065 1662 2109 credimus,
1688 2066 1823 2111 lapides
1847 2066 1917 2101 vivi
1942 2074 2020 2101 esse
2044 2065 2208 2106 dicimur,

1163 2123 1259 2169 quod
1290 2123 1479 2169 Scriptura
1507 2125 1727 2170 praenuntiat
1756 2125 1879 2161 dicens
1908 2137 1917 2159 :
1948 2136 1959 2157 ‹
1990 2124 2062 2160 Vos
2094 2128 2212 2159 autem

1164 2183 1252 2220 estis
1271 2183 1407 2229 lapides
1426 2183 1499 2219 vivi
1524 2183 1690 2220 aedificati
1709 2184 1834 2221 domus
1862 2184 2051 2230 spiritalis,
2076 2184 2213 2220 hostias

1164 2243 1403 2289 acceptabiles
1425 2242 1617 2281 offerentes
1644 2245 1717 2282 Deo
1737 2255 1800 2290 per
1828 2243 1949 2280 Jcsum
1972 2245 2152 2281 Christum
2170 2244 2212 2292 (Ι

1164 2302 1261 2336 Petr.
1281 2302 1335 2348 ιι).
1358 2314 1371 2336 ι
1396 2302 1496 2338 Sicut
1514 2309 1633 2338 autem
1647 2305 1684 2339 ιιι
1699 2304 1778 2340 istis
1795 2305 1946 2340 terrenis
1960 2304 2135 2349 lapidibus
2149 2304 2212 2339 ob-

1163 2361 1302 2400 servari
1321 2362 1501 2404 novimus,
1516 2368 1553 2398 et
1569 2363 1606 2397 hi
1625 2363 1769 2407 quidem
1789 2363 1924 2407 lapides
1942 2363 2002 2408 qui
2020 2363 2211 2399 validiores

1164 2424 1236 2460 sint
1258 2427 1294 2459 et
1322 2423 1543 2468 potentiores
1563 2423 1670 2468 primi
1693 2424 1731 2458 in
1757 2423 1986 2459 fundamenta
2008 2422 2209 2467 ejiciantur,

1164 2490 1204 2522 ut
1224 2485 1311 2531 ipsis
1337 2486 1434 2522 credi
1459 2490 1496 2521 et
1518 2486 1708 2531 superponi
1726 2486 1838 2531 possit
1863 2485 1972 2521 totius
1990 2484 2127 2521 aedificii
2151 2485 2210 2520 do-

1165 2555 1264 2588 mus;
1286 2545 1345 2580 alii
1370 2555 1455 2580 vcro
1474 2545 1536 2590 qui
1553 2550 1741 2590 sequentes
1763 2550 1845 2581 sunt
1859 2572 1867 2588 ‚
1891 2545 1925 2580 id
1944 2550 1998 2580 cst
2017 2544 2122 2590 paulo
2141 2544 2210 2581 illis

1165 2605 1366 2649 inferiores,
1383 2607 1536 2652 proximi
1556 2605 1624 2642 illis
1643 2607 1703 2652 qui
1728 2606 1764 2641 in
1783 2606 2013 2642 fundamento
2031 2612 2134 2649 sunt,
2151 2617 2211 2642 or-

1167 2664 1358 2708 dinantur3
1390 2665 1451 2709 qui
1468 2674 1553 2700 vcro
1570 2665 1651 2710 plus
1669 2664 1856 2701 inferiores
1872 2670 1967 2709 sunt,
1984 2665 2090 2711 paulo
2107 2676 2210 2712 supe-

1165 2725 1242 2761 rius
1263 2735 1283 2760 a
1306 2724 1559 2768 fundamento;
1580 2731 1656 2761 tum
1676 2725 1804 2761 delnde
1820 2725 1856 2761 in
1874 2735 2021 2772 corpore
2039 2725 2208 2772 lapidum,

1166 2785 1228 2831 qui
1244 2785 1458 2821 infirmiores
1485 2790 1590 2828 sunt,
1618 2785 1655 2821 in
1674 2785 1919 2831 superioribus
1941 2792 1977 2821 et
2001 2796 2110 2832 prope
2134 2787 2210 2832 ipsa

1163 2845 1238 2892 jam
1257 2846 1342 2882 tecti
1359 2845 1502 2893 fastigia
1520 2846 1740 2883 collocantur
1767 2858 1775 2882 :
1801 2847 1851 2882 ita
1869 2857 1963 2882 nunc
1985 2846 2094 2882 etiam
2114 2846 2213 2882 intel-

1169 2906 1238 2953 lige
1265 2907 1308 2942 de
1329 2906 1505 2952 lapidibus
1531 2907 1621 2943 vivis
1649 2907 1786 2953 aliquos
1806 2916 1884 2943 esse
1911 2906 1947 2942 in
1975 2905 2213 2942 fundamentis

1170 2964 1277 3010 hujus
1296 2964 1466 3011 spiritalis
1486 2964 1637 3000 aedilicii.
1666 2964 1734 3009 Qui
1754 2970 1873 3000 autem
1900 2969 1984 3000 sunt
2007 2964 2066 2999 isti
2091 2964 2149 3009 qui
2179 2964 2214 2998 ιιι

1171 3025 1414 3062 fundamentis
1435 3024 1676 3061 collocantur?
1699 3024 1859 3071 Apostoli
1880 3029 1916 3060 et
1934 3024 2129 3070 prophetae.
2154 3022 2213 3059 Sic

1172 3085 1268 3123 enim
1285 3086 1373 3122 dicit
1388 3085 1520 3121 Paulus
1536 3086 1612 3121 haec
1630 3085 1706 3131 ipse
1724 3085 1855 3121 docens
1874 3094 1883 3119 ε
1904 3096 1916 3118 ι
1936 3083 2138 3124 AEdificati‚
2161 3083 2213 3117 in-

1172 3147 1272 3193 quit,
1291 3155 1399 3192 super
1422 3143 1694 3181 fundamentum
1714 3143 1952 3189 apostolorum
1971 3147 2007 3177 et
2022 3141 2211 3185 propheta-

1173 3217 1274 3250 rum,
1303 3206 1341 3241 in
1367 3205 1443 3252 ipso
1469 3205 1629 3252 angulari
1650 3203 1765 3249 lapide
1790 3201 1874 3238 Jesu
1898 3200 2038 3236 Christo
2063 3198 2211 3234 Domino

1173 3272 1299 3304 nostro
1320 3265 1424 3314 (Eph.
1445 3266 1500 3312 ιι).
1526 3278 1538 3299 ι
1560 3263 1606 3300 Ut
1624 3268 1741 3298 autem
1767 3267 1801 3296 te
1818 3259 2090 3307 promptiorem,
2111 3269 2133 3294 ο
2149 3268 2211 3293 au-

1175 3328 1269 3365 ditor
1285 3329 1435 3370 horum‚
1454 3333 1673 3371 praeparares
1697 3322 1742 3358 ad
1759 3320 1865 3366 huJus
1887 3319 2025 3356 aedisscii
2045 3325 2210 3356 constru-

1175 3388 1352 3430 ctionem,
1378 3390 1417 3420 ut
1439 3383 1529 3428 lapis
1549 3382 1675 3426 aliquis
1699 3379 1892 3416 inveniaris
1910 3378 2061 3415 vicinior
2086 3377 2211 3414 runda-

1174 3451 1313 3488 mento,
1331 3445 1427 3480 disce
1447 3442 1530 3488 quia
1549 3447 1584 3476 et
1603 3441 1676 3486 ipse
1695 3438 1857 3476 Christus
1881 3438 1986 3485 hujus
2005 3438 2098 3484 quod
2117 3447 2212 3473 nunc

1175 3504 1428 3550 descripsimus
1446 3501 1585 3538 aedificii
1603 3499 1870 3536 fundamentum
1887 3504 1954 3534 est.
1972 3497 2033 3534 Sic
2050 3498 2146 3534 enim
2163 3497 2212 3531 di·

1175 3564 1223 3600 cit
1246 3562 1436 3609 Apostolus
1465 3573 1473 3596 ι
1505 3571 1517 3594 ι
1547 3558 1832 3595 Fundamentum
1861 3558 1959 3594 enim
1985 3557 2078 3594 aliud
2106 3565 2212 3591 nemo

1174 3626 1290 3669 potest
1305 3630 1450 3667 ponere,
1467 3625 1598 3666 praeter
1615 3617 1651 3654 id
1667 3618 1761 3665 quod
1779 3617 1932 3664 positum
1950 3622 2019 3659 est,
2039 3614 2132 3660 quod
2155 3618 2211 3649 est

1176 3683 1337 3720 Christus
1365 3680 1468 3718 Jesus
1493 3679 1528 3727 (1
1548 3679 1628 3716 Cor.
1646 3678 1715 3726 ιιι).
1743 3690 1762 3720 ι,
1786 3676 1884 3714 Beati
1912 3685 1998 3722 ergo
2021 3674 2212 3720 quisuper-

1179 3743 1273 3782 istud
1295 3742 1412 3780 nobile
1437 3742 1705 3780 fundamentum
1726 3738 1963 3779 aedificantes,
1992 3733 2165 3783 religiosa
2176 3738 2212 3770 et
