2540 4016
66 110 163 215 {m

87 315 126 353 in
149 325 192 352 eo
210 315 427 362 completum
445 313 599 357 videtur,
620 311 683 348 ubi
705 317 788 359 post
804 316 959 347 mortem
977 309 1145 355 Herodis,

86 380 278 412 revocatur
309 375 354 411 ab
382 373 552 421 AEgypto,
581 378 619 409 et
648 372 813 420 designat
835 371 1070 418 Evangelium
1095 372 1148 408 di-

86 444 195 472 cens:
209 435 264 471 Ea:
277 434 433 482 AEyypto
443 434 561 470 vocavi
573 433 688 480 filium
701 444 818 470 meum
830 433 886 481 (M
889 434 976 469 atth.
993 443 1019 469 11
1034 444 1043 476 ;
1061 431 1143 469 Ose.

83 495 152 542 ιιι).
170 494 238 540 Qui
255 505 375 532 sermo
391 495 606 541 quibusdam
623 505 670 531 ex
686 495 756 532 hoc
772 495 851 531 loco
871 499 1078 541 assumptus
1097 494 1147 530 vi-

84 557 203 600 detur,
217 562 252 592 et
269 555 474 601 Evangeliis
489 556 658 592 insertus.
673 555 763 591 Aliis
778 560 899 591 autem
913 555 1054 591 videtur
1065 563 1147 591 esse

82 616 285 662 prophetia.
298 615 421 651 Potest
434 620 554 652 tamen
563 622 599 652 et
612 616 809 653 secundum
823 616 1030 662 allegoriam
1040 614 1146 653 intel-

82 677 158 723 ligi,
174 677 256 722 quia
267 682 505 722 posteaquam
517 678 668 714 venitad
677 678 875 725 AEgyptum
886 678 1010 714 mundi
1023 678 1143 724 hujus,

82 739 229 775 deduxit
258 749 341 774 eum
365 739 474 774 Pater
496 745 533 775 et
552 740 749 786 assumpsit
767 740 813 776 ad
831 741 1077 786 semetipsum,
1105 744 1146 775 ut

80 800 175 849 viam
195 798 332 835 faceret
351 800 423 843 his,
440 801 501 846 qui
522 800 565 836 de
580 801 736 848 AEgypto
753 801 878 836 mundi
896 800 1002 847 hujus
1019 810 1146 836 ascen-

80 860 156 895 suri
175 865 281 896 erant
299 861 344 897 ad
363 860 490 896 Deum.
514 861 562 896 Et
577 861 690 908 gloria
708 862 885 897 unicornis
902 860 990 906 ejus.
1013 859 1144 897 Omnia

78 922 174 958 enim
201 923 460 959 daemonlorum
481 934 591 969 regna
608 922 779 968 dejiciens
798 921 975 964 Christus,
995 922 1143 958 unicum

77 992 182 1018 suum
210 994 362 1030 regnum
395 990 565 1029 tanquam
596 983 674 1019 veri
701 982 886 1018 unicornis
913 981 1078 1018 fundavit
1106 983 1143 1019 in

75 1046 203 1092 gloria.
229 1046 350 1082 Cornu
366 1047 462 1081 enim
477 1055 573 1090 saepe
591 1055 658 1090 pro
677 1054 789 1090 regno
810 1044 996 1081 docuimus
1027 1046 1143 1081 nomi-

74 1108 166 1142 nari.
194 1107 415 1142 Devorabum
432 1112 548 1153 qentes
570 1107 684 1141 hostes
710 1105 821 1149 illius,
851 1118 997 1153 ossaque
1021 1119 1142 1143 eorum

74 1167 313 1214 confringent,
351 1174 381 1203 et
410 1168 637 1214 perforabunt
671 1168 821 1213 sagittis.
860 1168 989 1204 Hostes
1020 1174 1140 1205 autem

72 1228 216 1264 Domini
241 1228 388 1272 Christi,
409 1229 538 1275 impios
563 1228 706 1266 Judaeos
742 1230 910 1276 appellat,
945 1231 987 1266 de
1011 1231 1141 1276 quibus

72 1290 149 1336 ipsa
178 1291 319 1327 Veritas
347 1291 383 1326 in
414 1292 585 1337 parabola
610 1293 816 1339 evangelica
839 1294 881 1329 de
905 1294 1051 1329 homine
1071 1305 1139 1330 no-

71 1351 148 1396 bili,
166 1354 225 1399 qui
239 1354 324 1389 abiit
341 1355 378 1389 iu
394 1355 568 1400 regionem
584 1354 808 1401 longinquam
822 1356 978 1402 accipere
994 1367 1139 1402 reynum

71 1414 187 1449 sibiet
216 1415 353 1457 reverti,
371 1425 524 1457 narrans
547 1421 819 1459 commemorat,
852 1427 935 1451 cum
962 1417 1139 1454 subinfert

73 1474 220 1509 dicens:
245 1474 342 1509 Cives
360 1482 476 1510 orclem
498 1475 572 1520 ejus
597 1475 741 1510 oderant
770 1475 900 1511 illum:
915 1483 946 1511 et
971 1477 1140 1512 miserunt

72 1533 279 1579 legationem
298 1541 374 1581 post
388 1535 488 1571 illum
502 1536 652 1571 dicentes
671 1546 682 1569 .·
699 1536 874 1572 Nolumus
889 1538 980 1572 hunc
996 1549 1140 1584 regnare

71 1606 175 1641 super
198 1606 259 1629 nos
287 1594 387 1641 (Luc.
415 1597 506 1638 xix).
547 1595 680 1630 Contra
707 1596 772 1632 has
798 1597 892 1632 enlm
913 1603 1037 1644 gentes
1054 1609 1139 1634 con-

72 1655 209 1701 gregati
230 1661 311 1691 sunt
327 1666 408 1691 cum
431 1656 602 1692 Romanis
620 1657 898 1701 imperatoribus
917 1658 1139 1704 Vespasiano

70 1721 107 1752 et
121 1715 216 1759 Tito,
239 1722 276 1751 ut
290 1716 538 1751 interficerent
557 1726 633 1760 eos,
652 1718 833 1763 roburque
854 1718 994 1764 imperii
1012 1730 1135 1755 eorum

71 1777 340 1825 confringentes
356 1806 364 1821 ,
405 1779 710 1822 comminuerent,
744 1785 851 1825 atque
887 1780 1138 1817 instrumentis

70 1839 208 1875 bellicis
223 1838 423 1875 Jerusalem
444 1840 672 1886 metropolim
688 1850 812 1876 eorum
834 1847 1041 1886 superatam
1055 1840 1136 1876 fun-

72 1899 168 1935 ditus
200 1905 406 1936 everterent
437 1906 653 1947 gentemque
684 1900 857 1945 delerent,
892 1901 928 1936 in
960 1902 1135 1939 ultionem

71 1962 276 1998 innocentis
300 1961 403 1998 effusi
432 1962 617 2008 sanguinis
645 1962 800 1997 Domini.
834 1962 983 2008 Mystice
1013 1968 1135 1999 autem

72 2028 207 2070 gentes,
226 2023 372 2059 eosdem
388 2024 510 2059 hostes
525 2023 761 2067 devorabunt,
782 2034 863 2060 cum
878 2025 1135 2071 praedicatores

71 2086 185 2122 sancti
205 2095 250 2121 ex
266 2086 434 2132 gentibus
462 2086 581 2129 electi,
610 2086 785 2132 plurimos
813 2097 940 2123 eorum
962 2088 1136 2134 praedica·
1155 2071 1184 2112 C

71 2148 169 2184 tione
193 2158 257 2184 sua
288 2148 332 2183 ad
358 2141 466 2184 'fidem
501 2148 717 2184 catholicam
742 2154 970 2192 convertunt,
1002 2160 1137 2196 eosque

71 2219 137 2256 per
157 2210 335 2254 baptisma
363 2214 399 2244 et
428 2209 609 2246 salubrem
642 2210 906 2247 consessionem
936 2211 974 2247 in
1005 2221 1137 2258 corpus

72 2269 207 2306 Christi
227 2269 463 2306 transferunt.
496 2269 586 2306 Ossa
618 2281 742 2307 eorum
776 2271 1021 2318 confringunt,
1054 2282 1137 2308 cum

71 2332 306 2379 pertinaciam
326 2342 452 2367 eorum
484 2337 520 2368 et
547 2332 751 2378 superbiam
781 2333 850 2378 piis
880 2333 1135 2369 admonitioni-

72 2395 139 2430 bus
156 2393 355 2429 emolliunt.
390 2393 434 2428 Et
449 2392 684 2438 perforabunt
699 2393 855 2439 sagittis,
872 2404 953 2429 cum
971 2394 1136 2429 testimo-

74 2454 144 2490 niis
164 2454 292 2490 divinae
312 2454 402 2501 legis
421 2454 530 2489 corda
561 2464 686 2490 eorum
716 2459 922 2500 penetrant,
952 2459 1061 2501 atque
1092 2455 1138 2491 ad

73 2517 387 2564 compunctionem
407 2516 629 2562 poenitentiae
655 2517 698 2552 de
717 2517 874 2562 peccatis
901 2517 976 2553 suis
1007 2527 1139 2562 provo-

74 2582 170 2612 cant.
196 2576 287 2611 Hinc
305 2582 340 2612 et
359 2577 555 2612 secundum
583 2576 689 2611 aliam
717 2577 911 2612 editionem
945 2577 1014 2611 iste
1039 2577 1138 2613 locus

75 2639 124 2673 ila
144 2638 273 2683 legitur
293 2649 301 2672 :
321 2637 425 2679 Edet,
443 2637 571 2682 inquit,
593 2642 708 2682 qentes
731 2637 954 2672 inimicorum
979 2649 1136 2682 suorum,

74 2705 106 2733 et
133 2696 398 2732 crassitudinem
426 2707 546 2731 eorum
576 2694 811 2731 emedullabit.
856 2695 990 2733 Gentes
1016 2698 1140 2744 utique

75 2758 155 2795 illas
172 2769 262 2804 quas
282 2758 419 2793 inimici
441 2757 495 2793 sui
519 2757 774 2803 possidebant,
796 2758 872 2803 ipse
892 2759 974 2794 edet
995 2760 1139 2795 destru-

77 2826 133 2857 cta
147 2820 281 2855 virtute
296 2819 445 2862 inimici,
469 2822 504 2854 et
523 2817 781 2854 crassitudines
795 2827 920 2854 eorum
944 2818 1140 2854 emedulla-

76 2882 141 2924 bit,
168 2891 250 2917 cum
271 2890 414 2916 omnem
444 2879 497 2915 eis
521 2889 667 2915 sensum
695 2889 859 2915 crassum
889 2885 925 2915 et
957 2880 1140 2916 carnalem

77 2948 262 2986 extenuat,
289 2947 325 2978 et
354 2942 533 2978 convertit
558 2942 601 2977 ad
624 2941 897 2988 intelligentiam
926 2942 1137 2988 spiritalem.

77 3004 179 3048 Quod
197 3008 315 3039 autem
335 3004 538 3039 crassitudo
556 3002 773 3048 culpabitur,
798 3002 835 3038 in
858 3001 1056 3048 Scripturis
1074 3003 1140 3038 ha-

77 3066 216 3108 beatur,
252 3064 385 3100 indicio
416 3065 485 3099 erit
519 3063 618 3107 illud,
651 3064 747 3110 quod
773 3064 947 3110 scriptum
978 3064 1141 3101 esttIn-

77 3131 274 3162 crassatum
304 3130 352 3160 est
386 3135 445 3159 cor
469 3124 589 3171 populi
614 3125 690 3171 ejus
718 3124 808 3172 (Isa.
840 3124 905 3173 vt).
945 3125 991 3162 Et
1023 3126 1139 3163 alibi:

80 3186 239 3223 Satiatus
260 3191 310 3221 est
324 3191 358 3221 et
374 3186 589 3222 incrassatus
609 3191 670 3228 est,
692 3192 724 3221 et
739 3186 970 3222 recalcitravit
995 3186 1143 3223 dilectus

80 3246 200 3294 (Dent.
217 3245 345 3293 xxxn).
387 3246 478 3282 Edet
493 3256 579 3293 ergo
594 3252 733 3293 gentes,
760 3253 796 3283 et
812 3247 934 3283 cibum
953 3248 1063 3284 habet
1081 3259 1143 3286 eos

79 3307 141 3353 qui
161 3306 312 3343 credunt
333 3307 370 3342 in
390 3317 473 3342 eum
491 3319 501 3342 ε
517 3307 611 3342 sieut
625 3307 751 3354 etipse
766 3307 853 3344 dicit
867 3308 903 3344 in
918 3308 1114 3356 Evangelio
1130 3321 1138 3345 :

82 3365 183 3403 Meus
199 3373 248 3402 est
264 3367 359 3403 cibus
381 3373 420 3403 ut
439 3367 568 3413 faciam
591 3367 801 3404 voluntatem
828 3368 948 3404 Patris
973 3370 1055 3413 mei,
1083 3371 1143 3417 qui

82 3427 243 3465 misitme
259 3428 381 3476 (Joan.
400 3428 465 3477 lv).
493 3428 603 3475 Cujus
625 3431 749 3478 utique
769 3431 934 3467 voluntas
948 3432 1026 3468 haec
1046 3437 1141 3475 crat,

82 3490 125 3523 ut
155 3492 278 3533 gentes
305 3493 604 3526 converterentur
630 3491 676 3527 ad
694 3491 814 3527 fidem.
853 3490 957 3534 Quod
974 3491 1004 3527 si
1023 3496 1063 3526 ut
1085 3501 1144 3527 su-

82 3548 205 3596 perius
233 3550 443 3595 docuimus,
474 3552 677 3589 crassitudo
702 3551 889 3599 culpabilis
917 3552 1092 3595 habetur,
1123 3562 1144 3588 e

86 3610 267 3647 omiti-ario
281 3611 461 3648 subtilitas
481 3612 672 3649 laudabilis
695 3619 752 3650 est
781 3613 960 3656 habenda,
992 3612 1075 3658 quia
1108 3617 1146 3648 et

89 3665 244 3715 Spiritus
258 3671 458 3718 sapientiae,
476 3673 538 3720 qui
552 3673 785 3720 intelligibilis
799 3678 838 3710 et
854 3678 1001 3710 sanctus
1016 3677 1054 3709 et
1065 3672 1146 3709 uni-

89 3731 232 3776 genitus
245 3734 283 3767 et
297 3733 483 3780 multiplex
500 3734 647 3778 dieitur,
663 3734 831 3772 similiter
847 3739 884 3772 et
901 3734 1045 3772 subtilis
1062 3743 1145 3771 esse

90 3787 313 3834 perhibetur.
336 3789 384 3828 Et
405 3793 536 3844 jaculis
561 3794 636 3830 suis
659 3794 838 3840 sagittabit
859 3795 1054 3832 inimicum.
1087 3794 1148 3832 Ja-

561 167 923 208 ENARRATIONES
948 167 996 207 IN
1018 168 1196 210 LIBRUM
1219 168 1532 210 NUMERORUM.
1557 194 1606 202 —-
1627 175 1714 214 Lm.
1736 177 1794 215 m.

89 253 260 302 AEqypto,
275 252 377 301 cnjus
391 250 560 299 fortitudo
572 248 697 287 similis
710 253 762 286 est
771 248 1016 286 rhinocerotis.
1044 248 1148 294 Quod
1165 251 1202 292 A
1216 249 1297 287 cula
1310 249 1388 296 ejus
1401 249 1514 287 verba
1527 249 1606 297 eius
1614 258 1712 299 sunt,
1726 260 1769 291 ut
1784 259 1948 303 superius
1960 263 2125 315 diximus,

1214 311 1271 347 vel
1288 310 1471 348 diabolum
1490 311 1590 355 vicit,
1613 313 1671 349 vel
1684 323 1810 352 omnes
1830 317 1996 358 inimicos
2011 325 2108 371 ejus;
2128 273 2272 371 3133?

1214 373 1432 410 tradicentes
1454 373 1523 410 sibi
1540 374 1650 411 etiam
1667 385 1765 411 nunc
1787 385 1933 424 superat
1949 385 1986 417 et
2003 386 2160 433 contigit.
2189 393 2272 430 Om-

1213 433 1272 469 nis
1290 434 1387 470 enim
1401 435 1462 480 qui
1480 440 1620 482 peccat,
1642 436 1811 475 inimicus
1841 439 1920 486 ejus
1946 447 2004 478 est
2031 444 2115 481 dum
2132 458 2270 494 peceat,

1214 493 1254 531 Si
1277 499 1397 531 autem
1422 497 1546 534 audiat
1577 499 1686 536 verba
1715 500 1794 544 Dei,
1827 505 1864 538 et
1895 511 2094 548 agnoscens
2123 517 2274 554 peccata

1213 565 1289 597 sua,
1307 556 1509 602 configatur
1526 569 1571 594 ex
1588 559 1641 595 eis
1658 564 1695 596 et
1708 568 1991 608 compungatur,
2012 571 2122 613 atque
2141 569 2186 605 ad
2202 580 2276 615 poe-

1211 614 1403 652 nitentiam
1419 622 1667 662 convertatur,
1686 619 1849 657 veritatis
1867 631 2034 660 sermone
2053 626 2274 674 tenebratus,

1213 675 1323 711 etiam
1342 676 1418 722 ipse
1438 676 1578 714 dicetur
1593 678 1723 725 iaculis
1738 681 1816 727 ejus
1834 692 1915 719 esse
1934 684 2110 722 confixus.

1261 737 1443 774 Accubans
1475 739 1603 776 dormit
1638 748 1678 777 ut
1711 741 1784 785 leo,
1809 750 1842 779 et
1873 746 1975 791 quasi
2008 746 2141 792 leoena,
2169 760 2275 796 quam

1212 800 1382 835 suscitare
1410 799 1529 836 nullus
1558 802 1712 838 audebit.
1752 803 1812 840 Vel
1831 810 1871 841 ut
1901 806 1971 842 alia
1999 808 2108 846 editio
2138 810 2276 850 habet:

1211 858 1426 896 Recumbens
1444 863 1609 909 requievit
1629 869 1666 899 ut
1692 863 1756 909 leo,
1779 872 1810 901 et
1830 873 1869 902 ut
1890 869 2027 906 catulus
2047 870 2180 917 leonis‚·
2197 875 2277 922 quis

1211 921 1375 956 excitavit
1408 923 1512 958 eum?
1532 924 1722 970 Requievit
1741 932 1779 963 ut
1808 927 1878 972 leo,
1900 940 1983 966 cum
2011 932 2047 968 in
2073 944 2180 972 cruce
2211 947 2277 983 po-

1213 980 1316 1025 situs,
1340 984 1563 1030 principatus
1583 992 1619 1021 et
1635 993 1832 1032 potestates
1850 992 1962 1035 exuit,
1981 999 2016 1029 et
2037 995 2276 1043 triumphavit

1211 1052 1274 1078 eas
1305 1044 1341 1078 in
1361 1044 1457 1090 ligno
1477 1046 1608 1082 crucis.
1644 1047 1691 1082 Ut
1720 1050 1859 1086 catulus
1891 1060 2012 1090 autem
2040 1056 2171 1102 leonis,
2191 1070 2273 1096 cum

1212 1109 1416 1149 resurgeret
1435 1115 1454 1139 a
1476 1115 1602 1143 somno
1633 1110 1772 1145 mortis.
1811 1110 1913 1154 Quod
1945 1119 2066 1150 autem
2098 1117 2192 1154 leoni
2224 1121 2274 1155 si-

1160 1157 1192 1196 B
1211 1166 1356 1211 mulque
1375 1166 1497 1203 leaenae
1518 1169 1594 1204 sive
1615 1171 1734 1206 catulo
1752 1172 1867 1209 leonis
1888 1183 2134 1222 eomparatur,
2155 1185 2275 1225 potest

1211 1226 1329 1262 adhuc
1354 1227 1517 1275 intelligi,
1536 1235 1574 1264 ut
1593 1230 1629 1265 in
1647 1231 1750 1268 leone
1779 1234 1829 1269 illi
1859 1236 1919 1280 qui
1946 1237 2097 1283 perfecti
2118 1248 2213 1285 sunt,
2236 1243 2273 1279 in

1210 1287 1322 1324 leaena
1348 1298 1505 1334 quoque,
1530 1290 1600 1327 hoc
1618 1299 1674 1328 cst
1699 1293 1735 1328 in
1762 1294 1934 1333 inferiore
1953 1308 2057 1343 sexu,
2078 1301 2112 1337 hi
2135 1303 2196 1348 qui
2218 1303 2273 1339 in-

1210 1347 1390 1385 firmiores
1420 1355 1503 1385 sunt
1534 1352 1741 1398 intellectu,
1767 1361 1875 1402 atque
1905 1359 1954 1395 illi
1975 1361 2036 1406 qui
2059 1363 2271 1409 insipientes

1208 1414 1295 1447 sunt
1318 1416 1355 1447 et
1381 1412 1501 1454 rudes,
1528 1413 1565 1448 in
1590 1415 1708 1451 catulo
1727 1416 1840 1454 leonis
1871 1422 2133 1466 exprimantur.
2168 1426 2270 1470 Quod

1208 1483 1293 1508 vero
1323 1473 1386 1515 ait,
1407 1485 1511 1519 quam
1547 1476 1717 1511 suscitare
1754 1478 1872 1515 nullus
1906 1482 2047 1518 audebit
2060 1511 2069 1526 ‚
2091 1484 2270 1532 significat

1210 1533 1346 1568 nullum
1364 1561 1373 1577 ,
1395 1544 1513 1579 neque
1542 1537 1721 1583 angelum,
1753 1549 1869 1586 neque
1903 1542 2100 1588 hominem,
2121 1556 2268 1583 carnem

1209 1592 1342 1630 Cliristi
1362 1605 1382 1630 a
1397 1597 1548 1633 mortuis
1584 1600 1800 1636 resuscitare
1830 1603 2039 1647 praevalere,
2060 1616 2168 1651 quam
2191 1608 2268 1644 sola

1208 1655 1378 1701 majestas
1399 1657 1520 1693 divina
1540 1669 1560 1694 a
1580 1661 1732 1696 mortuis
1755 1664 1950 1698 revocavit.
1976 1664 2078 1700 Unde
2095 1666 2132 1701 in
2150 1667 2268 1703 Evan-

1208 1717 1300 1764 gelio
1319 1718 1492 1754 Dominus
1513 1719 1564 1755 ait
1582 1731 1589 1755 :
1609 1720 1722 1756 Nemo
1740 1721 1828 1757 tollit
1845 1734 1866 1758 a
1883 1734 1937 1758 me
1957 1725 2110 1761 animam
2129 1738 2268 1772 meam,-

1207 1778 1268 1813 sed
1294 1790 1355 1825 eqo
1383 1790 1473 1825 pono
1503 1792 1593 1822 eam,
1616 1787 1648 1816 et
1679 1782 1807 1818 iterum
1840 1795 1939 1819 sumo
1972 1797 2048 1820 eam
2070 1786 2192 1833 (Joau.
2213 1788 2265 1836 x).

1207 1838 1272 1875 Sin
1293 1845 1414 1875 autem
1447 1842 1643 1877 secundum
1677 1842 1784 1879 aliam
1818 1845 2013 1881 editionem
2045 1847 2238 1894 legerimus
2253 1877 2264 1892 ,

1207 1899 1289 1944 quis
1306 1901 1492 1937 suscitavit
1512 1903 1619 1937 eum?
1635 1903 1773 1940 Idcirco
1793 1906 1875 1951 quia
1895 1917 1992 1943 nunc
2010 1918 2030 1942 a
2046 1907 2153 1944 Patre
2171 1909 2265 1946 dici-

1206 1964 1266 1995 tur
1295 1961 1508 2004 suscitatus,
1531 1968 1566 1998 ct
1589 1964 1699 1999 etiam
1728 1966 1804 2012 ipse
1824 1967 1994 2013 templum
2016 1971 2178 2016 corporis
2212 1971 2268 2007 sui

1206 2026 1288 2066 post
1304 2022 1464 2058 triduum
1485 2025 1660 2061 suscitare
1678 2036 1717 2062 se
1735 2027 1823 2063 dicit
1842 2056 1851 2072 ,
1872 2030 2002 2066 merito
2020 2031 2058 2066 in
2076 2031 2145 2068 hoe
2162 2033 2266 2078 quasi

1205 2084 1476 2128 percunctantis
1497 2085 1707 2131 designatur
1725 2087 1889 2124 affectus.

1256 2143 1325 2186 Qui
1361 2144 1573 2180 benedixerit
1608 2147 1669 2182 tibi
1706 2149 1771 2183 erit
1796 2149 1868 2195 ipse
1903 2149 2116 2195 benedictus,
2140 2158 2174 2188 et
2207 2154 2269 2200 qui

1205 2204 1440 2249 ntaledixerit,
1460 2207 1496 2242 in.
1519 2207 1763 2245 maledictione
1782 2211 2011 2256 reputabitur.
2043 2211 2190 2249 Certum
2213 2220 2269 2251 est

1206 2267 1302 2312 quod
1335 2268 1592 2305 benedicentes
1624 2269 1771 2307 Christo
1788 2299 1797 2315 ‚
1820 2272 2001 2309 benedicti
2035 2279 2118 2310 sunt
2135 2287 2143 2310 :
2159 2281 2196 2311 et
2230 2287 2269 2312 1n

1205 2329 1495 2364 communionem
1512 2337 1673 2375 paternae
1696 2331 1958 2368 benedictionis
1977 2335 2166 2379 assumpti.
2197 2334 2267 2379 Qui

1207 2394 1326 2424 autem
1347 2389 1577 2433 maledicunt,
1604 2390 1786 2427 maledieti
1803 2398 1898 2428 sunt.
1920 2392 1958 2429 Si
1974 2395 2071 2429 enim
2092 2395 2135 2430 ad
2152 2405 2267 2441 popu-

1206 2450 1280 2486 lum
1304 2449 1413 2484 istum
1432 2450 1629 2495 respicias,
1659 2451 1720 2496 qui
1753 2451 1935 2488 maledicit
1966 2453 2124 2497 Christo,
2156 2456 2267 2491 etiam

1206 2511 1487 2558 lacrymabiliter
1505 2511 1686 2548 invenitur
1704 2523 1784 2549 esse
1808 2513 2033 2551 maledictus.
2057 2516 2148 2559 Quid
2167 2517 2266 2554 enim

1207 2572 1350 2608 evenire
1376 2571 1490 2617 possit
1510 2571 1606 2607 aliud
1635 2572 1692 2608 his
1720 2572 1781 2618 qui
1814 2573 2032 2609 maledicunt
2064 2576 2263 2621 sapientiae,

1207 2634 1267 2679 qui
1284 2633 1504 2669 maledicunt
1524 2633 1680 2675 veritati,
1698 2633 1759 2678 qui
1778 2633 1998 2670 maledicunt
2015 2635 2112 2679 vitae,
2136 2637 2205 2672 nisi
2226 2642 2267 2673 ut

1207 2696 1252 2731 ab
1271 2695 1326 2731 his
1343 2695 1510 2731 omnibus
1525 2694 1629 2731 bonis
1647 2699 1812 2731 extorres
1832 2700 1868 2730 et
1887 2696 2030 2732 exsules
2046 2696 2265 2742 jaceantur?

1208 2756 1291 2792 Haec
1323 2756 1418 2792 enim
1451 2756 1571 2791 omnia
1607 2755 1773 2792 Christus
1807 2762 1875 2792 est.
1912 2756 1958 2791 Et
1990 2757 2051 2802 qui
2084 2758 2269 2795 maledicit

1208 2817 1365 2860 Christo,
1386 2822 1560 2862 tanquam
1579 2817 1635 2852 his
1654 2816 1821 2852 omnibus
1837 2816 2070 2861 maledicens,
2092 2824 2266 2864 perpetua

1208 2877 1440 2914 damnatione
1467 2877 1524 2913 vel
1541 2877 1794 2913 maledictione
1813 2878 2005 2914 damnatus
2029 2884 2096 2915 est.
2121 2879 2195 2926 Ego
2215 2886 2269 2916 ta-

1210 2948 1293 2974 men
1311 2943 1414 2984 puto,
1434 2938 1530 2984 quod
1551 2948 1623 2974 non
1647 2937 1762 2974 solum
1792 2937 1851 2974 ille
1884 2938 2079 2974 maledicat
2107 2939 2288 2983 Christo‚·

1210 2999 1272 3046 qui
1304 3009 1509 3035 sermonem
1527 2999 1718 3035 adversum
1748 3008 1830 3034 eum
1864 2999 2095 3036 maledictum
2115 2997 2305 3046 profert,.'¹

1211 3059 1274 3095 sed
1292 3065 1328 3095 et
1355 3058 1413 3095 ille
1430 3060 1493 3105 qui
1523 3060 1589 3096 sub
1618 3059 1765 3096 nomine
1792 3059 1998 3096 Christiano
2027 3061 2122 3096 male
2141 3062 2214 3109 agit
2234 3052 2291 3097 et*

1213 3120 1363 3166 turpiter
1393 3126 1643 3165 conversatur,
1662 3121 1720 3157 vel
1740 3121 1955 3164 inhonestis,
1978 3121 2035 3157 vel
2053 3122 2187 3164 verbis,
2210 3122 2268 3157 vel

1213 3182 1416 3218 actionibus
1433 3183 1522 3227 suis,
1551 3182 1638 3219 facit
1658 3194 1787 3220 nomen
1807 3184 1884 3229 eJus
1900 3185 2143 3230 blasphemari
2171 3185 2270 3221 inter

1213 3249 1351 3291 gentes.
1365 3243 1439 3288 Sic,
1455 3255 1475 3280 e
1490 3245 1685 3287 contrario,
1697 3255 1769 3280 non
1786 3245 1845 3279 ille
1862 3245 1923 3290 qui
1938 3244 2164 3280 sermonibus
2179 3245 2267 3282 solis

1212 3305 1403 3341 Dominum
1434 3305 1634 3347 benedicit,
1657 3305 1734 3349 ipse
1751 3304 1965 3340 benedicere
1994 3305 2174 3349 putandus
2194 3311 2266 3351 est,

1213 3366 1276 3402 sed
1294 3366 1355 3412 qui
1375 3366 1515 3402 actibus
1531 3370 1567 3400 ct
1582 3365 1655 3399 vita
1669 3369 1705 3399 ct
1718 3363 1877 3398 moribus
1892 3363 1968 3399 suis
1987 3363 2075 3399 facit
2091 3364 2137 3401 ab
2154 3366 2268 3402 omni-

1213 3427 1280 3463 bus
1301 3436 1431 3462 nomen
1454 3425 1594 3460 Domini
1612 3424 1787 3459 benedici.
1810 3424 1855 3459 Et
1874 3424 1909 3460 in
1930 3424 2010 3461 istis
2029 3426 2269 3474 complebitur

1213 3488 1310 3533 quod
1329 3487 1435 3522 tertia
1453 3485 1640 3531 prophetia
1661 3484 1806 3520 Balaam
1827 3485 2004 3533 designat,
2021 3488 2106 3534 quia
2122 3487 2270 3526 benedi-

1214 3553 1336 3583 centes
1354 3545 1497 3581 Christo
1511 3544 1782 3589 benedicentur,
1797 3551 1834 3583 et
1850 3547 2107 3585 maledicentes
2123 3550 2172 3594 ei,
2191 3561 2269 3587 ma—

1214 3606 1334 3643 ledicti
1353 3611 1472 3642 erunt.
1492 3605 1646 3652 Propter
1662 3607 1758 3653 quod
1771 3608 1988 3646 omnimodis
2002 3620 2206 3655 caveamus,
2222 3622 2270 3651 ne

1214 3678 1279 3714 per
1295 3675 1406 3713 opera
1426 3671 1462 3703 et
1483 3671 1584 3703 aetus
1602 3672 1746 3704 nostros
1775 3667 1910 3706 Christi
1938 3679 2071 3707 nomen
2102 3671 2268 3719 blasphe-

1215 3734 1347 3772 metur,
1365 3728 1428 3764 sed
1459 3727 1575 3774 magis
1608 3728 1645 3765 id
1679 3738 1843 3775 agamus,
1871 3729 1929 3767 vel
1955 3729 2269 3772 benedictionibus

1216 3791 1293 3838 eius
1307 3791 1501 3838 participes
1514 3801 1595 3830 esse
1612 3801 1833 3830 mereamur„
