2540 4016
3 298 5 309 ¹
35 290 49 295 '
104 290 160 325 ior
179 286 320 324 caeteris
342 285 411 330 iste
421 287 550 330 puteus
573 285 612 317 et
628 278 799 320 eximius,
818 276 864 312 de
880 284 952 320 quo
973 278 1010 310 et
1035 273 1074 311 in

93 350 186 388 senti
218 349 297 384 loco
328 346 516 392 Scriptura
541 342 645 386 dicit,
677 340 763 387 quia
789 338 958 376 foderunt
990 345 1074 371 eum

78 425 89 449 ι
119 413 325 458 quicunqne
356 416 568 449 communes
583 404 764 447 homines,
788 402 851 439 sed
875 398 1074 448 principes,

47 474 187 511 ;adhuc
204 473 333 508 horum
357 468 600 510 sublimiores,
630 475 721 512 quos
743 473 849 511 reges
869 459 1075 508 appellavit.

89 542 170 583 pter
183 535 280 581 quod
293 538 330 569 et
349 533 490 569 canitur
509 531 585 567 Deo
609 527 704 575 apud
718 528 816 564 hunc
827 523 995 562 eumdem
1010 531 1079 568 pu-

54 607 128 634 um.
161 595 216 631 Ad
247 595 356 631 istum
391 602 477 639 ergo
499 598 660 639 puteum,
694 594 735 626 ut
759 588 914 635 Moyses,
938 585 977 622 id
1008 588 1078 628 est,

52 669 77 696 x
95 667 162 694 nos
181 659 390 702 congreget,
410 664 480 690 non
514 652 651 688 frustra
663 650 808 687 videtur
828 648 978 684 dictum.
1011 644 1082 681 Po-

77 724 92 755 t
113 718 212 754 enim
225 717 304 753 fieri
328 721 368 751 ut
385 715 516 761 aliquis
534 714 581 749 ad
594 714 703 749 istum
723 716 874 758 puteum
890 706 1082 745 venit-outi-

87 783 171 815 tur:
198 777 262 814 sed
284 776 353 812 nisi
380 786 446 822 per
479 774 626 821 Moysen
648 776 902 818 congregetur,
935 777 1009 803 non
1027 771 1083 802 est

84 846 190 888 eptus
210 839 297 875 Deo.
319 837 479 873 Marcion
489 836 633 871 venisse
651 834 721 870 sibi
748 832 890 868 videtur
912 828 958 864 ad
972 828 1083 863 istum

45 909 184 947 meum,
202 908 239 939 et
257 899 433 937 Basilides
449 904 486 935 et
507 897 742 938 Valentinum
763 893 825 929 sed
838 891 924 937 quia
936 899 1009 925 non
1022 898 1084 924 ve-

45 968 152 1003 erunt
170 973 234 1011 per
249 962 409 1009 Moysen,
426 971 499 997 non
511 961 727 1003 receperunt
744 955 861 999 legem
878 958 915 987 et
930 949 1084 995 prophe-

59 1038 89 1070 s,
110 1036 183 1062 non
206 1027 358 1070 possunt
372 1021 520 1055 laudare
541 1017 732 1053 Dominum
751 1014 865 1048 Deum
899 1011 945 1046 de
975 1009 1084 1044 sonti-

44 1099 88 1126 us
114 1086 239 1123 Israel.
290 1083 369 1119 Non
384 1091 470 1127 ergo
489 1079 651 1120 veniunt,
685 1075 747 1122 qui
762 1071 967 1118 hujusmodi
985 1076 1082 1114 sunt,

43 1220 140 1259 eges.
184 1207 256 1244 Sed
282 1205 393 1242 vultis
411 1202 602 1240 ostendam
633 1198 737 1235 vobis
760 1197 805 1233 de
823 1193 1023 1240 Scripturis
1039 1193 1085 1228 ad

71 1282 113 1309 os
150 1270 210 1307 isti
244 1267 343 1316 putei
375 1263 558 1302 veniunt?
600 1261 664 1297 Est
684 1269 770 1306 crgo
789 1257 895 1293 vallis
921 1255 1087 1302 quaedam

48 1333 127 1376 visa,
145 1332 181 1367 in
201 1339 272 1377 qua
287 1327 381 1365 valle
395 1331 479 1364 sunt
496 1324 596 1371 putei
610 1320 812 1358 bituminis.
849 1317 983 1354 Omnes
1000 1326 1087 1363 ergo

50 1402 179 1430 aereses
211 1396 247 1426 et
276 1399 383 1426 omne
415 1391 607 1433 peccatum
630 1384 666 1418 in
693 1381 786 1416 valle
800 1385 869 1423 est,
889 1385 926 1414 et
943 1379 980 1414 in
996 1377 1089 1414 valle

37 1453 130 1490 alsa.
149 1453 345 1489 Peccatum
364 1449 461 1485 enim
478 1453 515 1483 et
537 1445 710 1490 iniquitas
727 1453 800 1478 non
828 1440 992 1477 ascendit
1010 1450 1090 1475 sur-

44 1525 122 1558 um,
143 1514 204 1550 sed
226 1520 368 1557 semper
385 1510 430 1545 ad
460 1508 532 1544 ima
551 1513 589 1542 et
621 1504 762 1540 inferna
797 1501 995 1539 descendit.
1026 1500 1092 1536 Est

34 1586 110 1624 argo
135 1576 171 1611 in
190 1574 282 1610 valle
302 1572 441 1619 positus
469 1575 505 1606 et
526 1568 643 1605 salsus
662 1572 771 1612 atque
791 1573 954 1606 amarus,
971 1560 1091 1598 omnis

16 1637 222 1676 triaereticus
232 1645 378 1678 sensus,
399 1639 436 1670 et
453 1632 571 1668 omnis
586 1635 689 1667 actus
698 1627 853 1675 peccati.
886 1626 978 1670 Quid
994 1625 1092 1660 enim

16 1699 143 1743 ntlulce,
159 1698 244 1746 quid
261 1707 371 1735 suave
388 1700 507 1742 potest
524 1694 659 1730 habere
678 1695 883 1739 peccatum.
927 1688 999 1724 Sed
1017 1697 1094 1722 am-

19 1760 120 1810 qssius
142 1758 416 1808 aliq1.idt1abet.
467 1758 505 1794 Si
525 1758 621 1793 enim
646 1755 792 1792 veneris
821 1753 866 1789 ad
882 1752 1093 1787 haereticam

19 1824 261 1867 sententiam,
285 1822 316 1859 si
331 1821 476 1858 veneris
493 1820 537 1856 ad
558 1817 838 1854 amaritudinem
862 1812 1016 1860 peccati,
1033 1821 1095 1847 ve-

18 1886 115 1923 misti
149 1886 194 1922 ad
222 1890 353 1932 puteos
379 1882 581 1919 bituminis.
623 1880 807 1920 Bitumen‚
825 1886 908 1913 esca
930 1880 966 1910 et
984 1873 1097 1909 nutri-

19 1953 192 1985 nnentum
213 1946 321 1993 ignis.
371 1944 409 1980 Si
431 1953 516 1990 ergo
532 1948 567 1978 et
584 1947 658 1977 tum
679 1929 881 1987 gustaveris
896 1945 1028 1981 aquam
1050 1934 1096 1969 de

22 2011 111 2049 sistis
131 2010 262 2059 puteis,
281 2008 312 2045 si
333 2006 530 2052 sumpseris
543 2003 754 2040 haereticum
775 2009 937 2042 sensum,
955 1998 985 2034 si
1010 2006 1095 2043 pec-

21 2133 204 2184 tgehennae
220 2130 387 2168 incendia
406 2128 635 2176 praeparahit.
673 2126 718 2161 Et
740 2128 933 2171 propterea
951 2122 995 2158 ad
1031 2130 1094 2156 eos

22 2195 96 2242 uqui
111 2194 239 2231 nolunt
258 2194 299 2229 de
321 2192 381 2227 illo
404 2196 513 2238 puteo
530 2198 660 2235 aquam
692 2186 831 2228 bibere,
859 2193 966 2230 quem
996 2182 1096 2229 pritz-

23 2257 134 2303 =cipes
151 2255 292 2292 fodiunt
310 2259 344 2290 et
360 2261 478 2299 reges,
513 2251 574 2287 sed
589 2261 631 2285 ex
655 2248 748 2290 istis,
776 2247 837 2293 qui
857 2246 893 2281 in
908 2244 1001 2281 valle
1015 2254 1097 2289 pec-

23 2318 107 2354 *cati
130 2320 227 2359 sunt,
244 2320 281 2351 et
300 2314 393 2361 ignis
408 2311 580 2348 materias
607 2310 720 2351 alunt,
750 2306 907 2343 dicitur:
940 2303 1098 2339 Incedite

22 2379 72 2415 tin
88 2376 218 2413 lumine
235 2375 325 2422 iynis
335 2373 450 2416 vestri,
463 2377 494 2407 et
507 2372 651 2418 flamma
660 2378 765 2415 quam
777 2366 870 2402 vobis
890 2363 1098 2400 accendistis

24 2439 127 2489 cusa.
146 2438 196 2486 L).
230 2436 324 2482 Quid
338 2445 425 2482 ergo
441 2433 586 2470 canitur
609 2430 702 2477 apud
718 2430 813 2465 hunc
832 2433 981 2473 puteum
997 2426 1012 2460 ‘t
1030 2424 1100 2459 lni-

25 2501 124 2538 ·tiate
137 2501 182 2542 ei,
204 2499 335 2544 inquit,
356 2501 516 2543 puteum.
573 2492 757 2528 Foderunt
785 2489 884 2524 illum
901 2486 1099 2533 principes,

25 2559 252 2599 ·exciderttnt
276 2568 357 2594 eum
377 2566 494 2602 reges.
522 2554 680 2589 Possunt
698 2550 844 2595 quidem
865 2547 1048 2592 principes
1065 2548 1103 2580 et

25 2625 142 2669 ‘reges
178 2620 274 2656 idem
310 2616 437 2653 videri.
478 2613 518 2650 Si
536 2622 624 2648 vero
662 2609 833 2655 distingui
864 2616 1013 2642 necesse
1031 2610 1101 2647 est,

38 2676 221 2733 'principes
236 2680 433 2727 prophetas
471 2673 727 2720 intelligamus,
758 2669 826 2715 ipsi
844 2667 941 2704 enim
958 2676 1103 2703 sensum

42 2747 78 2782 'et
100 2742 327 2791 prophetiam
346 2740 389 2776 de
412 2737 556 2774 Christo
577 2732 757 2771 defossam
772 2737 808 2766 et
826 2730 1042 2771 demersam,
1066 2728 1103 2763 in

41 2803 384 2854 protundo-litterae
416 2799 650 2836 collocarunt.
677 2794 770 2830 lstos
787 2801 875 2838 ergo
891 2800 1011 2838 reges,
1044 2788 1106 2835 qui

44 2872 121 2905 tam
138 2865 316 2914 profunda
333 2866 500 2911 possunt,
523 2865 558 2896 et
581 2864 654 2893 tam
676 2853 886 2892 abscondita
908 2851 1008 2899 putei
1022 2860 1107 2898 per-

47 2927 214 2970 scrutari,
227 2925 357 2962 merito
368 2921 549 2970 apostolos
559 2917 772 2959 dixerimus,
782 2925 826 2951 ex
835 2914 965 2961 quibus
976 2911 1106 2958 aliquis

43 3051 156 3088 ctum.
191 3049 344 3096 Spiritus
366 3046 457 3081 enim
477 3043 595 3079 onmia
615 3045 807 3082 scrutatur,
825 3037 931 3073 etiam
951 3035 1024 3071 alta
1044 3034 1110 3070 Dei

47 3112 87 3162 (Ι
101 3112 183 3149 Cor.
204 3109 261 3157 ιι).
281 3107 372 3152 Quia
398 3115 482 3152 ergo
500 3113 565 3149 per
580 3101 746 3148 spiritum
773 3103 926 3145 possunt
938 3105 1110 3143 perscru—

42 3167 121 3238 ’δίει-ἰ
146 3172 255 3210 etiam
285 3169 354 3216 ipsi
389 3167 462 3202 alta
479 3165 556 3209 Dei,
586 3168 624 3200 et
640 3162 713 3199 alta
731 3171 774 3197 ac
798 3158 979 3207 profunda
1012 3155 1111 3204 putei

49 3239 242 3286 penetrare
257 3227 441 3278 mysteria,
470 3226 606 3263 idcirco
627 3233 735 3270 reges
753 3231 834 3257 esse
850 3220 1032 3261 dicuntur,
1050 3217 1112 3264 qui

47 3293 200 3349 'puteum
214 3294 326 3331 istum
339 3291 448 3327 etiam
471 3288 508 3324 in
521 3291 626 3334 petra
654 3283 884 3326 exciderunt,
910 3291 953 3317 ac
971 3281 1060 3316 dura
1075 3283 1112 3315 et

50 3347 212 3404 ⁴difficilia
227 3353 387 3392 scientiae
420 3353 561 3387 secreta
578 3338 877 3395 penetraverunt.
918 3342 1022 3387 Quod
1043 3351 1110 3377 au·-

55 3424 132 3456 tem
157 3426 262 3469 reges
286 3414 358 3453 dici
385 3411 529 3461 possint
547 3409 659 3447 etiam
685 3406 852 3456 apostoli,
888 3409 978 3452 puto
1003 3413 1048 3440 ex
1070 3411 1114 3439 eo

51 3476 166 3539 'facile
178 3471 326 3533 probari
352 3483 474 3523 posse,
492 3472 591 3521 quod
617 3471 663 3508 de
681 3469 850 3507 omnibus
882 3464 1115 3503 credentibus

32 3560 34 3563 >
60 3540 221 3594 diffitur:
248 3536 318 3575 Vos
347 3541 464 3573 autem
496 3544 602 3583 genus
618 3531 748 3580 requie,
776 3527 1012 3566 sacerdotium
1035 3534 1114 3560 ma-

61 3611 186 3651 gnum,
209 3609 292 3654 oens
307 3590 429 3636 sancta
449 3595 484 3645 (Ι
503 3593 600 3632 Petr.
620 3593 678 3641 ιι).
723 3591 763 3629 Si
781 3600 866 3638 ergo
894 3588 974 3625 illos
993 3585 1117 3623 dicunt

52 3668 188 3716 reges,
205 3660 272 3711 qni
278 3669 345 3717 per
361 3658 515 3702 verbum
541 3657 703 3704 ipsorum
719 3652 963 3693 crediderunt,
981 3650 1117 3696 quanto

52 3721 184 3775 mgis
191 3718 263 3769 ipsi
268 3729 372 3777 reges
385 3716 544 3775 trahendi
560 3721 657 3762 sunt,
668 3714 731 3763 qui
744 3713 883 3752 faciunt
896 3709 1121 3758 reges‘tApo-

52 3780 154 3825 ‘stoli
175 3778 272 3821 enlm
286 3770 464 3828 pfae'ctpue
481 3775 588 3825 reges
603 3781 690 3816 sunt
707 3774 881 3825 gentium,
906 3772 968 3820 qui
997 3774 1122 3820 gentes

452 169 466 178 .
487 137 849 181 mammonas
872 136 919 175 {N
942 133 1122 178 mBRUu
1146 127 1462 187 NUROERQRUQ
1478 147 1531 167 —e
1551 127 1638 174 UB-
1663 127 1727 180 ψ,
1791 156 1794 159 .

114 228 183 264 bus
205 222 457 270 intelliguntur
472 224 511 258 et
538 217 720 256 sensibus.
766 214 834 251 Est
852 219 976 253 tamen
985 210 1076 247 emi·
1093 214 1128 254 A
1145 207 1192 245 ad
1210 205 1456 250 obedientiam
1471 202 1555 252 fidei
1574 207 1867 260 congregarunt„
1879 204 2067 250 actu-5321
2082 207 2202 256 §050³-

47 2989 207 3027 dicebat:
230 2986 342 3023 Nobis
353 2991 469 3021 autem
481 2980 642 3018 revelavit
652 2978 748 3014 Deus
761 2987 822 3024 per
836 2975 1009 3022 Spiritum
1025 2984 1109 3010 san·
1123 2962 1160 3002 D

2113 98 2210 195 us„-

1144 269 1232 305 tiam
1253 267 1422 315 omnibus
1453 262 1734 315 patefecerunt,
1762 261 1803 297 in
1877 271 1900 297 o
1927 269 2010 311 sunt
2038 267 2202 311 thr-,saun

1143 327 1331 375 sapientiae
1343 331 1382 364 et
1398 323 1562 374 scientiae
1580 319 1796 371 absconditi.
1822 271 1874 357 ἓῗ
1885 321 2005 358 omnis
2018 312 2205 371 Sci-immi

1144 388 1237 436 legis
1251 391 1287 424 et
1305 386 1578 434 prophetarum),
1605 379 1815 429 evangelica
1837 388 1981 430 qnoque
1995 385 2104 433 atque
2121 370 2208 429 apo‘-

1145 449 1276 488 stolica
1296 447 1434 494 scripta
1442 444 1551 494 simul
1566 442 1688 490 omnia
1709 450 1805 491 unus
1835 444 1892 491 est
1915 445 2074 497 puteum
2101 436 2227 488 quem'

1146 522 1219 551 non
1235 514 1396 558 possunt·
1407 508 1531 549 fodere
1548 514 1669 552 neque
1685 502 1870 555 excidere,
1891 500 1964 554 nisi
1979 501 2212 539 inveniantur

1146 582 1252 621 reges
1270 576 1309 615 et
1331 569 1529 618 principes.
1560 565 1657 607 Vere
1674 563 1774 612 enim
1792 571 1900 614 reges
1933 566 1971 598 et
1983 570 2070 599 vere
2078 561 2215 611 princi-

1147 645 1214 683 pes
1231 632 1388 672 habendi
1420 634 1518 680 sunt,
1555 627 1619 676 qui
1649 629 1804 673 possunt
1837 622 1983 674 auferre
2013 627 2151 660 terram
2170 623 2216 660 de

1149 702 1261 744 puteo
1275 695 1356 737 hoc,
1385 697 1422 729 et
1439 699 1609 728 amovere
1618 698 1727 736 super
1743 685 1875 724 faciem
1891 684 2036 730 litterae,
2055 683 2144 720 etde
2159 683 2216 720 in-

1150 758 1287 795 teriore
1302 760 1420 803 petra,
1440 753 1504 791 ubi
1525 751 1692 789 Christus
1710 754 1779 793 est,
1800 746 1985 795 spiritales
2010 754 2140 782 sensus
2155 753 2217 781 ve-

1150 819 1206 856 lut
1223 829 1355 866 aquam
1370 817 1491 854 vivam
1508 813 1685 862 proferre.
1718 811 1796 848 Hoc
1813 820 1900 858 ergo
1922 809 2027 846 decet
2041 817 2105 845 eos
2119 805 2217 845 solos

1151 880 1286 924 facere,
1313 879 1376 926 qui
1397 877 1455 914 vel
1479 885 1584 923 reges
1601 879 1686 911 sunt
1707 871 1766 910 vel
1792 870 1987 919 principes.
2025 868 2144 915 Reges
2178 870 2218 902 et

1153 951 1198 977 ex
1215 951 1258 977 eo
1278 942 1387 985 dicto,
1411 939 1505 985 quod
1524 935 1664 984 peccati
1679 931 1830 981 reguum
1846 932 1890 968 de
1904 939 2055 977 corpore
2072 937 2138 966 suo
2156 937 2219 964 ex-

1151 1001 1326 1048 pulerint,
1346 1005 1383 1035 et
1394 998 1547 1045 justitiae
1574 1005 1726 1042 regnum
1749 992 1960 1040 paraverint
1982 991 2020 1026 in
2042 988 2217 1027 membris

1153 1072 1243 1099 suls.

43 1150 67 1190 ‘1
83 1153 232 1196 puteum
255 1154 363 1192 quem
391 1141 562 1179 f0d01'um
583 1137 765 1185 Pl'inffipes
790 1140 827 1170 θῑ
859 1133 1085 1170 exendffl'um
1104 1144 1136 1183 Β
1202 1137 1467 1180 Desolitudiue,
1483 1136 1520 1172 in
1539 1133 1711 1170 ΜαιΙιαηα
1729 1142 1740 1168 .·
1762 1131 1805 1166 de
1825 1129 2011 1171 Maeliana,
2035 1128 2071 1163 N
2075 1127 2218 1163 ahaliel.

1156 1201 1209 1237 De
1239 1198 1407 1237 Nalmliel
1442 1199 1480 1234 in
1514 1194 1680 1237 Gamoth,
1717 1203 1795 1240 quae
1821 1189 1923 1227 vallis
1953 1195 2001 1225 est
2029 1189 2067 1224 in
2085 1188 2223 1234 regione

1157 1261 1264 1297 Moab
1285 1261 1320 1296 in
1339 1259 1463 1295 vertice
1478 1255 1642 1292 Phasclta
1660 1265 1671 1289 .·
1690 1252 1782 1300 quod
1803 1251 1942 1297 respicit
1962 1254 2087 1284 contra
2105 1248 2223 1285 deser-

1157 1327 1245 1358 tum.
1283 1320 1448 1355 Postbaec
1478 1323 1516 1354 et
1550 1327 1570 1352 a
1601 1321 1725 1362 puteo,
1746 1312 1877 1358 inquit,
1896 1309 2050 1357 profecti
2070 1314 2155 1346 sunt
2185 1309 2221 1344 in

1157 1382 1347 1423 Mathana;
1389 1384 1426 1415 et
1454 1377 1622 1413 Matbana
1640 1376 1677 1410 in
1704 1372 1895 1415 Nabaliel;
1926 1374 1965 1406 et.
1989 1369 2034 1406 de
2061 1368 2223 1405 Nabaliel

1158 1445 1194 1480 in
1215 1443 1367 1478 Bamoth
1385 1452 1394 1484 ;
1415 1446 1449 1477 et
1469 1450 1487 1475 a
1506 1437 1673 1480 Bamoth‚
1707 1445 1786 1482 quae
1810 1438 1866 1470 est
1894 1432 1931 1469 in
1957 1441 2086 1478 campo
2101 1430 2222 1473 Moab,

1159 1506 1197 1541 in
1218 1515 1346 1540 nemus
1373 1514 1393 1539 a
1424 1501 1561 1538 vertice
1577 1499 1712 1535 montis
1730 1496 1830 1539 caesi,
1859 1495 1921 1542 qui
1941 1493 2091 1540 respicit
2108 1492 2154 1528 ad
2170 1492 2225 1527 fa-

1160 1567 1252 1603 ciem
1269 1565 1416 1602 deserti.
1451 1562 1605 1598 Nomina
1637 1561 1714 1596 haec
1741 1569 1821 1605 quae
1863 1556 2030 1592 videntur
2061 1554 2224 1590 locorum

1160 1636 1241 1664 csse
1270 1625 1458 1668 vocabula,
1483 1629 1520 1660 et
1552 1621 1815 1669 significantias
1834 1628 1919 1654 suas
1937 1618 1975 1652 in
2000 1616 2123 1662 lingua
2140 1624 2226 1660 pro-

1160 1687 1239 1734 pria
1258 1686 1462 1733 designant,
1480 1694 1600 1720 rerum
1616 1681 1732 1728 magis
1749 1679 1984 1727 mysticarum
2003 1684 2228 1720 consequen-

1162 1749 1251 1785 tiam
1288 1758 1398 1795 quam
1441 1745 1700 1783 vocabulorum
1744 1740 2023 1788 appellationem
2058 1737 2228 1774 videntur

1162 1810 1368 1846 ostendere.
1390 1807 1550 1845 Profecti
1568 1806 1679 1847 enim,
1715 1802 1847 1848 inquit,
1882 1812 1903 1837 a
1926 1805 2050 1847 puteo,
2076 1797 2228 1835 veniunt

1164 1872 1202 1907 in
1223 1871 1408 1907 Mathana.
1446 1870 1710 1914 Interpretatur
1731 1871 1853 1901 autem
1882 1863 2053 1899 Matbana
2080 1870 2227 1896 munera

1163 1933 1333 1978 ipsorum.
1371 1930 1480 1966 Vides
1507 1938 1607 1975 ergo,
1627 1926 1712 1972 quia
1732 1925 1762 1961 si
1793 1923 1874 1970 quis
1894 1923 1938 1960 de
1964 1928 2074 1969 puteo
2091 1922 2161 1958 hoe
2174 1919 2230 1956 bi-

1163 1994 1259 2030 berit
1281 2003 1388 2039 quem
1418 1992 1587 2027 foderunt
1607 1998 1712 2035 reges
1730 1993 1765 2023 et
1792 1985 1988 2033 principes,
2003 1984 2127 2020 statim
2146 1992 2230 2029 pro-

19 2064 102 2111 ‹cati
121 2070 399 2109 amaritudinem
420 2067 588 2114 coeperis,
627 2064 788 2100 fomenta
824 2062 913 2097 inte
945 2060 1038 2106 ignis
1056 2063 1094 2094 et
1111 2055 1140 2098 C
1163 2058 1239 2094 ficit
1281 2057 1325 2092 ad
1354 2056 1436 2097 hoc,
1456 2059 1496 2090 ut
1523 2053 1655 2089 habeat
1682 2058 1832 2086 munera
1865 2057 1945 2093 quae
1972 2045 2105 2081 offerat
2139 2044 2228 2080 Deo.

1165 2119 1259 2164 Quid
1273 2124 1394 2154 autem
1411 2122 1480 2159 est,
1514 2115 1609 2160 quod
1630 2114 1739 2148 homo
1754 2110 1883 2147 offerat
1906 2109 1979 2144 Deo
1993 2108 2009 2143 ἲ
2021 2107 2098 2143 Hoc
2112 2106 2231 2152 ipsum

1164 2183 1260 2230 quod
1279 2183 1314 2218 in
1343 2181 1421 2227 lege
1450 2179 1624 2224 scriptum
1641 2182 1716 2213 est:
1749 2174 1900 2210 Munera
1926 2183 2002 2208 mea
2035 2171 2120 2206 data
2138 2180 2229 2205 mea.

1165 2244 1210 2280 Et
1227 2243 1283 2279 his
1300 2252 1386 2289 ergo
1403 2252 1483 2287 quse
1505 2239 1603 2275 dedit
1620 2239 1728 2280 Deus,
1748 2235 1904 2272 offerunt
1920 2230 2228 2268 nihilominusho-

1166 2306 1284 2342 mines
1308 2303 1395 2338 Deo.
1430 2301 1523 2345 Quid
1541 2300 1640 2335 dedit
1664 2299 1762 2333 Deus
1780 2294 1950 2331 homini?
1999 2291 2231 2338 Agnitionem

1169 2366 1238 2402 sui.
1278 2362 1370 2407 Quid
1403 2363 1513 2397 homo
1530 2359 1637 2396 offert
1659 2358 1764 2393 Deo?
1813 2355 1938 2390 Fidem
1967 2363 2070 2388 suam
2096 2356 2132 2386 et
2145 2349 2230 2385 effe-

1169 2432 1280 2467 ctum,
1299 2424 1368 2459 hoc
1383 2423 1479 2467 quod
1496 2421 1633 2467 expetit
1650 2421 1694 2453 ab
1716 2417 1862 2453 homine
1881 2416 1989 2451 Deus.
2020 2411 2232 2448 AMathana

1171 2493 1289 2522 autem
1308 2483 1474 2519 venimus
1501 2481 1537 2516 in
1568 2477 1744 2520 Nahaliel,
1770 2475 1866 2521 quod
1894 2475 2151 2519 interpretatur
2186 2481 2231 2506 ex

1171 2549 1259 2584 Deo.
1296 2545 1388 2589 Quid
1418 2548 1472 2579 est
1505 2552 1548 2577 ex
1570 2540 1666 2577 Deo?
1695 2539 1825 2575 Postea
1854 2547 1962 2582 quam
1992 2534 2233 2572 obtulerimus

1171 2619 1251 2649 nos,
1287 2616 1367 2652 quae
1390 2613 1434 2640 ex
1455 2603 1561 2639 nobis
1586 2606 1683 2643 sunt,
1717 2599 1881 2635 venimus
1901 2597 1946 2632 ad
1962 2596 2031 2632 hoc
2048 2600 2088 2631 ut
2106 2603 2235 2631 conse-

1173 2678 1328 2716 quamur
1364 2677 1406 2703 ea
1429 2675 1509 2712 quae
1525 2673 1570 2698 ex
1595 2663 1670 2698 Deo
1684 2665 1781 2698 sunt.
1818 2659 1909 2696 Cum
1926 2657 2024 2694 enim
2042 2657 2151 2692 fidem
2171 2666 2235 2691 no-

1171 2735 1286 2767 stram
1306 2733 1342 2763 ct
1362 2726 1528 2762 affectum
1546 2722 1783 2760 obtulerimus
1801 2720 1849 2762 ei,
1869 2725 1955 2754 tunc
1979 2724 2016 2754 et
2034 2717 2111 2763 ipse
2128 2716 2235 2763 largi-

1174 2795 1235 2827 tur
1257 2789 1360 2825 nobis
1375 2788 1518 2824 diversa
1543 2785 1636 2820 dona
1659 2782 1817 2828 Spiritus
1837 2779 1951 2816 sancti
1966 2780 2011 2815 de
2033 2778 2164 2824 quibus
2182 2777 2236 2812 di-

1176 2853 1226 2890 cit
1241 2850 1436 2898 Apostolus
1455 2861 1463 2884 ε
1486 2847 1614 2884 Omnia
1634 2851 1747 2881 autem
1768 2843 1897 2880 exDeo
1913 2847 1992 2878 sunt
2008 2841 2044 2889 (1
2062 2839 2145 2876 Cor.
2163 2838 2234 2885 ιιι).

1175 2915 1221 2950 Et
1233 2924 1253 2949 a
1270 2911 1432 2948 Nahaliel
1448 2909 1613 2946 venimus
1632 2908 1667 2943 in
1682 2905 1848 2949 Bamoth‚
1864 2904 1958 2950 quod
1978 2904 2238 2948 interpretatur

1179 2974 1346 3010 adventus
1370 2971 1507 3007 mortis.
1549 2968 1658 3015 Cujus
1677 2967 1806 3004 mortis
1830 2966 1892 3002 hic
1915 2964 2150 3011 intelligimus
2179 2963 2238 2999 ad-

1178 3040 1340 3078 ventum,
1376 3032 1447 3068 nisi
1464 3031 1577 3074 illius,
1613 3028 1837 3075 quiChristo
1862 3025 2108 3070 commoritur,
2139 3027 2239 3060 utet

1180 3094 1415 3132 convivamus
1444 3092 1493 3135 ei,
1527 3101 1596 3136 qua
1618 3090 1791 3126 debemus
1826 3085 2044 3122 mortificare
2075 3084 2238 3120 membra

1178 3162 1318 3199 nostra,
1349 3165 1430 3200 quae
1449 3157 1534 3190 sunt
1556 3162 1664 3198 super
1691 3147 1854 3186 terram?
1880 3147 1924 3181 Et
1942 3146 2074 3182 iterum
2095 3155 2103 3178 ε
2145 3142 2238 3178 Con·

1180 3218 1306 3266 sepulti
1321 3227 1441 3252 sumus
1457 3215 1548 3250 enim
1562 3213 1616 3248 illi
1634 3221 1693 3257 per
1712 3208 1919 3253 baptismum
1933 3207 1970 3240 in
1987 3210 2131 3239 mortem
2151 3200 2237 3248 (Co-

1182 3280 1266 3316 loss.
1279 3278 1335 3326 ιι).
1369 3278 1408 3314 Si
1432 3277 1513 3323 quis
1530 3284 1615 3321 ergo
1631 3269 1801 3308 salutaris
1835 3266 1943 3312 hujus
1967 3265 2050 3300 vitae
2069 3264 2235 3300 ordinem

1183 3344 1295 3382 tenet,
1312 3348 1379 3385 per
1394 3337 1472 3372 haec
1487 3343 1567 3381 quae
1597 3328 1876 3368 memoravimus
1906 3326 1956 3362 ita
1991 3333 2100 3372 agere
2115 3325 2237 3369 debet,

1179 3406 1221 3438 ⁴et
1239 3399 1366 3439 venire
1383 3401 1465 3443 post
1493 3393 1605 3429 multa
1623 3391 1668 3427 ad
1683 3390 1778 3425 hunc
1803 3387 1935 3429 locum,
1955 3395 2064 3432 quem
2080 3385 2238 3422 diximus

1185 3460 1390 3507 significare
1403 3455 1531 3493 mortis
1545 3453 1750 3490 adventum.
1780 3448 1825 3484 Et
1854 3457 1900 3484 ex
1920 3446 2086 3491 Bamoth‚
2105 3446 2236 3493 inquit,

1186 3523 1223 3559 in
1239 3528 1382 3562 nemus,
1399 3515 1496 3563 quod
1505 3518 1561 3551 est
1573 3513 1610 3550 in
1624 3519 1752 3556 campo
1768 3507 1886 3553 Moab,
1908 3515 1934 3544 ι
1948 3507 2088 3544 vertice
2105 3507 2239 3543 montis

1188 3582 1286 3624 caesi,
1318 3579 1379 3625 qui
1395 3575 1544 3622 respicit
1567 3573 1612 3609 ad
1626 3572 1819 3608 desertum.
1859 3566 1900 3604 Bi
1934 3568 2004 3605 boc
2039 3567 2169 3606 ttinere
2186 3567 2239 3602 in-

1189 3644 1372 3683 cedamus,
1390 3645 1462 3683 quo
1469 3643 1542 3671 non
1560 3638 1634 3669 tam
1647 3631 1808 3668 locorum
1820 3626 2019 3671 vocabulis,
2041 3635 2151 3672 quam
2163 3624 2240 3661 ani-

1189 3714 1258 3742 mae
1281 3698 1501 3750 profectibus
1525 3698 1693 3732 constare
1726 3690 1820 3728 ratio
1846 3686 2111 3736 explanationis
2140 3695 2241 3724 asse-

1191 3765 1278 3809 ruit,
1313 3765 1395 3811 post
1413 3756 1536 3797 omnia
1560 3754 1632 3794 ista
1647 3751 1812 3791 vertimus
1825 3749 1871 3790 ad
1893 3757 2037 3795 nemus,
2054 3747 2135 3787 sive
2149 3746 2238 3786 utin
