2540 4016
103 125 150 165 69
740 83 1074 157 coimmunis
1098 113 1144 149 IN
1170 113 1380 152 EXODUM.
1406 136 1454 144 —
1477 117 1564 154 ΠΒ.
1592 118 1636 156 11.
2222 129 2269 168 70

30 165 233 246 “viores,
246 202 282 239 in
293 201 445 239 avaritIa
454 198 632 242 tetriores,
641 194 679 232 in
690 189 1147 240 impietatessagitiosier-es,
1168 187 1203 228 A
1219 189 1450 236 que'sulfuris
1477 192 1695 240 condignum
1711 197 1853 235 meritis
1881 210 2008 240 eorum
2035 203 2269 256 impenditur,

100 265 193 303 scito
212 265 279 301 hos
294 264 338 300 de
356 260 539 309 quadrigis
561 267 642 294 osse
658 253 858 292 thouis
878 265 887 289 ε
917 253 1006 299 ipsis
1021 251 1122 288 sedet
1138 277 1148 294 ,

101 326 200 372 ipsos
217 324 341 361 currui
353 331 420 359 suo
426 317 622 364 fflmgit,
630 317 669 353 in
683 315 773 363 ipsis
786 315 902 352 fertur
914 320 951 351 et
962 313 1105 356 volitat,
1113 318 1151 350 et

100 390 246 431 apertos
254 383 580 425 soetemncampos
589 376 712 414 effusis
721 386 783 413 eos
799 375 874 422 agit
881 374 1046 411 habenis.
1058 373 1150 410 Sunt

100 446 160 483 alii
177 445 282 482 electi
295 449 518 482 ascensores,
535 437 640 475 eiecti
655 437 737 475 sine
750 437 859 474 dubio
885 437 933 473 ad
957 435 1147 473 malitiam.

102 506 174 543 Sed
189 505 265 551 jtam
282 502 327 539 de
343 499 596 537 ascensoribus
612 507 721 544 supra
734 497 902 540 diximus,
923 506 1022 533 nune
1038 495 1149 533 etiam

100 566 161 612 qui
185 564 257 602 sint
290 561 385 598 terni
422 565 577 596 statores
611 558 811 595 videamus.
853 557 940 593 Mihi
979 556 1150 592 videntur

99 622 195 662 terni
210 626 364 660 statores
375 630 445 667 pro
457 629 503 655 eo
519 619 591 656 dici
607 619 704 665 quod
721 618 852 664 triplex
867 622 923 655 est
941 616 1148 653 hominibus

97 682 267 732 peccandi
281 682 352 717 via.
368 680 442 716 Aut
459 680 556 716 enim
574 680 612 716 in
631 679 728 716 sacto
744 707 753 722 ,
784 684 847 715 aut
870 679 906 714 in
932 679 1029 714 dicto
1047 705 1058 722 ,
1087 682 1150 714 aut

97 745 135 784 iu
143 742 359 790 cogitatione
372 746 555 788 peccatur,
575 745 611 777 et
624 740 705 776 ideo
721 739 815 776 terni
827 743 981 775 statores
997 748 1061 785 per
1075 738 1148 774 sin-

97 804 198 853 gulos
214 812 376 850 quosque
393 802 564 838 dicuntur
577 801 638 847 qui
669 806 742 837 tres
776 800 865 836 istas
891 800 927 835 in
945 799 1050 835 nohis
1066 808 1148 844 pec-

95 865 201 903 candi
228 864 416 900 obsideant
446 862 544 906 vias;
565 867 602 898 et
625 860 853 907 speculentur
880 870 1023 905 semper
1040 866 1147 904 atque

95 925 236 963 insidiis
254 930 376 971 agant,
400 928 439 960 ut
461 929 520 959 aut
536 923 595 958 ilie
621 932 665 957 ex
685 922 819 957 misero
837 920 983 955 homine
1010 929 1148 956 sermo-

95 997 179 1023 nem
191 986 324 1022 malum
337 984 468 1025 eliciat,
484 987 545 1017 aut
558 982 615 1016 ille
632 981 796 1027 iniquum
812 989 902 1025 opus
917 983 1143 1026 extorqueat,

96 1051 159 1083 aut
178 1046 238 1082 ille
264 1044 516 1091 cogitationem
540 1041 733 1088 pessimam
753 1041 882 1087 rapiat.
915 1040 1076 1085 Denique
1109 1044 1146 1075 et

93 1116 210 1142 semen
225 1104 315 1141 verbi
334 1103 413 1146 Dei,
425 1102 633 1138 ubicaditet
648 1101 803 1146 deperit,
821 1100 949 1146 triplex
970 1099 1146 1136 deseribi-
1165 1094 1197 1133 B

94 1171 153 1202 tur
161 1165 382 1201 locuszunus
399 1173 496 1199 secus
506 1164 595 1198 viam
613 1161 780 1205 refertur,
792 1162 851 1207 qui
863 1160 1088 1196 conculcatur
1103 1160 1145 1195 ab

93 1224 302 1268 hominibus,
313 1223 406 1260 alius
420 1224 456 1259 in
473 1223 596 1270 spinis,
610 1222 701 1258 alius
711 1222 990 1268 inpeti·osis‚ete
1001 1226 1145 1257 contra-

94 1285 148 1321 rio
161 1291 254 1321 terra
265 1285 354 1320 bona
368 1284 494 1329 offerre
507 1283 636 1318 dicitur
650 1281 819 1327 triplicem
831 1281 848 1326 s
848 1289 998 1325 ructum,
1009 1281 1060 1317 vel
1069 1292 1148 1317 cett-

92 1345 266 1387 tesimum,
282 1343 331 1379 vel
347 1338 614 1389 sexaqes'imum,
632 1341 681 1376 vel
694 1341 907 1376 tricesimum
920 1339 971 1387 (M
975 1340 1063 1375 attii.
1079 1339 1144 1387 lv).

92 1404 155 1440 Isti
174 1414 259 1450 ergo
278 1403 373 1439 terni
389 1407 545 1438 statores
560 1407 644 1438 sunt
662 1401 779 1448 angeli
801 1410 955 1446 nequam
979 1400 1023 1436 de
1047 1410 1149 1436 exer-

94 1467 168 1502 citu
198 1465 410 1508 Pharaonis,
441 1465 502 1510 qui
532 1469 627 1500 stant
642 1463 678 1498 in
704 1462 951 1508 hujuscemodi
975 1462 1057 1505 viis,
1080 1462 1146 1497 ob-

94 1531 279 1563 servantes
310 1534 602 1571 unumquemque
627 1529 791 1560 nostrum
809 1533 873 1568 per
890 1523 968 1558 haec
986 1531 1092 1567 agere
1111 1521 1147 1556 in

94 1591 303 1633 peecatum:
321 1595 410 1631 quos
424 1584 786 1630 demergetDominus
800 1584 836 1617 in
852 1592 952 1617 mare
967 1582 1144 1624 Rubrum,

94 1651 132 1682 et
159 1645 281 1692 ignitis
311 1654 373 1680 eos
391 1644 428 1680 in
444 1643 568 1689 judicii
597 1644 654 1679 die
672 1642 840 1678 fluctibus
864 1643 995 1688 tradet,
1015 1653 1058 1678 ac
1073 1652 1148 1688 poe-

94 1718 222 1744 narum
240 1707 366 1754 pelago
386 1710 492 1753 teget.
520 1705 645 1751 Abyssi
679 1710 889 1750 operuerunt
911 1715 982 1739 eos.
1015 1704 1146 1750 Abyssi

94 1768 219 1814 utique
247 1768 298 1803 illi
322 1767 366 1802 de
386 1766 516 1811 quihus
533 1765 570 1800 in
589 1763 676 1807 Job,
692 1764 752 1799 ubi
776 1765 819 1800 de
836 1764 1045 1800 Leviatham
1063 1774 1147 1800 nar-

94 1835 196 1865 ratur
213 1829 387 1874 scriptum
411 1832 467 1863 est
484 1839 492 1862 ε
510 1826 713 1862 AEstimavit
736 1827 899 1871 abyssum
922 1827 1024 1871 quasi
1050 1837 1147 1861 sene-

93 1897 254 1926 scentem.
288 1889 334 1924 Et
352 1889 389 1924 in
411 1887 606 1934 Evangelio·
621 1887 796 1934 rogabant
823 1887 1003 1923 daemones
1023 1887 1146 1924 Jesum

93 1959 140 1986 ne
159 1949 350 1995 imperaret
366 1948 435 1983 illis
452 1953 492 1983 ut
514 1948 549 1983 in
567 1948 741 1994 abyssum
756 1948 863 1984 irent.
885 1947 1144 1983 Descenderam

1218 250 1287 287 suh
1306 260 1378 296 quo
1399 251 1557 289 demersi
1574 260 1723 300 genunt
1750 257 1788 292 in
1811 266 2038 305 perpetuum.
2078 266 2150 304 Sed
2183 268 2270 316 (ph

1218 311 1296 349 haee
1313 321 1420 357 poena
1435 313 1480 348 ad
1492 313 1673 360 integrum
1690 315 1730 352 'n
1745 316 1943 355 novissimo
1956 324 2120 361 examine
2130 329 2270 377 persp}-

1217 372 1334 408 venda
1351 373 1434 416 erit,
1450 373 1596 410 ethera
1622 375 1790 412 vindicta
1818 378 1936 415 adhuc
1963 381 2176 428 protelatur,
2200 387 2268 426 ho-

1217 432 1334 469 stibus
1362 433 1537 470 videntur
1563 436 1792 472 occasionem
1820 439 2062 484 persequendi
2082 441 2267 483 tribuere:

1216 492 1278 538 qui
1293 492 1467 538 patientia
1482 494 1550 532 Dei
1563 496 1777 540 abutuntur,
1789 497 2075 542 thesaurizantes
2092 501 2167 537 sibi
2180 502 2270 540 iram

1215 553 1254 590 in
1273 553 1331 588 die
1353 553 1418 590 irae
1444 559 1495 591 et.
1503 555 1735 594 revelationis
1745 554 1837 602 insti
1850 558 1980 605 judicii
1993 559 2072 604 nei,
2091 570 2175 598 cum
2195 562 2272 610 ipse

1218 620 1338 653 tamen
1360 617 1563 653 certissime
1592 619 1715 655 veniet
1732 620 1868 656 sanctis
1898 621 1979 657 suis
1999 622 2157 660 tesidere.
2178 633 2273 670 prae-

1216 677 1288 713 mia
1323 682 1469 714 aeternae
1499 679 1731 716 beatitudinis
1760 685 1798 717 et
1828 681 2047 723 adversariis
2075 682 2151 719 suis
2185 684 2273 721 dare

1214 738 1410 775 vindictam
1438 739 1476 774 in
1505 738 1650 775 flamma
1681 740 1788 786 ignis.
1824 740 1927 778 Unde
1948 742 2141 788 sequitur:
2163 741 2269 779 Stetit

1215 800 1312 835 unda
1327 801 1455 846 fluens,
1475 807 1693 847 conyreqatae
1716 807 1798 837 sunt
1819 801 1936 849 abyssi
1952 803 1992 839 in
2020 803 2136 840 medio
2163 805 2271 840 mari.

1215 922 1349 968 spolia,
1375 923 1574 969 implebitur
1598 925 1718 960 anima
1758 935 1849 960 mea.
1883 925 2086 972 Evaqinabo
2115 925 2273 972 yladium

1214 994 1340 1024 meum,
1360 984 1545 1028 interficiet
1562 996 1622 1020 eos
1639 996 1763 1021 manus
1781 996 1874 1021 ntea.
1895 985 2014 1022 Flavii
2030 988 2175 1034 spiritus
2191 997 2272 1025 tuus

1214 1050 1246 1080 et
1265 1044 1400 1090 operuit
1425 1055 1482 1079 eos
1502 1055 1598 1079 utare
1611 1054 1623 1078 .·
1638 1045 1810 1081 submersa
1828 1053 1910 1082 sunt
1923 1049 2025 1094 quasi
2037 1049 2217 1095 plumbum
2234 1050 2273 1087 in

1216 1105 1315 1151 aquis
1334 1103 1602 1140 vehementibus.
1631 1105 1703 1151 (Ex
1717 1105 1950 1152 Auqustino.)
1965 1107 2094 1145 Misisti
2111 1111 2273 1155 spiritum

1215 1170 1336 1207 tuum,
1354 1170 1386 1199 et
1409 1164 1585 1210 cooperuit
1606 1175 1664 1199 eos
1687 1175 1798 1200 mare.
1819 1165 1912 1202 Ecce
1931 1167 2059 1211 quinto
2077 1167 2155 1213 jam
2171 1179 2272 1204 com-

1214 1231 1438 1262 memoratur
1467 1225 1614 1270 spiritus
1633 1226 1708 1267 Dei,
1731 1232 1772 1261 ut
1792 1226 1828 1261 in
1849 1226 1920 1263 hoc
1938 1238 2088 1264 numero
2118 1229 2275 1275 accipia-

1213 1296 1295 1322 mus
1311 1287 1407 1332 quod
1419 1287 1556 1322 dictum
1566 1291 1622 1322 est
1637 1297 1646 1322 :
1662 1286 1802 1334 Diyitus
1817 1287 1883 1322 Dei
1893 1293 1942 1322 est
1956 1288 2013 1323 liic
2028 1287 2160 1334 (Exeo.
2175 1289 2272 1336 vui).

1214 1346 1337 1382 Primo
1353 1347 1414 1383 ubi
1442 1347 1616 1393 scriptum
1636 1352 1704 1390 est,
1726 1347 1870 1392 spiritus
1887 1347 1956 1383 Dei
1971 1348 2149 1394 ferebatur
2170 1360 2275 1396 super

1216 1418 1324 1453 aquas
1345 1405 1446 1453 (Gen.
1466 1407 1508 1454 1).
1532 1407 1712 1451 Secundo,
1722 1408 1781 1443 ubi
1798 1408 1946 1451 dicitur,
1959 1420 2030 1445 non
2055 1411 2273 1455 permanebit

1215 1469 1338 1502 inistis
1353 1467 1550 1503 hominibus
1571 1469 1715 1514 spiritus
1730 1479 1841 1512 meus,
1856 1469 2022 1515 quoniam
2038 1481 2160 1507 carnes
2174 1477 2271 1507 sunt.

1217 1528 1339 1564 Tertio
1360 1529 1421 1564 ubi
1449 1529 1589 1564 Pharao
1608 1530 1696 1564 dicit
1718 1530 1763 1565 ad
1781 1529 1928 1575 Joseph,
1945 1532 2114 1576 quoniam
2128 1533 2273 1579 spiritus

1215 1588 1282 1623 Dei
1298 1594 1347 1624 est
1363 1589 1400 1624 in
1420 1595 1452 1624 te
1473 1588 1574 1636 (Gen.
1595 1589 1802 1636 vi).Quarto
1823 1591 1885 1627 ubi
1900 1591 2146 1629 incantatores
2164 1593 2274 1641 AEgy-

1214 1648 1372 1693 pticrum
1404 1648 1527 1683 dicunt
1546 1661 1554 1683 :
1573 1648 1711 1695 Diglitus
1732 1649 1799 1685 Dei
1828 1656 1878 1685 est
1898 1651 1970 1686 hic.
1997 1651 2130 1695 Quinto
2150 1653 2188 1689 in
2206 1654 2274 1690 hoc

1215 1709 1376 1745 cantico:
1391 1708 1522 1744 Misisti
1538 1710 1701 1755 spiritum
1721 1715 1834 1752 tuum,
1850 1716 1881 1745 et
1897 1711 2075 1756 cooperuit
2088 1723 2146 1748 eos
2165 1713 2270 1748 mari.

1216 1769 1421 1806 Memineris
1437 1774 1557 1805 autem
1574 1770 1741 1814 spiritum
1768 1771 1832 1806 Dei
1853 1781 1926 1807 non
1947 1771 2067 1807 solum
2093 1773 2140 1810 ad
2161 1774 2274 1810 bene-

1215 1830 1309 1874 ficia,
1329 1839 1455 1866 verum
1473 1829 1582 1872 etiam
1599 1830 1643 1865 ad
1662 1829 1859 1866 vindictam
1872 1833 2161 1868 commemorari.
2182 1832 2274 1869 Nam

1216 1892 1304 1938 quid
1326 1891 1422 1926 aliud
1443 1890 1550 1926 etiam
1585 1900 1692 1935 supra
1712 1891 1817 1934 dixit,
1838 1889 1910 1925 Per
1927 1891 2090 1937 spiritum
2107 1893 2172 1928 itoe
2205 1898 2275 1930 tuoe

1216 1951 1328 1986 divisa
1347 1956 1396 1986 est
1416 1950 1535 1996 aqua?
1552 1950 1621 1986 iste
1641 1950 1762 1996 itaque
1776 1951 1925 1996 spiritus
1943 1951 2010 1987 Dei
2025 1951 2064 1987 in
2082 1950 2273 1998 AEgyptios

93 2011 131 2047 3²¹
148 2009 360 2056 p²'⁰s“¹1d“m
380 2008 593 2056 quasil‘lpis·
611 2007 682 2055 (Εῶ
708 2007 933 2054 Auyustino.)
955 2006 1075 2051 Quare
1090 2017 1145 2044 cc·
1164 1993 1194 2036 C
1214 2012 1284 2049 fuit
1298 2013 1447 2059 spiritus
1470 2013 1533 2048 irae
1553 2012 1632 2058 ejus
1652 2023 1660 2047 z
1680 2012 1812 2058 quibus
1832 2013 1958 2048 nocuit
1976 2023 2150 2059 aquarum
2183 2014 2275 2051 divi-

94 2069 257 2107 ciderunt
277 2070 315 2105 in
332 2068 551 2115 profundum
590 2074 762 2114 tanquam
797 2068 912 2114 lapis?
947 2067 1036 2112 Quia
1072 2078 1144 2105 non

93 2137 198 2170 erant
213 2131 304 2168 tales
334 2131 470 2177 lapides
490 2131 533 2166 de
553 2131 682 2176 quibus
714 2131 881 2166 suscitari
913 2135 1061 2177 possent
1081 2130 1147 2167 filii

93 2193 289 2237 Abraham,
327 2193 391 2230 sed
419 2193 510 2229 tales
530 2192 591 2239 qui
610 2198 775 2228 amarent
793 2192 1010 2238 protundum
1048 2198 1086 2230 et
1103 2193 1146 2229 li-

95 2256 243 2302 quidum
263 2254 452 2301 diligerent
482 2254 713 2298 elementum,
734 2254 770 2289 id
795 2260 862 2297 est,
898 2255 959 2300 qui
985 2265 1145 2290 amaram

96 2321 132 2352 et
149 2315 282 2351 fluxam
315 2315 546 2361 praesentium
565 2324 686 2350 rerum
721 2320 894 2361 cuperent
909 2315 1142 2360 voluptatem.

95 2378 249 2414 Dextera
269 2383 346 2421 tua,
367 2377 531 2420 Domine,
545 2377 770 2423 maqnistcata
793 2383 842 2412 est
862 2376 1116 2420 infortitudine
1133 2387 1144 2412 .·

94 2439 237 2477 dextera
268 2444 343 2482 tua,
376 2438 538 2481 Domine,
567 2438 735 2483 percussit
760 2438 955 2473 inimicum.
986 2437 1071 2481 Quae
1092 2442 1146 2473 cst

96 2499 164 2536 ista
179 2501 326 2536 dextera
345 2500 415 2536 nisi
435 2500 496 2535 illa
514 2499 558 2536 de
580 2509 650 2546 qua
667 2499 704 2535 in
723 2499 862 2546 psalmo
880 2501 1144 2546 scriptumest,

95 2561 245 2597 Dextera
263 2561 405 2596 Domini
423 2561 503 2606 fecit
519 2560 695 2603 virtutem,
710 2560 862 2595 ’ἀπίει-α
889 2560 1032 2595 Domini
1047 2559 1145 2595 exul-

96 2621 180 2656 tavit
213 2630 267 2654 me
299 2618 413 2666 (Psal.
437 2619 578 2666 cxv11)?
607 2620 694 2664 Quae
729 2620 915 2656 inimicum
951 2629 1076 2655 verum
1110 2623 1146 2654 et

97 2680 284 2726 antiquum
318 2679 455 2715 hostem
485 2689 550 2724 per
569 2679 686 2714 crucis
709 2680 920 2725 mysterium
950 2679 1144 2722 interfecit,

97 2744 134 2776 et
152 2749 218 2786 per
236 2744 389 2775 mortem
410 2739 587 2775 destruxit
618 2749 699 2774 eum
732 2739 794 2784 qui
828 2739 985 2775 habebat
1016 2740 1143 2776 mortis

96 2801 302 2848 imperium,
324 2800 362 2836 id
377 2805 432 2836 est
463 2800 659 2843 diabolum,
681 2799 833 2846 alligans
850 2800 980 2837 sortem
999 2806 1036 2837 et
1058 2812 1144 2837 vasa

95 2863 176 2911 eius
188 2864 376 2911 diripiens,
394 2869 503 2910 atque
521 2863 727 2906 draconem,
749 2868 955 2908 serpentem
977 2864 1145 2901 videlicet

98 2928 311 2973 antiquum:
331 2926 393 2972 qui
427 2925 542 2961 cauda
562 2934 627 2960 sua
656 2924 813 2960 detraxit
835 2925 976 2961 tertiam
1004 2932 1143 2972 partem

97 2989 274 3033 siderum,
294 2993 332 3025 et
362 2987 460 3024 misit
491 2987 528 3022 in
560 2990 726 3032 stagnum
755 2987 848 3033 ignis
875 2987 1048 3031 ardentis,
1083 2989 1145 3035 qui

65 3071 68 3075 ·
97 3055 244 3099 patrm
261 3054 318 3087 est
336 3049 404 3086 sihi
433 3052 474 3085 et
491 3047 628 3094 angelis
645 3046 737 3093 ejus.
757 3047 859 3085 Unde
877 3049 1042 3096 sequitur
1062 3060 1071 3085 :
1097 3050 1144 3086 Et

93 3115 137 3151 b
150 3112 370 3150 omititudine
383 3110 502 3158 plorioe
518 3115 587 3149 tuat
601 3109 791 3155 deposuisti
803 3110 1025 3147 adversarios
1034 3123 1143 3148 meos.

66 3174 222 3214 amaria
237 3174 360 3219 utique
378 3170 656 3209 resurrectionis
670 3171 876 3214 homimem,
894 3172 1062 3210 confusio
1076 3174 1146 3210 fuit

66 3234 248 3279 abboli,
283 3233 345 3280 qui
375 3242 459 3271 cum
493 3230 628 3268 ludaeis
662 3231 857 3269 meditatus
897 3238 953 3268 est
991 3239 1145 3270 mortem

67 3293 245 3340 Uffiati.
272 3294 404 3332 Misisti
431 3294 523 3329 irum
541 3297 650 3335 tuam,
669 3302 748 3340 quite
775 3292 951 3329 devoravit
971 3305 1029 3331 eos
1058 3296 1147 3331 sicut

204 3367 275 3393 an.
308 3355 406 3393 Ultio
438 3353 632 3393 novissima
663 3362 743 3398 qum
781 3353 924 3390 diabolo
945 3359 983 3390 et
1009 3355 1148 3402 angelis

183 3419 385 3466 .ffliffl‘tur,
415 3417 560 3455 vidntur
586 3417 806 3464 patientibus
819 3415 896 3462 jam
920 3417 1017 3454 iram
1041 3428 1144 3463 esse;

181 3482 383 3522 *mab
397 3480 538 3527 illoiqm‘
569 3479 742 3517 universa
773 3490 856 3517 cum
886 3480 1146 3526 tranquillitate

151 3536 154 3537 ⁷
263 3543 347 3586 she
357 3542 630 3590 permrhatione
643 3542 756 3578 animi
773 3542 830 3579 sui
841 3541 939 3588 juste
949 3544 1147 3589 peccatori-

185 3601 203 3647 ζ’
230 3605 234 3609 ’
303 3609 376 3649 tun,
394 3614 482 3651 φα.
501 3613 567 3641 cos
583 3603 682 3640 sieut
691 3603 860 3650 stipulam
877 3603 1040 3647 devorat,
1060 3603 1144 3649 quia

227 3702 234 3705 ,
256 3662 537 3702 musaeu
555 3662 659 3702 omni
674 3668 777 3709 parte
793 3663 944 3701 cruciat.
961 3662 1011 3698 Et·
1026 3663 1067 3699 in,
1079 3663 1146 3709 spi-

275 3715 277 3718 ⁴
331 3736 334 3739 ·
402 3729 618 3773 eumue
633 3729 718 3761 unt
739 3734 854 3772 qm.
875 3723 1053 3772 Stagnum
1069 3724 1142 3761 uti-

310 3819 415 3882 ,mg

1214 2076 1281 2120 sio,
1299 2082 1339 2112 ut
1359 2075 1536 2111 intrantes
1563 2079 1712 2121 possent
1743 2074 1848 2121 aquis
1873 2075 2108 2111 redeuntibus
2138 2076 2240 2111 obrui
2262 2088 2272 2112 :

1215 2137 1300 2173 filiis
1333 2147 1419 2172 vero
1451 2135 1575 2178 Israel,
1599 2135 1730 2182 quibus
1747 2134 1899 2181 profuit,
1928 2136 2025 2181 quod
2046 2145 2139 2182 aqua
2159 2136 2274 2173 divisa

1215 2205 1283 2243 est,
1307 2208 1379 2234 non
1400 2197 1467 2232 suit
1484 2197 1543 2232 ille
1566 2196 1715 2242 spiritus
1734 2196 1798 2231 irae
1814 2195 1892 2231 Dei.
1917 2195 2020 2231 Unde
2051 2195 2274 2242 significatur

1214 2266 1362 2309 propter
1389 2260 1549 2296 diversas
1583 2259 1815 2304 operationes
1840 2261 1878 2292 et
1908 2255 2072 2300 effectus,
2106 2256 2273 2302 spiritum

1214 2324 1278 2360 Dei
1308 2322 1532 2359 dissimiliter
1558 2321 1747 2367 appellari,
1770 2329 1855 2356 cum
1881 2318 1928 2354 sit
1946 2329 2039 2354 unus
2055 2324 2162 2364 atque
2178 2319 2273 2354 idem

1214 2385 1274 2421 ille
1310 2384 1494 2426 duntaxat,
1514 2383 1574 2428 qui
1598 2383 1707 2417 etiam
1737 2380 1896 2427 Spiritus
1918 2385 2064 2416 sanctus
2083 2380 2121 2414 in
2137 2379 2275 2415 unitate

1215 2444 1405 2480 Trinitatis
1420 2443 1608 2488 accipitur.
1618 2442 1774 2477 Proinde
1789 2451 1860 2476 non
1874 2440 2032 2475 arbitror
2043 2439 2154 2474 alium
2163 2447 2272 2483 quam

1215 2505 1382 2541 eumdem
1402 2503 1612 2549 significari,
1635 2502 1694 2536 ubi
1715 2501 1802 2536 dicit
1831 2499 2039 2545 Apostolus.
2071 2497 2153 2533 Non
2180 2497 2273 2532 enim

1215 2564 1397 2610 accepistis
1424 2563 1586 2609 spiritum
1613 2560 1788 2597 servitutis
1822 2560 1949 2595 iterum
1980 2559 2018 2594 in
2037 2559 2185 2602 timore;
2213 2559 2273 2595 sed

1215 2625 1398 2672 accepistis
1411 2624 1573 2670 spiritum
1588 2622 1801 2669 cidoptionis,
1815 2622 1855 2656 in
1867 2631 1935 2668 quo
1955 2619 2163 2665 clamamus,
2174 2620 2272 2656 Abba

1215 2687 1325 2723 Pater
1358 2686 1472 2734 (Rom.
1494 2684 1587 2732 vul).
1610 2684 1702 2729 Quia
1736 2684 1863 2719 eodem
1896 2683 2026 2729 spiritu
2055 2683 2133 2726 Dei,
2156 2683 2193 2718 id
2219 2688 2275 2719 est

1216 2752 1328 2798 digito
1347 2749 1426 2793 Dei,
1446 2759 1517 2795 quo
1533 2748 1592 2783 lex
1610 2747 1646 2782 in
1667 2745 1798 2781 tabuiis
1816 2743 2188 2791 lapideisvconscripta
2201 2751 2273 2787 est,

1214 2813 1323 2848 timor
1342 2811 1508 2846 incussus
1528 2813 1583 2844 est
1596 2807 1649 2843 eis
1663 2807 1724 2852 qui
1743 2806 1897 2853 gratiam
1914 2804 2074 2841 nondum
2096 2804 2273 2851 intellige-

1214 2874 1317 2916 bant,
1334 2876 1375 2907 ut
1394 2870 1437 2906 de
1451 2880 1515 2906 sua
1534 2868 1745 2904 infirmitate
1764 2873 1872 2913 atque
1887 2865 2048 2912 peccatis
2066 2874 2132 2910 per
2156 2864 2273 2911 legem

1217 2933 1533 2973 convincerentur,
1553 2934 1590 2967 et
1614 2929 1671 2964 lex
1703 2927 1807 2964 fieret
1840 2927 1912 2963 illis
1949 2926 2165 2972 paedagogus
2201 2934 2273 2971 quo

1215 2996 1500 3044 perducerentur
1514 2991 1562 3027 ad·
1572 2991 1739 3037 gratiam,
1760 2997 1841 3035 quae
1855 2991 1913 3024 est
1929 2987 1966 3022 in
1981 2986 2053 3023 fide
2066 2985 2153 3022 Jesu
2171 2985 2275 3023 Chri-

1215 3057 1276 3093 sti.
1299 3056 1350 3092 De
1367 3056 1436 3091 hoc
1453 3059 1572 3089 autem
1590 3051 1718 3097 spiritu
1733 3048 1936 3096 adoptionis
1950 3053 1987 3084 et
2004 3047 2144 3095 gratiae,
2164 3045 2202 3083 id
2216 3051 2272 3083 est

1217 3119 1261 3155 de
1279 3118 1349 3153 hoc
1367 3126 1475 3162 opere
1492 3113 1639 3160 spiritus
1664 3111 1741 3153 Dei,
1764 3119 1835 3158 quo
1862 3109 2070 3155 impartitur
2088 3108 2204 3156 gratia
2234 3114 2273 3146 et

1216 3178 1443 3226 regeneratio
1462 3177 1501 3212 in
1519 3176 1632 3212 vitam
1647 3179 1839 3221 aeternam,
1864 3171 2022 3212 dicitur:
2042 3168 2195 3216 Spiritus
2209 3179 2272 3204 au-

1214 3247 1282 3278 tem
1313 3239 1464 3284 vivificat
1472 3249 1485 3281 ‚·
1510 3247 1594 3273 cum
1627 3245 1736 3281 supra
1769 3234 1965 3275 diceretur,
1984 3229 2118 3267 Littera
2143 3228 2269 3264 occidit

1215 3300 1274 3348 (11
1292 3299 1373 3335 Cor.
1395 3298 1451 3345 n),
1470 3297 1507 3334 id
1534 3302 1589 3333 est
1623 3295 1827 3340 conscripta
1857 3289 2108 3328 tantummodo
2136 3286 2268 3333 jubens

1215 3361 1295 3399 sine
1315 3359 1496 3406 adiutorio
1531 3357 1668 3405 gratiae.
1687 3355 1759 3404 (Ex
1778 3351 1957 3400 Origene.)
1986 3348 2145 3385 Demersi
2171 3353 2267 3392 aunt,

1214 3422 1344 3469 inquit,
1375 3428 1543 3468 tanquam
1573 3417 1753 3466 plumbum
1777 3416 1816 3450 in
1837 3422 1965 3459 aquam
2001 3409 2265 3450 vat-*diuinam

1215 3482 1431 3519 Peccatores
1450 3490 1578 3527 graves
1595 3482 1690 3514 sunt.
1709 3474 1873 3519 Denique
1901 3475 1940 3507 et
1956 3469 2134 3516 iniqnitas
2158 3477 2268 3515 super

1216 3543 1392 3579 talentum
1409 3540 1546 3588 plumbi
1575 3537 1703 3574 sedete
1717 3530 2059 3575 moristrauir‚sicut
2070 3528 2267 3566 Zacharias

1214 3599 1393 3646 propheta
1407 3597 1506 3633 dicit.
1547 3593 1648 3636 Vidi,
1668 3591 1801 3637 inquit,
1815 3587 2190 3632 mutierem-sedentem
2206 3596 2269 3622 su-

1215 3670 1277 3707 per
1308 3657 1477 3694 talentum
1506 3653 1657 3701 ptumi,
1669 3657 1705 3688 et
1722 3650 1822 3688 itini:
1843 3650 1932 3695 Qum
1946 3654 1999 3687 aas
2010 3649 2086 3687 ttaec
2099 3648 2115 3675 ²
2129 3646 2180 3684 Et
2209 3655 2268 3683 m-

1215 3719 1368 3767 spondit,
1386 3716 1565 3763 lnuquuao.
1579 3713 1704 3763 (lactu
1724 3711 1781 3761 v.)-
1794 3712 1880 3754 lude
1908 3716 1969 3750 nst
1981 3718 2072 3757 ergo
2084 3707 2183 3756 qnod
2201 3706 2268 3746 'ni-
