2540 4016
64 287 291 334 thumilibus
308 297 518 338 perseveres
537 279 639 335 (Gen.
663 282 756 331 xix).
776 279 963 318 Levabitur
977 284 1094 315 autem

71 347 73 349 ¹
101 354 304 394 ernacutum
318 349 504 390 testimonii
517 359 579 395 per
586 345 697 394 officia
707 339 907 381 Leutearum
918 346 949 378 et
960 347 1095 377 turmas

8 408 22 452 s'
32 418 174 482 {orum
188 414 369 461 Quomodo
380 410 589 460 eriqeiurua
600 414 631 444 et
642 407 846 456 deponetur.
855 399 1096 440 Tabernaculi

34 484 126 522 {vero
134 478 267 515 erectio
281 483 317 514 et
326 473 503 522 depositio
510 471 680 508 Ecclesiae
690 469 798 505 situm
810 464 1004 514 significat,
1017 473 1097 512 quae

4 526 18 566 i
36 535 76 581 in
96 539 326 576 credentibus
345 531 504 583 quotidie
522 532 687 579 erigitur,
704 533 739 566 et
757 529 793 565 in
810 522 1026 573 negantibus
1040 524 1099 561 de-

39 602 197 652 ponitur.
216 601 254 635 ln
276 599 401 635 electis
414 608 479 643 per
498 589 857 632 sacerdotum-officia
869 587 983 624 sacris
1001 586 1097 622 ordi-

15 654 18 685 Ϊ
39 656 145 700 nibus
156 660 382 701 sublimatur,
393 657 545 703 atquejn
555 653 788 702 peccantibus
801 649 969 687 similiter
979 657 1099 684 sacer-

0 723 2 768 }
39 724 162 762 dotum
192 721 328 768 judicio
346 731 412 767 per
440 716 850 755 excommunicationem
869 710 1095 748 humiliatur.

0 777 1 782 ¹
87 785 186 835 (Car.
216 787 287 829 nt.)
321 780 388 817 Hm
408 787 488 816 sunt
507 779 746 826 yenerationes
776 774 895 810 Aaron
912 778 944 807 et
965 768 1094 815 Moysi,

39 850 76 885 in
96 846 151 882 die
169 856 238 892 qua
260 843 395 878 locutus
419 847 468 876 est
488 839 659 875 Dominus
681 836 726 872 ad
759 834 904 879 Moysen
923 832 960 865 in
980 834 1096 864 monte

41 907 142 946 sinai
160 933 170 950 ,
196 911 226 941 et
250 905 323 941 haec
360 902 501 938 nomina
529 900 685 945 fitiorum
708 897 840 931 Aaron.
881 890 1098 936 Primoyeni-

0 971 2 1010 ξ
38 975 109 1012 tus,
150 967 278 1003 Nadab
296 978 308 1009 ,·
345 964 468 1000 deinde
500 962 590 996 Abiu
625 965 656 994 et
673 957 828 992 Eleazar
863 959 895 989 et
918 952 1093 988 Ithamar.

0 1032 2 1034 ’
38 1029 126 1065 IIwc
145 1034 224 1064 sunt
242 1027 383 1063 nomina
410 1023 566 1069 filiorum
585 1020 704 1054 Aaron
719 1015 938 1052 sacerdotum
956 1013 1015 1060 qui
1031 1025 1096 1048 nn-

0 1090 83 1132 wli
104 1094 198 1128 sunt,
219 1091 250 1120 et
269 1093 417 1131 quorum
435 1080 571 1127 repletoe
585 1084 617 1114 et
633 1071 842 1113 conset-rane
855 1080 935 1110 sunt
953 1085 1093 1116 manus,

36 1157 73 1187 ut
93 1148 286 1185 sacerdotio
305 1147 543 1192 sunyerentur.
579 1140 709 1176 Mortui
726 1144 804 1174 sunt
830 1143 946 1172 autem
968 1135 1096 1171 Nadab
1117 1128 1149 1167 Β

37 1215 68 1246 et
102 1208 191 1244 Abiu
225 1218 301 1242 cum
332 1205 495 1251 offerrent
528 1202 642 1248 iynem
671 1198 823 1234 alienum
852 1197 889 1232 in
913 1201 1097 1242 conspectu

37 1270 178 1308 Domini
216 1269 252 1303 in
286 1267 420 1301 deserto
451 1263 552 1299 Sinai
584 1262 710 1308 absque
742 1258 887 1301 tit›e›·is;
920 1257 1099 1303 functique

37 1336 116 1368 sum
133 1328 328 1366 sacerdotio
347 1326 500 1361 Eleazar
523 1330 554 1359 et
572 1323 735 1358 Ithamar
753 1332 872 1357 coram
903 1318 1021 1355 Aaron
1037 1331 1100 1365 pa-

38 1396 89 1429 tre
107 1403 183 1427 suo.
217 1390 380 1434 Quatuor
409 1387 472 1423 lilii
492 1387 615 1421 Aaron
636 1395 717 1421 cnm
735 1389 837 1429 patre
858 1381 966 1417 simul
986 1382 1020 1417 in
1039 1391 1098 1416 sa-

37 1452 237 1490 cerdotium
252 1449 355 1486 electi
376 1454 485 1491 sunt3
517 1446 579 1481 sed
599 1445 737 1481 duobus
759 1444 794 1478 in
820 1449 916 1479 statu
934 1453 998 1478 suo
1018 1451 1101 1487 pcr-

36 1512 280 1553 mancntibus,
313 1508 434 1544 caeteri
457 1507 577 1543 divino
593 1505 711 1542 exusti
727 1509 811 1540 sunt
832 1504 925 1550 igne,
946 1502 1099 1548 eoquod

37 1573 142 1610 altari
175 1572 238 1606 Dei
269 1570 386 1615 ignem
421 1567 578 1603 alienum
609 1565 854 1611 imponebant.
884 1563 962 1608 Quo
987 1563 1097 1607 sacto,

37 1634 74 1670 ni
98 1633 215 1675 fallor,
247 1631 447 1672 intimatur,
484 1627 578 1674 quod
611 1627 698 1662 licet
730 1625 832 1661 multi
863 1635 907 1660 cx
943 1630 1100 1670 quatuor

38 1693 136 1731 orbis
153 1691 316 1738 partibus
335 1689 494 1732 collecti,
515 1694 551 1724 ct
575 1689 609 1723 in
630 1687 753 1722 divino
784 1686 986 1721 ministerio
1011 1686 1098 1721 sul)-

37 1753 167 1796 limati‚
202 1752 435 1798 praesulatum
470 1750 506 1785 in
531 1748 691 1784 Ecclesia
726 1747 860 1782 habere
892 1745 1097 1788 videantur,

37 1815 90 1852 illi
111 1820 229 1851 tamen
254 1810 479 1849 solummodo
515 1811 584 1846 rite
600 1809 637 1844 in
658 1807 859 1843 ministerio
894 1816 959 1842 suo
985 1805 1100 1852 persi-

37 1881 162 1919 stunt,
201 1875 261 1922 qui
296 1884 382 1909 sana
413 1871 577 1908 doctrina
613 1870 765 1906 duorum
798 1873 1098 1903 testamentorum

39 1937 196 1986 Spiritus
221 1937 334 1973 sancti
357 1936 437 1980 igne
457 1933 675 1975 examinata,
695 1930 991 1977 praedicationem
1013 1939 1098 1965 con-

39 2000 191 2043 ficiunt;
225 2004 261 2035 et
281 2002 428 2043 propter
445 1994 670 2031 dilectionem
701 1993 765 2028 Dei
782 1998 818 2027 ct
834 1991 991 2039 proximi
1019 1989 1097 2025 zelo

74 208 78 210 Y
512 145 871 194 ENARRATIONES
894 143 942 182 IN
965 142 1144 183 LIBRUM
1170 143 1483 188 NUMERORUM.
1509 165 1558 174 --
1581 148 1668 184 Lm.
1689 147 1719 183 Ῑ.

68 240 140 272 ’πει
153 231 327 275 resideas,
336 237 405 266 nec
413 212 611 266 invallibus
626 229 847 267 maneas,ne
864 219 902 256 in
915 217 1094 255 demersis
1110 219 1148 260 A
1164 213 1450 266 Scripturarum,
1467 218 1586 256 nostri
1608 206 1750 268 vigiiias
1767 220 1997 269 interpretati
2012 234 2112 275 sunt,
2131 240 2224 278 quas

2150 154 2224 193 606

1165 282 1283 319 Graeci
1303 283 1451 332 φυλακᾶς
1480 285 1637 319 vocantz
1661 278 1725 318 ubi*
1738 280 1837 318 nulla
1866 278 2040 323 dubitatio
2063 292 2119 327 est
2138 301 2223 339 spa.

1164 344 1216 380 tia
1236 343 1404 380 nocturni
1434 340 1608 390 temporis
1628 340 1834 388 significare
1850 355 1859 379 :
1886 345 1983 390 quod
2008 346 2097 392 puto
2113 356 2151 386 et
2164 350 2225 390 hic

1165 402 1429 450 accipiendum.
1464 398 1654 449 Quomodo
1677 403 1814 440 Levitae
1842 402 2016 450 jubentur
2033 403 2226 448 ohservare

1164 465 1348 503 custodias
1363 465 1486 502 Aaron
1508 470 1544 502 et
1565 465 1748 502 custodias
1777 462 1935 501 filiorum
1963 462 2088 511 lsrael,
2118 464 2155 504 id
2173 475 2230 507 est

1164 527 1316 577 φυλακὰς
1330 554 1339 569 ,
1377 526 1446 562 nisi
1468 526 1624 562 sortasse
1651 525 1787 562 dictum
1808 529 1890 569 est,
1922 535 1968 562 ne
1987 531 2158 573 putarent
2184 529 2229 566 ab

1165 587 1400 633 observandis
1425 586 1559 633 vigiliis
1576 597 1656 634 quae
1673 585 1820 635 proprie
1840 586 2024 623 incastris
2043 587 2230 625 observari

1165 651 1296 694 solent,
1306 654 1455 697 propter
1470 650 1646 685 honorem
1665 658 1737 695 quo
1757 646 1965 685 serviebant
1981 648 2230 694 tabernaculo,

1165 713 1344 748 immunes
1363 720 1443 746 esse
1459 709 1606 752 debere,
1638 719 1721 745 cum
1748 713 1785 745 et
1814 707 1913 755 ipsos
1942 713 2128 755 oporteret
2147 720 2234 757 pro-

1164 781 1245 821 pter
1263 783 1373 820 opera
1390 771 1613 809 tabernaculi
1628 782 1700 808 non
1720 770 1839 807 minus
1856 771 2018 807 vicissim
2033 770 2230 807 observare

1163 835 1325 882 vigilias,
1353 845 1432 881 quae
1456 835 1740 870 observarentur
1774 833 1809 868 in
1839 831 1920 868 aliis
1948 832 2232 880 circumquaque

1165 895 1295 930 castris
1319 894 1475 931 tiliorum
1493 893 1618 930 lsrael.
1653 892 1832 929 Externus
1850 899 1967 928 autem
1986 893 2046 940 qui
2061 891 2108 928 ad
2125 893 2233 930 mini-

1164 956 1350 991 strandum
1369 957 1567 999 accesserit,
1583 955 1764 990 morietur.
1793 953 2034 999 Quaerendum
2052 955 2233 1001 quomodo

1165 1015 1257 1053 dixit
1277 1016 1311 1051 in
1330 1016 1492 1053 Levitico
1513 1029 1521 1051 t
1557 1016 1626 1059 Qui
1642 1014 1793 1062 tetiyerit
1820 1013 2089 1050 tubernaculum
2105 1014 2235 1050 sancti-

1165 1077 1357 1131 [habitum
1395 1087 1479 1113 cum
1517 1077 1578 1112 hic
1603 1076 1727 1112 dicat:
1760 1075 1965 1121 Alieniyena
1994 1075 2053 1122 qui
2086 1075 2234 1121 tetiyerit

1169 1140 1352 1182 morietur,
1372 1138 1499 1175 volens
1515 1148 1578 1174 eos
1597 1137 1748 1183 intelligi
1764 1136 1824 1183 qui
1842 1146 1914 1172 non
1936 1139 2058 1171 essent
2075 1134 2118 1170 dc
2139 1134 2235 1170 tribu

1167 1200 1268 1236 Levi.
1293 1199 1347 1235 An
1376 1199 1469 1236 forte
1501 1199 1573 1241 hic,
1604 1198 1769 1245 tetiyerit,
1803 1197 1848 1233 ad
1868 1195 2081 1242 obsequium
2103 1195 2235 1231 dixerit

1167 1262 1365 1306 servitutis,
1397 1263 1493 1307 quod
1513 1272 1533 1297 a
1555 1261 1640 1297 solis
1671 1260 1809 1296 Levitis
1839 1259 1963 1296 deberi
1997 1258 2234 1296 tabernaculo

1165 1323 1361 1370 praecepit?
1381 1323 1467 1359 hinc
1485 1321 1582 1358 enim
1601 1321 1832 1367 loquebatur.

1585 1397 1737 1435 CAPUT
1761 1396 1804 1433 V.

1167 1459 1220 1495 De
1245 1459 1374 1495 Levitis
1393 1459 1567 1507 quomodo
1584 1470 1646 1506 pro
1673 1458 1912 1506 primoyenitis
1929 1458 2084 1504 filiorum
2104 1457 2233 1504 Israel,

1197 1507 1373 1542 Dominus
1395 1518 1451 1542 eos
1471 1506 1551 1541 tulit
1574 1506 1620 1542 ad
1644 1507 1875 1542 ministerium
1891 1505 2109 1542 tabernaculi
2129 1508 2197 1542 sui.

1218 1569 1335 1617 (imo.)
1356 1569 1577 1616 Locutusque
1594 1574 1644 1604 est
1663 1568 1834 1604 Dominus
1855 1568 1900 1603 ad
1919 1566 2063 1614 Moysen
2088 1569 2206 1604 dicens
2223 1577 2235 1602 .·

1167 1628 1244 1675 Eyo
1267 1628 1333 1665 tuli
1353 1628 1492 1665 Levitas
1509 1641 1529 1664 a
1554 1629 1639 1675 filiis
1658 1628 1787 1671 Israel,
1808 1640 1871 1675 pro
1888 1629 1982 1664 omni
1999 1628 2232 1675 primoyenito

1166 1691 1226 1736 qui
1260 1691 1372 1737 aperit
1398 1688 1533 1726 vulvam
1563 1691 1600 1725 in
1620 1689 1705 1735 filiis
1737 1688 1883 1732 Israel;
1911 1694 2080 1735 eruntque
2107 1687 2236 1725 Levita}

1167 1753 1248 1788 naci.
1285 1750 1403 1787 Meum
1426 1757 1477 1787 est
1509 1752 1600 1787 enim
1629 1762 1729 1786 omne
1761 1751 2043 1798 primogenitum.
2080 1749 2137 1785 Ea:
2166 1761 2234 1797 quo

1167 1815 1322 1861 percussi
1357 1813 1590 1860 primoyenita
1623 1813 1659 1848 in
1689 1818 1782 1848 terra
1810 1811 1957 1859 sEyypti
1974 1839 1983 1856 ,
2018 1811 2235 1857 sanctificavi

1167 1875 1253 1910 nuilei
1273 1874 1443 1921 quidquid
1470 1875 1621 1920 primum
1640 1874 1798 1909 nascitur
1815 1874 1852 1909 in
1870 1872 1998 1909 Israel.
2026 1872 2077 1908 Ab
2096 1873 2236 1908 homine

1167 1947 1277 1982 usqne
1304 1935 1350 1970 ad
1369 1946 1474 1981 pecus
1501 1936 1568 1970 mei
1590 1941 1698 1978 sunt‚·
1734 1947 1795 1981 eyo
1822 1934 2008 1970 Dominus.
2029 1934 2101 1982 (Em
2118 1935 2237 1981 Auyu-

1167 1996 1288 2044 stino.)
1337 1997 1431 2041 Quid
1469 2004 1525 2032 est
1559 1997 1656 2043 quod
1693 1995 1837 2032 Levitas
1878 2007 1944 2043 pro
1986 1996 2239 2043 prirnogenitis

39 2062 103 2099 Dei
127 2060 292 2102 accensi,
324 2058 359 2093 1¹¹
386 2057 631 2103 Ps0xi¹¹¹0s¹¹ffl
660 2054 773 2090 5³¹⁰&ss
803 2051 977 2099 (luid‘inid
1014 2061 1097 2097 POS‘
1115 2044 1146 2086 C
1169 2060 1325 2096 filiorum
1345 2059 1457 2095 Israel
1485 2059 1552 2095 sibi
1571 2058 1667 2095 Deus
1694 2059 1862 2105 deputat,
1896 2058 1947 2094 ita
1977 2062 2017 2093 ut
2036 2057 2240 2093 numeratis

0 2113 1 2116 Ἰ
39 2128 134 2165 sunt,
170 2122 356 2158 elaborare
389 2119 545 2155 student.
580 2116 760 2152 Caeterum
786 2116 846 2162 qui
879 2114 1018 2150 alienas
1034 2113 1099 2149 ‹lo-

0 2206 1 2233 ;
39 2183 176 2221 ctrinas
194 2188 230 2218 ct
247 2180 456 2227 magisterio
474 2180 639 2214 humana:
659 2176 894 2213 institutionis
914 2175 1098 2212 consectas

0 2238 1 2293 1
39 2245 230 2288 inducunt,
262 2242 495 2291 saxcnlariqnc
515 2240 711 2287 cupiditate
745 2239 910 2281 accensi,
947 2239 981 2275 id
1002 2237 1099 2284 quod

0 2297 1 2352 1
42 2307 202 2344 divinum
221 2312 278 2341 est
297 2304 441 2351 indigne
461 2307 722 2347 exsequuntur,
747 2301 828 2347 ignc
847 2297 1099 2345 ultionisjnstc

43 2378 63 2405 a
82 2368 234 2404 Domino
250 2367 286 2403 in
302 2377 364 2403 eos
382 2366 519 2402 directo
536 2370 800 2401 consumuntur

442 2441 595 2478 CAPUT
625 2441 684 2477 Ν.

0 2521 1 2524 ’
42 2505 92 2542 De
108 2504 191 2551 filiis
212 2505 331 2540 Aaron
362 2509 393 2539 et
413 2503 605 2538 ministerio
636 2513 784 2545 eorum‚·
814 2501 976 2537 similiter
994 2506 1026 2536 et
1058 2501 1101 2536 de

0 2554 1 2557 ’
278 2550 405 2585 Levitis
426 2557 528 2596 atque
549 2550 710 2595 obsequio
726 2559 859 2583 eorum.

0 2602 2 2657 i
89 2612 189 2660 (Car.
211 2610 279 2657 ιιι.)
304 2610 525 2655 Locutusque
550 2615 598 2644 est
626 2608 797 2655 Dominus
822 2607 867 2642 ad
886 2607 1029 2653 Moysen
1049 2607 1103 2642 ‹ti-

0 2668 2 2711 1
42 2687 120 2713 cens
139 2687 147 2710 :
168 2672 314 2720 Applica
334 2672 462 2707 tribum
481 2671 577 2714 Levi,
611 2677 644 2706 et
661 2670 718 2716 [ac
749 2676 840 2706 stare
858 2671 894 2705 in
917 2677 1101 2716 conspectu

43 2737 162 2775 Aaron
178 2735 370 2771 sacerdotis
387 2740 424 2769 ut
453 2734 649 2769 ministrent
668 2732 719 2775 ei,
741 2739 773 2767 et
795 2732 962 2768 excubent
985 2738 1016 2767 et
1042 2732 1102 2768 ob-

44 2805 174 2836 servent
192 2797 361 2844 quidquid
377 2797 423 2831 ad
455 2796 585 2832 cultum
617 2796 763 2843 pertinet
784 2794 1018 2831 multitudinis
1045 2807 1103 2831 co-

45 2872 119 2898 ram
136 2859 360 2897 tabernaculo
379 2858 582 2901 testimonii,
614 2863 645 2893 et
668 2857 864 2894 custodiant
885 2869 967 2893 vasa
988 2859 1102 2892 taber-

45 2921 162 2965 naculi
181 2921 363 2956 servientes
395 2919 431 2954 in
458 2919 653 2954 ntinistefio
686 2918 776 2964 ejus.
808 2918 984 2965 Dabisque
1008 2918 1100 2953 dono

46 3042 171 3086 Israel.
209 3044 327 3079 Aaron
357 3049 472 3078 autem
491 3048 522 3077 et
552 3042 644 3087 lilios
672 3041 748 3087 ejus
773 3042 959 3077 constitues
997 3053 1102 3088 super

44 3103 176 3146 anitum
197 3103 402 3140 sacerdotis.
426 3102 660 3148 Septuaginta
680 3114 690 3140 ;
729 3102 774 3138 Ει
799 3101 934 3138 locutus
955 3108 1005 3139 est
1034 3102 1103 3138 Do-

43 3165 159 3201 minus
180 3164 224 3201 ad
244 3164 388 3210 Moysen
409 3163 553 3199 dicens:
574 3162 700 3210 Accipe
715 3163 843 3199 tribum
862 3163 955 3206 Levi.
982 3169 1013 3200 et
1034 3170 1103 3201 sta-

7 3259 10 3261 *
46 3222 120 3273 §tes
150 3237 207 3262 eos
226 3227 262 3261 in
295 3230 478 3278 corispectu
511 3224 631 3260 Aaron
662 3225 853 3272 sacerdotis
872 3231 904 3261 et
922 3225 1102 3261 ministra-

14 3306 18 3307 ⁷
49 3280 129 3332 §nu
146 3288 178 3325 οἱ
191 3298 204 3332 ,·
234 3293 266 3324 et
289 3286 480 3324 custodient
496 3286 674 3323 custodias
701 3286 856 3332 filiorum
877 3286 991 3323 Israel
1022 3293 1103 3323 ante

13 3360 18 3373 2
43 3347 308 3389 marnacutum
325 3348 526 3384 testimonii.
555 3346 640 3396 (Ex
661 3347 884 3395 Auyustino.)
917 3347 1015 3392 Quas
1034 3362 1098 3397 φυ-

11 3414 21 3438 -³
44 3408 150 3452 kase
162 3409 310 3447 Graecus
329 3410 434 3453 dixit,
457 3409 522 3446 bas
541 3410 656 3446 nostri
674 3409 891 3456 interpretes
909 3409 969 3446 alii
985 3414 1104 3446 custo-

11 3491 21 3497 ·
44 3468 139 3515 ilias,
159 3470 220 3508 alii
234 3471 405 3509 cncubias
422 3471 648 3517 interpretati
667 3476 763 3508 sunt.
797 3470 870 3507 Sed
887 3470 1019 3506 mirum
1033 3471 1102 3507 nisi

10 3538 21 3579 ἓ,
39 3519 324 3578 &igitiaemetius
341 3531 536 3575 dicuntur,
561 3541 640 3577 quae
655 3532 770 3570 solent
791 3531 974 3568 ternarum
994 3532 1103 3568 hora-

9 3591 435 3644 sni-umatohmvauones
469 3594 617 3631 babere·-
662 3594 767 3632 Unde
809 3594 980 3641 scriptum
1016 3598 1070 3630 est
1091 3605 1099 3628 :

12 3650 20 3655 ’
83 3656 327 3693 “mmm
353 3653 474 3701 vigitini
507 3655 619 3693 nouis
650 3656 742 3694 venit
759 3655 807 3693 ad
827 3666 886 3692 eos
917 3654 1101 3692 ambulans

1167 2122 1439 2170 primogenitis,
1470 2121 1593 2167 populi
1618 2121 1680 2167 qni
1698 2120 1821 2167 plures
1846 2119 1986 2156 inventi
2017 2124 2101 2160 sunt
2129 2128 2238 2165 quam

1167 2189 1246 2219 crat
1280 2193 1455 2218 numerus
1490 2182 1699 2218 Levitarum
1716 2208 1725 2224 ,
1769 2185 1920 2227 argento
1959 2179 2239 2223 redimerentur,

1169 2245 1262 2281 sicut
1285 2245 1322 2280 in
1346 2243 1653 2290 consequentibus
1670 2242 1779 2289 hujus
1800 2242 1883 2278 libri
1906 2242 2094 2288 Scriptura
2125 2247 2238 2278 testa-

1169 2316 1242 2353 tur,
1274 2309 1432 2355 quinque
1454 2307 1553 2343 siclis
1577 2317 1642 2352 pro
1668 2316 1740 2341 uno
1759 2305 1867 2348 datis,
1901 2304 1997 2351 quod
2017 2314 2083 2350 pro
2098 2303 2240 2349 pecori-

1166 2371 1238 2407 bus
1257 2379 1327 2404 non
1357 2373 1412 2403 est
1445 2367 1582 2403 sactum
1602 2376 1686 2402 cum
1717 2371 1753 2402 et
1770 2375 1901 2411 pecora
1932 2364 2142 2400 Levitarum
2168 2372 2234 2407 pro

1167 2430 1418 2479 primogenitis
1437 2439 1609 2476 pecorum
1625 2428 1735 2464 Israel
1756 2427 1823 2464 sibi
1843 2436 1922 2462 esse
1936 2424 2120 2461 voluerit?
2146 2423 2238 2467 Quo-

1169 2494 1276 2530 modo
1294 2493 1463 2538 deinceps
1492 2490 1735 2537 primogenita
1762 2499 1887 2525 corum
1909 2487 1964 2523 vcl
1985 2497 2158 2533 pecorum
2177 2495 2238 2521 cm

1170 2567 1249 2593 rum
1270 2555 1499 2601 pertinebant
1514 2554 1559 2589 ad
1573 2554 1701 2595 Deum,
1718 2551 1777 2587 ubi
1796 2550 1904 2596 iussit
1918 2548 2157 2596 primogenita
2179 2547 2234 2583 vel

1170 2617 1327 2653 humana
1343 2616 1477 2652 mutari
1494 2614 1648 2652 ovibus?
1672 2613 1860 2658 Quomodo
1886 2622 1958 2647 non
1977 2610 2147 2656 deinceps
2170 2619 2235 2656 pro

1170 2679 1248 2715 istis
1280 2677 1530 2724 primogenitis
1565 2675 1872 2722 computabuntur
1907 2672 1970 2708 filii
1995 2671 2236 2707 Levitarum?

1171 2740 1337 2776 Manebat
1358 2739 1454 2775 enim
1473 2739 1507 2774 in
1527 2737 1684 2783 posteris
1703 2735 1830 2771 eadem
1850 2733 1980 2773 tribus,
2015 2743 2094 2777 quae
2115 2737 2238 2778 posset

1169 2813 1235 2848 pro
1253 2800 1503 2848 primogenitis
1523 2798 1784 2845 posterioribus
1807 2795 2009 2841 computari
2028 2806 2037 2828 ε
2063 2794 2132 2829 nisi
2151 2793 2235 2838 qnia

1171 2862 1256 2898 illud
1271 2861 1408 2906 justum
1431 2861 1511 2903 fuit,
1537 2865 1577 2896 ut
1596 2859 1658 2905 qui
1676 2862 1912 2895 nascerentur
1931 2856 1976 2892 dc
1997 2855 2067 2891 illis
2088 2855 2148 2900 qui
2161 2853 2235 2899 jam

1170 2924 1214 2959 ad
1234 2923 1437 2968 portionem
1458 2920 1599 2957 Domini
1619 2919 1848 2967 pertinebant
1865 2945 1874 2961 ,
1912 2917 1986 2952 doti
2016 2926 2081 2962 pro
2099 2914 2237 2962 primo-

44 2979 182 3021 Levitas
207 2981 340 3024 Aaron,
360 2986 391 3016 et
407 2979 475 3026 filii
491 2980 566 3026 ejus
581 2979 705 3026 quibus
726 2978 846 3014 traditi
862 2985 944 3015 sunt
972 2991 992 3015 α
1019 2978 1103 3026 filiis
1121 2975 1157 3015 D
1174 2985 1304 3032 genitis
1331 2984 1392 3030 qui
1413 2984 1455 3020 de
1471 2983 1630 3030 AEgypto
1652 2982 1835 3023 exierunt,
1860 2978 1937 3025 jam
1954 2978 2049 3014 Deus
2072 2977 2237 3023 proprios

1171 3047 1321 3082 liaberet
1340 3052 1511 3091 tanquam
1539 3054 1623 3080 suos
1639 3043 1682 3079 de
1707 3043 1797 3086 suis,
1820 3051 1887 3078 nec
1902 3044 2051 3087 possent
2068 3049 2134 3084 pro
2167 3037 2236 3074 illis

1167 3108 1264 3155 juste
1284 3107 1506 3152 computari,
1536 3106 1598 3152 qui
1623 3105 1792 3150 deinceps
1814 3101 2046 3149 primogeniti
2075 3100 2147 3134 Deo
2167 3099 2232 3133 ‹lc-

1170 3169 1363 3206 luebantur.
1398 3169 1449 3204 De
1480 3168 1650 3204 universo
1673 3167 1804 3212 quippe
1834 3162 1964 3209 populo
1996 3166 2032 3197 et
2057 3157 2233 3195 universis

1170 3231 1365 3277 pecoribus
1385 3229 1520 3276 populi,
1555 3229 1639 3264 data
1659 3232 1714 3264 cst
1742 3225 1859 3271 portio
1880 3225 1952 3259 Deo
1971 3225 2036 3268 pro
2055 3220 2234 3266 primoge—

1172 3291 1282 3327 nitis:
1319 3296 1355 3327 et
1383 3291 1460 3327 haec
1477 3289 1596 3336 portio
1616 3291 1692 3323 erat
1721 3286 1855 3321 Levitae
1875 3289 1911 3319 et
1930 3291 2060 3327 pecora
2093 3290 2230 3316 corum.

1171 3350 1252 3388 Jam
1280 3353 1311 3388 si
1343 3351 1430 3398 quid
1455 3349 1661 3397 genuissent
1686 3346 1750 3382 Dei
1772 3350 1870 3386 erat,
1900 3353 1970 3378 non
1997 3345 2138 3387 poterat
2165 3340 2234 3376 hoc

1173 3421 1344 3462 tanquam
1366 3423 1387 3448 a
1403 3410 1535 3457 populo
1564 3409 1655 3449 dari,
1680 3406 1774 3452 quod
1795 3405 1952 3440 alienum
1978 3404 2070 3439 erat.
2099 3400 2151 3438 Ac
2167 3411 2234 3448 per

1171 3476 1241 3512 boc
1263 3473 1384 3510 debita
1404 3471 1576 3515 deinceps
1591 3465 1831 3514 primogenita
1854 3465 1928 3500 Deo
1953 3463 2053 3500 reddi
2085 3467 2231 3510 oporte-

1171 3537 1258 3579 bat;
1280 3543 1347 3570 ncc
1369 3542 1435 3578 pro
1451 3531 1508 3567 his
1535 3527 1736 3575 computari
1756 3531 1921 3573 posteros
1938 3522 2147 3562 Levitas-um
2177 3523 2231 3559 vel

1169 3603 1340 3643 pecorum
1355 3601 1494 3628 eorum.
1517 3589 1563 3625 Et
1576 3593 1690 3630 erunt,
1708 3586 1838 3634 inquit,
1858 3584 1986 3622 Levitoe
2001 3586 2069 3622 inei
2084 3594 2096 3620 .·
2114 3593 2232 3620 meum

1170 3658 1262 3694 enim
1294 3660 1343 3690 est
1365 3662 1466 3689 omne
1482 3650 1764 3698 primogenitum.
1808 3647 1865 3684 Ex
1893 3646 1948 3683 dio
1976 3654 2046 3694 qua
2077 3643 2234 3693 percusti

1170 3729 1270 3757 omne
1289 3714 1557 3764 primoqennum
1570 3713 1609 3749 in
1622 3718 1715 3748 terra
1731 3709 1893 3758 AEyypth
1911 3708 1996 3745 mm
2011 3705 2230 3754 sanetificavi

1169 3789 1270 3819 omne
1283 3775 1510 3828 pumturum.
1529 3772 1662 3813 Notum
1676 3776 1732 3810 est
1747 3770 1845 3822 quen
1858 3769 2011 3823 historia
2024 3768 2230 3822 mittun
