2540 4016
27 3818 41 3846 ἰ

30 0 52 51 ’ἱ

39 65 49 85 t

27 116 50 196 ἐ.
112 143 113 147 ¹

34 211 49 255 Ξ

70 310 310 360 ffelinquatur
324 306 362 342 in
383 306 505 349 corde,
525 313 697 352 processu
711 305 882 350 temporis
895 305 1133 351 convalescat,

38 378 42 406 ῑ
75 376 124 412 ‚et
135 366 312 417 paulatim
324 365 422 402 vires
445 363 623 401 latitando
641 363 847 410 conquirat,
866 369 974 409 atque
992 364 1038 400 ad
1053 365 1137 401 ulti-

35 441 41 443 >
65 427 184 469 'mum
197 430 417 464 revocetnos
434 423 478 460 ad
492 423 668 459 vomitum
685 428 861 468 nostrum,
872 429 909 460 et
922 423 1010 459 fiant
1023 424 1137 461 homi-

84 488 143 528 nis
150 485 260 531 Aius,
269 484 330 522 cui
339 484 409 520 hoc
415 482 600 528 acciderit,
611 483 804 520 novissima
812 483 935 530 pejora
941 482 1135 530 prioribus.

133 545 253 596 (hin.)
277 557 290 579 ‹
313 543 536 590 Omnemque
559 543 718 590 praedam
750 543 902 580 istarum
919 542 1064 579 urbium
1096 552 1139 579 ac

21 615 23 617 ’
59 618 67 627 “
90 619 104 644 ι
127 607 292 654 jumenta
321 603 522 640 diviserunt
539 603 609 640 sibi
630 602 695 638 lilii
713 602 838 647 Israel,
857 603 996 639 cunetis
1022 601 1138 639 homi-

91 680 106 704 ι
134 666 241 704 nibus
270 663 487 702 intersectis.
510 676 523 698 ι
548 663 620 711 (Ex
641 663 868 711 Anqustino.)
896 664 1049 710 Propter
1067 663 1138 700 hoc

85 728 185 767 nusso
199 726 311 764 -modo
329 725 488 773 putanda
504 730 559 762 est
584 726 652 762 ista
670 725 876 769 crudelitas,
893 725 987 771 quod
1001 725 1139 761 nullum

86 788 208 826 vivum
236 787 275 823 in
302 785 511 822 civitatibus
542 784 611 821 sibi
638 784 779 821 traditis
798 784 1001 820 dimittebat
1018 782 1137 827 Jesus,

87 847 171 894 quia
183 845 358 883 Dominus
375 845 446 881 hoc
458 844 627 891 jusserat.
652 843 720 888 Qui
739 850 858 880 autem
883 842 1140 879 existimabant

86 909 172 947 hinc
193 908 308 945 Deum
327 907 445 953 ipsum
460 905 572 941 fuisse
600 904 799 947 crudelem,
831 907 868 939 et
894 907 1041 948 propter
1070 901 1140 938 hoc

59 963 62 967 ’
86 970 230 1006 Veteris
256 965 479 1004 Testamenti
505 975 633 1001 verum
664 964 778 1000 Deum
810 961 922 998 fuisse
956 966 1139 997 auctorem

86 1029 216 1067 nolunt
235 1028 397 1070 credere,
422 1031 497 1061 tam
515 1033 688 1070 perverse
704 1024 748 1059 de
765 1022 934 1068 operibus
949 1021 1013 1057 Dei
1031 1031 1140 1068 quam

86 1088 133 1126 de
146 1085 306 1133 peccatis
323 1083 510 1119 hominum
523 1081 703 1128 judicant,
719 1081 921 1117 nescientes
936 1079 1023 1126 quid
1043 1079 1142 1126 quis-

87 1157 158 1196 que
171 1145 245 1193 pati
263 1144 392 1191 dignus
407 1142 468 1186 sit,
483 1146 520 1178 et
538 1151 709 1186 magnum
727 1145 894 1187 putantes
910 1140 1044 1176 malum
1060 1150 1140 1176 cum

86 1215 215 1246 casura
253 1203 498 1250 dejiciuntur,
529 1200 776 1246 mortalesque
810 1198 1028 1236 moriuntur.
1070 1198 1142 1246 (Ex

85 1264 328 1313 Adamantio.)
351 1276 364 1298 ‹
385 1263 518 1300 Beatus
534 1262 596 1309 qui
610 1262 757 1305 tenebit,
776 1267 813 1297 et
837 1261 959 1297 allidet
974 1259 1142 1307 parvulos

86 1334 168 1365 tuos
187 1326 232 1362 ad
254 1330 397 1371 petram
422 1321 537 1370 (Psal.
556 1321 718 1369 cxxxvi).
743 1334 756 1356 ι
785 1320 978 1367 Babylonis
1005 1319 1142 1355 scilicet

85 1387 270 1437 parvulos,
290 1386 352 1432 qui
366 1384 453 1420 nulli
476 1383 536 1419 alii
552 1382 799 1427 intelliguntur
814 1382 885 1417 uisi
907 1380 1142 1427 cogitationes

86 1449 203 1492 malae,
222 1457 302 1494 quae
317 1456 381 1482 cor
403 1450 568 1481 nostrum
595 1442 819 1479 confundunt
835 1448 872 1477 et
892 1441 1109 1478 conturbant
1130 1450 1139 1475 :

85 1509 156 1547 hoc
175 1508 272 1545 enim
305 1507 565 1551 interpretatur
589 1503 762 1549 Babylon.
785 1502 872 1546 Quae
906 1500 1141 1546 cogitationes

87 1579 172 1607 cum
189 1567 349 1614 parvulae
379 1570 518 1602 suntet
550 1563 654 1599 initia
686 1564 833 1605 babent,
860 1561 1023 1597 tenendae
1057 1565 1142 1596 sunt

88 1637 126 1667 et
156 1627 344 1665 allidendae
369 1627 414 1662 ad
433 1631 589 1671 petram,
619 1633 698 1669 quae
719 1627 775 1658 cst
791 1621 972 1664 Christus,
999 1626 1036 1656 et
1065 1620 1143 1665 ipso

86 1686 468 1738 jubentejugulandae,
486 1691 526 1722 ut
539 1683 630 1721 nihil
648 1684 687 1720 in
718 1682 822 1720 nobis
857 1680 1015 1718 resideat
1047 1680 1144 1726 quod

89 1751 256 1798 respiret.

138 1810 257 1859 (lmn.)
282 1821 294 1843 ‹
318 1808 421 1845 Sicut
447 1812 668 1855 praeceperat
696 1805 868 1842 Dominus
893 1804 1010 1851 Moysi
1040 1812 1145 1840 servo

94 1883 108 1907 t
139 1882 217 1915 suo,
238 1871 288 1906 ita
317 1869 488 1916 praecepit
521 1868 660 1914 Moyses
691 1866 812 1909 Josue‚
832 1870 868 1902 et
888 1865 948 1902 ille
978 1865 1147 1900 universa

94 1947 108 1972 ‹
138 1934 332 1981 complevit
355 1946 364 1969 z
385 1943 458 1969 non
486 1931 662 1979 praeteriit
683 1931 726 1967 dc
745 1929 926 1966 universis
943 1927 1145 1970 mandatis,

94 2011 109 2035 ι
137 2008 184 2034 ne
207 2007 318 2033 unum
343 1995 488 2041 quidem
505 1995 669 2037 verbum,
691 1994 786 2039 quod
799 1992 958 2038 jusserat
976 1991 1148 2027 Dominus

695 163 939 209 (ΞΟΜΜΕΝΤ.7
957 170 1004 208 ΙΝ
1026 171 1203 213 LIBRUM
1226 174 1383 213 JOSUE.
1406 167 1454 204 -ἒ
1475 175 1560 215 LIB.
1585 177 1630 215 ll.
1649 170 1658 201 ·.

35 269 41 283 2
105 250 115 261 ·
134 249 238 298 parvi
251 245 445 291 cujuslibet
457 242 536 280 vitii
551 244 853 280 autconsuetudo
877 250 941 280 aut
963 246 1132 291 cogitatio
1148 258 1183 299 A
1204 260 1218 283 c
1247 254 1327 286 erat
1357 249 1485 286 civitas
1509 260 1589 296 quae
1611 260 1686 288 non
1706 254 1786 286 erat
1810 251 1940 288 tradita
1958 255 2039 293 filiis
2054 257 2176 297 lsrael,
2211 275 2227 298 ‚

1736 131 1747 138 .
1792 133 1847 147 „j

2139 187 2232 236 1058

1202 307 1216 342 ί
1234 308 1292 345 Ex
1317 309 1558 357 Augustino.)
1595 310 1774 354 Quaeritur
1809 313 1983 355 quomodo
2014 317 2080 354 hoc
2107 329 2232 358 verum

1201 369 1274 412 sit,
1315 379 1398 405 cum
1435 379 1503 406 nec
1532 369 1756 416 temporibus
1790 374 1916 415 postea
1947 370 2102 416 judicum
2117 401 2129 420 ‚
2165 391 2235 419 m

1203 428 1423 474 temporibus
1442 438 1581 476 regum,
1604 438 1729 466 omnes
1746 429 1894 466 omnino
1927 429 2068 468 illarum
2099 443 2235 482 septem

1203 486 1363 534 gentium
1402 487 1566 524 civitates
1602 497 1733 534 capere
1762 487 1945 534 potuerint
1977 489 2130 530 Hebraei.
2167 495 2238 535 Sed

1204 550 1267 583 aut
1299 545 1353 582 sic
1383 546 1652 593 inteuigendum
1682 551 1738 582 est
1762 547 1857 592 quod
1882 547 1928 583 ad
1951 548 2086 586 nullam
2120 552 2242 592 civita.

1204 610 1279 642 tem
1312 604 1478 642 bellando
1517 605 1670 642 accessit
1704 604 1806 643 Jesus
1836 616 1944 652 quam
1980 617 2054 645 non
2083 613 2239 658 ceperit;

1204 671 1268 703 aut
1284 671 1382 704 certe
1397 665 1493 702 nulla
1506 676 1578 712 non
1595 671 1699 712 capta
1715 671 1786 711 est,
1804 667 1867 704 sed
1885 677 2010 704 earum
2025 679 2105 715 quae
2121 670 2159 707 in
2186 683 2242 710 re-

1204 726 1371 774 gionibus
1389 736 1500 772 supra
1523 728 1813 765 commemoratis
1830 727 1987 765 fuerunt.
2018 729 2243 769 Enumeratae

1204 791 1290 824 sunt
1307 786 1402 822 enim
1419 796 1544 823 omnes
1558 787 1719 834 regiones
1738 788 1775 824 in
1796 789 1924 834 quibus
1946 788 2092 826 fuerunt
2121 791 2246 827 civita-

1205 851 1260 882 tes
1274 845 1317 881 de
1334 846 1463 891 quibus
1477 845 1571 882 facta
1585 852 1639 884 est
1655 848 1725 884 ista
1742 848 1924 885 conclusio
1940 860 1949 884 :
1966 848 2013 884 Et
2027 859 2144 886 omnes
2160 852 2246 897 cepit

1204 905 1243 941 in
1268 905 1368 942 beuo.
1401 905 1472 953 (Ex
1497 907 1735 955 Adamantio.)
1761 907 1840 945 Non
1864 908 1955 944 dixit
1989 909 2075 954 quia
2111 910 2249 956 accepit

1205 964 1308 1003 Jesus
1323 966 1463 1013 aliquos
1487 967 1525 1004 in
1542 967 1649 1011 bello,
1670 973 1706 1003 et
1722 967 1859 1014 aliquos
1891 978 1962 1005 non
1989 969 2152 1016 accepit;
2184 970 2247 1006 scd

1206 1037 1331 1064 omnes
1356 1029 1507 1075 accepit,
1535 1029 1573 1065 id
1598 1035 1654 1065 est
1670 1039 1794 1066 omnes
1813 1030 1917 1075 cepit,
1937 1035 1973 1066 et
2005 1039 2129 1067 omnes
2161 1039 2246 1077 per-

1207 1087 1307 1124 emit.
1325 1087 1458 1124 Omnes
1474 1088 1609 1124 etenim
1627 1089 1765 1133 species
1780 1089 1920 1134 peccati
1944 1090 2154 1135 expurgavit
2178 1091 2249 1127 Do-

1159 1155 1191 1194 B
1209 1148 1328 1184 minus
1344 1146 1468 1194 jesus,
1498 1158 1696 1194 omnesque
1729 1148 1917 1184 destruxit.
1937 1147 2065 1185 Cuncti
2097 1158 2252 1196 namque

1209 1217 1352 1244 eramus
1371 1207 1558 1251 insensati,
1577 1207 1764 1252 increduli,
1780 1213 1956 1252 errantes,
1973 1208 2168 1245 servientes
2192 1208 2253 1245 de-

1209 1267 1349 1303 sideriis
1368 1267 1493 1310 variis,
1512 1268 1549 1302 in
1565 1267 1704 1303 malitia
1720 1273 1757 1303 et
1771 1266 1904 1303 invidia
1918 1273 2063 1315 agentes
2074 1294 2084 1312 ,
2103 1268 2253 1305 odibiles

1207 1332 1244 1362 et
1258 1327 1418 1363 odientes
1435 1327 1603 1370 invicem,
1630 1331 1666 1362 et
1692 1336 1797 1362 omne
1823 1326 1911 1363 illud
1934 1328 2172 1374 quodcunque
2197 1333 2253 1364 est

1207 1386 1345 1431 peccati
1364 1396 1476 1432 genus
1492 1386 1586 1431 quod
1599 1386 1780 1422 invenitur
1791 1386 1828 1422 in
1842 1387 2046 1424 hominibus
2059 1393 2251 1434 antequam

1209 1447 1369 1484 credant.
1398 1447 1495 1490 Bene
1514 1457 1598 1494 ergo
1615 1447 1702 1483 dicit
1731 1448 1815 1493 quia
1846 1458 1971 1486 omnes
1989 1449 2119 1485 occidit
2147 1447 2251 1485 Jesus

1209 1508 1270 1554 qui
1287 1508 1453 1544 exierunt
1478 1508 1523 1543 ad
1550 1507 1696 1551 bellum,
1715 1507 1811 1544 nulla
1828 1509 1925 1544 enim
1943 1509 2082 1555 speeies
2110 1508 2251 1555 peccati

1209 1573 1311 1604 tanta
1331 1574 1387 1604 est
1415 1577 1486 1613 qua
1509 1578 1582 1603 non
1614 1567 1661 1603 sit
1686 1567 1847 1612 superior
1861 1566 1979 1611 Jesus,
1997 1569 2058 1614 qui
2081 1573 2135 1605 est
2164 1568 2253 1604 Ver-

1208 1629 1295 1666 bum
1312 1634 1348 1664 et
1362 1629 1538 1674 sapientia
1559 1629 1635 1665 Dei.
1654 1628 1783 1665 Omnia
1799 1628 1895 1664 enim
1914 1635 2056 1674 superat
2071 1635 2107 1665 et
2128 1629 2253 1666 vincit.

1207 1689 1265 1727 An
1283 1700 1355 1726 non
1373 1691 1423 1725 ita
1453 1690 1631 1727 credimus
1651 1691 1734 1736 quia
1752 1699 1857 1726 omne
1875 1699 1987 1736 genus
2005 1690 2143 1734 peccati
2176 1699 2257 1726 cum

1211 1751 1255 1787 ad
1275 1752 1431 1789 salutare
1448 1751 1631 1787 lavacrum
1664 1751 1827 1788 venimus
1858 1750 2042 1786 aufertur?
2062 1750 2137 1786 Hoc
2161 1750 2256 1786 enim

1211 1817 1247 1848 et
1263 1812 1455 1858 Apostolus
1471 1813 1645 1857 designat,
1661 1813 1721 1858 qui
1739 1822 1822 1848 cum
1845 1812 2011 1847 universa
2030 1816 2258 1857 peccatorum

1214 1883 1344 1920 genera
1379 1874 1654 1917 dinumerasset,
1683 1872 1781 1909 addit
1808 1879 1890 1919 post
1922 1872 2056 1915 omnia,
2084 1877 2121 1908 et
2142 1871 2255 1908 dicit:

1218 1946 1230 1968 ι
1255 1935 1300 1970 Ει
1326 1935 1403 1970 liaee
1420 1934 1562 1980 quidem
1578 1934 1767 1980 aliquando
1785 1934 1916 1978 fuistis,
1935 1934 1999 1970 sed
2016 1933 2127 1970 abluti
2155 1933 2258 1977 estis,

1216 1995 1279 2031 sed
1292 1995 1506 2031 sanctificati
1531 1994 1617 2031 estis
1644 1994 1681 2030 in
1700 1994 1844 2031 nominc
1872 1994 2014 2030 Domini
2032 1993 2147 2029 nostri
2174 1992 2260 2030 Jesu

96 2072 110 2095 ι
140 2058 268 2106 Moysi,
292 2070 305 2092 ›
329 2062 366 2093 et
385 2061 528 2092 caetera.
553 2055 618 2090 llic
638 2053 778 2099 Moyses
806 2062 925 2088 sermo
958 2052 1035 2097 ipse
1058 2051 1148 2096 legis
1167 2048 1196 2089 C
1218 2056 1350 2092 Christi
1366 2056 1400 2103 (Ι
1421 2055 1501 2092 Cor.
1530 2057 1595 2103 vi).
1626 2069 1637 2089 ι
1667 2055 1743 2091 lloc
1760 2064 1845 2101 ergo
1861 2055 1965 2091 modo
1983 2064 2108 2091 omnes
2124 2054 2262 2100 cepisse

91 2120 318 2168 appellatur,
349 2119 442 2156 sicut
474 2122 512 2153 ct
538 2117 575 2152 in
596 2115 790 2162 Evangelio
818 2114 933 2150 dicit:
960 2125 971 2146 ‹
1009 2112 1151 2148 Habent

93 2180 243 2227 Moysen
279 2184 315 2215 ct
349 2177 563 2224 prophetas,
596 2175 745 2211 audiant
772 2173 851 2210 illos
878 2172 978 2220 (Luc.
1014 2172 1104 2219 xvi).
1134 2184 1146 2206 ›

90 2242 169 2281 Lex
204 2250 291 2287 ergo
323 2237 493 2286 praecepit
526 2237 630 2272 nobis
663 2235 868 2272 interficere
893 2243 1019 2270 omnes
1048 2243 1152 2279 reges

92 2301 233 2349 peccati
251 2300 313 2346 qui
340 2309 407 2335 nos
440 2301 639 2344 provocant
667 2296 713 2332 ad
733 2300 933 2342 peccatum,
956 2295 1050 2330 sicut
1067 2293 1153 2328 fecit

93 2362 214 2407 Jesus,
232 2367 268 2398 ct
286 2371 356 2397 non
376 2365 432 2396 cst
452 2365 683 2406 trangressus
704 2357 899 2404 quidquam
918 2365 963 2391 ex
986 2354 1152 2391 omnibus

95 2433 175 2469 quae
206 2420 445 2458 constituitei
466 2419 620 2466 Moyses.
651 2418 816 2453 Diximus
844 2416 1004 2462 quidem,
1025 2426 1153 2451 secun-

95 2483 181 2519 dum
198 2481 357 2528 priorem
370 2478 606 2526 expositionis
625 2478 801 2520 ordinem,
821 2476 905 2522 quia
932 2483 1154 2521 quaecunque

95 2544 154 2580 lex
189 2543 266 2586 Dei,
303 2551 383 2587 quae
399 2550 495 2576 nunc
528 2539 671 2585 Moyses
702 2537 915 2583 appellatur,
951 2535 1151 2577 constituit,

96 2603 222 2650 implet
252 2601 358 2637 Jesus
389 2600 426 2636 in
445 2599 569 2642 nobis;
599 2603 636 2633 et
654 2597 731 2643 ipse
750 2602 805 2632 est
828 2596 890 2642 qui
915 2595 1090 2632 interimit
1116 2595 1153 2629 in

96 2664 203 2700 nobis
229 2662 333 2705 vitia,
353 2666 389 2697 et
419 2658 640 2706 nequissima
663 2657 803 2703 peccati
828 2666 938 2701 regna
958 2655 1151 2691 subvertit.

97 2723 223 2760 Potest
259 2726 382 2756 tamen
417 2719 528 2756 etiam
555 2718 598 2754 de
617 2717 695 2764 ipso
715 2716 866 2753 Domino
899 2721 936 2752 et
967 2715 1154 2751 Salvator-e

98 2787 224 2820 nostro
241 2781 325 2825 dici,
335 2780 420 2826 quia
434 2778 555 2815 omnia
570 2788 650 2824 quae
664 2777 835 2824 praecepit
849 2776 989 2823 Moyses
1006 2776 1042 2811 in
1059 2776 1152 2822 lege,

99 2843 188 2880 fecit
203 2841 320 2884 Jesus,
348 2846 384 2876 ct
399 2850 471 2876 non
489 2844 544 2876 est
564 2844 812 2884 transgressus
835 2836 1043 2883 quidquam.
1060 2835 1154 2879 Quo-

99 2903 200 2940 niam
217 2901 363 2948 quidem
383 2899 472 2935 dicit
495 2897 701 2944 Apostolus,
730 2909 742 2931 ‹
767 2896 851 2943 quia
881 2906 963 2931 eum
995 2894 1153 2930 venisset

98 2960 285 3010 plenitudo
308 2965 522 3005 temporum,
540 2956 639 2993 misit
668 2955 763 2992 Deus
796 2954 930 2992 Filium
963 2964 1069 2990 suum
1100 2952 1154 2988 ra-

100 3027 201 3060 ctum
236 3031 283 3058 ex
316 3020 481 3063 muliere,
505 3019 639 3056 factum
665 3017 828 3063 sublege
862 3015 958 3064 (Gal.
982 3016 1045 3063 iv).
1074 3029 1086 3050 ι
1117 3015 1157 3052 Si

100 3092 189 3130 ergo
207 3080 325 3117 sactus
340 3086 395 3117 est
411 3080 478 3116 suh
496 3079 588 3126 lege,
605 3089 687 3115 cum
705 3078 782 3125 lege
802 3077 911 3113 etiam
929 3077 1050 3113 omnia
1076 3087 1157 3122 quae

101 3141 163 3178 lex
177 3140 371 3177 mandabat
386 3139 560 3186 implevit,
580 3144 621 3176 ut
633 3149 698 3175 nos
715 3138 911 3174 redimeret
931 3147 951 3172 a
967 3137 1158 3173 maledicto

102 3200 206 3249 legis.
224 3199 296 3238 Sed
321 3206 358 3236 et
393 3201 469 3246 ipse
488 3200 532 3236 de
551 3209 590 3236 se
607 3199 694 3235 dicit
714 3211 722 3234 :
748 3211 760 3232 ‹
789 3197 869 3236 Non
907 3198 986 3234 veni
1019 3197 1159 3234 solvere

103 3261 236 3311 legem,
255 3262 319 3300 sed
333 3261 529 3308 adimplere
546 3261 690 3309 (Matth.
711 3260 762 3308 v).
784 3274 796 3296 t

520 3334 671 3373 CAPUT
691 3335 749 3373 vl.

107 3394 161 3434 De
178 3406 218 3433 eo
235 3397 328 3444 quod
350 3397 460 3433 Josue
478 3406 596 3432 omnes
620 3406 715 3442 reyes
746 3394 916 3431 Chanaan
943 3401 975 3430 et
1006 3395 1159 3430 civitates

155 3453 276 3527 atrum
287 3442 476 3526 ἓιιςέηαηάο
493 3443 594 3489 cepit,
617 3442 744 3489 absque
765 3441 933 3478 Hevaeum
948 3441 1008 3487 qui
1024 3440 1161 3475 habita-

231 3501 270 3526 m
320 3502 341 3525 α
365 3500 448 3526 αοη.

156 3564 276 3614 (Inui.)
313 3577 326 3600 ι
350 3565 461 3602 Multo
498 3555 662 3613 tempore
689 3563 861 3612 pugnavit
890 3562 999 3599 Josue
1033 3566 1159 3598 contra

114 3636 130 3661 ¹
151 3636 257 3674 reges
271 3627 373 3664 istos.
397 3626 476 3663 Non
493 3627 562 3663 fuit
579 3628 707 3664 clvitas
736 3637 814 3674 quae
832 3636 871 3662 se
890 3624 1045 3661 traderet
1077 3621 1159 3656 tiliis

115 3697 132 3723 ι
156 3687 276 3734 lsrael,
294 3695 424 3737 praeter
443 3689 612 3726 Hevaeum
628 3689 690 3735 qui
713 3687 897 3724 habitabat
927 3686 964 3722 in
989 3685 1157 3725 Gabaon3

116 3759 134 3805 q
159 3760 286 3791 omnes
309 3752 473 3792 bellando
496 3751 602 3799 cepit.
638 3764 652 3786 ι
689 3749 924 3796 Septuaginta
944 3759 954 3787 ;
978 3763 991 3784 ι
1015 3746 1061 3785 Et
1086 3755 1156 3783 non

1217 2118 1255 2155 in
1274 2117 1397 2163 praelio
1416 2117 1561 2160 dicitur,
1580 2121 1616 2152 et
1628 2126 1754 2152 omnes
1770 2115 1978 2161 peremisse.

1268 2176 1384 2224 (Imn).
1407 2188 1419 2209 ‹
1444 2176 1589 2212 Domini
1608 2175 1705 2212 enim
1731 2174 1905 2211 sententia
1922 2174 2040 2210 fuerat
2054 2178 2093 2210 ut
2118 2172 2263 2209 indura·

1224 2249 1237 2270 ι
1267 2242 1393 2272 rentur
1411 2236 1518 2272 corda
1549 2246 1685 2278 corum,
1705 2240 1741 2272 ct
1767 2240 1967 2282 pugnarent
1987 2240 2111 2271 contra
2143 2233 2264 2277 lsrael,

1223 2308 1235 2329 ι
1266 2302 1303 2332 et
1317 2296 1499 2338 cade-rent,
1521 2301 1556 2331 et
1570 2306 1642 2331 non
1656 2300 1880 2330 mererentur
1895 2294 2002 2330 ullam
2021 2294 2263 2337 clementiam,

1223 2367 1235 2389 ‹
1267 2365 1308 2391 ac
1339 2355 1513 2400 perirent,
1536 2355 1628 2390 sieut
1653 2359 1873 2400 praeceperat
1901 2354 2070 2389 Dominus
2090 2353 2215 2399 Moysi.
2246 2365 2260 2387 ι

1221 2416 1291 2463 (Ex
1310 2414 1534 2461 Anqustino.)
1553 2414 1755 2450 Secundum
1777 2414 2008 2460 Septuaginta
2025 2423 2109 2449 vero
2137 2413 2186 2448 ita
2208 2412 2261 2449 le-

1219 2475 1342 2523 gitur:
1370 2486 1381 2507 «
1406 2474 1495 2518 Quia
1526 2483 1591 2519 per
1613 2473 1802 2510 Dominum
1835 2472 1968 2509 factum
1985 2479 2040 2509 cst
2070 2472 2264 2510 confortari

1223 2549 1235 2570 ‹
1265 2545 1326 2571 cor
1345 2544 1480 2576 eorum,
1501 2539 1539 2569 ut
1570 2534 1709 2570 obviam
1738 2534 1830 2569 irent
1863 2534 1907 2569 ad
1927 2533 2058 2569 bellum
2076 2533 2118 2569 ad
2136 2533 2261 2578 Israel,

1224 2608 1236 2630 ‹
1264 2602 1300 2632 et
1314 2595 1655 2637 exterminarentur,
1672 2594 1722 2630 ita
1741 2599 1780 2628 ut
1797 2603 1867 2629 non
1886 2594 2030 2629 daretur
2049 2593 2102 2629 eis
2122 2592 2262 2629 miseri-

1225 2668 1236 2690 ι
1267 2656 1401 2699 cordia,
1414 2656 1475 2691 sed
1488 2662 1527 2690 ut
1540 2655 1876 2698 exterminarentur,
1889 2654 1981 2690 sicut
1990 2653 2080 2690 dixit
2091 2652 2264 2689 Dominus

1226 2730 1237 2752 ι
1269 2717 1313 2753 ad
1332 2716 1488 2763 Moysen.
1515 2729 1526 2750 ι
1554 2716 1606 2751 lta
1638 2715 1771 2751 dictum
1800 2720 1854 2751 est
1883 2715 1952 2750 hoc
1982 2723 2045 2760 per
2071 2714 2262 2749 Dominum

1222 2777 1357 2813 sactum
1377 2776 1572 2812 confortari
1589 2786 1652 2812 cor
1678 2785 1818 2819 corum,
1835 2775 1902 2811 hoc
1921 2779 1975 2811 est
1988 2800 1997 2817 ‚
2015 2774 2185 2810 obdurari
2205 2783 2266 2808 cor

1223 2847 1363 2880 eorum,
1393 2837 1485 2872 sient
1515 2837 1558 2871 dc
1584 2836 1771 2873 Pharaone
1804 2847 1812 2870 :
1838 2835 1931 2882 quod
1968 2835 2087 2870 divino
2124 2833 2266 2879 altoque

1220 2898 1354 2943 judicio
1367 2897 1461 2944 iuste
1480 2897 1557 2933 ficri
1573 2897 1720 2933 minime
1734 2895 1966 2933 dubitandum
1983 2900 2050 2938 cst,
2068 2904 2150 2930 cum
2167 2893 2269 2930 dese-

1225 2961 1273 2996 rit
1287 2960 1382 2995 Deus
1398 2965 1435 2995 ct
1453 2959 1612 3005 possidet
1627 2959 1804 2994 inimicus.
1826 2957 1927 3000 Quod
1947 2957 2000 2992 sic
2022 2955 2267 3001 accipiendum

1224 3027 1279 3058 est
1294 3020 1594 3066 quemadmodum
1615 3024 1650 3054 ct
1667 3018 1728 3054 ibi.
1755 3018 1826 3054 Sed
1845 3018 1905 3053 bic
1923 3016 2018 3053 aliud
2038 3022 2169 3059 movet,
2183 3026 2269 3062 quo-

1225 3082 1332 3117 modo
1363 3080 1499 3116 dietum
1520 3079 1581 3122 sit,
1605 3078 1649 3113 ad
1671 3079 1739 3114 hoc
1755 3077 1807 3113 eis
1826 3077 2064 3113 confortatum
2091 3086 2169 3112 csse
2192 3086 2266 3117 cor,

1226 3147 1265 3178 ut
1288 3145 1526 3186 exsurgerent
1545 3140 1581 3175 in
1598 3138 1728 3175 bellum
1746 3138 1916 3172 adversus
1937 3135 2056 3176 lsrael,
2076 3140 2111 3169 et
2133 3134 2178 3168 ob
2200 3133 2267 3168 hoc

1227 3204 1280 3239 cis
1309 3213 1379 3238 non
1400 3201 1602 3248 praeberent
1635 3195 1928 3235 miscricordiam,
1953 3192 2054 3237 quasi
2078 3191 2265 3237 praebcnda

1226 3270 1323 3301 esset
1357 3263 1387 3299 si
1421 3272 1490 3298 non
1514 3259 1702 3299 bellarcnt;
1728 3265 1808 3291 cum
1841 3255 1934 3289 Deus
1953 3252 2162 3298 praeceperit
2180 3251 2266 3287 nulii

1227 3334 1352 3361 eorum
1384 3331 1462 3358 esse
1493 3316 1737 3365 parcendum:
1766 3319 1801 3350 et
1817 3314 1863 3349 ob
1882 3313 1949 3348 hoc
1966 3311 2175 3348 Gabaonitis
2200 3321 2265 3357 pe-

1227 3382 1417 3430 percerint,
1442 3378 1522 3422 quia
1546 3386 1584 3411 se
1613 3376 1657 3410 de
1686 3373 1876 3419 longinqua
1910 3377 2004 3407 terra
2025 3370 2164 3406 venisse
2202 3370 2265 3406 fin-

1226 3447 1361 3491 gentes,
1381 3447 1503 3475 eorum
1522 3435 1736 3481 jurationem
1759 3437 1956 3469 tenuerant.
1995 3430 2066 3467 Sed
2098 3429 2264 3476 quoniam

1225 3498 1438 3547 quibusdam
1477 3495 1571 3531 ultro
1599 3494 1828 3540 praebuerunt
1857 3491 2027 3528 Israelitae
2061 3489 2265 3526 misericor-

1225 3560 1333 3602 diam,
1349 3556 1511 3603 quamvis
1531 3561 1655 3591 contra
1673 3553 1735 3590 Dei
1750 3552 1975 3593 mandatum,
1996 3550 2118 3585 adhoc
2132 3549 2264 3584 dictum

1226 3630 1304 3658 esse
1319 3617 1584 3664 intelligendum
1603 3622 1672 3659 est,
1694 3617 1781 3651 istos
1814 3614 1860 3649 ita
1888 3612 2039 3648 bellasse
2057 3618 2181 3645 utnon
2212 3610 2267 3647 eis

1226 3684 1446 3728 parceretur,
1471 3687 1537 3713 ncc
1567 3677 1611 3712 ab
1631 3676 1684 3711 eis
1702 3674 1788 3721 ipsis
1810 3671 1990 3715 Israelitae,
2011 3670 2174 3716 neglecto
2201 3669 2266 3706 Dei

1227 3740 1407 3785 mandato,
1438 3737 1481 3775 ad
1499 3734 1780 3775 miscricordiam
1802 3732 2044 3772 flecterentur.
2064 3730 2165 3778 Quod
2185 3730 2265 3777 qui-
