2540 4016
43 140 110 179 zeti

643 139 976 178 EXPOSITIONES
1000 139 1047 175 ΙΝ
1070 138 1338 175 LEVITICUM.
1366 158 1412 164 —
1438 139 1522 174 LlB.
1548 140 1606 176 111.

2131 148 2200 185 56

43 221 122 251 cunt
140 215 232 251 vobis
249 215 366 262 facite,
380 219 412 251 et
426 213 593 250 custodite
607 202 826 248 {secundum
842 218 958 247 autem
979 223 1084 257 opera
1104 215 1134 253 Δ
1153 212 1269 259 legem
1287 217 1430 251 moveat
1462 212 1678 248 auditorem.
1705 213 1946 257 Quamobrem
1978 227 2015 256 et
2045 233 2066 258 a
2098 226 2204 263 nobis

41 284 161 310 eorum
185 273 290 309 nolite
308 273 420 318 facere
439 272 582 319 (Marta.
604 270 732 317 xxi-11).

91 333 131 369 Si
147 334 308 370 ceciderit
326 343 429 379 super
445 337 628 368 sementem
648 342 716 366 non
744 331 871 377 polluit
900 341 978 366 eam
999 339 1011 363 .·
1031 330 1087 365 sin

41 401 159 429 autem
177 394 345 440 quispiam
362 403 452 439 aqua
471 397 655 427 sementem
683 390 889 437 perfuderit,
911 396 942 424 et
968 395 1086 435 postea

42 463 63 486 a
80 453 270 487 morticinis
290 451 512 498 induruerit,
533 450 627 486 illico
641 449 830 497 polluetur.
850 448 922 497 (Ex
934 449 1086 495 eodem.)

43 497 139 549 Nihil
165 514 402 550 indiscussum
421 513 591 558 relinquit
614 512 810 559 legislator,
825 511 888 547 scd
907 511 1027 546 omnia
1050 511 1087 546 in

43 574 275 618 subsequenti
297 573 457 616 discutit,
481 572 739 619 perfectionem
769 571 857 617 legis
886 570 1087 616 spiritalem

42 633 198 678 probare
223 632 443 674 desiderans,
475 632 544 668 etsi
565 632 775 677 imperfecta
801 631 854 666 eis
875 631 1063 667 videbatur
1077 659 1086 676 ,

43 690 186 734 quando
205 691 318 726 solam
333 692 566 727 intuebantur
584 691 758 726 litteram.

90 749 338 786 Differentiam
374 751 483 796 igitur
511 752 570 788 1110
604 752 821 794 infidelium,
842 752 903 797 qui
935 751 1088 786 necdum

42 805 215 853 baptizati
237 813 319 842 sunt
338 809 498 853 exponit,
513 815 549 844 et
563 819 686 845 semen
718 816 889 853 utrosque
920 809 1088 854 appellat,

0 894 1 899 ,
43 870 176 911 utpote
187 865 247 910 qui
268 867 611 913 susceperuntregni
632 867 994 912 praedicationcm,de
1011 868 1090 915 qui-

0 931 1 944 ³
45 923 112 961 bus
130 925 301 961 Dominus
318 927 524 971 parabolam
539 926 685 961 seminis
701 936 906 971 proponens
921 926 1063 961 dicebat
1080 938 1087 959 ;

44 985 181 1020 Bonum
200 997 327 1028 semen,
342 986 408 1030 filii
429 992 506 1020 sunt
529 989 624 1031 reyni
653 986 794 1032 (Jtatttz.
815 986 917 1033 x111);
946 987 1007 1022 scd
1036 997 1091 1022 se-

45 1052 216 1087 mentem,
226 1054 306 1088 quoe
319 1044 471 1080 necdum
482 1045 658 1080 seminata
672 1051 739 1088 est,
751 1046 845 1082 unde
856 1046 1091 1092 Septuaginta

1154 272 1423 317 recapitulanda
1443 277 1541 315 sunt,
1557 271 1642 318 quia
1659 278 1696 309 et
1714 275 1887 319 quiddam
1912 287 2044 315 novum
2067 284 2205 323 addidit

1152 331 1323 378 praesenti
1349 331 1548 374 sanctioni,
1565 330 1808 368 neeessariam
1823 334 1876 370 eis
1893 335 2068 381 adjiciens
2091 344 2206 379 actio-

1154 401 1237 427 nem
1251 390 1508 427 meditationis.
1527 391 1616 434 Qum
1631 398 1767 438 reptant
1780 403 1867 440 ergo
1889 405 1994 441 super
2011 402 2155 443 terram,
2167 402 2205 437 111

1155 455 1238 487 sunt
1259 450 1320 496 qui
1337 457 1479 487 terrena
1497 452 1653 497 sapiunt,
1670 457 1707 488 et
1724 452 1786 499 qui
1802 453 1987 492 lutulentis
2009 465 2208 502 pascuntur

1155 510 1367 545 actionibus.
1381 510 1496 556 Super
1508 515 1633 556 pectus
1650 511 1725 547 sive
1741 522 1849 558 super
1865 519 2030 551 ventrem
2043 517 2209 555 similiter

1156 568 1380 614 gradiuntur,
1392 570 1654 616 gastrimargiae
1668 581 1814 617 operam
1834 573 1973 611 dantes.
1996 575 2036 611 ln
2055 583 2210 623 quatuor

1157 629 1368 676 gradiuntur
1388 640 1496 676 super
1516 636 1663 674 terram,
1691 633 1750 677 qui
1778 633 2070 678 praedicationem
2100 647 2209 674 evan-

1158 689 1351 734 gelicorum
1370 689 1559 732 librorum,
1581 700 1647 736 pro
1668 701 1711 727 eo
1725 693 1821 737 quod
1840 693 1938 730 salus
1954 695 1990 730 in
2007 696 2061 732 eis
2081 707 2210 742 pecca-

1159 754 1275 784 torum
1294 749 1523 794 preadicatur,
1540 751 1738 787 abutuntur
1762 752 1798 787 in
1828 753 2052 791 luxuriosam
2082 757 2207 799 vitam,

1158 818 1229 842 non
1250 809 1490 854 intelligentes
1507 810 1590 855 quia
1624 817 1835 856 peccatores
1866 823 1937 848 non
1970 821 2010 850 ut
2041 824 2211 852 maneant

1158 873 1376 911 peccatores,
1398 869 1460 904 sed
1489 874 1528 904 ut
1545 876 1690 906 cessent
1705 881 1724 905 a
1744 873 1903 916 peccatis
1928 881 2101 919 provocat
2120 886 2212 922 prae-

1158 925 1312 968 dicati03
1330 928 1392 962 sed
1417 928 1469 963 eis
1484 929 1544 973 qui
1565 929 1600 964 in
1615 935 1771 975 quatuor
1787 933 1986 976 ambulant,
2011 935 2164 979 addidit,
2178 944 2212 973 et

1158 983 1285 1019 multos
1295 987 1396 1020 habet
1411 988 1528 1031 pedes,
1539 990 1732 1025 ostendens
1747 991 1840 1034 quod
1860 991 1944 1027 licet
1960 994 1989 1028 si
2005 1004 2077 1029 non
2093 995 2212 1032 solum

1159 1053 1202 1078 ex
1218 1044 1433 1090 evangelicis
1452 1045 1567 1088 libris,
1581 1047 1642 1081 sed
1658 1057 1701 1081 ex
1719 1048 1799 1083 aliis
1815 1048 2025 1094 Scripturis‚
2044 1058 2152 1098 atque
2167 1064 2213 1090 ex

44 1102 260 1136 ediderunt:
285 1113 398 1137 semen
427 1104 591 1147 sativum,
622 1105 714 1150 quod
748 1105 949 1149 seminabit,
968 1106 1002 1141 id
1019 1111 1088 1149 est,
1110 1112 1140 1150 Β
1159 1106 1259 1140 varia
1292 1106 1384 1141 sicut
1417 1106 1505 1152 ipsis
1535 1108 1677 1144 videtur
1707 1109 1870 1145 doctrina
1901 1111 1969 1148 hoc
1995 1115 2214 1152 confirmare

44 1161 138 1206 quod
150 1162 300 1197 necdum
317 1163 531 1198 seminatum
543 1169 610 1207 est,
623 1165 869 1201 seminandum
886 1171 1006 1201 autem
1016 1172 1067 1201 est
1080 1177 1088 1208 ;

43 1229 106 1256 eos
117 1222 176 1266 qui
188 1221 338 1257 necdum
354 1222 523 1267 baptizati
535 1229 631 1265 sunt,
642 1223 846 1269 baptizandi
863 1230 981 1260 autom
994 1231 1088 1268 sunt,

44 1286 142 1315 recte
183 1281 385 1326 appellavit.
425 1281 538 1327 Super
566 1283 631 1318 hos
662 1284 690 1318 si
721 1284 805 1328 quid
838 1285 1091 1329 praedictorum

44 1342 320 1378 morticinorum
336 1342 455 1385 cadat,
475 1344 559 1388 quia
578 1345 731 1380 necdum
751 1345 928 1381 cautelam
960 1353 1093 1392 myste-

43 1404 180 1441 riorum
206 1410 435 1449 accepcrunt,
452 1415 517 1440 nec
546 1406 723 1452 integram
757 1407 820 1442 Dei
853 1408 1092 1453 cognitionem

44 1465 350 1509 conquisiverunt,
368 1475 447 1510 quae
469 1465 548 1501 illos
564 1467 678 1511 possit
691 1468 867 1502 removeri
884 1478 905 1502 3
924 1477 1093 1513 superve-

45 1523 227 1558 nientibus
248 1533 291 1558 ex
312 1523 526 1569 negligentia
542 1526 845 1568 peccatis,mundi
866 1536 945 1562 esse
971 1527 1095 1561 dicun·

45 1586 118 1624 tur,
140 1587 286 1627 propter
304 1583 511 1627 praedictam
531 1593 676 1619 causam
706 1585 809 1620 venia
836 1586 931 1632 digni
955 1598 963 1620 ι
985 1596 1094 1632 super

46 1650 137 1685 quos
161 1650 246 1676 vero
262 1641 339 1676 susa
358 1640 466 1677 suerit
485 1652 590 1688 aqua,
612 1644 778 1679 videlicet
800 1645 1039 1690 baptismatis,
1056 1647 1093 1682 hi

46 1701 252 1736 necessario
271 1701 444 1738 immundi
460 1702 562 1745 siunt,
584 1703 614 1738 si
638 1714 747 1739 unum
767 1715 810 1740 ex
826 1706 882 1741 bis
900 1716 978 1751 quse
995 1717 1093 1742 mor-

46 1760 157 1795 ticina
179 1767 261 1796 sunt
277 1771 383 1806 super
412 1771 474 1797 eos
507 1762 684 1797 inciderit.
717 1763 932 1809 Oportuerat
962 1767 1094 1812 quippe

48 1819 139 1854 tanti
157 1820 432 1864 participatione
451 1820 549 1862 doni,
569 1821 612 1855 ad
628 1831 753 1857 eorum
772 1823 954 1867 pertinere
973 1831 1094 1861 custo-

46 1880 154 1915 diam.
176 1880 302 1915 Terret
323 1880 433 1926 igitur
449 1880 511 1915 Dei
531 1880 685 1927 Spiritus
705 1891 766 1918 005
783 1883 845 1928 qui
860 1883 944 1918 olim
965 1894 1092 1929 peree-

44 1944 174 1986 perunt
205 1939 402 1984 baptisma,
424 1944 555 1975 utnon
579 1949 623 1975 ex
654 1941 870 1987 negligentia
904 1948 1093 1988 peccantes

46 2001 221 2037 immundi
239 2001 339 2037 fiant.

91 2061 131 2097 Si
144 2067 319 2097 mortuum
331 2062 435 2108 fuerit
451 2064 583 2098 animal
595 2065 688 2111 quod
702 2064 779 2101 licet
792 2066 884 2102 vobis
899 2067 1092 2111 comedere,

43 2123 104 2171 qui
124 2123 271 2158 cadaver
291 2124 366 2169 ejus
397 2125 556 2170 tetiqerit,
586 2125 784 2162 immundus
819 2128 883 2162 erit
913 2139 1021 2174 usque
1049 2128 1095 2163 ad

47 2195 244 2231 uesperam;
265 2190 296 2219 et
314 2185 374 2230 qui
393 2185 578 2220 comederit
590 2196 632 2220 ex
647 2197 686 2221 eo
702 2187 880 2234 quidpiam
897 2194 999 2234 atque
1014 2199 1095 2234 por-

47 2244 184 2285 taverit,
201 2242 327 2278 lavabit
344 2244 541 2280 vestimenta
555 2256 634 2289 sua,
648 2251 678 2280 et
695 2247 894 2282 immundus
910 2249 974 2283 erit
989 2259 1095 2295 usque

47 2302 94 2337 ad
113 2313 298 2348 vesperam.
313 2301 384 2349 (Ex
398 2303 545 2350 eodem.)
565 2304 871 2348 Quemadmodum
888 2313 1096 2352 peccatores

47 2367 299 2407 permanentes
315 2362 351 2397 in
370 2363 528 2408 peccatis
547 2364 777 2399 abominandi
807 2371 901 2408 sunt,
918 2366 966 2401 ita
989 2367 1097 2413 justis

47 2422 145 2458 omni
163 2421 280 2458 studio
294 2423 576 2458 concurrendum
596 2429 663 2466 est,
676 2424 869 2461 scientibus
885 2427 988 2462 nobis
1001 2426 1097 2472 quod

48 2490 94 2517 ex
107 2481 158 2517 eis
175 2481 455 2517 sanctificamur.
486 2481 524 2518 Si
553 2488 671 2519 autem
695 2484 828 2519 mortui
848 2484 980 2520 suerint
997 2485 1097 2530 gravi

48 2541 188 2587 peccati
211 2546 340 2584 morte,
361 2551 433 2577 non
458 2542 630 2578 dehemus
645 2549 791 2590 tangere
807 2544 949 2579 illorum
969 2545 1095 2588 vitam,

50 2612 118 2638 1100
146 2611 272 2638 eorum
294 2604 577 2639 conversationis
611 2613 690 2640 esse
716 2605 924 2649 participes,
941 2605 1096 2641 scientes

51 2661 147 2706 quod
164 2661 196 2696 si
207 2661 287 2707 quis
297 2660 468 2707 tetigerit,
486 2662 689 2698 immundus
706 2664 774 2699 erit
787 2674 973 2710 usquequo
987 2665 1096 2700 etiam

51 2720 128 2765 ipse
146 2720 332 2766 poeniteat.
353 2720 424 2756 Sed
446 2725 483 2756 et
510 2721 569 2767 qui
603 2722 797 2758 comederit
825 2723 869 2759 (10
896 2724 1096 2761 morticinis

52 2789 191 2823 eorum,
213 2780 334 2824 idest,
355 2781 415 2827 qui
445 2791 508 2817 eos
540 2781 739 2818 defenderit
766 2784 868 2828 quasi
902 2784 1095 2820 advocatus

36 2845 280 2889 3peocat0rum
298 2841 458 2887 ipsorum
471 2840 528 2877 vel
543 2842 750 2886 auxiliator,
764 2847 800 2878 et
817 2848 1003 2889 propterea
1019 2844 1097 2880 illo-

36 2909 133 2939 tnm
152 2901 188 2937 in
205 2911 245 2938 se
261 2906 408 2947 peccata
437 2902 634 2948 suscipiens
645 2928 655 2945 ,
671 2913 818 2939 necesse
849 2904 958 2940 habet
975 2904 1096 2941 lavare

37 2959 266 2999 ‘vestimenta
281 2971 358 3005 sua,
373 2962 540 2998 videlicet
558 2963 729 3006 actiones,
740 2963 824 3009 quia
841 2969 878 2999 et
893 2964 970 3010 ipse
982 2975 1097 3011 usque

37 3019 100 3059 :aa
116 3030 316 3069 vesperam,
331 3022 368 3058 id
384 3027 452 3067 est,
467 3032 580 3068 usque
594 3022 680 3058 dum
697 3023 882 3069 poeniteat,
894 3024 1098 3062 immundus

37 3081 136 3120 aetii.

450 3141 601 3178 CAPUT
635 3142 694 3179 lV.

314 3201 363 3238 De
401 3202 608 3238 animalibus
646 3203 836 3250 reptilibus.

60 3260 202 3309 ’,(1311),
205 3261 219 3310 )
240 3262 350 3298 Omne
373 3262 464 3310 quod
483 3269 590 3309 reptat
605 3274 708 3310 super
721 3270 851 3300 terram
865 3265 1097 3303 abominabile

127 3347 140 3366 ‚
154 3332 216 3358 nee
231 3329 426 3358 assumetur
440 3323 478 3358 in
500 3322 626 3358 cibum.
649 3322 827 3370 Quidquid
849 3335 953 3371 super
977 3332 1095 3372 pectus

40 3427 42 3430 y
60 3308 253 3541 {pes
277 3380 448 3427 qratiam,
463 3387 496 3417 et
513 3381 640 3418 multos
655 3382 755 3418 habet
775 3384 890 3430 pedes,
909 3385 977 3421 sive
993 3396 1097 3432 super

36 3333 44 3360 1

37 3437 45 3476 Ι
168 3478 188 3485 μ,
214 3441 374 3484 trahitur,
386 3451 455 3478 11011
473 3441 760 3489 comedetis,quia
777 3442 1007 3478 abominabile
1022 3449 1094 3479 est:

38 3504 46 3530 t
113 3534 119 3538 ,
185 3501 419 3536 contaminare
436 3501 573 3536 animas
594 3507 737 3544 vestras,
754 3511 816 3536 neo
829 3502 981 3547 tangatis
998 3501 1097 3547 quid-

35 3562 47 3600 t
87 3555 92 3562 ⁵
115 3561 127 3564 ”
187 3598 237 3615 .....

37 3613 47 3643 t

158 3665 162 3672 Ι
193 3647 200 3654 ,
218 3653 235 3670 ·‚
248 3635 268 3658 1,
279 3612 368 3662 [fus
383 3617 566 3666 legistator
583 3619 760 3667 exposuit,
769 3630 865 3657 nunc
882 3586 1000 3656 autem
1017 3619 1098 3657 ideo

1161 1165 1323 1210 cupiunt,
1335 1171 1441 1200 erunt
1453 1172 1488 1201 et
1502 1167 1553 1201 sic
1564 1167 1752 1204 immundi.
1765 1169 1824 1211 Et,
1835 1175 1874 1205 ut
1887 1171 2047 1207 breviter
2057 1173 2212 1219 dicatur,

1162 1225 1271 1261 Omne
1301 1226 1393 1271 quod
1425 1233 1534 1272 reptat
1565 1238 1669 1273 super
1695 1234 1838 1274 terram,
1854 1230 1889 1266 id
1906 1237 1972 1274 cst,
1990 1234 2052 1278 qui
2067 1239 2214 1271 terrena

1161 1286 1317 1331 sapiunt,
1338 1286 1519 1322 declinare
1544 1298 1611 1323 nos
1629 1294 1772 1333 oportet
1796 1295 1832 1325 et
1859 1291 2036 1337 refugere,
2059 1294 2215 1331 scientes

1162 1345 1245 1390 quia
1262 1355 1387 1380 eorum
1413 1347 1692 1383 communicatio
1717 1349 1857 1393 polluit,
1886 1356 1922 1386 et
1951 1352 2117 1389 similiter
2148 1354 2215 1390 im-

1161 1406 1315 1441 mundus
1339 1412 1394 1442 est
1413 1417 1537 1452 agens,
1557 1409 1748 1456 agentique
1771 1420 2003 1448 concurrens.

1209 1464 1284 1510 qu
1305 1466 1396 1499 enim
1415 1476 1491 1500 sum
1507 1465 1679 1502 Dominus
1699 1468 1794 1505 Deus
1814 1477 1923 1507 vester
1946 1481 1958 1506 .·
1977 1475 2091 1509 sancti
2108 1481 2214 1513 estote

1162 1524 1327 1570 quoniam
1343 1530 1374 1559 et
1389 1535 1448 1570 090
1466 1530 1608 1559 sanctus
1621 1537 1720 1569 sum,·
1751 1540 1793 1563 ne
1809 1529 1974 1575 polluatis
2001 1533 2136 1569 animas
2160 1546 2218 1570 tte-

1162 1591 1253 1619 31103
1273 1585 1308 1619 in
1328 1586 1422 1620 omni
1438 1586 1558 1631 reptile
1577 1587 1669 1632 quod
1684 1594 1955 1636 movetursuper
1972 1597 2114 1627 terram.
2136 1593 2214 1640 qu

1162 1644 1345 1686 Dominus,
1366 1646 1426 1692 qui
1448 1647 1554 1682 eduxi
1582 1659 1638 1684 vos
1672 1647 1715 1682 de
1744 1654 1837 1683 terra
1856 1649 2016 1695 AEqypst,
2038 1657 2075 1686 ut
2104 1663 2216 1689 essem

1163 1705 1254 1740 vobis
1275 1705 1369 1740 Deus
1390 1715 1400 1739 .·
1419 1709 1532 1743 sancti
1549 1709 1657 1750 eritis,
1679 1709 1762 1754 quia
1782 1719 1842 1754 090
1857 1716 1998 1746 sanctus
2016 1722 2107 1747 sum.
2141 1713 2215 1760 (Ex

1162 1766 1312 1812 eodem.)
1334 1766 1489 1803 Omnino
1507 1769 1673 1814 prohibet
1693 1779 1772 1804 esse
1792 1779 1857 1805 nos
1877 1771 1994 1806 socios
2008 1781 2134 1808 eorum
2151 1774 2215 1820 qui

1163 1830 1306 1860 terrena
1327 1826 1483 1871 sapiunt,
1508 1837 1575 1862 1100
1595 1827 1623 1862 51
1648 1832 1813 1872 potentes
1844 1828 1991 1873 quidam
2026 1830 2113 1874 sint,
2147 1842 2216 1868 1100

1163 1884 1191 1919 51
1206 1884 1384 1929 justitiam
1405 1891 1465 1920 aut
1486 1886 1699 1931 sapientiam
1718 1886 1865 1932 lingant,
1887 1887 1957 1923 nisi
1978 1887 2070 1924 sorte
2090 1900 2215 1926 sacer·

1163 1944 1258 1979 dotio
1284 1944 1339 1979 vel
1359 1944 1475 1990 aliqua
1501 1945 1660 1990 qualibet
1678 1946 1893 1981 amiciantur
1910 1947 2094 1992 dignitate.
2114 1950 2216 1986 Unde

1112 1996 1141 2036 C
1166 2003 1324 2038 breviter
1344 2004 1504 2039 omnium
1523 2004 1741 2050 repentium,
1763 2015 1843 2050 quae
1863 2015 1970 2050 super
1990 2012 2125 2043 terram
2140 2019 2216 2045 mo-

1165 2070 1308 2107 ventur,
1330 2064 1549 2103 mentionem
1572 2064 1667 2106 fecit,
1690 2075 1761 2100 non
1780 2065 1992 2110 simpliciter
2020 2067 2088 2103 hoc
2120 2068 2214 2113 quod

1165 2129 1219 2159 est
1237 2134 1362 2170 repere
1379 2134 1550 2170 respuens
1563 2151 1571 2167 ,
1585 2125 1646 2160 sed
1666 2134 1774 2170 super
1799 2130 1934 2160 terram
1961 2136 2100 2172 repere.
2125 2128 2213 2165 Nam

1165 2185 1349 2220 humiliari
1368 2185 1512 2231 quidem
1527 2185 1662 2221 bonum
1682 2191 1756 2228 est3
1779 2190 1817 2220 ut
1834 2190 1953 2221 autem
1972 2187 2016 2222 ad
2035 2192 2213 2226 terrenam

1166 2246 1366 2282 declinetur
1382 2246 1609 2291 sapientiam,
1627 2256 1698 2281 non
1718 2252 1771 2282 est
1788 2247 1942 2291 bonum;
1962 2258 2030 2283 nec
2048 2249 2146 2285 utilis
2162 2256 2213 2287 est

1166 2306 1354 2342 animabus
1371 2307 1453 2342 talis
1472 2307 1670 2350 humilitas,
1691 2318 1710 2342 a
1731 2318 1801 2353 qua
1817 2307 1972 2343 liberare
1989 2309 2125 2352 volens,
2142 2310 2214 2356 Eqa

1164 2376 1255 2408 sum,
1277 2366 1414 2411 inquit,
1432 2366 1603 2402 Dominus
1626 2367 1721 2402 Deus
1745 2373 1854 2402 vester
1873 2377 1884 2400 .·
1906 2367 1940 2402 id
1962 2374 2028 2408 est,
2046 2369 2090 2403 ad
2118 2368 2215 2414 cujus

1166 2425 1360 2470 imaginem
1381 2425 1466 2461 facti
1481 2427 1581 2467 estis,
1594 2430 1633 2460 ut
1652 2426 1813 2461 coelestia
1834 2426 1997 2471 sapiatis.
2016 2426 2117 2463 Unde
2135 2428 2186 2464 ait
2206 2440 2216 2464 z

1166 2487 1222 2523 Ne
1236 2485 1401 2532 polluatis
1428 2486 1565 2519 animas
1596 2491 1739 2526 vestras,
1770 2484 1930 2519 Primum
1959 2485 2103 2530 quidem
2133 2487 2216 2533 quia

1165 2548 1337 2583 donatum
1357 2550 1413 2581 est
1432 2545 1560 2580 animae
1580 2554 1659 2580 esse
1678 2545 1722 2580 ad
1741 2545 1934 2591 imaginem
1953 2546 2030 2588 Dei,
2052 2552 2089 2583 et
2102 2549 2220 2585 maxi-

1164 2616 1260 2641 mam
1278 2606 1315 2640 111
1336 2615 1378 2641 03
1406 2614 1485 2641 0550
1504 2604 1824 2640 sanctificationem
1845 2605 1935 2648 vult,
1961 2610 1999 2640 ut
2021 2613 2105 2651 pote
2138 2617 2219 2653 quae

1163 2665 1403 2712 principatum
1417 2674 1525 2710 super
1537 2673 1644 2699 omne
1661 2663 1795 2698 animal
1812 2668 1921 2699 tenet.

1212 2725 1348 2762 Deinde
1365 2725 1524 2761 ostendit
1542 2724 1772 2770 pollutionem
1792 2734 1900 2769 quam
1915 2724 1997 2761 odio
2019 2725 2128 2762 habet
2145 2736 2218 2764 non

1164 2795 1243 2823 esse
1267 2786 1311 2822 de
1327 2785 1480 2821 mortuis
1498 2784 1711 2830 corporibus
1728 2789 1790 2819 aut
1808 2784 1912 2828 cibis,
1928 2785 2123 2822 immundis
2138 2796 2218 2823 cor-

1165 2845 1329 2894 poribus,
1350 2844 1443 2881 sicut
1476 2844 1622 2890 quidam
1651 2848 1780 2889 putant
1814 2843 1934 2887 saetis,
1952 2845 2015 2881 sed
2032 2855 2112 2882 eam
2137 2855 2218 2892 quoe

1166 2904 1356 2941 animabus
1376 2914 1421 2940 ex
1435 2903 1636 2939 actionibus
1656 2903 1760 2939 malis
1781 2903 1912 2939 evenit.
1941 2903 2073 2942 Dicens
2095 2910 2218 2942 autem

1166 2976 1240 3002 non
1269 2970 1437 3011 oportere
1468 2964 1505 3000 in
1533 2963 1674 3000 cunctis
1695 2957 1882 3009 reptilibus
1916 2973 1997 3010 quae
2026 2970 2219 3002 moventur

1167 3035 1277 3072 super
1300 3031 1434 3061 terram
1454 3024 1594 3060 animas
1622 3027 1766 3059 nostras
1794 3023 1920 3070 pollui,
1940 3024 2087 3061 omnino
2119 3035 2217 3061 eom-

1163 3091 1330 3134 petenter
1343 3085 1480 3121 addidit
1497 3097 1505 3119 :
1523 3084 1599 3131 qu
1609 3084 1864 3130 Dominus-,qui
1874 3084 1980 3119 eduxi
1994 3095 2052 3119 vos
2062 3084 2105 3120 de
2120 3090 2217 3120 terra

1164 3143 1324 3190 AEyypti‚
1347 3149 1383 3178 ut
1401 3154 1510 3178 essem
1539 3142 1631 3178 vobis
1662 3143 1701 3177 in
1736 3142 1848 3177 Deum
1865 3167 1875 3185 ‚
1907 3151 1974 3188 per
2002 3140 2214 3187 AEgyptum,

1165 3202 1313 3250 AEgypti
1333 3204 1587 3240 demonstrans
1611 3202 1705 3238 mala
1725 3206 1760 3237 et
1777 3201 1897 3237 omnia
1914 3210 2023 3246 opera
2042 3200 2214 3236 tenebra-

1166 3273 1247 3299 rum
1277 3275 1286 3298 :
1320 3262 1495 3309 AEqyptus
1525 3262 1620 3297 enim
1646 3259 1900 3295 contenebratio
1940 3259 2212 3304 interpretatur,

1165 3322 1295 3368 quibus
1314 3322 1344 3358 si
1361 3322 1443 3367 quis
1463 3331 1548 3356 vere
1564 3329 1691 3356 carere
1705 3317 1869 3360 voluerit,
1887 3322 2021 3352 etcum
2046 3316 2108 3362 qui
2128 3327 2214 3356 vere

1164 3387 1220 3418 est
1233 3382 1327 3417 Deus
1347 3381 1480 3416 habere
1498 3389 1601 3415 suum
1617 3378 1740 3419 Deum,
1757 3386 1829 3411 non
1845 3375 1960 3411 solum
1973 3375 2213 3416 idololatriam

1165 3451 1294 3477 cavere
1311 3441 1430 3483 debet,
1441 3440 1504 3476 sed
1520 3439 1550 3476 si
1563 3449 1650 3474 vere
1668 3438 1701 3473 ei
1720 3437 1904 3473 adhaerere
1921 3438 2114 3484 desiderat,
2125 3441 2210 3488 quia

1166 3499 1225 3535 ille
1239 3503 1386 3534 sanctus
1409 3501 1477 3539 est,
1497 3497 1573 3542 ipse
1593 3503 1735 3540 quoque
1752 3494 2027 3534 sanctimoniam
2051 3499 2209 3543 studeat,

1166 3560 1243 3598 sine
1258 3567 1328 3604 qua
1344 3566 1450 3600 nemo
1468 3555 1602 3592 videbit
1621 3554 1750 3593 Deum·

1213 3618 1287 3654 Ista
1301 3622 1350 3654 est
1367 3615 1423 3652 lex
1438 3615 1669 3651 animantium
1682 3619 1714 3650 et
1727 3612 1904 3651 valueram
1916 3621 1948 3653 ot
1959 3617 2070 3654 omnis
2083 3618 2212 3655 animoe

120 3670 274 3728 ’“·”;”ἱ.ῗ,
285 3670 467 3733 {pauenti
489 3679 720 3718 meditatione
753 3680 798 3719 ad
827 3680 1098 3719 custodiendam
1121 3702 1131 3718 t
1166 3677 1322 3722 viventis,
1338 3685 1416 3722 quae
1433 3679 1586 3713 movetur
1607 3674 1644 3711 in
1659 3685 1752 3722 aqua
1780 3679 1813 3712 et
1841 3682 1951 3722 reptat
1978 3676 2015 3712 in
2045 3682 2152 3724 terra,
2170 3684 2209 3715 ut
