2540 4016
42 277 52 303 i

39 325 50 346 ³
67 334 175 364 suum
190 323 450 372 principatum,
470 318 535 356 sed
551 316 847 362 derelinquerunt
859 317 995 350 aeterna
1009 312 1124 349 domi-

69 388 169 431 cilia,
189 385 300 423 lsrael
327 385 397 421 iste
425 386 463 419 et
481 379 605 422 Jacob,
623 378 685 425 qui
716 376 930 414 colluctatus
948 378 1004 411 est
1021 378 1059 410 et
1075 373 1124 409 vi-

70 447 134 490 cit,
155 446 323 493 accipiet,
353 449 391 480 et
408 443 462 480 sic
479 451 563 478 cum
579 440 659 486 ipso
677 441 784 475 erunt
801 434 973 482 praeclara
988 433 1125 480 princi-

69 519 169 556 pum.
195 508 292 544 Deus
317 505 438 542 eduxit
465 514 544 539 enm
561 502 605 538 de
629 499 807 546 AEyypto:
824 497 927 544 cujus
953 494 1123 542 fortitudo

68 576 121 606 est
139 568 263 605 similis
289 565 556 602 rhinocerontis.
580 561 646 598 Vel
661 559 765 606 juxta
785 559 899 601 aliam,
913 556 1122 599 editionem,

69 631 159 668 sicut
179 629 292 677 yterio
318 627 497 662 unicornis
524 625 613 671 ejus.
633 623 791 660 Eductus
812 625 868 658 est
897 619 957 656 ille
980 618 1126 664 quidem

69 690 181 728 lsrael
200 689 244 725 de
259 687 417 733 AEgypto
436 686 507 722 ista
526 690 671 721 terrena
688 695 696 719 ε
716 683 775 719 hie
803 686 926 718 autent
953 678 1127 726 spiritalis

56 750 182 790 lsrael
210 749 255 785 de
278 747 439 794 AEgypto
467 746 602 789 saeculi,
635 751 672 781 et
695 744 740 780 de
758 747 938 790 potestate
964 741 1127 776 tenebra-

71 822 168 855 rum,
190 815 227 846 et
244 814 299 846 est
323 807 497 844 fortitudo
524 806 582 842 vel
602 805 715 852 gloria
736 803 812 848 eius
841 807 1015 846 tanquam
1045 798 1126 834 uni-

69 872 204 910 cornis.
224 870 419 907 Unicornis
436 868 582 914 quidem
606 866 722 902 fertur
750 873 832 900 esse
847 860 980 898 animal
997 870 1041 896 eo
1059 861 1125 896 ha-

68 934 147 970 bitu
175 933 383 974 formatum,
403 940 474 976 quo
496 929 652 965 nominis
670 926 783 972 ipsius
805 923 1016 969 designatur
1035 922 1126 956 indi-

69 995 166 1031 cium
187 1006 196 1029 t
215 993 311 1039 quod
337 991 470 1027 animal
491 990 702 1034 frequenter
721 986 757 1020 in
776 982 975 1027 Scripturis
994 982 1126 1018 divinis

68 1054 226 1102 positum
245 1052 412 1098 legimus,
438 1049 501 1084 sed
530 1046 712 1092 praecipue
737 1043 831 1089 apud
859 1041 926 1078 Job
947 1042 1012 1077 Dei
1030 1043 1127 1078 voci-

70 1116 137 1151 bus
152 1111 313 1158 potentia
346 1110 424 1155 eJus
452 1112 488 1143 et
507 1107 623 1142 virtus
639 1104 834 1150 exponitur
853 1115 862 1139 2
882 1103 917 1138 in
936 1103 1067 1148 quibus
1086 1107 1125 1138 ut

90 185 135 224 tt
542 173 901 217 mannicum
925 173 972 211 IN
996 173 1172 213 uniunt
1193 171 1505 217 mmmmm.
1524 167 1579 205 ’ῖ-
1597 158 1689 223 ht&
1711 171 1782 222 ms

59 267 156 303 mut
188 261 226 298 in
259 258 376 303 coelis,
402 254 457 294 itti
485 254 669 303 principes
693 252 756 300 qui
781 261 855 289 non
889 254 1125 292 serraverunt
1142 254 1178 293 Α
1193 248 1304 285 etiam
1323 257 1369 284 ex
1386 248 1692 295 contemplatione
1713 250 1903 298 fibrarum,
1917 264 1998 302 qua
2013 262 2243 310 extispicium

2173 189 2243 234 '142

1191 315 1335 354 vocant,
1364 308 1517 356 aliisque
1553 308 1684 346 horum
1717 310 1895 352 similibus
1918 320 2107 365 praefigas
2138 334 2240 364 mm..

1190 369 1380 416 prehendi,
1399 369 1543 406 videtur
1561 368 1727 417 intelligi.
1747 369 1836 415 Quae
1861 377 1960 409 artes
1975 374 2014 413 in
2037 381 2173 419 tamum
2196 385 2244 423 ad

1193 430 1444 476 decipiendum
1463 440 1577 476 genus
1596 430 1798 470 humanum
1815 431 2059 479 profecerunt,
2082 442 2122 473 ut
2136 443 2244 480 ctiam

1188 490 1390 538 iustissime
1410 493 1578 530 Ezechiae
1596 492 1691 531 iilius
1711 491 1894 530 manasses
1915 494 1987 530 hoc
2005 483 2133 535 errore
2146 500 2251 539 dece-

1193 559 1291 602 ptus,
1335 554 1570 593 aedificaverit
1601 559 1641 590 ut
1662 553 1850 600 Scriptura
1885 555 1985 599 dicit,
2014 557 2127 597 altare
2159 564 2251 598 omni

1193 614 1362 652 exercitui
1395 613 1483 656 emti,
1515 614 1553 650 in
1579 620 1727 660 utraque
1759 614 1864 651 domo
1895 615 2038 655 Domini
2063 617 2134 664 (lv
2162 619 2247 666 Req.

1194 675 1287 722 xxi).
1304 675 1408 711 Hunc
1422 686 1465 712 au
1472 682 1542 712 tem
1554 675 1712 712 arbitror
1726 676 1926 712 exercitum
1935 677 2034 720 coeli,
2048 687 2154 723 quent
2165 679 2255 716 Pau-

1195 738 1266 781 lus,
1289 736 1463 783 spiritales
1492 737 1663 783 nequitias
1697 737 1735 774 in
1759 736 1952 774 coelestibus
1968 739 2101 785 positas
2130 740 2257 777 scribit

1196 800 1244 848 (E
1245 800 1339 846 pices.
1351 800 1416 847 vi).
1428 799 1504 836 Nisi
1514 810 1599 847 ergo
1614 799 1766 837 multum
1776 801 1811 836 in
1821 801 1878 837 his
1886 802 2025 839 artibus
2033 803 2257 849 deceptionis

1195 867 1291 898 esset
1309 867 1347 898 et
1374 861 1523 904 erroris,
1553 871 1626 898 non
1645 867 1733 907 puto
1753 862 1843 898 tanti
1862 862 1930 901 ,viri
1955 863 2084 907 filium,
2115 864 2154 901 in
2176 865 2256 913 lege

1195 923 1336 960 Domini
1362 924 1569 967 educatum,
1598 923 1636 961 in
1667 923 1746 960 illas
1770 924 1974 969 impietates
1991 925 2155 971 potuisse
2174 936 2256 964 cor-

1195 995 1315 1028 ruere,
1346 985 1483 1030 quaein
1514 990 1645 1029 quarto
1669 993 1865 1029 regnorum
1892 985 1985 1022 libro
2011 986 2056 1023 de
2087 997 2131 1024 eo
2162 989 2254 1025 scri-

1194 1048 1266 1088 ptae
1283 1043 1501 1080 reserantur.
1527 1043 1612 1079 Haec
1633 1044 1731 1079 enim
1749 1044 1884 1087 omnia,
1904 1045 2031 1091 religio
2056 1053 2180 1084 nostra
2201 1049 2254 1085 di-

1194 1103 1277 1151 yina
1300 1108 1339 1138 et
1356 1102 1528 1145 coelestis,
1548 1102 1705 1147 abjurat,
1731 1103 1771 1139 In
1790 1104 1952 1145 Levitico
1969 1107 2115 1151 quidem
2130 1115 2252 1154 aperta

71 1176 108 1212 in
129 1171 406 1220 quamplurimis
433 1168 599 1205 Christus
626 1165 840 1212 intelligitur
860 1164 1054 1211 designari.
1081 1164 1126 1200 Et
1145 1172 1178 1212 B
1201 1163 1281 1209 lege
1298 1163 1462 1209 designat
1480 1163 1604 1198 dicens
1627 1175 1635 1198 :
1657 1162 1741 1200 Non
1761 1164 1961 1201 divinabitis
1978 1177 2087 1213 neque
2104 1179 2259 1214 anquira.

72 1237 110 1274 in
130 1235 262 1273 divinis
282 1231 482 1278 Scripturis
502 1239 615 1266 cornu
639 1237 706 1274 pro
727 1235 838 1272 regno
852 1225 1009 1271 positum
1032 1234 1126 1269 saepe

69 1297 269 1344 reperimus
288 1306 296 1330 :
317 1293 410 1330 sicut
434 1296 470 1328 et
489 1290 666 1336 propheta
690 1287 776 1323 dicit
796 1299 803 1321 :
828 1285 989 1328 Quattuor
1011 1290 1128 1320 autem

67 1367 216 1399 cornua,
238 1360 391 1403 quatuor·
421 1363 527 1399 reyna
545 1357 623 1386 sunt
643 1349 750 1397 (Dan.
769 1347 849 1394 vn).
880 1346 955 1382 Sub
981 1346 1128 1381 nominc

68 1420 193 1465 utique
225 1416 427 1458 unicornis,
461 1415 498 1450 in
533 1413 678 1449 Christo
708 1412 777 1447 hoc
803 1410 944 1446 videtur
970 1408 1126 1451 ostendi,

72 1480 158 1526 quia
177 1489 283 1515 omne
300 1477 396 1523 quod
417 1481 474 1511 est
494 1484 617 1516 unum,
634 1471 710 1517 ejus
729 1481 840 1507 cornu
868 1475 950 1512 est;
971 1470 1040 1504 hoc
1056 1473 1125 1510 est,

70 1551 183 1578 unum
202 1549 352 1586 regnum
371 1537 461 1582 ejus.
482 1535 610 1571 Omnia
628 1534 723 1570 euim
742 1532 850 1568 Pater
864 1530 1014 1575 subjecit
1029 1529 1129 1576 pedi-

68 1603 136 1639 bus
167 1600 257 1645 ejus,
292 1608 407 1644 usque
446 1607 517 1643 qno
546 1601 582 1631 et
618 1594 835 1630 novissimus
867 1592 1033 1628 inimicus
1069 1591 1130 1626 de-

69 1666 230 1699 struatur
247 1669 359 1700 mors,
380 1663 417 1693 et
436 1663 607 1702 tanquam
626 1654 823 1697 unicornis,
840 1663 950 1688 unum
968 1651 1127 1688 omnium

71 1732 223 1768 regnum
249 1725 374 1757 teneat
404 1719 571 1755 Christus
589 1727 598 1752 ε
616 1717 700 1763 quia
733 1716 826 1752 sicut
855 1714 1029 1759 scriptum
1057 1717 1127 1755 est,

69 1783 167 1830 reqni
180 1782 256 1828 ejus
272 1791 341 1815 non
359 1780 422 1815 erit
439 1779 519 1824 finis
539 1777 630 1824 (Iso.
648 1776 711 1823 ix).
734 1776 811 1812 Erit
829 1785 915 1820 ergo
931 1774 976 1815 ci,
999 1772 1125 1818 inquit,

69 1844 140 1881 hoc
165 1848 237 1885 est,
266 1840 390 1877 Israeli
423 1839 475 1874 illi
502 1838 655 1884 spiritali
678 1837 806 1883 gloria,
827 1837 920 1872 sieut
937 1840 991 1870 εει
1018 1833 1129 1880 gloria

74 1903 274 1941 unicornis.
306 1901 368 1938 Sic
390 1901 485 1938 enim
516 1900 647 1944 etipse
672 1898 709 1932 in
736 1896 932 1942 Evangelio
955 1895 1129 1930 Dominus

71 1965 183 2001 dicit:
205 1963 329 2005 Pater,
349 1962 393 1996 do
419 1962 484 2003 eis,
515 1966 552 1994 ul
576 1959 664 1994 sicut
683 1963 714 1992 et
732 1968 793 2002 eqo
813 1962 844 1991 el
874 1962 911 1990 tu
935 1966 1044 1990 unum
1070 1964 1131 1990 su-

70 2037 162 2069 mus,
183 2026 233 2060 ita
254 2030 286 2059 et
309 2023 366 2058 isti
391 2023 429 2057 in
459 2020 555 2055 nobis
582 2029 689 2054 unium
707 2017 774 2052 sint
793 2015 914 2063 (Joan.
938 2014 1058 2061 xviii).
1084 2013 1129 2049 Et

1199 1223 1334 1259 bimim’.
1359 1223 1403 1259 Et
1418 1228 1501 1269 post
1519 1233 1636 1268 pauca
1654 1234 1662 1258 :
1686 1223 1771 1259 Non
1790 1225 1998 1271 sequamini,
2019 1226 2151 1272 inquit,
2181 1239 2257 1264 ven-

1198 1284 1369 1330 tritoquos
1386 1295 1397 1319 .·
1417 1295 1479 1319 nec
1504 1284 1751 1330 adjunyamini
1769 1285 1815 1321 ad
1831 1286 2084 1331 incantatores,
2122 1293 2161 1324 ut
2176 1300 2257 1325 con-

1199 1347 1418 1382 taminemini
1438 1346 1480 1381 ab
1499 1347 1562 1382 eis.
1597 1345 1674 1392 Eyo
1691 1345 1863 1383 Dominus
1893 1347 1989 1383 Deus
2022 1354 2132 1384 vester
2161 1349 2256 1396 (Lev.

1199 1406 1293 1453 xix).
1325 1406 1403 1442 Non
1423 1406 1499 1442 vult
1519 1406 1614 1443 Deus
1647 1407 1831 1444 auditores
1850 1418 1916 1444 nos
1938 1407 2018 1445 fier-i
2037 1414 2074 1446 et
2101 1410 2258 1456 discipu-

1198 1468 1253 1504 los
1271 1468 1485 1504 daemonum.
1508 1466 1635 1513 Neque
1653 1467 1741 1510 vult,
1763 1473 1804 1504 ut
1833 1470 1863 1505 si
1881 1470 1968 1515 quid
1996 1470 2163 1508 volumus
2182 1473 2256 1509 dis-

1199 1539 1296 1571 cere,
1319 1528 1503 1564 discamus
1524 1537 1544 1563 a
1563 1527 1800 1564 daemonibus.
1823 1527 1951 1565 Melius
1971 1535 2026 1565 est
2045 1530 2141 1566 enim
2155 1531 2258 1577 igno-

1198 1599 1283 1626 rare
1313 1599 1422 1634 quam
1450 1599 1469 1624 a
1507 1589 1730 1625 daemonibus
1765 1589 1920 1626 discere.
1941 1590 1986 1626 Et
2006 1591 2135 1627 melius
2164 1598 2258 1629 esta

1198 1648 1383 1695 prophetis
1421 1648 1577 1691 discere,
1595 1658 1703 1694 quam
1731 1659 1751 1684 a
1776 1649 1908 1687 divinis
1927 1650 2125 1695 inquirere.
2158 1652 2258 1688 Divi-

1199 1710 1298 1745 natio
1317 1710 1428 1753 enim,
1450 1714 1489 1746 ut
1504 1709 1651 1755 quidam
1669 1714 1811 1755 putant,
1839 1710 2012 1748 divinitus
2038 1711 2161 1756 datur,
2193 1714 2258 1750 sed

1198 1771 1314 1818 magis
1349 1777 1388 1808 ut
1416 1772 1505 1808 mihi
1536 1771 1680 1808 videtur
1696 1782 1762 1818 per
1781 1774 2035 1819 antiphrasim,
2059 1775 2096 1811 id
2114 1780 2184 1819 est,
2214 1786 2259 1812 ex

1199 1834 1398 1877 contrario,
1430 1843 1561 1870 nomen
1579 1835 1734 1880 accepit,
1759 1835 1863 1880 quasi
1898 1846 1978 1882 quae
2003 1847 2068 1882 per
2092 1837 2258 1876 homines

1200 1895 1364 1931 daemone
1391 1894 1548 1940 repletos
1570 1895 1646 1932 ssat.
1683 1894 1754 1932 Sed
1777 1897 1963 1942 gentilium
1992 1898 2083 1934 ritus
2098 1899 2258 1935 divinum

1199 1956 1316 1992 credit
1347 1966 1454 1991 omne
1489 1957 1585 2001 quod
1618 1957 1860 2003 qualicunque
1897 1959 2025 2004 spiritu
2059 1959 2255 2005 profertur.

1198 2016 1273 2053 Nos
1288 2022 1407 2053 tamen
1426 2016 1516 2053 nihil
1535 2017 1580 2053 ab
1600 2017 1657 2053 his
1675 2018 1814 2054 discere
1829 2019 1923 2056 Deus
1936 2020 2052 2065 jubet,
2069 2031 2114 2056 ne
2128 2020 2243 2058 efficia

72 2088 153 2123 ideo
183 2084 311 2122 similis
338 2082 451 2129 gloria
484 2079 627 2116 (labitur
651 2077 787 2119 israeli,
815 2077 910 2112 sicut
934 2080 988 2110 est
1014 2074 1128 2120 gloria
1147 2081 1177 2122 C
1199 2088 1282 2114 mur
1321 2083 1508 2114 consortes
1544 2078 1722 2123 ipsorum,
1750 2084 1787 2114 et
1807 2079 2038 2116 incurramus
2055 2082 2094 2116 in
2112 2091 2155 2117 ea
2178 2092 2261 2127 quae

71 2147 272 2186 unicornis.
291 2145 446 2181 Maxime
467 2152 550 2178 cum
575 2139 847 2176 transformabit
863 2146 995 2182 corpus
1014 2136 1131 2173 humi-

74 2209 189 2245 litatis
202 2212 350 2248 nostrae,
366 2203 551 2241 conforme
567 2201 707 2247 corpori
726 2199 848 2247 glori-<e
863 2208 952 2241 suae,
970 2206 1042 2233 non
1060 2196 1130 2233 erit

76 2268 267 2316 auguratio
298 2267 334 2302 in
362 2264 489 2308 Jacob,
522 2272 638 2307 neque
667 2259 843 2297 divinatio
873 2258 911 2294 in
939 2256 1065 2293 Israel.
1091 2255 1131 2291 ln

73 2329 238 2376 tempore
265 2327 408 2363 dicetur
439 2325 486 2361 ad
515 2323 626 2359 Jacob
652 2327 689 2356 et
717 2318 827 2356 lsrael
856 2317 942 2362 quid
965 2316 1131 2362 perficiat

77 2391 186 2428 Deus.
207 2389 312 2436 lgitui
333 2387 504 2434 quoniam
527 2384 644 2420 visum
663 2387 719 2418 est
738 2381 848 2416 etiam
866 2377 1071 2424 diligentius
1087 2376 1132 2412 de

75 2450 227 2498 singulis
243 2449 444 2496 quibusque
461 2446 654 2486 discutere,
671 2452 741 2478 non
761 2440 957 2477 absurdum
972 2438 1002 2474 si
1023 2438 1132 2473 etiam

77 2513 164 2559 quid
189 2512 238 2548 sit
260 2509 448 2557 auguratio
466 2507 524 2544 vel
557 2505 744 2547 divinatio,
763 2512 872 2548 quam
895 2501 1038 2546 quidem
1060 2499 1134 2545 pla-

77 2573 153 2609 cuit
169 2571 363 2615 Scripturae
382 2574 684 2606 commemorare,
709 2563 753 2599 de
784 2562 842 2597 his
870 2569 914 2594 ne
939 2558 1020 2604 quis
1040 2558 1134 2592 sorte

78 2634 289 2679 ignoranter
325 2629 362 2664 in
397 2628 473 2662 haec
510 2624 648 2660 incidat
661 2649 672 2666 ,
707 2620 947 2666 requiramus.
984 2616 1134 2651 Videtur

79 2702 167 2740 ergo
183 2690 273 2727 mihi
290 2688 494 2724 futurorum
512 2681 742 2731 praescientia
756 2686 931 2726 quantum
948 2677 995 2713 ad
1018 2677 1135 2723 ipsam

79 2763 159 2790 rem
185 2754 337 2797 spectat,
370 2745 531 2782 medium
548 2742 721 2789 quiddam
746 2749 840 2783 esse,
858 2738 894 2774 id
916 2743 986 2781 est,
1018 2746 1134 2782 neque

79 2812 226 2860 proprie
251 2810 400 2851 bonum,
428 2814 544 2852 neque
559 2802 704 2850 proprie
732 2800 867 2837 malum
884 2811 892 2834 ι
911 2797 1135 2845 quandoqui-

82 2874 164 2910 dem
182 2875 301 2920 potest
319 2868 500 2906 interdum
519 2865 629 2901 etiam
648 2873 668 2898 a
685 2867 789 2909 parte
808 2858 941 2896 diaboli
957 2859 1002 2893 ad
1019 2858 1134 2894 homi·

82 2943 169 2971 num
194 2931 373 2973 notitiam,
401 2927 606 2963 futurorum
624 2923 747 2959 venire
770 2919 1013 2969 praescientia.
1048 2916 1134 2952 Sine

82 2988 191 3033 dubio
211 2998 332 3029 autem
358 3000 442 3027 cum
459 2994 601 3034 tempus
615 2990 651 3021 et
665 2982 915 3030 opportunitas
938 2979 1068 3026 poscit,
1098 2982 1134 3014 et
1151 2975 1187 3015 D

82 3057 249 3095 voluntas
269 3053 333 3089 Dei
347 3050 469 3093 suerit,
491 3049 597 3085 datur
613 3045 727 3082 etiam
744 3054 765 3079 a
784 3042 858 3080 Deo
877 3047 914 3077 et
930 3039 1133 3088 prophetia,

83 3115 290 3155 hominibus
317 3110 557 3158 praescientia.
591 3108 636 3143 Et
669 3106 750 3142 ideo
777 3104 946 3147 diximus,
967 3101 1051 3148 quia
1073 3111 1137 3137 nc-

83 3187 156 3225 que
185 3173 331 3223 proprie
362 3173 498 3208 bonum
523 3170 595 3206 dici
613 3172 731 3215 potest
767 3164 863 3212 quod
894 3162 1084 3209 aliquando
1117 3171 1138 3197 a

85 3238 181 3276 malo
198 3236 309 3280 venit,
328 3243 447 3279 neque
467 3232 611 3279 proprie
634 3229 769 3266 malum
786 3227 883 3273 quod
902 3223 1093 3271 aliquando
1117 3233 1139 3258 a

83 3299 161 3338 beo
174 3296 374 3341 descendit.
393 3294 484 3331 Nam
499 3298 536 3330 et
556 3293 595 3328 in
612 3291 706 3328 libro
723 3289 863 3335 Regum
881 3285 1086 3323 sacerdotes
1102 3288 1140 3319 et

87 3360 200 3399 divini
223 3357 485 3405 allophylorum
498 3355 543 3392 de
557 3351 774 3390 remittenda
794 3358 879 3386 arca
893 3347 973 3392 Dei,
1002 3346 1048 3383 ob
1064 3344 1140 3391 pla-

54 3427 59 3431 ’
84 3433 171 3472 cam
196 3431 280 3468 quae
297 3421 351 3459 eis
378 3423 569 3466 propterea
587 3418 771 3456 evenerat,
797 3409 992 3448 divinando
1017 3407 1140 3444 consi-

82 3481 384 3525 ‹tium-dederunt,
401 3486 443 3517 ut
466 3477 636 3518 adhibitis
648 3475 770 3512 vaccis
782 3473 945 3518 plaustro
971 3478 1080 3511 novo,
1103 3468 1140 3503 in

83 3549 229 3583 :tertam
247 3541 339 3581 luda
355 3541 611 3588 dirigerentur.
639 3537 708 3574 Est
731 3544 818 3582 ergo
840 3532 901 3571 tali
919 3531 1083 3577 quaedam
1102 3528 1141 3564 in

63 3629 69 3633 ι
93 3604 294 3645 mutuatorie
303 3602 535 3652 pmseientia
559 3599 721 3647 operatio
739 3597 953 3635 daemonnm,
978 3600 1060 3638 qnae
1079 3600 1140 3627 ar-

94 3664 202 3706 tibus·
213 3665 426 3712 quibusdam
443 3664 488 3701 ab
503 3663 562 3701 his
574 3663 637 3710 qui
657 3672 696 3699 se
719 3657 942 3698 daemonibus
954 3653 1142 3699 mancipa-

98 3724 443 3773 Vffllmwooliigitur.
469 3734 566 3765 nunc
589 3734 655 3770 per
681 3732 743 3760 eas
762 3731 854 3770 quas
886 3725 1001 3757 sortes
1029 3715 1145 3754 nomi-

57 3822 62 3829 .
98 3790 201 3828 nau·
233 3794 332 3833 m
355 3795 495 3834 {norm
517 3796 596 3832 qm·
638 3783 791 3829 auguria
823 3781 1018 3827 appellant,
1049 3786 1145 3817 nunc

1199 2139 1313 2176 isaias
1331 2138 1419 2174 dicit
1441 2148 1450 2174 ε
1472 2138 1519 2173 Et
1538 2138 1777 2174 humiliantur
1791 2139 1829 2174 in
1844 2146 1974 2175 terram
1992 2140 2094 2176 verba
2114 2147 2175 2177 tua
2195 2152 2208 2178 .·
2227 2149 2261 2178 et

1200 2210 1378 2236 sermones
1400 2200 1452 2234 lui
1468 2199 1532 2234 sub
1554 2205 1684 2234 terram
1701 2199 1972 2246 demerqentur;
1989 2207 2020 2237 et
2038 2202 2102 2237 erit
2118 2213 2183 2238 vox
2201 2207 2263 2239 tua

1200 2263 1291 2298 sicut
1328 2262 1499 2309 loquentis
1516 2261 1559 2297 de
1575 2267 1682 2305 terra,
1715 2267 1748 2297 ec
1780 2261 1826 2298 ad
1852 2261 1967 2298 solum
1986 2273 2052 2298 vox
2077 2270 2138 2298 tua
2161 2263 2262 2309 infir-

1200 2326 1355 2362 mabitur
1371 2322 1461 2370 (Isa.
1478 2321 1595 2367 xxix).
1615 2321 1769 2366 Propter
1783 2322 1852 2358 hoc
1873 2327 1911 2357 et
1941 2322 2036 2358 Deus
2056 2328 2179 2358 noster
2202 2322 2263 2359 Je-

1201 2396 1263 2422 sus
1299 2394 1370 2419 non
1405 2382 1574 2428 dignatur
1600 2391 1620 2416 a
1636 2381 1871 2428 gdaemonibus
1899 2382 2063 2426 accipere
2099 2382 2261 2418 testimo-

1202 2447 1317 2487 nium,
1343 2444 1406 2480 sed
1437 2444 1518 2478 ait:
1544 2441 1750 2477 obmutesce
1779 2447 1811 2479 et
1842 2441 1897 2475 exi
1924 2441 1966 2475 ab
1986 2452 2026 2475 eo
2059 2441 2160 2487 (Luc.
2195 2441 2259 2488 tv).

1203 2506 1317 2550 Quem
1335 2503 1519 2550 apostolus
1534 2513 1621 2538 suus
1632 2502 1764 2538 Paulus
1779 2502 1956 2537 imitatur.
1969 2501 2112 2543 Dolens,
2128 2502 2260 2547 inquit,

1203 2564 1384 2602 convertit
1417 2573 1468 2604 se,
1491 2568 1527 2598 et
1544 2562 1595 2597 ait
1628 2561 1768 2606 spiritui
1790 2561 1985 2607 pythonis:
2009 2559 2183 2608 Proecipio
2199 2563 2260 2598 tibi

1202 2628 1239 2662 in
1254 2626 1391 2661 nomine
1403 2623 1490 2660 Jesu
1505 2622 1649 2664 Christi,
1664 2621 1802 2658 discede
1816 2621 1859 2656 ab
1877 2633 1918 2657 ea
1932 2622 2024 2668 (Act.
2040 2622 2092 2670 x).
2110 2623 2261 2670 Propter

1203 2690 1268 2725 hoc
1298 2699 1379 2734 eryo
1396 2698 1467 2722 non
1482 2686 1560 2728 eric,
1593 2684 1722 2729 inquit,
1754 2684 1942 2729 auquraiio
1959 2684 2134 2726 inlacob,
2153 2697 2261 2731 neque

1203 2749 1371 2785 divinatio
1390 2747 1426 2783 in
1440 2745 1566 2782 Israel.
1587 2745 1658 2781 Sed
1677 2743 1765 2790 quid
1782 2744 1840 2779 his
1853 2743 2019 2779 additur?
2031 2743 2051 2779 1
2056 2755 2078 2779 n
2095 2750 2257 2791 tempore,

1204 2811 1338 2857 inquit,
1373 2809 1509 2844 dicetur
1532 2806 1642 2842 Jacob
1657 2811 1689 2841 et
1709 2803 1853 2848 Israeli,
1882 2804 1964 2851 quid
1982 2804 2136 2850 perficiet
2150 2805 2258 2842 Deus.

1203 2873 1296 2917 Quid
1325 2876 1394 2912 est,
1421 2871 1459 2905 in
1478 2875 1630 2915 tempore
1656 2866 1795 2902 dicetur
1810 2866 1827 2901 2
1851 2865 1943 2902 Cum
1965 2870 2110 2912 oportet
2127 2871 2261 2902 etcum

1205 2934 1366 2981 expedit,
1382 2933 1450 2968 hoc
1467 2936 1535 2972 est,
1569 2930 1605 2966 in
1623 2935 1800 2974 tempore.
1828 2927 1865 2963 Si
1895 2937 1981 2974 ergo
2005 2927 2151 2972 expedit
2168 2938 2261 2973 prac-

1204 3004 1355 3032 noscere
1372 3003 1438 3029 nos
1459 2991 1593 3035 sutura,
1615 2991 1755 3027 dicetur
1777 3000 1799 3025 a
1816 2989 1889 3025 Deo
1905 2999 1971 3034 per
1987 2989 2182 3034 prophetas
2198 2988 2261 3025 Dei

1204 3067 1271 3105 per
1292 3057 1468 3103 Spiritum
1484 3059 1663 3091 sanctum.
1682 3052 1718 3089 Si
1739 3062 1826 3088 vero
1839 3062 1913 3088 non
1939 3052 2123 3095 dicuntur,
2146 3061 2261 3096 neque

1206 3117 1487 3159 denuntiantur,
1529 3115 1620 3151 scito
1657 3113 1828 3159 quoniam
1868 3122 1940 3148 non
1974 3113 2081 3147 nobis
2116 3110 2261 3156 expedit

1208 3183 1365 3214 ventura
1398 3185 1638 3223 praenoscere.
1665 3173 1768 3217 Quod
1792 3172 1824 3208 si
1852 3171 1988 3207 idcirco
2006 3179 2076 3206 non
2094 3170 2261 3205 dicuntur

1207 3239 1327 3282 nobis,
1345 3238 1431 3284 quia
1449 3237 1543 3274 selre
1562 3235 1666 3272 nobis
1684 3243 1727 3269 ea
1751 3242 1823 3268 uon
1849 3230 1994 3276 expedit
2018 3229 2078 3274 qui
2108 3229 2260 3265 divensis

1209 3300 1350 3336 artibus
1378 3305 1414 3335 et
1449 3297 1652 3334 daemonum
1687 3290 1940 3328 invocantibus
1961 3290 2121 3338 ‘gestiunt
2138 3288 2259 3325 futura

1206 3368 1444 3408 praenoscere,
1477 3356 1568 3393 nihil
1586 3354 1683 3390 aliud
1698 3352 1846 3394 faciunt,
1877 3349 1948 3386 nisi
1967 3359 2008 3386 ea
2024 3349 2171 3396 eupiunt
2185 3350 2260 3386 dis-

1206 3433 1306 3465 cere,
1327 3431 1407 3467 quae
1426 3419 1494 3454 sibi
1511 3416 1604 3452 scire
1624 3423 1696 3450 non
1714 3410 1870 3457 expedit.
1891 3409 2002 3446 Jacob
2014 3415 2135 3447 autem
2152 3411 2189 3446 in
2202 3410 2258 3447 his

1209 3486 1283 3523 dici
1301 3478 1556 3526 intettigendus
1574 3482 1630 3513 est
1644 3474 1764 3511 omnis
1777 3473 1840 3510 cui
1855 3472 2036 3509 luctamen
2047 3475 2111 3508 -est
2124 3471 2256 3507 adver-

1211 3555 1274 3581 sus
1297 3541 1520 3590 principatus
1541 3542 1578 3574 et
1604 3539 1816 3583 potestaten,
1848 3538 1886 3570 et
1900 3533 2093 3569 adversum
2132 3529 2259 3567 mundi

1207 3605 1315 3652 hujus
1335 3607 1520 3643 rectores;
1540 3603 1580 3635 et
1592 3596 1761 3634 lsraelem
1780 3594 1931 3641 indigi
1943 3602 2094 3630 omnem
2111 3591 2175 3638 qui
2193 3598 2260 3636 per

1209 3666 1291 3703 fidei
1320 3662 1514 3710 puritatem
1538 3663 1576 3695 et
1601 3656 1814 3693 munditiam
1831 3653 1978 3696 metitis,
2009 3651 2107 3689 videt
2130 3650 2258 3686 Deum.

1210 3726 1280 3763 Sed
1294 3727 1413 3771 potest
1434 3719 1564 3767 aliquis
1591 3718 1712 3754 dicere
1741 3729 1750 3752 ι
1770 3715 1810 3752 Si
1840 3725 1862 3752 a
1883 3714 1962 3752 solo
1992 3713 2066 3750 Deo
2089 3711 2262 3749 debemus

1207 3789 1350 3824 discere
1369 3786 1415 3823 de
1433 3783 1579 3827 tuturis,
1603 3786 1641 3819 et
1658 3788 1776 3826 neque
1801 3777 1977 3822 divinum,
2007 3784 2127 3822 110Ψο
2145 3781 2259 3829 Ψ]
