2540 4016
316 208 384 247 303

315 282 359 320 iia
390 279 482 314 enim
506 280 586 311 sunt
609 281 692 308 vasa
725 269 866 313 lignea,
900 270 962 302 aut
991 264 1208 310 tangendum
1243 260 1341 307 [ΑΙ.,
1364 262 1393 299 Λ
1413 271 1550 306 rapax,

1419 319 1510 354 enim
1526 320 1610 354 mihi
1629 319 1671 353 cte
1696 319 1749 353 ln's
1769 309 1828 363 (jai
1847 315 1933 358 soris
1952 318 2033 347 sunt
2057 309 2223 357 judicare
2247 309 2283 356 (1
2304 307 2465 344 Corinth.

1419 379 1478 424 v).

1420 437 1693 473 conversatione
1728 442 1855 470 corum
1879 431 1941 478 qui
1959 430 2047 467 foris
2071 435 2168 466 sunt.

316 339 358 375 ad
390 333 592 382 tegendum]
613 329 841 366 sufficientem
876 325 967 360 sicut
994 329 1051 358 cst
1079 322 1347 362 vestimentum,

316 400 390 435 sive
411 396 614 442 patientem,
653 397 756 434 quam
794 385 898 430 pellis
934 382 1128 428 significat,
1158 380 1235 415 sive
1255 389 1348 421 eam,

315 465 394 501 quan
414 459 467 489 est
481 448 709 496 patienti1un3
737 444 827 478 hanc
847 442 945 477 enim
961 440 1114 474 cilicium
1137 438 1212 474 sive
1227 446 1353 473 saccus

315 512 501 559 significat.
520 505 670 543 Omnino
697 508 816 537 autem
831 509 894 535 vas
911 497 1019 533 estin
1037 506 1108 542 quo
1130 506 1219 541 opus
1240 494 1353 541 possit

315 572 372 617 agi
401 569 508 605 virtu
511 575 559 606 is
593 563 644 598 sic
676 560 772 597 enim
807 557 990 603 intelligis,
1008 556 1044 591 in
1077 564 1290 601 quocunque
1312 552 1352 587 fit

311 638 414 673 opus,
427 625 558 670 polluta
579 625 682 657 crunt
698 628 809 664 usque
829 618 872 653 ad
887 625 1089 663 vesperam,
1106 615 1223 656 idest,
1241 620 1353 656 usquc

313 695 451 732 tempus
467 681 648 730 poenitenti
653 690 694 716 ve.

361 748 530 792 'fingetur
551 748 666 778 autem
686 750 777 785 aqua
801 738 933 774 lavacri
959 736 1015 773 vel
1050 735 1292 781 laerymarum
1317 735 1354 765 ct

316 805 570 843 mundabitur:
601 800 666 835 Vas
694 805 808 834 autem
831 796 951 843 fictile,
972 796 1033 840 qui
1067 800 1163 829 totus
1191 798 1354 827 terrenus

315 873 384 907 cst,
409 865 441 899 id
470 868 536 902 est,
559 861 631 895 luto
655 857 772 894 saeculi
798 865 1027 900 conspersus.
1050 853 1089 886 ln
1114 852 1208 886 hunc
1240 850 1268 884 si
1300 848 1354 882 in-

317 928 440 964 ciderit
463 922 702 963 morticinum,
723 924 908 964 peccatum
926 915 1019 961 quod
1040 914 1084 949 aal
1111 916 1263 947 mortem
1285 912 1352 950 cst,

317 988 535 1031 interiusque
569 993 649 1018 cum
678 986 852 1026 penetret,
876 978 1148 1019 domineturque
1169 973 1202 1008 ei
1231 984 1239 1006 :
1264 972 1356 1006 sicut

315 1048 426 1084 Dum
446 1045 611 1082 diceb-it:
635 1042 677 1077 Et
710 1041 819 1076 induit
841 1051 876 1074 se
897 1038 995 1073 mate
991 1037 1149 1071 fictione?
1152 1046 1171 1068 n
1197 1034 1283 1068 sient
1302 1043 1357 1066 tc-

319 1109 530 1146 summittunt,
562 1110 590 1137 CK
616 1102 754 1136 ttt'rttt'tt
784 1100 872 1134 Sicut
904 1109 994 1143 (tqlttt
1022 1108 1057 1131 tn
1087 1095 1249 1129 it'tlettortt
1282 1102 1355 1136 s'JNS

318 1167 384 1215 -.;(P
389 1167 436 1202 al.
455 1165 570 1209 cun),
590 1163 649 1208 qui
673 1172 741 1196 non
759 1160 871 1195 solum
900 1157 1036 1203 ingredi
1057 1155 1169 1190 mdc·
1164 1154 1218 1188 ,ιρι
1220 1153 1356 1192 ionem,
1378 1145 1409 1184 B

323 1226 385 1263 sed
406 1231 441 1261 ct
477 1221 651 1258 dominari
681 1220 716 1254 in
749 1228 790 1253 co
819 1218 853 1252 in
884 1226 954 1261 quo
985 1215 1144 1259 ingressa
1174 1219 1227 1245 est
1259 1209 1358 1251 dicit,

323 1285 526 1323 necessario
545 1282 628 1318 illud
658 1279 793 1316 conteri
824 1276 1003 1324 praec‹pit.
1023 1274 1144 1318 Neque
1165 1271 1262 1307 enim
1285 1269 1361 1314 (jus

325 1343 545 1381 immunditia
565 1341 656 1376 sieut
685 1339 835 1373 aliorum
868 1336 970 1370 facile
989 1334 1132 1380 purgari
1162 1336 1290 1377 potest,
1314 1330 1363 1364 la—

322 1409 408 1443 bore
427 1405 554 1450 quippe
577 1401 687 1437 multo
720 1405 755 1435 et
783 1397 1010 1437 contritione,
1045 1401 1079 1430 et
1101 1391 1363 1439 qumlauzmodo

323 1465 571 1503 reformatione
603 1461 764 1498 contritae
794 1465 828 1494 et
856 1458 1050 1493 humiliatae
1087 1454 1219 1490 mentis
1259 1457 1362 1498 eget,

324 1530 414 1565 sicut
445 1527 494 1562 ait
518 1524 641 1567 David,
677 1523 706 1557 si
729 1521 894 1556 mundari
914 1519 1002 1554 vult.
1039 1517 1139 1554 Unde
1171 1521 1206 1550 ct
1237 1515 1364 1550 beatus

327 1591 453 1625 Paulus
478 1597 558 1623 eum
590 1585 649 1630 qui
682 1593 761 1619 eum
796 1591 907 1616 uxore
930 1579 1050 1614 l‘atris
1083 1577 1280 1612 fornicatus
1312 1579 1367 1609 cst

327 1651 361 1684 in
389 1651 525 1684 tantum
543 1644 723 1685 contrivit,
745 1648 784 1677 ut
808 1641 948 1676 Satanoe
968 1650 1044 1673 eum
1070 1637 1223 1672 traderet
1250 1636 1285 1669 in
1317 1635 1368 1668 in-

329 1709 428 1743 teritu
447 1706 752 1751 carnis,quatenus
770 1703 804 1737 in
828 1701 887 1735 tali
908 1699 1122 1735 contritione
1141 1696 1288 1733 salva-ret
1303 1695 1369 1740 spi-

329 1767 433 1801 ritum
452 1764 485 1811 (1
504 1762 660 1798 Corinth.
679 1761 729 1806 v).

376 1824 496 1859 Omnis
517 1822 610 1857 cibus
643 1831 741 1866 quem
773 1818 949 1854 comeditis
973 1817 1003 1853 si
1036 1817 1114 1862 susa
1144 1815 1248 1860 suerit
1269 1824 1372 1860 super

329 1895 404 1919 eum
415 1894 518 1928 aqmt,
530 1879 726 1916 immundus
736 1879 821 1920 erit,·
836 1884 866 1912 et
882 1887 980 1912 omne
995 1875 1127 1922 liquens
1141 1875 1232 1920 qnod
1248 1873 1373 1908 bibitur

330 1943 372 1977 de
392 1942 548 1976 universo
569 1949 644 1974 vase
661 1936 876 1971 immundum
892 1935 969 1968 crit.
991 1934 1067 1979 (Ex
1082 1933 1229 1978 eodem.)
1246 1932 1372 1966 Cibum

331 2011 410 2036 esse
426 2006 462 2034 et
480 2004 601 2044 potum
623 1997 658 2031 in
681 1995 776 2030 omni
803 2004 907 2035 vase,
928 1994 1039 2028 bonas
1064 1992 1223 2026 actiones
1242 1990 1373 2025 intelli·

334 2060 472 2105 gimns3
496 2061 683 2101 propterca
699 2054 794 2089 enim
812 2053 914 2095 dixit,
938 2051 1041 2086 Cibus
1058 2062 1157 2097 quem
1177 2050 1372 2092 comedetis,

335 2124 366 2152 ct
384 2117 514 2162 liquens
530 2114 620 2160 quod
648 2113 787 2154 bibitur,
810 2113 893 2157 quia
926 2111 1101 2146 malarum
1131 2111 1311 2146 actionum
1343 2115 1379 2144 et

335 2179 440 2214 cibus
453 2183 489 2212 et
504 2182 607 2222 potus
636 2174 862 2220 prohibetur,
891 2174 925 2209 id
940 2180 1009 2217 est,
1034 2183 1158 2208 carum
1182 2172 1381 2208 eommuni-

339 2239 447 2274 catio.
473 2237 511 2272 Si
529 2247 611 2282 crgo
629 2236 664 2270 in
685 2235 803 2280 aliqua
834 2235 1009 2269 bonarum
1035 2234 1218 2268 actionum
1247 2243 1326 2277 qute
1345 2232 1381 2267 in

340 2298 436 2334 omni
472 2307 555 2332 vase
591 2300 692 2337 sunt,
736 2295 770 2329 id
806 2298 883 2335 est,
921 2294 958 2329 in
984 2293 1081 2329 omni
1116 2293 1273 2334 homine,
1309 2291 1382 2327 sive

339 2356 518 2404 principe,
547 2356 621 2391 sive
651 2354 801 2399 plebeio,
833 2354 908 2389 sive
944 2354 1125 2398 sapiente,
1159 2353 1234 2388 sive
1270 2353 1381 2397 impe-

345 2417 425 2457 rito,
455 2424 565 2450 tanum
599 2412 779 2458 quodlibet
805 2423 1026 2457 eorumquae
1050 2413 1145 2447 dicta
1178 2416 1260 2447 sunt
1297 2411 1385 2446 inci-

340 2476 432 2511 deit
470 2473 763 2514 morticinorum,
801 2472 1007 2508 necessario
1051 2473 1258 2507 immun-'lus
1301 2472 1382 2508 erit.

344 2536 432 2570 Nam
463 2539 511 2570 et*
534 2534 562 2569 si
593 2543 663 2568 non
681 2533 726 2567 ab
749 2533 859 2582 initio·
878 2532 971 2567 mala
1003 2532 1155 2578 quadani
1187 2532 1385 2567 intentione

345 2595 521 2630 actionem
550 2594 678 2628 bonam
699 2593 863 2638 coeperit,
885 2593 978 2627 sicut
1001 2592 1038 2627 hi
1058 2591 1192 2627 faciunt
1219 2593 1279 2637 qui
1299 2602 1383 2637 pro-

346 2659 424 2699 pter
462 2653 736 2697 negotiationem
773 2652 828 2687 vel
855 2652 991 2686 lucrum
1023 2652 1192 2697 pietatem
1234 2653 1383 2698 tingunt,

347 2716 468 2756 postea
502 2715 619 2744 autem
644 2709 807 2744 inciderit
841 2710 973 2745 actioni
998 2710 1074 2754 ejus
1110 2712 1298 2756 superbia,
1325 2711 1388 2747 do-

348 2771 404 2806 lus
425 2774 484 2805 aut
502 2769 714 2815 hypocrisis,
736 2769 793 2803 vel
816 2769 931 2804 simile
965 2770 1145 2814 quidpiam
1178 2771 1272 2815 quod
1294 2781 1389 2806 mor-

352 2830 498 2869 ticinum
530 2833 668 2873 utpote
688 2833 852 2867 „mortem
875 2829 1137 2872 quodammodo
1159 2830 1388 2875 participanti

350 2887 507 2924 inserens
539 2886 683 2928 dicitur,
707 2886 775 2921 erit
803 2886 914 2922 ethic
935 2887 1150 2922 immundus.
1178 2888 1312 2923 Bonam
1343 2890 1390 2924 si-

354 2945 498 2991 quidem
521 2945 699 2981 actionem
721 2944 813 2980 mala
842 2945 1112 2991 subingrediens
1136 2946 1286 2982 intentio
1309 2948 1388 2992 pol-

351 3005 434 3042 luit.

402 3065 492 3110 Quia
511 3069 629 3100 autem
649 3063 784 3100 addidit
801 3064 869 3109 legi
889 3074 967 3109 quae
983 3069 1038 3100 est
1062 3064 1106 3100 de
1130 3064 1228 3107 cibo,
1250 3064 1290 3100 Si
1313 3065 1392 3110 susa

354 3126 460 3172 suerit
489 3135 592 3171 saper
609 3134 687 3159 eum
709 3134 815 3171 aqua,
834 3123 990 3159 ostendit
1013 3133 1073 3159 eas
1093 3133 1172 3169 quae
1204 3129 1286 3159 sunt
1311 3129 1392 3169 post

352 3185 529 3232 baptisma
552 3183 725 3226 actiones,
748 3192 826 3228 quae
852 3183 942 3226 sint;
963 3187 1000 3218 et
1029 3179 1147 3218 sermo
1165 3182 1198 3218 ei
1223 3183 1267 3217 de
1296 3183 1392 3218 fideli

355 3254 392 3283 et
422 3245 604 3292 baptizato
622 3248 695 3287 est;
719 3244 765 3279 de
792 3243 925 3279 infideli
946 3247 1067 3279 autem
1093 3243 1237 3278 actione
1257 3242 1391 3278 nullam

357 3306 573 3342 mentionem
597 3303 698 3340 facit.
721 3302 822 3346 Quod
853 3302 978 3348 probat
1012 3301 1140 3337 beatus
1167 3301 1313 3343 Paulus,
1344 3302 1393 3337 di-

357 3374 470 3400 cens:
500 3363 631 3410 Scripsi
651 3362 744 3398 vobis
775 3361 814 3397 in
847 3359 1006 3407 Epistola
1035 3371 1049 3396 .·
1070 3359 1154 3396 Non
1183 3359 1396 3395 commisceri

359 3422 570 3468 fornicariis.
609 3421 692 3458 Non
724 3421 844 3467 utique
873 3419 1074 3466 fornicariis
1105 3419 1212 3465 'injus
1250 3418 1393 3463 mundi,

361 3485 422 3516 aut
460 3481 573 3516 avaris
590 3506 602 3523 ,
637 3486 698 3516 aut
739 3479 944 3524 rapacibus,
990 3484 1052 3515 aut
1093 3478 1198 3515 idolis
1238 3478 1396 3515 servieu-

361 3537 453 3573 tibus
485 3548 498 3573 .·
527 3537 681 3584 alioquin
715 3538 911 3575 debueratis
947 3538 990 3574 de
1011 3537 1077 3575 Ιιοσ
1110 3537 1239 3574 mundo
1273 3538 1397 3574 emisse.

364 3596 469 3633 Nunc
495 3603 611 3633 autem
638 3598 761 3644 scripsi
789 3597 884 3634 vobis
900 3609 910 3634 t
926 3597 968 3634 Si
996 3599 1029 3635 is
1058 3597 1118 3644 qui
1152 3597 1263 3644 frater
1289 3594 1401 3637 uomi-

364 3661 493 3699 ωηατ,
519 3663 570 3693 est
596 3657 800 3702 fornicator,
825 3663 888 3693 aut
917 3657 1139 3703 immundus,
1166 3662 1228 3694 aut
1260 3667 1400 3703 avarus,

368 3719 427 3750 aut
440 3714 540 3752 idolis
556 3716 720 3763 serviens,
740 3722 803 3753 aut
818 3715 1021 3762 maledicae,
1037 3707 1111 3755 ‘aaz
1145 3715 1317 3765 ebriatus,
1342 3722 1404 3757 eut

1399 2043 1423 2085 ΕΔ

729 196 768 230 Β.
797 191 963 229 RABAN!
988 189 1132 226 MAUR!
1158 185 1368 223 AnculEP.
1397 183 1601 221 MOGUNT.
1631 180 1821 220 OPEnUM
1845 179 1964 217 PARS
1988 178 2016 213 1.

1421 786 1509 820 derit
1523 795 1627 830 super
1639 783 1740 825 illud,
1752 781 1968 817 immundum
1979 781 2045 815 erit
2056 792 2068 823 ,·
2079 781 2149 816 sive
2159 780 2300 822 clibani,
2311 781 2382 815 sire
2395 780 2474 826 chy-

2394 167 2464 210 364

1587 272 1665 296 cum
1705 257 1908 305 hujusmodi
1934 265 1995 290 nec
2033 252 2148 287 cibam
2183 259 2322 285 sumere
2349 260 2362 286 .·
2380 248 2467 296 quid

1510 378 1689 413 intantum
1716 375 1833 411 nullus
1866 373 1900 408 ei
1929 380 2050 407 sermo
2075 375 2130 406 est
2160 370 2205 406 de
2231 369 2373 406 actione
2392 367 2470 406 sive

1823 528 1973 566 CAPUT
2009 527 2066 563 111.

1421 607 1552 642 Fontes
1575 612 1606 641 ct
1639 607 1796 642 cisternoe
1819 615 1841 639 a
1872 603 2066 695 moyiticilnis
2098 601 2238 637 mundae
2267 607 2368 646 sunt,
2396 612 2472 638 non*

1831 661 1914 685 rasa
1959 655 2002 684 cti
2020 660 2068 684 ια.

1469 725 1585 773 (inm.)
1614 725 1655 759 Et
1670 723 1838 770 quidquid
1871 722 1913 757 de
1938 721 2131 756 morticinis
2153 721 2350 756 istiusmodi
2384 721 2473 756 ceci-

1423 845 1582 892 tropodes
1601 844 1822 878 destruentur
1840 851 1852 876 .·
1878 849 1910 877 et
1925 841 2096 877 immundi
2114 847 2228 876 erunt.
2248 839 2379 875 Fontes
2393 850 2474 874 vero

1423 910 1455 940 et
1470 905 1627 939 cisternas
1643 909 1674 938 et
1689 902 1799 938 omnis
1814 912 1985 947 aquarum
2005 901 2226 946 conqreqatio
2244 899 2375 934 munda
2392 899 2471 935 erit.

1426 965 1495 1008 Qua·
1503 965 1684 999 morticina
1696 974 1814 998 eorum
1823 963 1985 1008 tetiqerit,
1994 961 2179 1009 polluetur.
2191 960 2262 1008 (Ex
2272 958 2476 1006 Hesycleio.)

1426 1024 1463 1060 Si
1483 1030 1603 1060 autem
1623 1024 1754 1060 clibani
1774 1028 1810 1058 et
1832 1022 2070 1068 chytropodes
2088 1027 2280 1063 nocentur,
2297 1019 2478 1065 quomodo

1428 1097 1499 1122 non
1517 1086 1631 1132 magis
1649 1094 1825 1130 aquarum
1847 1083 2078 1119 collectiones
2098 1082 2133 1116 in
2155 1082 2286 1126 quibus
2303 1079 2478 1125 contingit
2523 1071 2525 1073 ’

1429 1146 1597 1182 animalia
1613 1147 1692 1181 haec
1709 1143 1903 1180 incidentia
1919 1142 2232 1188 computrescere?
2255 1141 2325 1176 Sed
2344 1146 2477 1186 putas·
2519 1124 2521 1129 ¹

1429 1208 1521 1252 Quid
1548 1206 1682 1242 clibani
1700 1204 1757 1239 κει
1781 1203 2023 1249 chytropodes
2041 1201 2268 1246 significent?
2290 1199 2479 1245 Magistros

1428 1269 1596 1304 videlicet
1624 1268 1660 1302 in
1683 1265 1814 1311 quibus
1828 1264 1900 1300 eibi
1926 1273 2038 1299 sacrae
2056 1262 2232 1298 doctrinae
2261 1265 2478 1306 coquuntur,

1429 1327 1651 1376 operationis
1682 1325 1840 1372 Spiritus
1859 1324 1942 1370 igne
1966 1322 2164 1367 supposito.
2185 1320 2265 1357 Non
2284 1325 2339 1355 est
2359 1324 2480 1354 autem

1431 1391 1562 1426 mirum
1583 1388 1745 1424 clibanos
1762 1396 1823 1422 eos
1839 1395 1904 1431 per
1919 1383 2166 1428 metaphoram
2185 1386 2219 1418 et
2239 1380 2481 1427 chytropodas

1432 1449 1616 1496 appellari,
1632 1448 1715 1492 quia
1734 1447 1770 1482 in
1788 1445 1908 1481 multis
1925 1443 2059 1479 scimus
2078 1442 2235 1478 divinam
2256 1440 2482 1485 Scripturam

1434 1512 1563 1547 talibus
1590 1519 1692 1545 usam
1725 1506 1944 1543 nominibus.
1964 1504 2052 1539 Nam
2072 1502 2185 1538 David
2205 1501 2326 1544 Moab,
2350 1501 2386 1535 id
2410 1506 2481 1535 est.

1434 1569 1742 1617 gentein,lebetem
1765 1565 1968 1612 appellavit.
1982 1563 2042 1598 Ait
2057 1563 2152 1598 enim
2170 1574 2179 1597 2
2199 1560 2304 1596 Moab
2324 1559 2394 1596 olla
2412 1559 2483 1605 spei

1436 1643 1520 1667 mem
1540 1630 1653 1678 (Psat.
1666 1629 1910 1676 mx),propter
1922 1623 2146 1670 baptismatis
2162 1632 2275 1668 aquas
2294 1621 2417 1666 quaein
2432 1619 2485 1654 cis
2515 1668 2517 1670 ι

1438 1692 1621 1728 calefiunt.
1647 1690 1717 1725 Sed
1741 1695 1777 1724 et
1808 1685 1975 1722 Ezechiel
1999 1684 2151 1719 lebetem
2185 1680 2386 1717 Jerusalem
2419 1688 2484 1723 ap-

1439 1754 1560 1800 pellat,
1584 1752 1647 1788 sed
1671 1751 1815 1796 plenum
1835 1748 2020 1790 carnibus,
2049 1745 2138 1788 sive,
2165 1749 2207 1780 ut
2239 1742 2486 1789 Septuaginta,

1441 1824 1581 1855 veneno,
1601 1812 1699 1847 viros
1719 1810 1755 1845 in
1775 1820 1818 1846 ca
1833 1808 1924 1845 male
1941 1807 2127 1850 docentes,
2142 1809 2178 1840 et
2196 1804 2355 1840 viventes
2377 1802 2488 1848 signi-

1442 1875 1566 1910 licans.

1489 1934 1694 1971 Secundum
1706 1933 1798 1968 hane
1810 1941 1895 1978 ergo
1912 1930 2090 1966 rationem
2103 1926 2235 1963 clibani
2248 1930 2283 1961 et
2293 1925 2488 1971 chytropo-

1443 1996 1505 2031 des
1524 1995 1653 2041 quihus
1669 1999 1870 2039 coquantur
1897 1989 2149 2028 eibividelieet
2177 1987 2300 2034 populi
2318 1986 2491 2022 doctrinae
2520 1981 2523 1987 '

1444 2055 1513 2091 dici
1532 2060 1693 2100 possunt.
1705 2055 1768 2090 His
1778 2064 1863 2100 ergo
1873 2053 1903 2090 si
1921 2051 2089 2088 inciderit
2107 2049 2350 2090 morticinum,
2368 2047 2402 2082 id
2420 2051 2489 2087 cst,

1445 2116 1475 2150 si
1504 2115 1668 2159 peccanti
1698 2114 1799 2160 [Λί.,
1829 2112 1990 2160 peccati]
2018 2109 2269 2147 mortificantis
2305 2107 2399 2143 aetio
2427 2116 2490 2141 su-

1445 2175 1662 2221 pervenerit,
1683 2174 1854 2209 immundi
1876 2174 1966 2208 [iunt
1992 2177 2028 2208 et
2060 2171 2308 2210 destruuntur,
2330 2167 2412 2213 quia
2430 2166 2493 2210 qui
2508 2182 2522 2196 «-

1448 2236 1576 2271 docent
1593 2245 1663 2269 non
1678 2234 1787 2269 furari
1806 2234 2030 2276 furantur,ct
2041 2232 2103 2277 qui
2117 2229 2311 2277 praedicant
2323 2237 2391 2262 non
2405 2235 2494 2264 moe-

1449 2295 1549 2330 chari
1578 2295 1817 2329 moechantur.
1840 2293 2010 2329 Doctrina
2036 2297 2156 2326 autem
2193 2287 2370 2334 siquidem
2399 2285 2495 2320 bona

1449 2361 1518 2398 est,
1545 2365 1617 2390 non
1637 2360 1694 2390 est
1723 2353 1920 2395 immunda,
1942 2362 2008 2387 nec
2037 2351 2157 2386 divina
2174 2354 2321 2395 propter
2338 2349 2406 2384 hoc
2429 2346 2495 2381 ab-

1450 2414 1658 2450 ominantur
1676 2413 1837 2458 eloquia,
1859 2412 1955 2457 quod
1978 2421 2022 2446 ex
2040 2410 2092 2444 eis
2123 2409 2267 2453 quidam
2287 2407 2410 2442 forsan
2429 2406 2478 2441 im

1450 2475 1573 2511 mundi
1587 2474 1841 2520 praedicatores
1855 2470 1972 2506 effecti
1987 2474 2090 2511 sunt;
2107 2473 2143 2504 et
2155 2471 2348 2513 propterea
2365 2466 2482 2501 sontes
2497 2496 2499 2499 ,

1450 2534 1617 2570 videlicet
1629 2532 1816 2578 opulentas
1829 2530 2023 2572 doctrinas,
2042 2533 2077 2563 ct
2095 2527 2270 2562 cisternas
2290 2524 2364 2560 sive
2381 2524 2481 2559 lacus

1452 2595 1592 2639 linguas
1611 2592 1798 2637 loquentes
1816 2589 2011 2625 mediocria
2026 2592 2061 2623 et
2080 2585 2278 2622 doctrinam
2298 2588 2486 2620 mutuata:

1452 2656 1640 2695 habentes,
1670 2653 1730 2688 sed
1748 2657 1784 2688 et
1806 2650 2037 2687 collectiones
2055 2657 2228 2694 aquarum
2241 2673 2252 2690 ,
2271 2656 2333 2683 cos
2351 2646 2411 2691 qui
2434 2656 2478 2681 un
2495 2655 2498 2657 ·
2515 2678 2517 2683 .

1454 2717 1561 2761 dique
1589 2712 1792 2759 hujusmodi
1808 2711 2001 2748 verborum
2024 2707 2241 2744 affluentiam
2267 2708 2506 2751 congregant,¹

1455 2787 1534 2813 csse
1554 2775 1700 2811 munda.
2510 2753 2516 2760 ’

1502 2837 1598 2870 Bene
1623 2832 1818 2868 autemlex
1846 2831 2030 2874 subdidit,
2063 2828 2132 2873 Qui
2162 2827 2347 2864 morticina
2380 2828 2515 2861 eoru

1459 2894 1606 2940 tetigerit
1629 2892 1817 2939 polluetur,
1835 2891 1896 2927 ubi
1926 2890 2158 2936 Septuaginta
2183 2888 2308 2929 edunt,
2327 2885 2395 2929 Qui
2421 2895 2489 2920 ver

1458 2954 1603 2999 cetiqeric
1624 2962 1756 2987 omnem
1788 2950 2043 2987 immunditiam
2076 2949 2203 2985 anima»
2239 2946 2487 2982 morticinoru.

1455 3013 1608 3058 ipsorum
1639 3010 1840 3046 immundus
1864 3009 1944 3045 erit.
1970 3009 2015 3044 Et
2032 3008 2190 3043 animam
2210 3005 2436 3045 addiderunt,

1458 3071 1550 3106 torte
1573 3075 1721 3116 putares
1747 3069 1791 3104 de
1810 3068 2021 3114 repentibus
2050 3066 2280 3104 sensibilibus
2297 3070 2359 3100 aut
2375 3062 2482 3101 besti

1457 3130 1527 3166 dici
1544 3142 1552 3165 :
1569 3140 1650 3165 nam
1668 3138 1792 3165 eorum
1810 3127 1871 3172 qui
1897 3127 2011 3173 tangit
2037 3125 2244 3169 morticina,
2268 3133 2342 3160 non
2373 3121 2461 3158 anit

1460 3189 1522 3224 sed
1542 3187 1703 3233 corporis
1719 3184 1984 3221 immunditiam
2003 3184 2128 3230 tangit.

1508 3246 1602 3291 Ergo
1639 3243 1684 3280 de
1717 3243 1924 3279 doctoribus
1948 3241 2217 3289 intelligendum
2247 3244 2315 3284 est,
2347 3238 2410 3285 qui
2436 3249 2475 3275 ιιι

1463 3302 1588 3339 mundi
1604 3302 1691 3338 facti
1705 3307 1787 3337 sunt
1806 3301 1988 3337 immunda
2006 3301 2167 3347 *quadam
2183 3305 2221 3336 et
2236 3300 2332 3336 mala
2349 3298 2435 3336 acti
2453 3312 2457 3329 ι
2476 3312 2479 3347 '.

1464 3361 1603 3398 norum
1632 3360 1729 3396 enim
1762 3359 1958 3396 doctrinis,
1975 3358 2118 3406 quando
2149 3357 2285 3395 fuerint
2309 3357 2467 3395 secunda

1465 3420 1581 3467 legem
1599 3418 1664 3455 Dei
1683 3418 1884 3462 intendere,
1905 3419 2074 3466 operibus
2102 3422 2224 3455 autem
2253 3426 2380 3454 eorum
2419 3432 2424 3443 ·
2469 3411 2472 3413 ’

1467 3478 1575 3515 modo
1601 3475 1884 3520 communicare,
1905 3487 1974 3514 nec
2009 3482 2166 3514 tractare
2195 3486 2253 3520 ea,
2271 3474 2332 3514 vel
2355 3484 2410 3514 o

1469 3537 1676 3585 contingere
1711 3535 1893 3579 dehemus,
1917 3537 2193 3575 reminiscentes
2221 3525 2456 3590 '01'on

1469 3597 1572 3640 mini,
1591 3606 1673 3644 quae
1697 3595 1743 3633 ad
1772 3587 2104 3635 confirmationem'
2110 3606 2248 3647 praesen
2266 3595 2338 3636 ‘im
2340 3627 2342 3630 Α
2366 3597 2393 3638 ιι,

1467 3648 1645 3704 populum
1667 3650 1755 3695 sive
1781 3652 2005 3700 discipulos:
2026 3653 2140 3700 Super
2167 3643 2391 3723 σάΙῃῦιῑᾷῃ9
2423 3659 2448 3692 g<

1473 3714 1636 3759 sederant
1654 3712 1777 3765 scriboe
1799 3719 1832 3751 et
1861 3710 2053 3758 Pharium
2081 3715 2199 3752 omnia
2227 3732 2244 3743 ιι
2263 3731 2300 3750 μ,
2340 3725 2345 3740 «,
2423 3739 2425 3741 .
