2540 4016
237 178 307 218 7⁰5

677 171 719 207 Β.
743 169 914 209 ΒΑΒΑΝῙ
939 169 1088 208 MAURI
1111 169 1326 208 ARGmEP.
1355 167 1560 207 MOGUNT.
1587 169 1777 207 OPERUM
1802 170 1922 208 PARS
1941 170 1970 208 1.

2341 174 2412 211 τοι
2441 150 2445 151 ’

235 263 268 294 et
285 253 345 291 ille
365 251 427 299 qui·
444 249 671 285 combusserit
684 259 776 293 eam,
798 248 927 284 lavabit
948 249 1148 284 vestimenta
1172 258 1237 283 sua
1256 252 1289 283 et
1306 249 1343 289 Α
1358 252 1513 294 asperqet
1532 251 1653 283 contra
1672 247 1764 293 sores
1783 246 2013 283 tabernaculi.
2039 246 2132 291 Quid
2148 256 2236 294 ergo
2247 247 2319 285 hoc
2331 248 2414 288 loeo

235 325 370 362 corpus,
388 318 420 348 et
437 312 638 347 immundus
656 312 723 347 erit
740 322 850 359 usque
866 311 911 346 ad
931 321 1121 357 vesperam.
1143 309 1290 357 Golliyet

234 381 350 412 autem
367 372 518 409 mundus
537 372 590 407 vir
603 372 736 407 cineres
750 382 863 407 vaccae
874 398 884 415 ,
898 377 930 406 et
947 370 1101 416 effundet
1121 381 1178 406 eos
1190 376 1290 406 extra

235 442 366 479 castra,
386 435 423 469 in
438 434 512 468 loco
531 432 731 478 purissimo,
755 438 794 466 ut
813 432 884 467 sint
897 431 1115 467 multitudini
1135 430 1290 477 filiorum

235 497 350 534 Israel
370 497 406 531 in
416 494 617 530 custodiam
633 499 665 528 et
682 493 720 528 in
733 503 862 539 aquam
883 493 1109 539 aspersionis,
1127 493 1210 539 quia
1227 503 1289 539 pro

235 562 375 605 peccato
402 566 507 591 vacca
535 553 713 589 combusta
740 559 803 589 est.
835 551 934 588 Solet
960 563 1024 598 per
1053 552 1291 588 masculinum

236 627 362 654 sexum
380 615 574 658 fortitudo,
595 624 661 660 per
683 613 896 650 femininum
915 623 1001 650 vero
1019 614 1212 650 infirmitas
1231 614 1293 649 de-

236 677 384 723 signari.
413 675 505 719 Quid
530 685 616 721 ergo
641 685 706 720 per
733 685 901 718 vaccam,
933 675 1003 711 nisi
1034 679 1218 720 assumpta
1248 675 1294 709 ad

237 736 453 773 sacrificium
474 734 665 770 infirmitas
692 734 952 771 incarnationis
982 734 1178 770 Dominicae
1204 733 1294 780 figu-

237 797 361 833 ratur?
382 796 432 831 De
447 805 516 841 quo
535 795 709 841 scriptum
727 799 796 838 est,
813 795 895 841 quia
912 800 943 829 et
958 795 988 829 si
1007 800 1165 829 mortuus
1186 799 1234 829 est
1252 804 1295 828 ex

237 857 462 901 infirmitate,
486 856 545 890 secl
573 856 654 890 vivit
679 866 722 890 ex
747 855 871 889 virtute
899 853 966 889 Dei
999 853 1063 899 (ΙΙ
1087 852 1169 888 Cor.
1190 851 1292 899 xm).

236 917 332 953 Bene
354 924 475 953 autem
501 927 613 953 vacca
643 917 721 952 haec
748 917 858 952 ctiam
875 915 955 950 rusa
975 915 1118 957 dicitur,
1141 915 1225 960 quia
1242 914 1297 949 vi-

237 979 367 1014 delicet
386 979 463 1025 ejus
482 977 689 1014 humanitas
710 978 817 1013 rubra
845 985 909 1022 per
935 985 1100 1011 cruorem
1119 974 1297 1020 passionis

238 1038 317 1073 suit.
339 1040 442 1076 Unde
461 1046 496 1074 et
521 1039 558 1074 in
580 1038 742 1073 Canticis
770 1037 991 1072 canticorum
1012 1036 1056 1070 ab
1084 1043 1214 1079 sponsa
1235 1033 1298 1067 de-

237 1099 406 1134 scribitur
437 1099 577 1134 dicente
608 1110 615 1132 :
642 1097 796 1131 Dilectus
822 1107 917 1130 meus
948 1094 1119 1129 candidus
1143 1100 1175 1128 et
1202 1092 1299 1127 rubi-

238 1160 372 1203 cundus
396 1159 519 1206 (Cant.
545 1158 602 1205 v).
632 1158 814 1194 Candidus
839 1156 1005 1192 videlicet
1026 1164 1069 1189 ex
1091 1146 1291 1195 divinitate,
1313 1153 1344 1191 B

238 1219 458 1255 rubicundus
472 1229 516 1254 ex
531 1218 718 1264 sanguine.
733 1216 913 1252 Candidus
928 1226 992 1260 per
1003 1214 1179 1261 justitiam
1197 1213 1292 1254 vitae,

238 1281 460 1316 rubicundus
486 1291 528 1316 ex
555 1289 682 1315 cruore
709 1278 900 1324 passionis.
922 1277 1057 1312 AEtatis
1073 1277 1235 1320 intem-w,
1259 1275 1296 1308 in

237 1350 307 1386 qua
332 1340 429 1375 nulla
449 1341 493 1374 sit
510 1339 665 1374 macula.
688 1338 794 1373 AEtas
813 1336 1050 1373 humanitatis
1075 1335 1138 1370 Dei
1157 1335 1297 1379 integra

237 1406 312 1442 est,
339 1400 456 1436 omnis
481 1398 557 1443 ejus
582 1398 745 1443 operatio
773 1397 947 1442 persecta.
969 1396 1008 1430 ln
1031 1404 1102 1439 qua
1129 1393 1298 1428 videlicet

238 1462 462 1498 humanitate
478 1460 618 1495 macula
640 1469 710 1494 non
731 1458 811 1500 suit,
833 1457 916 1502 quia
936 1462 972 1491 ct
989 1455 1167 1490 veraciter
1193 1454 1237 1489 de
1255 1463 1298 1488 eo

237 1522 410 1568 scriptum
431 1526 486 1556 est
508 1532 515 1555 z
539 1519 607 1563 Qui
634 1524 813 1565 peccatum
834 1528 902 1552 non
926 1517 1020 1562 fecit,
1043 1526 1103 1550 nec
1121 1514 1223 1549 dolus
1245 1514 1299 1548 in-

236 1587 354 1618 ventus
371 1587 421 1616 est
445 1581 482 1616 in
504 1591 562 1615 ore
586 1580 662 1626 ejus
687 1578 785 1625 (isa.
808 1576 940 1624 xxxv).
965 1577 1060 1612 Bene
1077 1580 1197 1610 autem
1216 1575 1300 1610 sub-

236 1644 349 1687 ditur,
376 1653 443 1679 nec
471 1642 669 1688 portaverit
689 1641 827 1687 jugum.
855 1639 1038 1684 Scriptum
1062 1638 1194 1684 quippe
1214 1642 1268 1673 est
1288 1649 1296 1671 2

238 1704 362 1742 Omnis
379 1705 439 1751 qui
459 1710 589 1750 peccat,
607 1714 723 1738 servus
740 1708 789 1737 est
808 1702 938 1747 peccati
958 1700 1078 1746 (Joan.
1095 1698 1191 1744 vui).
1207 1697 1299 1741 Quia

237 1775 322 1812 ergo
347 1764 518 1800 Dominus
549 1763 636 1798 nulli
666 1767 815 1808 peccato
842 1760 1053 1802 succubuit,
1078 1758 1205 1805 jugum
1231 1758 1299 1793 mi-

236 1825 333 1861 nime
359 1824 530 1870 portavit.
559 1822 730 1869 Sequitur
755 1833 763 1857 t
795 1821 822 1855 T
826 1821 993 1866 rudesque
1016 1830 1093 1854 eam
1125 1819 1297 1854 Eleazaro

237 1884 421 1926 sacerdoti,
443 1885 502 1930 qui
519 1883 678 1920 eductam
700 1889 799 1918 extra
820 1887 935 1917 castra
955 1879 1148 1916 immolabit
1164 1880 1201 1914 in
1216 1889 1298 1914 con-

238 1952 355 1992 spectu
380 1945 535 1980 Domini.
565 1944 657 1989 Quid
675 1944 842 1989 estquod
859 1943 936 1978 haec
963 1951 1074 1976 vacca
1101 1941 1146 1976 ad
1172 1940 1298 1975 immo-

236 2007 383 2043 landum
402 2006 583 2042 sacerdoti
604 2005 771 2048 traditur,
794 2003 864 2039 nisi
883 2003 979 2048 quod
996 2002 1207 2037 incarnatus
1224 2001 1294 2036 Do-

238 2068 380 2110 minus,
407 2066 470 2111 qui
493 2075 559 2110 pro
582 2064 827 2109 redemptione
851 2068 974 2098 nostra
1001 2060 1224 2096 sacrificium·
1242 2069 1297 2095 se-

237 2128 432 2173 metipsum
460 2127 566 2169 fecit,
598 2126 633 2161 in
661 2124 797 2170 judicio
824 2123 945 2169 populi
974 2123 1142 2158 manibus
1169 2123 1295 2165 datur;

237 2189 300 2235 qui
318 2187 427 2224 etiam
444 2191 548 2223 extra
566 2190 686 2221 castra
704 2185 741 2219 in
760 2187 954 2230 conspectu
973 2183 1115 2218 Domini
1132 2182 1298 2218 immola-

239 2256 297 2286 tus
316 2254 385 2292 est,
401 2248 485 2293 quia
500 2246 667 2282 videlicet
682 2250 784 2281 extra
799 2249 943 2290 portam
957 2254 1085 2290 passus
1099 2244 1177 2280 est?
1198 2242 1300 2280 Unde

239 2314 275 2344 et
293 2317 358 2354 per
377 2307 528 2342 Paulum
549 2305 749 2352 apostolum
768 2305 901 2341 dicitur
921 2314 930 2339 :
952 2303 1057 2339 Jesus
1081 2310 1117 2338 ut
1143 2303 1301 2348 sanctisi-

242 2374 335 2405 caret
360 2379 422 2414 per
450 2379 553 2403 suum
575 2368 781 2414 sanquinem
811 2365 998 2413 populum,
1030 2371 1129 2400 extra
1161 2369 1300 2410 portam

238 2440 362 2476 passus
380 2435 429 2464 est
449 2428 574 2476 (Hebr.
597 2427 691 2475 xlii).
709 2427 889 2463 Exeamus
908 2427 1017 2472 igitur
1034 2426 1078 2461 ad
1097 2434 1179 2460 eum
1197 2431 1300 2461 extra

237 2499 379 2532 castra,
405 2488 665 2534 improperium
684 2488 763 2533 ejus
792 2492 990 2533 portantes.
1016 2485 1094 2522 Non
1120 2487 1216 2521 enim
1241 2486 1299 2522 hic

239 2550 415 2587 habemus
432 2555 640 2586 manentem
660 2549 856 2591 civitatem,
880 2549 942 2585 sed
962 2547 1119 2583 futuram
1146 2547 1300 2593 inquiri-

239 2622 332 2648 mus.
359 2612 497 2648 Idcirco
527 2612 623 2647 enim
646 2617 749 2648 extra
774 2616 918 2657 portam
947 2621 1077 2657 passus
1105 2615 1180 2654 est,
1212 2616 1252 2646 ut
1278 2621 1299 2646 a

241 2672 514 2707 conversatione
540 2681 606 2706 nos
633 2672 715 2706 vitae
739 2672 951 2717 praesentis,
981 2671 1085 2716 quasi
1110 2680 1131 2706 a
1154 2670 1299 2706 civitate

242 2731 341 2768 foras
361 2732 544 2774 educeret,
561 2736 596 2766 et
613 2741 632 2766 a
652 2737 795 2767 terrena
814 2732 1078 2768 inhabitatione
1098 2732 1207 2767 corde
1232 2741 1298 2768 nos

239 2791 394 2828 evellere
418 2791 667 2837 persuaderet.
689 2792 785 2827 Bene
809 2798 929 2827 autem
956 2793 1099 2835 dicitur,
1127 2794 1211 2839 quia
1231 2794 1300 2828 im-

240 2851 389 2887 molabit
409 2861 489 2887 eam
509 2851 545 2886 in
571 2855 766 2896 conspectu
791 2850 945 2886 Domini.
966 2852 1185 2897 Redemptor
1202 2853 1299 2889 enim

239 2918 361 2948 noster
390 2912 426 2946 in
454 2916 651 2957 conspectu
675 2911 860 2946 hominum
885 2912 988 2957 quasi
1020 2913 1199 2949 extinctus
1225 2920 1293 2957 est,

240 2973 303 3009 sed
322 2973 357 3007 in
376 2975 570 3017 conspectu
595 2971 714 3006 Patris
739 2971 960 3013 immolatur,
980 2973 1064 3017 quia
1091 2974 1187 3018 quod
1212 2979 1295 3010 ante
1311 2956 1347 2995 D

239 3034 363 3070 oculos
383 3034 569 3070 hominum
587 3042 708 3079 poena,
728 3033 796 3068 hoe
814 3039 898 3069 ante
911 3034 1034 3069 oculos
1048 3034 1167 3070 Patris
1184 3037 1298 3072 sacri-

240 3095 361 3131 ficium
378 3094 458 3130 suit.
478 3094 526 3130 Et
542 3095 686 3141 intinyet
702 3094 849 3140 diyitum
868 3095 905 3130 in
923 3095 1105 3141 sanquine.
1124 3095 1217 3139 Quid
1232 3107 1298 3142 per

241 3156 393 3202 digitum
413 3155 483 3192 nisi
508 3154 680 3191 discretio
699 3160 832 3191 nostrae
855 3155 1075 3202 operationis
1100 3158 1297 3203 accipitur?

239 3217 277 3252 ln
310 3216 484 3263 sanguine
511 3226 597 3263 ergo
624 3226 742 3253 vaccae
769 3216 920 3263 digitum
947 3217 1145 3264 intingere,
1176 3223 1232 3254 est
1258 3218 1295 3254 in

239 3279 406 3326 passione
431 3278 690 3315 incarnationis
715 3278 911 3315 Dominieae
934 3283 1058 3314 nostra
1076 3287 1187 3324 opera
1207 3289 1296 3315 eon-

242 3352 402 3385 semare,
430 3346 470 3377 ut
486 3342 690 3388 passionem
715 3340 794 3387 ejus
815 3350 924 3387 quam
943 3340 1195 3387 cognoscimus
1213 3341 1296 3376 imi-

241 3407 372 3444 temur,
395 3403 488 3438 sicut
503 3403 677 3449 scriptum
697 3407 753 3439 est
770 3413 779 3438 :
802 3401 961 3438 Christus
976 3412 1040 3448 pro
1058 3401 1155 3438 nobis
1169 3413 1295 3448 passus

241 3468 306 3505 est,
328 3462 523 3510 relinquens
543 3464 637 3500 vobis
655 3464 866 3512 exemplum,
884 3469 924 3499 ut
942 3464 1137 3511 sequamini
1153 3464 1296 3510 vestiyia

240 3523 330 3570 ejus.
362 3524 512 3560 Eleazar
532 3525 654 3571 itaque
686 3526 878 3569 sacerdos,
911 3529 948 3560 et
981 3524 1156 3568 immolat,
1190 3529 1228 3560 et
1257 3524 1295 3560 in

240 3585 415 3631 sanguine
437 3583 515 3630 ejus
533 3585 685 3631 digitum
702 3587 850 3632 intingit
868 3598 877 3622 ε
906 3586 992 3633 quia
1008 3584 1179 3622 videlicet
1193 3584 1296 3630 plebs

240 3644 363 3682 Judaea
394 3656 440 3683 ex
469 3647 706 3693 reproborum
737 3652 841 3694 parte
870 3646 1114 3684 humilitatem
1149 3645 1294 3682 Domini

241 3717 355 3754 usque
380 3710 425 3746 ad
449 3710 654 3756 passionem
685 3715 872 3757 persecuta
907 3715 983 3754 est;
1016 3719 1062 3746 ex
1095 3708 1295 3746 electorum

242 3779 330 3807 vero
345 3777 449 3816 parte
467 3774 712 3819 operationem
737 3772 953 3811 humilitatis
974 3770 1053 3818 ejus
1070 3771 1228 3808 imitata.
1246 3770 1307 3830 Et·

1357 307 1644 352 tabernaculum,
1673 308 1743 344 nisi
1761 313 1837 343 tota
1867 307 1975 343 simul
1992 305 2181 354 Synagoga
2211 309 2414 356 accipitur?

1357 369 1427 413 Qui
1445 379 1532 416 ergo
1562 369 1710 406 tinxerit
1738 370 1776 404 in
1802 367 2015 415 sanguinem
2031 369 2111 416 eius
2128 369 2294 417 digitum,
2312 381 2414 409 eum-

1358 432 1439 467 dem
1456 431 1667 477 sanguinem
1689 434 1815 465 contra
1842 427 1940 465 fores
1966 430 2195 467 tabernaculi
2222 436 2413 478 aspergat,

1358 489 1394 524 id
1418 495 1485 533 est,
1509 490 1674 536 quisquis
1693 488 1872 534 passionis
1889 488 1968 535 ejus
1986 490 2066 525 vias
2083 490 2269 535 imitatur,
2300 491 2415 539 Syna-

1359 560 1458 597 gogae
1484 561 1557 586 non
1581 548 1742 585 credenti
1775 553 1812 584 et
1841 549 2121 594 contradicenti,
2163 560 2230 596 per
2252 551 2416 598 exempla

1358 613 1467 654 bona,
1486 621 1552 656 per
1576 609 1871 657 praedicationem
1892 614 2051 654 rectam,
2075 610 2218 656 signum
2250 611 2343 647 bene
2365 612 2416 648 vi-

1359 672 1466 708 vendi
1482 671 1654 718 praebeat.
1675 670 1809 707 Contra
1826 670 1922 707 fores
1942 671 2040 707 enim
2056 671 2281 708 tabernaculi
2296 682 2417 708 vaccae

1362 733 1572 779 sanguinem
1599 742 1806 779 aspergere,
1833 737 1889 768 est
1916 733 2099 768 resistenti
2128 732 2223 778 plebi
2258 732 2416 770 Judaicae

1360 803 1426 839 per
1448 793 1742 839 praedicationem
1766 798 1922 836 rectam,
1949 803 2015 839 per
2033 797 2159 829 sancta
2183 803 2315 839 opera,
2334 803 2417 839 pas-

1363 853 1474 889 sionis
1502 853 1578 898 cjus
1598 853 1762 899 exempla
1788 859 2005 889 monstrare.
2022 854 2119 890 Bene
2141 859 2263 890 autem
2287 855 2418 890 dicitur
2434 872 2442 876 ·

1363 922 1402 951 ut
1428 915 1559 961 digitus
1579 916 1615 950 in
1639 915 1715 961 ejus
1735 916 1908 962 sanguine
1937 921 2075 962 septem
2105 916 2246 951 vicibus
2269 916 2422 962 intinga-

1363 981 1421 1011 tur
1439 980 1474 1012 et
1493 982 1717 1022 aspergatur.
1738 977 1775 1011 ln
1797 977 2000 1022 septenario
2020 978 2118 1012 enim
2135 987 2286 1013 numero
2304 977 2423 1023 persc-

1364 1038 1436 1074 ctio
1469 1038 1658 1083 accipitur.
1695 1038 1795 1073 Unde
1819 1044 1855 1073 et
1888 1044 2024 1083 septem
2047 1038 2175 1073 diebus
2208 1039 2420 1074 universum

1365 1107 1507 1147 tempus
1539 1101 1733 1146 impletur,
1765 1107 1801 1136 et
1829 1100 1984 1146 Spiritus
2019 1106 2167 1136 sanctus
2199 1100 2422 1146 septiformis

1363 1166 1524 1196 vocatur.
1550 1160 1694 1206 Septem
1721 1171 1806 1207 ergo
1824 1161 1963 1196 vicibus
1981 1161 2017 1196 in
2039 1161 2212 1207 sanguine
2234 1159 2313 1204 ejus
2333 1161 2424 1207 digi-

1364 1228 1439 1257 tum
1473 1222 1662 1268 intingere‚
1696 1227 1752 1257 est
1775 1221 1934 1267 perfecta
1962 1222 2175 1267 operatione
2210 1221 2425 1267 mysterium

1364 1282 1543 1328 passionis
1560 1282 1638 1327 ejus
1657 1282 1808 1316 imitari.
1835 1281 1878 1316 Et
1900 1287 2036 1327 septem
2057 1281 2197 1317 vicibus
2220 1286 2345 1316 contra
2367 1291 2426 1327 sy-

1365 1353 1541 1388 nagogam
1573 1352 1786 1388 aspergere,
1811 1348 1866 1377 est
1887 1341 2047 1387 perfecta
2078 1342 2337 1387 praedicatione
2368 1352 2426 1377 sa-

1366 1406 1550 1436 cramenta
1573 1401 1834 1436 incarnationis
1853 1411 1895 1436 ac
1909 1402 2089 1446 passionis
2108 1401 2200 1445 ejus,
2220 1402 2426 1438 infidelibus

1368 1461 1594 1496 denuntiare.
1633 1460 1893 1506 Comburitque
1931 1471 2011 1496 eam
2049 1462 2189 1497 cunetis
2219 1463 2425 1498 videntibus

1368 1526 1469 1557 extra
1490 1527 1626 1564 castra,
1648 1526 1719 1556 tam
1747 1521 1840 1566 pelle
1859 1526 1896 1556 et
1910 1521 2081 1556 carnibus
2099 1520 2189 1566 ejus,
2210 1532 2319 1566 quam
2347 1532 2429 1558 san-

1367 1584 1475 1629 guine
1501 1588 1536 1618 et
1563 1582 1649 1618 fimo
1668 1582 1824 1618 flammae
1845 1582 2000 1618 traditis.
2025 1582 2117 1626 Quid
2137 1592 2202 1628 per
2219 1593 2363 1618 carnem
2392 1588 2428 1618 et

1366 1644 1510 1690 pellem,
1535 1644 1620 1689 quid
1649 1653 1713 1689 per
1744 1644 1956 1689 sanguinem
1985 1648 2020 1679 et
2042 1643 2167 1678 simum
2194 1654 2328 1687 vaccae,
2357 1643 2428 1680 nisi

1368 1705 1525 1742 carnalia
1548 1704 1728 1741 sacrificia
1741 1705 1778 1739 in
1797 1704 2029 1740 Testamento
2051 1704 2174 1740 Veteri
2193 1704 2329 1747 habita,
2347 1714 2428 1749 quae

1367 1768 1617 1804 infirmitatem
1654 1767 1918 1803 denuntiabant
1963 1767 2120 1810 Domini,
2159 1767 2393 1812 designantur
2413 1767 2429 1802 ?

1368 1829 1454 1872 Quae
1474 1829 1594 1865 omnia
1622 1829 1853 1875 postmodum
1873 1828 2088 1874 spiritaliter
2101 1839 2121 1863 a
2139 1827 2309 1863 Patribus
2327 1827 2429 1864 intel-

1365 1888 1473 1932 lecta,
1487 1889 1590 1935 juxta
1610 1889 1769 1924 exterius
1800 1888 2043 1924 ministerium
2066 1894 2227 1924 stercora
2251 1893 2336 1924 sunt
2363 1899 2427 1924 vo-

1365 1955 1456 1986 cata.
1480 1950 1582 1986 Unde
1610 1950 1742 1986 Paulus
1763 1959 1845 1985 cum
1864 1950 1908 1986 de
1929 1950 2121 1986 sacrificiis
2149 1949 2355 1986 carnalibus
2371 1950 2425 1985 leu

1367 2015 1549 2055 queretur,
1579 2010 1666 2046 dicit
1702 2023 1709 2045 z
1747 2009 1897 2056 Propter
1926 2021 2004 2057 quat
2025 2011 2143 2045 omnia
2178 2010 2427 2045 detrimentum

1316 2056 1345 2097 C
1369 2071 1449 2117 feci,
1471 2078 1502 2106 et
1521 2072 1684 2114 arbitror,
1714 2077 1752 2106 ut
1774 2077 1928 2106 stercora
1954 2069 2102 2117 (Philip.
2121 2071 2190 2117 ιιι).
2211 2070 2298 2114 Quae
2324 2071 2429 2106 ssam·

1369 2142 1436 2167 mae
1474 2132 1667 2167 traduntur
1685 2159 1693 2174 ,
1729 2132 1813 2177 quia
1845 2132 2008 2177 quamvis
2042 2132 2238 2168 carnaliter
2267 2132 2425 2177 primum

1370 2193 1443 2229 sint
1458 2193 1634 2236 exhibita,
1661 2194 1891 2239 postmodum
1908 2204 1973 2240 per
1989 2194 2166 2239 Spiritum
2192 2199 2355 2230 sanctum
2374 2194 2428 2230 in-

1369 2253 1576 2298 telligentiae
1592 2253 1674 2300 igne
1690 2260 1903 2302 consumpta
1921 2260 2017 2291 sunt.
2037 2254 2234 2291 Possumus
2253 2259 2373 2290 tamen
2388 2255 2426 2290 in

1369 2314 1495 2349 eadem
1520 2324 1646 2357 vacca,
1665 2314 1701 2349 id
1716 2321 1786 2358 est,
1812 2315 1848 2350 in
1864 2315 1941 2362 ipsa
1961 2315 2175 2351 infirmitate
2200 2315 2425 2351 incarnatio-

1369 2374 1424 2409 nis
1445 2374 1652 2417 Dominicae‚
1680 2385 1841 2418 carnem,
1869 2376 2013 2421 pellem,
2035 2377 2262 2424 sanguinem,
2284 2376 2424 2419 timum,

1369 2434 1508 2479 singula
1528 2443 1680 2480 quaeque
1703 2445 1812 2480 opera
1840 2436 2019 2481 accipere.
2037 2435 2129 2478 Quid
2149 2436 2244 2471 enim
2262 2445 2327 2481 per
2343 2445 2424 2470 car-

1367 2504 1451 2530 nem
1470 2499 1506 2529 et
1522 2495 1667 2540 pellem,
1692 2496 1762 2531 nisi
1783 2497 1965 2532 exteriora
1997 2495 2075 2541 eJus
2093 2507 2204 2543 opera
2234 2496 2425 2543 designan-

1368 2556 1451 2591 tur?
1474 2555 1568 2599 Quid
1596 2567 1661 2602 per
1679 2558 1905 2604 sanguinem,
1926 2558 1996 2593 nisi
2011 2558 2192 2594 subtilitas
2211 2558 2427 2604 internaque

1367 2616 1498 2660 virtus,
1519 2617 1702 2652 exteriora
1730 2622 1809 2653 acta
1842 2617 2052 2654 vivificans?
2083 2618 2177 2662 Quid
2198 2629 2264 2665 per
2282 2619 2425 2663 fimum,

1368 2678 1437 2713 nisi
1454 2677 1640 2720 lassitudo,
1675 2679 1768 2722 sitis,
1787 2679 1939 2722 esuries,
1961 2680 2070 2716 timor
2095 2681 2236 2724 mortis,
2261 2686 2297 2717 et
2323 2692 2424 2727 qum.-

1367 2748 1438 2783 que
1465 2749 1510 2774 ex
1536 2740 1762 2775 humanitate
1788 2746 1957 2787 suscepta
1974 2741 2049 2787 pati
2075 2741 2201 2784 voluit,
2235 2743 2424 2788 designan-

1368 2799 1452 2833 tur?
1474 2798 1577 2842 Quod
1598 2799 1694 2835 enim
1713 2810 1757 2835 cx
1785 2800 1929 2836 defectu
1954 2807 2088 2837 nostrae
2106 2801 2336 2839 mortalitatis
2359 2803 2424 2838 ha-

1367 2857 1459 2900 buit,
1479 2857 1583 2902 quasi
1603 2857 1709 2893 fimus
1729 2859 1765 2894 in
1783 2868 1827 2896 eo
1841 2859 2081 2905 abjiciendum
2094 2860 2175 2897 fuit.
2195 2861 2281 2906 Quae
2298 2867 2423 2899 tamen

1368 2918 1488 2952 omnia
1508 2927 1588 2963 quae
1607 2928 1651 2953 ex
1671 2918 1883 2956 infirmitate
1906 2921 2087 2968 suscepit,
2108 2922 2194 2967 quia
2211 2932 2278 2968 pro
2298 2927 2423 2959 nostra

1366 2978 1613 3024 redemptione
1633 2980 1811 3024 exhibuit,
1831 2981 1914 3028 igne
1939 2983 2207 3019 concremanda
2238 2989 2349 3027 sunt,
2386 2983 2422 3019 id

1366 3044 1434 3081 est,
1450 3038 1554 3084 juxta
1574 3040 1746 3076 virtutem
1778 3043 1899 3078 sancti
1921 3042 2077 3088 Spiritus
2097 3044 2326 3091 intelligenda
2344 3071 2353 3088 ,
2383 3050 2424 3080 ut

1366 3109 1517 3146 quaeque
1535 3101 1579 3136 ab
1596 3111 1640 3136 eo
1660 3103 1899 3148 corporaliter
1919 3109 2019 3150 gesta
2040 3111 2138 3150 sunt,
2161 3115 2226 3151 per
2255 3106 2422 3153 incorpo-

1366 3169 1468 3194 reum
1487 3160 1688 3197 divinitatis
1707 3161 1784 3206 eius
1804 3163 1975 3208 spiritum
2004 3165 2179 3211 disposita
2200 3165 2418 3201 sentiantur.

1366 3219 1468 3255 Unde
1499 3225 1536 3255 et
1566 3221 1659 3256 bene
1692 3221 1948 3268 subjungitur:
1970 3223 2121 3270 Liynum
2151 3236 2286 3272 quoque
2310 3226 2422 3262 cedri-

1361 3289 1445 3313 num
1473 3284 1506 3314 el
1534 3280 1744 3325 hyssopum,
1771 3281 1978 3327 coccumque
1999 3282 2052 3318 bis
2079 3284 2227 3319 tinctum
2255 3286 2421 3321 sacerdos

1361 3339 1471 3374 mittet
1483 3339 1518 3373 in
1531 3339 1727 3384 flammam,
1747 3349 1825 3385 quoe
1836 3350 1977 3375 vaccam
1992 3347 2104 3377 vorat.
2120 3342 2258 3379 Cedrus
2270 3345 2416 3390 quippe,

1362 3405 1399 3436 et
1416 3399 1529 3435 altum
1548 3404 1585 3435 et
1614 3399 1838 3445 imputribile
1866 3400 2003 3447 lignum
2033 3406 2101 3437 est.
2120 3401 2307 3450 Hyssopus
2331 3415 2418 3441 vero

1332 3494 1344 3498 ,
1362 3461 1476 3498 herba
1493 3460 1597 3497 valde
1633 3459 1780 3496 humilis
1814 3465 1883 3504 est,
1917 3471 1996 3507 quae
2030 3467 2152 3499 tamen
2186 3462 2414 3502 inflationem

1365 3528 1509 3560 amovet
1525 3522 1719 3570 pulmonis.
1739 3521 1832 3567 Quid
1854 3522 1953 3558 enim
1969 3532 2035 3569 per
2062 3523 2224 3568 cedrum,
2244 3525 2315 3562 nisi
2341 3526 2416 3562 alta

1363 3590 1401 3620 et
1412 3593 1651 3631 perseverans
1667 3582 1948 3630 contemplatio?
1969 3579 2063 3627 Quid
2077 3584 2115 3620 in
2135 3584 2296 3631 hyssopo
2312 3611 2323 3629 ‚
2345 3585 2416 3622 nisi

1363 3644 1543 3682 mansueti
1561 3643 1681 3680 cordis
1697 3642 1883 3683 humilitas
1896 3643 2133 3690 designatur?
2152 3643 2244 3689 Quia
2261 3645 2325 3692 qui
2335 3645 2413 3692 jam

1362 3708 1438 3746 alta
1470 3706 1770 3755 contemplatione
1786 3705 1834 3743 ad
1849 3715 2006 3754 superna
2036 3705 2227 3751 attollitur,
2262 3716 2416 3746 necesso

1361 3773 1477 3808 estut
1505 3778 1573 3816 per
1602 3767 1821 3807 humilitatis
1855 3767 2146 3815 compassionem
2179 3767 2415 3807 inferioribus
