2540 4016
107 174 176 215 55⁷

689 174 1025 234 mostrloNEs
1052 175 1101 214 IN
1124 176 1389 217 LEVITICUM.
1416 200 1464 208 —
1486 181 1573 219 Lm.
1600 183 1676 221 vn.

2203 167 2293 238 as?

107 252 258 290 vitutem
293 252 458 300 redigere
473 251 757 297 vendiderimus,
793 257 830 289 et
846 252 877 289 si
904 252 1006 290 verbi
1023 254 1156 299 gratia,
1174 257 1211 297 A
1227 255 1313 300 sint,
1333 265 1478 303 semper
1491 257 1621 295 redimi
1643 261 1827 308 praecepit,
1852 272 1959 310 agros
1982 275 2102 309 autem
2116 278 2275 317 vendere

104 314 323 352 desiderium
337 318 500 350 nostrum
528 313 691 350 avaritiae
717 314 900 361 cogitatus
920 314 1068 358 invasit,
1089 324 1156 351 nos

103 385 361 422 recuperemus
393 379 551 411 mentem
583 380 762 418 nostram,
798 379 838 410 ut
860 385 921 411 eas
941 375 1051 411 etiam
1075 385 1156 420 quae

103 438 147 474 de
161 437 262 485 justo
277 441 363 474 sunt
383 436 566 483 pecunias,
587 440 624 472 et
635 436 882 482 possessiones
897 436 1152 481 despiciamus,

101 502 131 537 si
153 501 412 548 gastrimargiae
426 499 672 546 captivitatem
689 499 880 546 suggessit,
899 508 966 534 nos
986 498 1155 534 intentio-

99 572 182 598 nem
199 561 327 607 jejunii
346 561 515 604 districti,
536 567 572 596 et
585 561 747 597 omnium
767 560 930 596 ciborum
958 560 1153 596 continen-

99 622 187 657 tiam
209 631 477 666 recuperemus,
500 621 553 657 sic
573 621 671 657 enim
702 621 970 666 possessionem
990 625 1154 656 nostram

97 680 258 725 recipere
278 680 406 725 majori
428 680 576 717 inimico
608 691 717 727 quem
752 682 992 718 devicerimus
1023 691 1153 727 possu-

95 751 188 777 mus.
216 740 280 776 Sin
302 746 423 777 autem
459 743 528 778 hoc
545 742 680 778 sactum
715 753 787 779 non
808 742 928 785 suerit,
951 741 1038 787 quid
1070 750 1153 777 eve-

94 803 181 846 niat,
204 802 313 845 disce,
336 808 367 838 et
388 804 418 838 si
441 814 510 838 non
533 805 700 840 invenerit
719 815 843 840 manus
873 804 949 849 ejus
965 807 1003 836 ut
1019 802 1149 837 reddat

93 865 242 911 pretium
260 873 272 897 :
298 870 442 910 oportet
468 865 564 900 enim
597 866 693 901 sicut
723 865 894 907 diximus,
915 864 1058 908 quando
1077 875 1149 900 non

92 924 319 970 praeveniens
337 925 418 969 quis
450 926 675 970 propinquus
693 924 864 969 spiritalis
897 925 1146 968 commoverit,

92 984 236 1028 quando
254 983 368 1019 malas
391 984 631 1028 cogitat10nes
649 984 727 1018 sine
752 983 899 1019 laesione
922 984 1144 1029 repellimus,

91 1043 260 1087 subsequi
283 1043 538 1088 cogitationem
560 1047 596 1078 et
615 1043 795 1079 actionem
834 1054 878 1079 ex
907 1055 978 1090 qua
1000 1045 1146 1081 liberari

88 1102 281 1148 possimus,
317 1111 539 1147 quaecunque
567 1104 701 1148 reperti
739 1103 915 1140 fuerimus
943 1105 1037 1140 male
1059 1105 1144 1140 alie-

89 1171 196 1198 nasse
216 1174 224 1197 :
249 1160 398 1196 Habebit
422 1168 569 1208 emptor,
599 1163 691 1209 quod
719 1170 848 1199 emerat
883 1176 991 1210 usque
1011 1165 1057 1200 ad
1082 1177 1145 1200 an·
1163 1150 1195 1190 B

88 1232 172 1256 num
187 1219 399 1266 jubiloeum‚·
422 1222 459 1256 in
474 1222 549 1267 ipso
575 1223 666 1257 enim
682 1224 792 1258 omnis
812 1224 963 1259 venditio
994 1225 1081 1260 redit
1099 1225 1144 1260 ad

87 1280 268 1316 dominum
284 1286 316 1314 et
336 1280 381 1315 ad
398 1291 630 1327 possessorem
645 1282 844 1328 pristinum.
867 1282 904 1318 Si
926 1294 1012 1330 ergo
1028 1295 1145 1329 neque

85 1351 151 1387 per
170 1341 371 1377 fraternam
387 1342 603 1386 doctrinam,
625 1353 742 1388 neque
759 1355 824 1390 per
847 1344 1003 1389 aliquam
1030 1345 1144 1380 virtu-

86 1407 174 1445 tem,
201 1409 345 1438 nostras
374 1404 611 1448 cogitationes
643 1405 968 1448 emendaverimus,
990 1411 1027 1440 et
1043 1415 1143 1441 rece-

84 1464 245 1510 perimus
270 1465 365 1510 quod
382 1465 426 1499 de
441 1471 565 1501 nostra
591 1467 821 1511 possessione
860 1467 1055 1502 alienatum
1072 1472 1140 1511 est,

89 1523 335 1559 dominabitur
351 1523 428 1568 ejus
447 1525 507 1569 qui
528 1535 607 1560 eam
620 1536 685 1571 per
709 1525 963 1571 negligentiam
981 1533 1141 1563 nostram

83 1585 256 1632 possedit,
286 1595 399 1630 usque
428 1586 472 1621 ad
497 1596 586 1631 opus
625 1587 720 1622 enim
750 1593 936 1633 peceatum
970 1589 1140 1633 perduci-

85 1650 159 1688 tur,
182 1651 219 1680 et
236 1656 307 1681 non
327 1646 433 1681 aliter
451 1646 713 1693 intelligibilem
747 1653 908 1684 nostram
940 1650 1141 1695 possessio-

83 1719 167 1744 nem
208 1710 417 1755 recipimus,
454 1709 523 1744 nisi
547 1709 583 1744 in
624 1714 784 1754 tempore
813 1707 976 1753 jubilaei;
1005 1710 1082 1744 sive
1101 1714 1140 1745 ut

83 1768 340 1815 Septuaginta,
370 1768 597 1810 remissionis,
623 1767 684 1812 qui
708 1767 889 1812 perfectus
927 1773 983 1803 est
1008 1778 1136 1813 annus,

81 1829 142 1874 qui
160 1838 286 1863 omnes
309 1827 346 1862 in
366 1837 405 1862 se
425 1828 534 1862 horas
559 1827 682 1868 habet,
702 1831 738 1861 et
768 1827 929 1862 omnium
949 1828 1138 1864 modorum

78 1887 291 1930 circuitum;
311 1892 500 1932 peractum
519 1891 727 1932 peccatum,
743 1891 781 1921 et
800 1896 864 1931 per
881 1886 1032 1922 multum
1050 1893 1138 1923 tem-

76 1958 143 1995 pus
158 1958 323 1991 manens,
357 1958 428 1984 non
450 1949 554 1985 aliter
576 1950 630 1985 sas
651 1955 706 1985 est
738 1950 886 1996 corrigi,
920 1957 956 1985 et
981 1951 1138 1987 liberare

76 2015 236 2046 mentem
268 2010 304 2045 in
333 2020 403 2056 qua
423 2010 628 2046 dominatus
650 2016 705 2046 est
726 2011 770 2054 is,
794 2011 855 2056 qui
890 2011 985 2047 male
1009 2018 1134 2048 nostra

1221 325 1348 352 omnes
1366 318 1566 364 prohibuit.
1594 317 1680 356 Haec
1709 326 1830 357 autem
1849 323 2048 370 distinctio,
2067 334 2141 368 tam
2154 334 2273 374 infru..

1221 378 1348 412 ctuosa
1378 382 1434 414 est
1463 379 1507 415 ad
1533 378 1665 416 faciem
1697 379 1829 417 litterae
1864 393 1974 429 quam
2004 389 2174 435 ostendit,
2191 397 2276 439 quja

1219 434 1278 470 lex
1301 434 1370 472 fuit
1386 438 1530 483 quidem
1561 440 1707 486 quando
1742 441 1871 478 habuit
1882 441 2055 487 juvamen
2073 447 2119 483 de
2137 448 2274 499 littera,

1219 505 1292 532 non
1319 501 1438 533 tamen
1475 509 1632 546 semper,
1653 511 1723 537 nec
1745 501 1790 538 de
1821 503 1935 547 omni,
1955 510 2103 551 propter
2125 510 2221 554 quod
2243 512 2277 549 ei

1220 557 1477 604 contemplatio
1521 560 1695 605 spiritalis
1718 563 1927 599 necessaria
1952 571 2022 609 est,
2059 567 2197 605 utilitas
2216 580 2278 606 au-

1219 622 1292 653 tem
1311 618 1396 654 hinc
1416 619 1623 656 intendenti
1641 627 1830 667 perpetua,
1856 629 1894 659 et
1913 624 1958 660 de
1978 626 2076 661 omni
2108 628 2277 667 mandato

1219 676 1309 723 legis
1327 679 1506 722 provenit.
1524 678 1604 716 Jam
1623 691 1720 716 nunc
1748 691 1835 728 ergo
1867 685 2059 728 praesentis
2076 688 2278 727 sanctionis

1219 740 1457 778 discutiamus
1475 743 1664 787 virtutem,
1685 744 1719 779 in
1738 746 2026 790 praecedentibus
2049 749 2276 796 uniuscujus-

1218 801 1299 837 dam
1319 803 1597 847 possessionem,
1618 814 1824 850 proponens
1842 807 1891 841 ait
1908 807 2004 842 enim
2023 820 2032 843 ε
2056 808 2097 845 Si
2116 816 2276 847 attenua-

1217 865 1272 895 tus
1309 861 1421 906 frater
1455 869 1536 898 tuus
1571 864 1767 899 vendiderit
1805 867 2123 911 possessiunculam
2158 881 2273 915 suam,

1216 922 1408 966 specialem
1454 925 1740 971 uniuscujusque
1790 930 2106 966 conversationem
2148 933 2275 978 procul

1215 980 1324 1016 dubio
1338 985 1519 1028 exposuit,
1540 986 1601 1021 hic
1617 991 1740 1022 autem
1758 998 1829 1023 non
1842 989 1916 1034 jam
1937 991 1981 1026 de
1999 994 2275 1031 conversatione

1215 1041 1381 1085 speciali,
1401 1043 1462 1078 sed
1485 1045 1597 1080 totius
1622 1044 1820 1092 Synagogae
1835 1049 1894 1083 vel
1911 1049 2081 1086 Ecclesiae
2096 1052 2272 1098 loquitur,

1215 1099 1252 1134 in
1271 1101 1404 1145 quihus
1438 1102 1646 1138 Judaeorum
1665 1105 1811 1150 quidem
1835 1106 2025 1155 Svnagoga
2046 1110 2080 1144 in
2103 1121 2146 1146 eo
2178 1113 2273 1157 quod

1213 1167 1338 1197 manet
1356 1173 1470 1208 usque
1488 1174 1586 1200 nunc
1612 1166 1706 1210 apud
1725 1169 2000 1212 conquirentem
2032 1170 2218 1207 inimicum
2238 1178 2275 1210 et

1214 1222 1463 1258 adversarium
1499 1224 1676 1267 serviens,
1726 1226 1897 1264 Ecclesiae
1949 1235 2090 1273 autem,
2112 1233 2273 1278 gentium

1214 1281 1480 1325 quodammodo
1517 1283 1722 1319 libertatem
1747 1287 1944 1332 accipiunt,
1967 1290 2030 1325 sed
2065 1295 2101 1326 et
2128 1290 2271 1329 Judaeo-

1211 1350 1293 1375 rum
1321 1342 1567 1387 collegiorum,
1595 1346 1775 1389 quomodo
1802 1348 1966 1392 quaedam
1998 1360 2062 1396 per
2097 1354 2271 1398 quosdam

1213 1403 1458 1449 intelligibiles
1499 1405 1643 1448 levitas,
1680 1406 1716 1441 id
1752 1413 1819 1449 est,
1846 1410 2030 1454 apostolos
2070 1413 2267 1458 salventur,

1211 1463 1319 1499 nimis
1346 1465 1544 1500 secundum
1561 1466 1655 1511 quod
1678 1465 1791 1502 Deum
1819 1468 1923 1504 decet
1940 1471 2088 1515 exponit
2109 1472 2235 1509 dicens
2254 1485 2262 1509 :

1213 1522 1281 1565 Qui
1315 1524 1511 1559 vendiderit
1546 1526 1687 1561 domum
1721 1529 1815 1563 intra
1843 1528 1940 1564 urbis
1970 1541 2103 1574 muros,
2132 1532 2269 1568 habebit

1211 1581 1386 1617 licentiam
1419 1584 1625 1627 redimendi,
1657 1586 1765 1621 donec
1801 1598 1891 1622 unus
1922 1588 2110 1634 impleatur
2139 1602 2267 1630 annus.

1210 1642 1293 1678 Haec
1313 1643 1356 1678 de
1374 1643 1581 1680 Judaeorum
1623 1645 1813 1692 Synagoga
1839 1648 2094 1694 intelligamus,
2115 1661 2195 1695 quae
2210 1652 2266 1687 in-

1209 1703 1438 1739 habitabatur
1456 1705 1600 1750 quidem
1623 1717 1630 1740 :
1651 1712 1840 1752 propterea
1869 1708 1966 1744 enim
1989 1718 2069 1744 eam
2086 1709 2181 1745 Deus
2200 1720 2268 1755 per

1209 1764 1369 1811 Moysen,
1392 1772 1427 1801 et
1446 1771 1485 1801 ut
1510 1766 1736 1803 habitaretur
1768 1769 1967 1812 constituit,
1994 1769 2079 1805 licet
2094 1770 2171 1816 ipsa
2190 1771 2268 1808 haec

1208 1836 1279 1861 non
1305 1827 1519 1862 custodierit
1536 1828 1581 1863 ab
1601 1829 1673 1871 his,
1695 1828 1732 1863 in
1763 1829 1895 1875 quibus
1916 1829 2153 1866 inhabitanda
2171 1838 2264 1867 erat.

1206 1885 1359 1930 Propter
1384 1887 1480 1931 quod
1517 1892 1553 1922 et
1576 1887 1752 1924 Dominus
1773 1887 1906 1925 Judaeis
1936 1889 2104 1926 dicebat:
2131 1890 2266 1927 Domus

1207 1956 1299 1989 mea,
1322 1946 1447 1982 domus
1483 1948 1654 1983 orationis
1692 1950 1886 1995 vocabitur,
1910 1963 1968 1987 vos
1990 1959 2106 1988 autem
2134 1953 2266 1998 fecistis

1206 2016 1284 2041 eam
1314 2005 1518 2052 speluncam
1549 2006 1726 2043 latronum
1747 2009 1893 2056 (Mattlt.
1916 2013 2010 2058 xxi).
2037 2013 2126 2049 Erat
2143 2020 2265 2050 autem

74 2071 306 2118 conquisivit,
328 2072 398 2108 nisi
417 2082 481 2118 per
498 2071 698 2118 perfectam
715 2072 979 2117 poenitentiam,
1007 2074 1043 2108 jn
1062 2084 1133 2119 qua
1153 2046 1182 2088 C
1204 2066 1241 2101 in
1257 2066 1403 2102 ClVltate
1419 2072 1563 2103 murata
1579 2069 1617 2103 in
1634 2068 1876 2114 Hierusalem,
1902 2072 2058 2108 habebat
2074 2073 2172 2109 enim
2189 2085 2265 2110 mu·

71 2131 263 2178 jejunium,
284 2138 320 2169 et
353 2133 471 2169 oratio
508 2138 544 2168 et
569 2133 739 2176 cilicium,
780 2139 816 2170 et
849 2133 1077 2181 eleemosyna
1099 2141 1134 2171 et

75 2194 242 2241 lacrymae
262 2200 485 2241 peraguntur
502 2206 512 2238 ;
531 2204 598 2241 per
620 2195 698 2231 haee
722 2195 818 2231 enim
839 2196 1006 2233 remissio
1025 2197 1132 2233 nobis

74 2258 180 2305 plena
204 2259 445 2304 conquiritur.

123 2317 193 2360 Qui
210 2317 403 2353 vendiderit
440 2318 582 2354 domum
607 2321 701 2355 intra
722 2320 818 2356 urbis
836 2331 967 2364 muros,
994 2320 1134 2356 habebit

73 2378 250 2414 licentiam
285 2379 491 2422 redimendi,
521 2380 629 2416 donec
665 2392 757 2416 unus
778 2381 966 2428 impleatur
1000 2393 1130 2418 annus.

77 2438 116 2475 Si
151 2450 221 2475 non
255 2439 453 2483 redemerit,
474 2446 506 2476 et
542 2441 626 2476 anni
646 2441 796 2476 circulus
828 2442 936 2487 suerit
956 2442 1130 2485 evolutus,

72 2506 206 2546 emptor
224 2501 410 2546 possidebit
430 2512 521 2544 eam,
541 2507 574 2537 et
593 2503 721 2547 posteri
749 2502 824 2547 ejus
843 2503 881 2536 in
909 2507 1129 2547 perpetuum,

73 2568 105 2596 et
135 2562 263 2596 redemi
283 2573 352 2597 non
389 2564 527 2608 poterit,
560 2564 664 2598 etiam
687 2562 915 2607 injubilaeo:
941 2562 995 2596 sin
1015 2567 1130 2596 autem

72 2622 109 2656 in
133 2620 216 2656 villa
235 2621 342 2666 suerit
357 2621 481 2656 domus
505 2633 582 2668 quce
598 2632 716 2655 muros
732 2632 801 2655 non
825 2620 941 2662 habet,
962 2630 1129 2665 (tyrorum

67 2681 149 2727 jure
165 2682 355 2724 vendetur,·
373 2683 403 2717 si
419 2689 499 2717 ante
518 2682 693 2727 redempta
712 2692 781 2716 non
799 2681 919 2726 suerit,
937 2681 971 2715 in
984 2680 1130 2726 jubilato

73 2748 262 2778 revertetur
281 2742 326 2776 ad
348 2741 544 2777 dominum.
567 2741 679 2776 AEdes
695 2740 895 2776 Levitarum
915 2751 994 2785 quie
1011 2741 1048 2775 in
1067 2751 1130 2775 ur-

76 2805 174 2841 bibus
188 2811 281 2847 sunt,
303 2815 437 2850 semper
466 2810 610 2850 possunt
638 2803 762 2838 redimi
777 2814 790 2845 ;
807 2803 838 2838 si
855 2802 1041 2848 redemptae
1061 2812 1130 2837 non

75 2867 222 2912 fuerint,
241 2867 277 2901 in
291 2866 440 2912 jubiloeo
459 2871 673 2901 revertentur
693 2864 738 2899 ad
762 2864 936 2907 dominos,
957 2863 1039 2910 quia
1068 2863 1130 2898 do-

73 2939 149 2963 mus
169 2927 307 2963 urbium
328 2927 528 2963 Levitarum
548 2937 611 2973 pro
631 2925 904 2973 possessionibus
933 2931 1014 2961 sunt
1038 2925 1129 2959 inter

71 2987 162 3035 filios
182 2986 325 3023 Israel:
344 2987 546 3023 suburbana
566 2993 681 3022 autem
709 2997 828 3021 eorum
863 2997 931 3021 non
963 2991 1125 3028 veneunt,

71 3049 153 3095 quia
189 3049 358 3094 possessio
396 3049 606 3095 sempiterna
626 3053 690 3083 est.
718 3046 756 3083 Si
778 3048 823 3083 ad
842 3057 952 3082 unum
982 3047 1052 3083 hoc
1070 3047 1127 3082 in-

70 3111 269 3146 tentionem
301 3110 487 3156 legislator
504 3110 704 3152 habuisset,
726 3115 767 3145 ut
784 3109 1035 3156 possessiones
1054 3119 1127 3144 non

70 3173 245 3209 caderent
274 3171 318 3208 ab
355 3172 434 3208 aliis
453 3173 498 3208 ad
523 3172 627 3214 alios,
662 3179 740 3208 erat
761 3173 892 3219 quippe
927 3173 1038 3208 etiam
1059 3173 1128 3208 hoc

70 3232 172 3276 utile,
191 3233 275 3279 quia
295 3233 339 3269 de
359 3232 588 3276 sufficientia,
629 3233 828 3269 secundum
859 3233 954 3279 quod
971 3233 1128 3270 dix-imus

70 3292 127 3329 lex
146 3303 270 3330 euram
291 3294 397 3339 gerit,
419 3294 521 3340 cujus
541 3299 646 3340 putas
666 3294 719 3329 rei
735 3294 864 3340 gratia,
891 3294 1038 3340 quando
1055 3303 1127 3330 non

72 3352 206 3390 tuerint
229 3354 325 3390 intra
345 3364 492 3398 annum,
516 3355 611 3391 sicut
643 3355 707 3398 ait,
742 3355 951 3401 redemptae‚
970 3354 1129 3401 propriae

74 3422 154 3452 esse
170 3417 459 3462 conquirentium
475 3417 586 3464 iussae
604 3422 702 3459 sunt,
722 3417 785 3453 sed
810 3426 878 3452 nec
897 3416 966 3451 hoc
988 3414 1127 3461 simpli-

75 3475 180 3521 citer,
213 3479 278 3515 sed
296 3479 369 3515 imo
388 3478 555 3516 subtilem
576 3478 771 3525 quamdam
801 3477 1012 3513 custodiens
1033 3476 1126 3512 divi·

76 3536 225 3582 sionem,
258 3549 479 3586 quaecunque
496 3540 592 3576 enim
624 3540 722 3576 intra
744 3549 867 3575 muros
896 3543 982 3574 sunt
1001 3537 1125 3573 muni-

76 3595 194 3632 tarum
212 3598 413 3642 civitatum,
450 3600 543 3636 intra
581 3611 716 3638 annum
738 3600 865 3637 redimi
900 3599 1126 3636 solummodo

77 3653 213 3699 liceret·
233 3666 453 3706 quaecunque
473 3665 594 3697 autem
610 3661 647 3696 in
666 3671 739 3697 non
758 3661 926 3704 muratis,
940 3659 1127 3696 licentiam

77 3714 202 3752 haberi
221 3715 401 3755 liberandi
415 3729 479 3757 eas
495 3730 639 3768 semper
651 3721 833 3767 permisit,
851 3721 1044 3760 levitarum
1063 3730 1127 3756 au-

77 3779 151 3814 tem
181 3773 322 3822 domos,
353 3778 431 3816 sive
461 3779 501 3817 in
530 3780 700 3825 muratis,
720 3780 798 3818 sive
828 3781 956 3819 innon
973 3779 1128 3820 muratis

1203 2139 1285 2164 rum
1323 2128 1438 2174 legem
1460 2141 1468 2165 :
1498 2129 1593 2166 hanc
1632 2131 1794 2166 vendidit
1832 2132 2013 2178 quispiam
2037 2144 2108 2169 non
2144 2139 2265 2171 tamen

1202 2190 1289 2226 dicit
1308 2191 1551 2234 venditorem,
1582 2202 1699 2238 neque
1719 2193 1974 2239 propinquum,
2001 2204 2119 2240 neque
2143 2196 2266 2241 proxi-

1204 2261 1323 2292 mum,
1364 2252 1458 2288 sicut
1491 2263 1600 2299 supra
1628 2253 1850 2300 appellavit3
1886 2265 2003 2300 neque
2042 2256 2139 2292 enim
2171 2267 2265 2294 unus

1203 2319 1284 2348 crat
1318 2313 1412 2350 hanc
1431 2314 1607 2358 vendens,
1642 2315 1705 2351 sed
1738 2320 1836 2351 totus
1875 2315 2083 2352 Judaeorum
2110 2317 2265 2363 populus

1202 2373 1297 2408 male
1316 2373 1443 2408 vivens
1471 2375 1532 2419 qui
1558 2384 1676 2420 neque
1711 2374 1837 2416 frater,
1855 2385 1976 2420 neque
2011 2383 2184 2422 cognatus
2210 2377 2266 2413 di·-

1201 2444 1291 2479 gnus
1311 2438 1390 2468 erat
1410 2434 1598 2479 appellari.
1619 2434 1722 2470 Unde
1755 2444 1836 2470 eum
1858 2435 1969 2470 etiam
2002 2435 2174 2481 populum
2195 2435 2263 2472 So-

1201 2495 1390 2530 domorum
1410 2499 1446 2530 et
1464 2495 1675 2530 Gomorrha}
1701 2495 1796 2531 Deus
1814 2506 1880 2541 per
1914 2495 2015 2531 Isaiae
2034 2497 2262 2542 prophetiam

1201 2555 1392 2601 appellavit
1414 2567 1422 2590 :
1444 2555 1585 2599 Audite,
1611 2556 1744 2601 inquit,
1770 2556 1911 2591 verbum
1934 2555 2092 2599 Domini,
2127 2558 2260 2603 princi-

1200 2627 1258 2662 pes
1287 2614 1545 2658 Sodomorum;
1573 2616 1718 2651 auribus
1748 2617 1912 2662 percipite
1936 2616 2044 2662 leqem
2065 2617 2131 2653 Dei
2150 2618 2261 2654 nostri

1198 2675 1347 2722 populus
1368 2673 1573 2711 Gomorram
1601 2675 1705 2722 (lsai.
1723 2676 1766 2720 ι).
1785 2674 1879 2711 Alibi
1903 2681 2024 2710 autem
2041 2676 2087 2711 ad
2104 2686 2167 2712 eos
2182 2687 2261 2712 rur-

1199 2747 1278 2773 sum
1303 2737 1478 2783 propheta
1511 2737 1654 2772 dicebat
1682 2748 1691 2772 :
1726 2735 1792 2772 Cui
1823 2736 1970 2771 debitori
2003 2737 2140 2772 vendidi
2173 2737 2262 2774 vos?

1198 2808 1274 2832 ecce
1294 2796 1423 2832 venditi
1452 2797 1534 2831 estis
1552 2798 1590 2831 in
1607 2795 1851 2843 iniquitatibus
1888 2796 2010 2831 vestris
2027 2795 2131 2843 (lsai.
2154 2795 2256 2844 xxx).

1199 2857 1270 2894 Sed
1288 2857 1419 2894 licebat
1436 2858 1488 2893 eis
1513 2858 1608 2894 hanc
1625 2858 1867 2894 venditionem
1896 2857 2074 2893 redimere
2095 2858 2131 2893 in
2147 2867 2257 2903 anno,

1198 2919 1234 2954 in
1254 2928 1326 2965 quo
1348 2918 1515 2955 Christus
1553 2919 1652 2954 omni
1681 2919 1806 2965 generi
1840 2918 1998 2954 humano
2018 2918 2175 2954 maxime
2191 2928 2257 2964 po-

1198 2980 1282 3027 pulo
1315 2979 1523 3016 ludaeorum
1558 2980 1843 3026 redemptionem
1866 2984 2097 3025 peccatorum
2129 2979 2259 3025 praedi-

1200 3045 1309 3088 cavit,
1331 3054 1441 3091 quem
1459 3055 1608 3088 annum,
1636 3054 1732 3080 nunc
1751 3043 1897 3090 quidem
1913 3043 2098 3089 legislator
2113 3042 2255 3077 innuit:

1201 3114 1324 3154 aperte
1344 3107 1440 3142 enim
1458 3106 1571 3142 lsaias
1592 3105 1755 3142 exhihuit
1776 3116 1784 3141 ε
1814 3103 1966 3151 Spiritus
1990 3103 2133 3138 Domini
2153 3112 2256 3147 super

1200 3180 1266 3209 me,
1293 3179 1332 3204 eo
1359 3169 1452 3215 quod
1473 3169 1572 3204 unxit
1598 3168 1771 3203 Dominus
1799 3176 1868 3208 me,
1892 3164 1938 3201 ad
1973 3160 2253 3198 annuntiandum

1199 3230 1392 3265 mansuetis
1414 3229 1512 3265 misit
1538 3239 1608 3271 me,
1631 3234 1670 3262 ut
1690 3226 1847 3262 mederer
1875 3222 2041 3258 contritos
2077 3219 2195 3262 corde,
2213 3223 2252 3255 ut

1197 3290 1427 3337 praedicarem
1455 3289 1599 3335 captivis
1625 3283 1893 3330 indithentiam,
1933 3286 1965 3315 et
1989 3278 2117 3314 clausis
2148 3288 2251 3325 aper-

1197 3353 1340 3395 tionem,
1364 3357 1402 3387 ut
1424 3350 1654 3397 proedicarem
1689 3355 1821 3381 annum
1854 3339 2060 3389 placabilem
2089 3338 2248 3383 Domini,

1197 3418 1230 3448 et
1248 3413 1341 3447 diem
1362 3411 1506 3446 ultionis
1530 3409 1603 3444 Deo
1622 3412 1751 3442 nostro.
1779 3403 1819 3439 Si
1846 3407 1964 3437 autem
1984 3399 2160 3446 redempta
2179 3410 2250 3436 non

1198 3473 1303 3518 fuerit
1320 3483 1428 3518 usque
1448 3471 1531 3506 dum
1546 3467 1734 3514 impleatur
1751 3474 1877 3507 αηηιιε,
1905 3461 2169 3508 confirmabitur
2186 3460 2251 3496 do-

1198 3543 1274 3568 mus
1303 3541 1381 3578 quoe
1401 3536 1450 3566 est
1465 3531 1502 3565 in
1523 3527 1660 3578 civitate
1679 3536 1757 3573 quae
1773 3524 1875 3560 habet
1891 3533 2011 3559 muros
2029 3523 2096 3558 viri
2113 3526 2249 3569 empto-

1196 3593 1260 3635 ris,
1278 3596 1563 3638 posterorumque
1585 3587 1662 3634 ejus
1678 3587 1714 3622 in
1734 3590 1951 3633 perpetuum,
1970 3589 2003 3620 et
2023 3582 2149 3618 redimi
2178 3591 2249 3619 non

1195 3651 1333 3699 poterit,
1373 3651 1478 3686 etiam
1512 3650 1550 3685 in
1578 3646 1725 3694 jubilaeo
1760 3644 1865 3694 (lsai.
1887 3642 1977 3690 mxl).
2034 3641 2248 3680 Dominatus

1195 3719 1251 3751 est
1268 3712 1367 3750 enim
1382 3710 1590 3748 Judaeorum
1625 3708 1836 3757 Synagossae,
1871 3705 1934 3753 qui
1958 3703 2048 3740 emit
2067 3713 2148 3741 eam
2178 3703 2250 3742 ini-

1195 3777 1324 3821 micus,
1347 3779 1385 3813 et
1401 3773 1560 3823 posteris
1577 3772 1657 3820 ejus
1675 3772 1713 3808 in
1730 3774 1944 3819 perpetuum
1961 3777 1972 3812 ;
1993 3765 2093 3804 omni
2111 3764 2245 3814 videli-⁴
