2540 4016
99 232 169 273 tto

710 210 1044 251 EXPOSITIONES
1069 210 1115 247 ΙΝ
1138 208 1403 249 LEVITICUM.
1430 227 1477 235 -
1500 207 1587 244 LlB.
1613 209 1673 247 Vl.

1736 189 1769 215 ‘
2195 218 2266 256 45⁰

96 295 252 345 magnis,
283 297 326 334 ut
354 295 484 331 timore
521 290 677 329 definitae
704 290 742 326 in
773 289 973 336 majoribus
990 287 1152 334 peccatis
1169 287 1206 326 A
1221 286 1443 333 negligentes
1458 285 1626 322 dicuntur
1643 285 1865 322 demonstrat
1885 286 2069 334 Dominus,
2071 292 2266 341 'discipulis

96 368 212 406 poenae
227 363 263 395 et
278 368 298 393 a
322 342 520 392 minoribus
541 352 800 389 abstineamus.
842 351 943 386 Sicut
977 349 1072 386 enim
1093 348 1146 385 eis

101 420 287 457 sociantur
313 418 499 459 mandato,
530 415 581 451 ita
601 418 637 450 et
652 414 688 449 in
703 422 811 459 poena
831 405 1030 448 sociantur.
1053 408 1147 452 Quia

97 481 158 528 qui
180 480 287 527 leqem
304 483 412 515 totam
430 475 627 518 servaverit,
648 473 850 521 peccaverit
865 477 982 531 autem
996 481 1034 506 m
1058 480 1143 513 uno,

98 541 212 586 sactus
239 545 290 575 est
322 539 477 575 omnium
509 547 587 572 reus
609 534 747 583 (Jacob.
766 534 821 581 11).
840 533 912 569 Sed
930 542 996 568 nec
1011 531 1147 567 frustra

97 600 287 636 calumniae
315 599 387 634 vim
418 597 624 645 conjunxit3
657 606 737 642 quae
758 595 854 631 enim
872 592 1072 630 differentia
1090 596 1147 628 est

97 660 193 707 apud
211 670 294 696 eum
310 660 372 705 qui
392 660 500 695 rebus
520 659 594 694 suis
618 662 732 700 caret,
753 656 830 692 sive
849 655 898 698 vi,
921 654 998 690 sive
1019 652 1145 695 armis,

96 722 248 759 forsitan
268 726 329 756 aut
348 720 508 767 potentia
526 718 702 766 qualibet,
730 717 787 754 vel
818 726 885 763 per
916 715 1146 751 circumven-

97 783 231 818 tionem
242 780 476 827 judiciorum,
493 783 554 814 aut
574 777 713 820 fraude,
745 776 802 812 vel
830 774 990 821 quolibet
1007 771 1079 808 alio
1099 771 1147 807 si-

96 842 173 878 mili
192 841 300 877 modo
317 840 374 876 his
397 844 540 882 careat;
578 839 640 874 sed
663 842 700 873 et
723 836 783 882 qui
801 836 857 871 die
875 838 949 869 tota
977 837 1146 878 operatus

96 907 150 938 est
171 906 210 937 ut
246 900 426 946 acciperet
450 898 651 940 mercedes,
687 906 731 932 ex
767 895 896 939 quibus
912 902 993 928 cum
1010 891 1092 927 filiis
1110 896 1147 927 et

96 971 209 997 uxore
222 959 477 1006 etpareutibus
495 955 786 1002 exspectantibus
800 952 946 989 easdem
960 951 1146 987 mercedes

96 1022 245 1064 viveret,
267 1025 303 1055 et
322 1029 392 1054 non
411 1017 563 1061 accepit,
588 1015 650 1050 sed
669 1013 800 1049 dilatus
831 1016 899 1054 est,
935 1021 1055 1046 nonne
1086 1020 1147 1046 ca-

96 1082 269 1118 lumniam
287 1083 322 1114 et
340 1078 414 1113 vim
429 1076 579 1122 patitur,
598 1085 668 1110 non
685 1073 802 1109 solum
823 1072 860 1107 in
877 1071 979 1114 cib0;
1014 1072 1077 1107 sed
1110 1075 1146 1107 et

95 1151 158 1188 per
174 1140 250 1175 haec
269 1138 375 1174 etiam
397 1138 433 1172 in
452 1135 551 1172 vita?
568 1134 641 1171 vita
661 1133 757 1170 enim
778 1132 814 1167 in
832 1131 912 1168 cibo
935 1131 1145 1177 quotidiano

1215 348 1424 383 mandatum
1443 347 1559 383 dans.
1577 345 1744 393 Viqilate,
1762 347 1846 392 quia
1860 348 2000 383 nescitis
2013 361 2082 395 qua
2096 351 2182 389 Ιιονα
2195 355 2267 390 Do-

1214 408 1330 443 minus
1347 414 1457 444 vester
1478 414 1641 445 venturus
1656 407 1724 451 sit;
1745 408 1809 444 sed
1835 412 1869 444 et
1890 409 2033 454 quando
2060 410 2268 450 dormienti-

1212 468 1282 505 bus
1314 469 1536 512 hominibuS,
1571 467 1742 504 videlicet
1769 468 2036 516 negligentibus
2047 495 2057 512 ,
2089 471 2271 511 seminare

1215 529 1359 565 dicebat
1372 528 1561 565 inimicum
1578 528 1733 564 zizania.
1755 528 1859 565 Mane
1888 534 2008 565 autem
2026 528 2186 566 futurum
2202 540 2269 568 εω-

1215 588 1335 625 culum
1352 594 1420 631 est,
1438 589 1631 634 quianocti
1647 590 1838 635 praesentis
1855 591 1938 626 vitae
1958 591 2134 634 succedit,
2152 595 2189 627 et
2207 591 2269 629 lux

1215 649 1517 696 inexstinguibilis
1535 650 1573 685 in
1590 660 1635 686 eo
1649 650 1801 687 habitat.
1820 650 1899 687 Non
1914 661 2001 698 ergo
2010 657 2152 698 oportet
2172 653 2268 690 otio-

1215 721 1295 747 sum
1314 720 1393 747 esse
1412 712 1507 756 apud
1523 721 1590 748 nos
1606 711 1797 748 doctorum
1810 712 1978 756 verbum,
1996 723 2062 759 per
2077 722 2184 749 omne
2200 714 2270 750 hoc

1215 775 1356 817 tempus
1375 772 1432 807 cui
1464 772 1576 807 futuri
1607 772 1781 819 temporis
1809 783 1916 809 mane
1934 773 2112 816 succedit,
2129 774 2213 820 quia
2235 778 2272 811 et

1214 830 1252 868 in
1269 832 1338 868 hoc
1360 833 1511 868 avaritia
1522 837 1558 868 et
1573 833 1748 879 injustitia
1764 833 1800 869 in
1816 834 2022 870 doctoribus
2038 840 2267 879 exercentur,

1216 893 1419 930 mercedem
1442 895 1675 940 perdentibus
1692 905 1772 940 quae
1789 896 1842 932 eis
1863 906 1908 932 ex
1921 902 2095 942 provectu
2110 891 2269 944 discipu-

1214 952 1332 988 lorum
1359 955 1563 990 deberetur.
1580 955 1650 991 Per
1663 956 1813 992 surdum
1830 962 1948 992 autem
1964 963 2000 993 et
2029 968 2177 1001 caecum,
2207 968 2269 994 cos

1216 1011 1278 1057 qui
1295 1012 1547 1049 inobedientiae
1561 1019 1597 1049 et
1615 1014 1827 1060 ignorantiae
1842 1017 1968 1052 morbo
1989 1017 2196 1053 detinentur
2208 1018 2267 1054 lex

1216 1072 1348 1116 innuit,
1370 1074 1415 1108 ad
1432 1083 1523 1119 quos
1541 1074 1652 1110 lsaias
1672 1075 1763 1111 dixit
1783 1087 1792 1110 ε
1814 1076 1936 1119 Sardi,
1963 1078 2096 1121 audite,
2120 1084 2152 1113 et
2172 1079 2267 1121 cccci,

1213 1132 1398 1168 intuemini
1413 1134 1459 1168 ad
1470 1133 1655 1169 videndum
1670 1133 1760 1181 (Isa.
1775 1134 1880 1182 xm).
1892 1135 2015 1172 Hinon
2034 1137 2270 1173 maledicendi

95 1201 256 1243 ducitur3
281 1208 365 1245 ergo
385 1203 421 1234 et
441 1197 471 1233 si
491 1196 650 1232 crastino
669 1194 834 1239 recipiat,
856 1192 939 1239 quia
962 1191 1146 1238 praeterito
1164 1195 1196 1235 Β
1215 1198 1311 1237 sunt,
1327 1194 1390 1230 sed
1408 1194 1639 1238 admonendi,
1651 1195 1682 1231 si
1693 1200 1814 1232 tamen
1829 1206 1891 1233 eos
1908 1197 2071 1234 converti
2089 1198 2268 1235 volumus.

95 1260 164 1302 dic,
187 1260 222 1294 in
243 1268 314 1304 quo
347 1258 508 1294 laborem
540 1254 722 1297 sustinuit,
758 1253 957 1300 permansit
982 1251 1141 1298 jejunus,

93 1321 165 1356 vim
182 1320 331 1366 pertulit
350 1324 387 1355 et
403 1317 620 1354 calumniam
640 1324 770 1362 passus
787 1319 855 1349 est.
888 1314 933 1349 Et
950 1312 1045 1359 quod
1065 1312 1144 1348 aliis

95 1385 295 1421 substantia
331 1388 398 1426 est,
441 1383 509 1418 hoc
546 1385 630 1417 sunt
653 1378 840 1415 mercedes
879 1376 1142 1412 laborantibus.

96 1445 188 1491 Ergo
203 1449 300 1480 rccte
318 1444 371 1479 vis
391 1442 500 1478 etiam
514 1442 645 1477 horum
665 1439 823 1486 privatio
841 1438 986 1473 dicitur.
1009 1436 1078 1472 Sed
1110 1441 1147 1471 et

96 1505 155 1550 qui
186 1503 368 1539 maledicit
403 1503 523 1543 surdo,
546 1501 698 1536 multum
729 1504 857 1541 nocet;
894 1503 929 1533 et
959 1498 1018 1543 qui
1045 1497 1145 1542 ponit

96 1577 218 1603 coram
235 1565 339 1601 caecis
353 1562 621 1604 offendiculum,
640 1561 674 1596 in
693 1570 763 1605 quo
778 1559 930 1605 pedibus
948 1557 1143 1593 offendant.

94 1627 128 1663 ls
149 1627 291 1672 quidem
311 1625 372 1670 qui
391 1623 520 1660 surdus
539 1627 608 1666 est,
631 1622 715 1656 dum
733 1619 960 1655 maledicitur
979 1623 1144 1661 nocetur,

95 1698 167 1723 non
184 1687 297 1722 solum
310 1686 392 1732 quia
412 1685 455 1721 de
474 1694 517 1721 eo
529 1683 815 1727 detrahitur‚sed
835 1682 917 1729 quia
936 1681 1144 1724 emendare,

96 1753 157 1782 aut
194 1748 270 1782 baec
303 1755 429 1782 cavere
459 1746 496 1780 in
534 1744 664 1790 quibus
700 1744 743 1779 de
769 1753 812 1779 eo
841 1742 1043 1778 detrahitur
1072 1752 1145 1778 non

96 1813 233 1854 potest;
253 1806 315 1843 sed
333 1816 399 1841 nec
417 1815 534 1841 caecus
551 1805 596 1839 ab
613 1802 828 1839 offendiculo
849 1803 911 1848 qui
929 1803 961 1837 ei
979 1802 1141 1848 ponitur,

96 1867 275 1903 custodire
307 1876 345 1901 se
379 1869 499 1911 potest
520 1876 527 1899 :
548 1863 669 1899 evenit
702 1868 838 1906 autem,
861 1867 897 1898 et
915 1862 1001 1898 huic
1019 1867 1056 1897 et
1078 1861 1144 1904 illi,

95 1937 138 1962 cx
158 1931 309 1971 utroque
329 1935 447 1968 mors;
472 1935 567 1960 caeco
588 1924 734 1970 quidem
763 1924 847 1959 dum
867 1923 1066 1959 conteritur
1082 1932 1147 1969 per

95 1982 367 2028 oll'endiculum3
386 1985 495 2021 surdo
509 1989 628 2021 autem
649 1983 855 2026 maledicto,
874 1983 976 2029 quasi
993 1983 1035 2019 de
1048 1983 1147 2029 prin-

97 2046 173 2092 cipe
209 2045 436 2088 detraxisset,
476 2049 538 2080 aut
555 2044 652 2080 aliud
671 2044 853 2090 quidpiam
873 2043 1030 2086 fecisset,
1051 2043 1147 2088 quod

1216 1255 1320 1292 Unde
1340 1255 1474 1292 Paulus
1494 1266 1576 1292 eum
1594 1257 1655 1302 qui
1670 1258 1775 1293 docet
1796 1258 1832 1293 in
1848 1259 2123 1296 mansuetudine
2141 1260 2270 1296 docere

1212 1327 1274 1354 eos
1294 1319 1355 1364 qui
1376 1320 1627 1356 contradicunt
1643 1320 1850 1357 doctoribus
1883 1321 2055 1358 Ecclesiae
2078 1321 2267 1367 praecepit;

1214 1381 1276 1415 scd
1296 1391 1363 1416 nec
1379 1381 1635 1418 offendiculum
1651 1383 1704 1418 eis
1724 1382 1814 1419 falsa
1849 1384 2009 1420 dicentes
2040 1390 2102 1420 aut
2125 1390 2270 1431 agentes

1214 1440 1389 1476 debemus
1409 1440 1514 1476 effici.
1552 1442 1627 1478 Hoc
1665 1443 1761 1478 enim
1798 1444 1873 1489 ipse
1912 1444 2044 1480 Paulus
2073 1446 2269 1491 prohibens

1219 1506 1328 1545 atque
1351 1501 1536 1547 corrigens
1557 1503 1700 1549 scripsit
1722 1516 1729 1539 :
1753 1504 1792 1540 Si
1809 1505 1883 1551 quis
1902 1505 2026 1540 viderit
2043 1516 2122 1540 eum
2138 1506 2196 1552 qui
2211 1506 2272 1541 ha-

1215 1559 1266 1595 bet
1277 1561 1456 1595 scientiam
1472 1562 1508 1596 in
1525 1562 1632 1598 idolio
1650 1565 1914 1608 recumbentem,
1933 1576 2045 1601 nonne
2055 1567 2268 1601 conscientia

1215 1621 1306 1665 ejus,
1325 1632 1401 1656 cum
1423 1622 1467 1656 sit
1492 1622 1648 1667 infirma,
1667 1624 1899 1669 a’dificabitur
1923 1626 1969 1660 ad
1987 1626 2269 1660 manducandum

1213 1683 1399 1718 idolothita
1420 1682 1454 1730 (1
1486 1683 1567 1719 Cor.
1594 1684 1687 1731 vni).
1712 1684 1772 1721 Sic
1805 1685 1894 1733 legis
1927 1691 2001 1721 tam
2018 1686 2138 1722 littera
2162 1696 2269 1731 quam

1216 1745 1343 1790 spiritu
1357 1744 1476 1789 juvari
1491 1756 1696 1790 possumus.
1721 1746 1895 1792 Sequitur
1917 1760 1924 1782 :

1264 1804 1347 1840 Non
1367 1806 1474 1851 facies
1500 1806 1592 1852 quod
1618 1807 1777 1853 iniquum
1802 1813 1867 1850 est,
1893 1819 1954 1842 nec
1981 1807 2109 1853 injuste
2132 1807 2271 1854 judica-

1217 1865 1281 1906 bis,
1308 1875 1368 1900 nec
1401 1866 1596 1900 consideres
1615 1877 1798 1912 personam
1825 1867 2001 1912 pauperis.
2026 1866 2101 1902 Nec
2124 1866 2271 1902 honores

1215 1923 1348 1958 vultum
1363 1925 1523 1969 potentis.
1544 1924 1644 1959 Juste
1654 1925 1779 1971 judica
1796 1927 1954 1971 proximo
1981 1931 2040 1961 tuo
2062 1936 2074 1959 .·
2103 1926 2183 1961 Non
2203 1926 2271 1961 eris

1216 1983 1423 2018 criminator
1442 1989 1474 2018 et
1497 1995 1642 2019 susurro
1662 1984 1698 2019 in
1719 1984 1868 2030 populis.
1906 1985 1988 2020 Non
2017 1986 2125 2021 stabis
2151 1991 2271 2021 contra

1217 2044 1422 2090 sanquinem
1441 2045 1593 2090 proximi
1609 2045 1671 2079 tui.
1693 2044 1768 2090 qu
1778 2044 1963 2080 Dominus.
1977 2045 2048 2092 (Em
2067 2045 2271 2092 Hesyclzio.)

96 2106 129 2142 ei
163 2106 363 2152 periculum
398 2105 591 2152 ingereret,
621 2105 851 2150 semetipsum
870 2105 1019 2140 minime
1033 2104 1147 2141 corri-
1168 2095 1196 2136 C
1219 2103 1295 2139 Non
1318 2104 1513 2150 quamlibet
1528 2104 1721 2149 justitiam,
1740 2105 1801 2141 sed
1827 2115 2004 2140 summam
2025 2111 2061 2141 et
2075 2106 2271 2151 perfectam

98 2166 208 2212 genti.
230 2166 273 2200 Et
292 2166 360 2201 hoc
376 2166 472 2211 quod
488 2165 718 2201 videturesse
736 2175 901 2210 parvum,
913 2165 1007 2210 quod
1021 2175 1041 2200 a
1055 2164 1148 2200 mul-

99 2225 147 2260 tis
162 2233 254 2270 saepe
274 2224 478 2260 ludentibus
492 2223 728 2269 delinquitur,
760 2223 889 2259 transit
907 2224 951 2259 ad
973 2228 1144 2267 mortem;

98 2285 192 2320 unde
207 2284 314 2319 nimis
330 2289 528 2329 opportune
548 2284 672 2326 David,
705 2285 848 2319 beatum
877 2283 969 2319 dixit
987 2293 1068 2319 eum
1088 2283 1148 2330 qui

98 2346 134 2380 in
154 2344 318 2380 cathedra
333 2344 552 2391 pestilentia‘,
574 2345 609 2380 id
626 2350 681 2380 cst
701 2345 956 2389 deridentium,
977 2357 1045 2380 non
1062 2345 1148 2381 sedit

99 2403 213 2452 (Psal.
234 2404 275 2451 ι).
299 2404 370 2440 Nos
388 2411 508 2441 autem
529 2405 573 2440 ad
605 2407 729 2441 eadem
763 2416 888 2442 rursus
921 2407 1148 2452 exsequenda

98 2475 304 2513 pergamus.
322 2466 399 2502 Non
417 2467 515 2502 enim
536 2466 653 2502 solum
680 2467 913 2512 pecuniarum
931 2468 1149 2504 calumniam

97 2533 133 2563 et
148 2527 289 2562 vimlex
308 2528 510 2573 prohibuit,
529 2528 593 2563 sed
607 2534 644 2562 et
664 2537 808 2564 omnem
835 2528 958 2571 aliam,
972 2534 1008 2565 et
1036 2527 1148 2563 multo

99 2587 215 2632 magis
234 2596 315 2622 eam
330 2596 408 2631 quae
422 2591 475 2622 est
494 2587 531 2622 in
545 2586 790 2631 spiritalibus,
820 2591 861 2622 ut
894 2597 966 2622 non
998 2586 1150 2633 gloriam

100 2646 316 2692 arripiamus
347 2645 508 2689 alterius,
541 2657 609 2682 nec
636 2647 731 2692 quod
765 2646 914 2683 alterius
932 2647 1057 2684 labore
1073 2648 1148 2684 col-

100 2708 232 2743 lectum
269 2712 337 2750 est,
368 2707 404 2743 in
433 2707 702 2754 nobismetipsis
734 2709 979 2752 attrahamus3
1004 2715 1151 2756 propter

102 2769 195 2814 quod
212 2773 248 2803 et
267 2768 399 2803 Paulus
420 2768 561 2803 dicebat
583 2779 591 2803 :
613 2767 696 2803 Non
719 2768 809 2803 enim
832 2769 869 2803 in
886 2769 1001 2804 aliena
1031 2769 1151 2815 requla

102 2829 138 2863 in
152 2828 204 2863 his
221 2838 297 2874 qaae
316 2834 442 2874 parata
458 2834 539 2862 sunt
559 2826 706 2873 yloriari
723 2827 781 2874 (11
799 2827 880 2863 Cor.
896 2828 956 2877 x);
975 2834 1010 2864 et
1027 2840 1151 2866 rursus

102 2887 274 2923 donatum
290 2886 358 2923 sibi
377 2887 465 2922 dicit
479 2886 742 2933 evangelizare,
766 2898 834 2922 non
865 2888 923 2923 ubi
951 2890 1150 2925 nominatus

102 2954 151 2984 est
171 2946 344 2991 Christus,
366 2958 407 2982 ne
425 2958 528 2993 super
547 2946 691 2982 alterius
717 2947 981 2992 fundamentum
997 2948 1153 2994 (edifica-

1215 2166 1354 2202 studeri
1371 2165 1442 2209 lex,
1463 2166 1621 2201 maxime
1636 2165 1671 2200 in
1688 2166 1940 2210 praesentibus,
1960 2166 2159 2206 constituit,
2173 2171 2272 2202 recto

1216 2225 1345 2261 itinere
1369 2226 1570 2271 ordineque
1587 2227 1802 2271 procedens,
1825 2233 1863 2261 ut
1883 2227 1982 2272 prius
2001 2227 2166 2263 videatur
2184 2237 2272 2273 pau-

1214 2285 1361 2332 peribus
1398 2285 1512 2332 legem
1543 2286 1775 2329 constituere,
1811 2286 1938 2322 deinde
1970 2287 2190 2332 potentibus,
2228 2296 2271 2323 ac

1217 2344 1346 2380 deinde
1361 2345 1584 2390 principatus
1620 2350 1657 2380 ct
1684 2349 1881 2390 potestates
1912 2345 2141 2387 habentibus,
2165 2350 2205 2380 ut
2234 2350 2271 2380 et

1215 2415 1281 2450 per
1300 2405 1368 2440 hoc
1378 2404 1586 2440 ostenderet
1604 2414 1798 2449 personam
1814 2414 1886 2439 non
1907 2404 2029 2439 deberi
2044 2404 2170 2449 accipi.
2192 2403 2270 2440 Non

1218 2466 1354 2501 furtum
1394 2465 1490 2501 enim
1523 2475 1590 2500 nec
1614 2465 1832 2500 calumniam
1854 2465 1985 2507 facere,
2008 2475 2075 2500 nec
2090 2463 2215 2509 jurare
2234 2465 2269 2500 in

1218 2525 1365 2572 injusto,
1383 2526 1450 2562 etsi
1471 2525 1642 2561 divitibus
1657 2525 1713 2561 vel
1732 2526 1940 2572 potentibus
1973 2525 2165 2571 aliquando
2184 2536 2272 2562 con-

1218 2588 1336 2634 tingit,
1356 2594 1605 2623 verumtamen
1624 2587 1768 2633 propria
1787 2597 1983 2632 pauperum
2002 2586 2266 2632 quodammodo

1220 2653 1304 2684 sunt
1335 2652 1508 2693 peccata:
1529 2656 1594 2692 per
1612 2651 1863 2692 paupertatem
1892 2647 1988 2682 enim
2019 2646 2131 2682 furari
2159 2653 2194 2682 ct
2213 2657 2272 2682 ca-

1220 2707 1388 2743 lumniari
1404 2712 1439 2742 et
1452 2707 1654 2752 transgredi
1670 2712 1895 2742 sacramenta
1912 2707 2075 2752 compelli
2090 2707 2269 2749 videntur,

1220 2769 1270 2804 ita
1289 2772 1328 2803 ut
1350 2767 1498 2812 Sapiens
1517 2766 1575 2802 illc
1598 2767 1634 2801 in
1654 2766 1857 2802 Proverbiis
1881 2766 2018 2802 diceret
2038 2779 2046 2801 :
2068 2766 2216 2801 Divitias
2239 2772 2271 2801 et

1220 2833 1458 2875 paupertatem
1473 2838 1514 2862 ne
1531 2826 1667 2861 dederis
1694 2826 1792 2869 mihi,
1804 2837 1845 2862 ne
1858 2826 1947 2872 sorte
1965 2827 2112 2861 satiatus
2139 2826 2270 2861 illiciar

1221 2888 1267 2923 ad
1287 2887 1499 2934 neqnndum,
1523 2893 1582 2921 aut
1607 2892 1756 2932 eyestate
1787 2886 1998 2932 compulsus,
2018 2886 2114 2931 furer
2147 2892 2176 2921 et
2195 2897 2273 2932 per-

1217 2949 1339 2996 jurem
1358 2958 1481 2983 nomen
1495 2947 1561 2982 Dei
1595 2947 1662 2982 ntei
1683 2945 1804 2993 (Prov.
1832 2946 1933 2994 xxx).
1957 2947 2135 2983 viantem
2151 2946 2273 2993 oppri-

105 3015 154 3044 ret
174 3007 287 3056 (Rom.
310 3007 386 3056 xv).
399 3007 563 3044 Alterum
588 3014 710 3044 autem
737 3008 886 3045 alterius
901 3009 1150 3056 interpretatio
1169 2992 1205 3031 D
1222 3018 1323 3045 mere
1340 3013 1378 3043 et
1395 3007 1624 3044 mercedibus
1642 3007 1800 3053 privare,
1815 3012 1851 3043 et
1869 3008 2023 3044 irridere
2043 3009 2191 3045 surdum
2213 3012 2274 3043 aut

104 3073 159 3104 est
177 3080 184 3103 :
205 3067 350 3103 nolebat
366 3066 464 3103 enim
481 3067 694 3114 praedicare,
710 3066 771 3102 ubi
803 3067 896 3104 alter
928 3069 1149 3115 praedicavit,

106 3134 145 3164 ut
159 3137 231 3163 non
247 3126 438 3166 mercedes
451 3127 634 3174 abriperet
646 3127 796 3164 alienas.
807 3128 860 3165 De
878 3128 936 3164 his
949 3129 1046 3165 enim
1064 3139 1154 3166 mer-

107 3187 254 3224 cedibus
272 3186 323 3222 ait
340 3186 545 3233 legislator:
567 3187 648 3222 Non
666 3187 860 3224 morabitur
877 3199 962 3235 opus
977 3199 1155 3225 mercena-

106 3249 150 3284 rii
165 3247 256 3295 apud
277 3253 309 3283 te
329 3258 436 3294 usque
455 3259 570 3283 mane.
589 3247 666 3283 Non
681 3247 757 3294 jam
777 3249 1070 3295 proedicantibus,
1091 3251 1155 3287 sed

107 3309 224 3346 adbuc
255 3309 476 3345 discentibus
510 3308 686 3344 mandans
725 3319 798 3345 non
842 3309 1044 3356 negligere,
1087 3320 1154 3346 nec

106 3369 262 3405 otiosum
283 3369 375 3416 apud
393 3379 432 3404 se
451 3368 570 3405 sinere
583 3368 764 3405 doctorale
779 3370 952 3414 verbum;
968 3380 1154 3408 mercena-

110 3428 184 3466 rius
202 3429 298 3466 enim
319 3429 383 3465 Dei
400 3434 469 3473 est,
480 3430 542 3475 qui
559 3430 731 3476 praedicat
743 3431 893 3467 verbum
909 3430 998 3477 eius.
1015 3431 1153 3468 Merces

94 3493 228 3525 -autem
264 3489 344 3536 ejus
385 3494 441 3525 est
476 3490 667 3526 retributio
706 3491 991 3537 praedicationis,
1031 3493 1153 3535 veraci

111 3548 285 3586 existente
311 3549 416 3596 hujus
444 3550 498 3586 rei
528 3555 618 3587 teste
635 3550 758 3596 Paulo,
778 3551 840 3598 qui
863 3552 978 3588 dicit:
1001 3551 1088 3595 Quae
1103 3560 1154 3588 est

114 3616 193 3654 erqo
231 3619 359 3645 merces
394 3621 470 3646 mea
483 3636 493 3654 ‚
521 3617 560 3646 ut
593 3611 822 3659 Evanqelium
855 3612 1052 3660 praedicans
1083 3613 1158 3648 sine

117 3673 254 3714 sumtu
281 3679 408 3716 ponam
439 3670 668 3717 Evanqetium
703 3671 861 3715 leisti?
898 3672 934 3720 (Ι
968 3673 1049 3709 Cor.
1090 3674 1157 3718 ix.)

121 3725 353 3772 septuaginta
367 3734 487 3766 autem
504 3730 617 3767 edunt.
633 3742 642 3766 z
665 3730 748 3766 Non
765 3731 913 3768 dormiet
935 3744 1063 3769 merces
1075 3743 1162 3768 mer-

119 3783 250 3822 cenarii
270 3785 322 3821 tui
339 3787 434 3832 apud
457 3793 490 3824 ιο
519 3799 628 3836 usque
647 3800 772 3833 mane,·
790 3791 876 3836 quia
891 3791 988 3827 enim
1001 3792 1161 3828 dormire

1221 3079 1371 3112 caecum,
1391 3069 1474 3115 quia
1490 3069 1654 3114 quaedam
1669 3078 1794 3104 eorum
1816 3073 1900 3103 sunt
1914 3068 2098 3114 potentiae,
2110 3068 2271 3114 quaedam

1221 3139 1308 3166 vero
1328 3129 1486 3175 prodigae
1502 3128 1767 3174 quodammodo
1782 3127 1866 3163 vitae
1897 3132 1934 3163 et
1964 3127 2171 3163 deliciarum
2191 3135 2275 3161 con-

1224 3190 1408 3226 tumeliam
1448 3189 1697 3236 generantium
1724 3193 1886 3233 peecata,
1906 3186 2086 3231 praeeipue
2110 3184 2274 3229 personis

1225 3251 1374 3287 divitum
1392 3255 1427 3286 et
1446 3253 1648 3295 potentum,
1683 3247 1739 3282 lex
1759 3246 1891 3282 sanciri
1916 3245 2058 3280 dicitur.
2076 3243 2272 3278 Personam

1227 3317 1347 3346 autem
1364 3310 1529 3355 accipere
1549 3309 1581 3343 in
1597 3306 1794 3352 judicio,hi
1814 3305 1874 3350 qui
1891 3305 2165 3350 magistratuum
2183 3313 2275 3349 prae-

1227 3371 1344 3407 sident
1358 3370 1415 3405 vel
1433 3368 1595 3414 judicum
1610 3365 1858 3406 tribunalibus,
1884 3373 1974 3409 quos
1988 3361 2191 3407 judicantes
2207 3371 2274 3398 nec

1227 3430 1371 3476 quidem
1388 3437 1586 3474 pauperum
1619 3433 1794 3470 personas
1812 3426 1954 3467 oportet
1973 3421 2147 3468 accipere.
2162 3421 2275 3470 Nemo

1227 3490 1324 3525 enim
1343 3489 1415 3523 Deo
1433 3485 1702 3521 misericordior
1721 3488 1790 3524 est,
1809 3482 1870 3527 qui
1888 3482 2096 3518 misericors
2110 3488 2148 3518 et
2167 3482 2275 3518 mise-

1228 3554 1328 3584 rator
1348 3557 1457 3592 super
1478 3553 1604 3581 omnes
1621 3542 1821 3588 appellatur
1841 3551 1850 3577 ε
1867 3542 2122 3578 Verumtamen
2147 3541 2276 3587 judicii

1227 3616 1388 3654 tempore
1399 3614 1624 3651 nequaquam
1631 3603 1704 3648 jam
1715 3604 1764 3639 ita
1780 3602 1952 3650 appellari
1966 3603 2056 3647 vult,
2068 3603 2130 3639 sed
2139 3603 2272 3649 justus,

1229 3675 1320 3706 teste
1350 3667 1476 3708 David,
1513 3666 1573 3711 qui
1611 3665 1722 3700 dicit:
1745 3664 1838 3699 Deus
1847 3664 1962 3710 J'udea:
1984 3664 2106 3710 justus
2123 3664 2224 3708 sortis
2243 3670 2276 3700 et

1229 3728 1437 3775 longanimis
1456 3726 1570 3764 (Psal.
1590 3725 1670 3773 vn).
1705 3724 1779 3760 Nec
1796 3725 1941 3772 quidem
1961 3724 2118 3770 potentis
2134 3729 2275 3774 oportet

1231 3790 1401 3829 admirari
1421 3798 1612 3835 personam
1646 3787 1683 3823 in
1714 3785 1865 3832 judicio,
1881 3787 1967 3834 quia
1991 3786 2066 3824 Deo
2080 3786 2203 3823 nullus
2220 3792 2274 3824 est
