2540 4016
0 0 154 102 ’Ἰ

265 195 356 233 ¹⁰75

688 197 728 234 Β.
755 197 926 234 RABANJ
952 199 1099 238 Manat
1121 200 1336 245 ARGfflssP.
1363 201 1569 245 uocum.
1598 203 1787 245 OPERUM
1814 204 1934 247 PARS
1957 205 1987 241 l.

2343 209 2439 266 Ἥ

261 271 488 310 humilitatis.
521 271 592 309 Illis
624 273 823 312 intersectis
852 276 929 322 ipse
960 277 1088 314 habuit
1111 277 1311 324 civitatem,
1330 284 1366 331 Α
1385 290 1399 312 c
1427 278 1485 316 vir
1511 279 1590 327 ejus
1609 265 1650 318 ut
1675 287 1816 329 peteret
1841 293 1864 319 a
1881 287 1986 329 patre
2014 291 2081 319 suo
2099 290 2238 329 agrum.
2269 283 2446 335 Suspirat*

261 340 297 369 et
314 333 397 368 secit
413 342 494 378 quae
512 331 550 369 in
566 336 870 381 consequentibus
890 337 1027 383 scripta
1046 343 1144 373 sunt.
1161 336 1229 382 Qui
1251 347 1314 374 au-

261 400 332 429 tem
360 396 443 428 sunt
475 391 540 428 filii
571 393 688 430 inanis
707 394 922 431 humilitatis
953 405 1043 441 quos
1061 397 1314 434 exterminavit

259 453 388 489 Caleh‘?
415 452 560 490 Primus
594 453 698 497 Susi,
730 455 791 502 qui
822 456 1082 503 interpretatur
1107 464 1210 495 extra
1239 470 1312 505 me,

258 513 327 549 hoc
360 518 435 556 est,
465 521 567 549 extra
599 522 763 551 sanctum
790 529 798 552 :
831 518 925 553 tilius
952 519 1070 556 inanis
1099 521 1314 559 humilitatis

259 584 363 619 quem
388 575 653 611 exterminavit.
674 575 797 620 Caleb,
818 578 889 614 imo
908 586 1011 615 extra
1034 581 1224 618 Dominum
1242 589 1310 619 est.

258 633 302 668 Et
322 634 412 669 alius
442 633 612 679 Abiman,
633 637 691 682 qui
725 637 982 684 interpretatur
1001 641 1112 678 frater
1132 653 1232 680 meus
1251 654 1313 679 ex-

259 702 312 731 tra
345 697 546 740 consilium,
567 702 602 732 et
630 697 743 734 frater
769 699 846 736 sine
875 703 1051 739 consilio:
1071 715 1197 741 omnes
1215 706 1312 741 enim

259 755 390 793 fratres
422 758 545 804 quide
574 758 777 796 humilitate
809 761 907 798 inani
932 770 1139 807 nascuntur,
1175 771 1311 801 certum

257 823 312 853 est
330 818 412 864 quia
428 823 528 854 extra
548 819 733 855 consilium
751 829 845 858 sunt.
866 823 1007 860 Tertius
1023 825 1200 869 Tholmai,
1218 826 1312 872 quod

258 880 515 927 interpretatur
546 882 783 928 praecipitium
803 884 859 920 vel
890 887 1103 932 suspensio:
1130 888 1225 933 quod
1249 889 1310 924 de-

259 942 376 988 signat
397 942 484 978 nihil
505 942 541 977 in
573 953 615 978 60
635 945 853 989 stabilitatis,
880 947 942 982 sed
963 958 1052 994 vaga
1079 949 1199 984 omnia
1220 955 1255 984 et
1274 949 1312 985 in

257 1016 415 1051 praeceps
435 1005 589 1041 ruentia.
610 1007 700 1043 Istos
717 1018 802 1054 ergo
824 1014 896 1044 tres
926 1009 1019 1045 filios
1041 1010 1164 1046 Enach
1189 1018 1309 1048 exter-

258 1066 407 1101 minavit
438 1072 474 1102 et
506 1067 686 1104 interfecit
708 1068 828 1111 Caleb,
860 1075 999 1116 etpost
1029 1072 1117 1107 istos
1148 1073 1311 1108 ascendit

258 1125 365 1159 etiam
388 1126 423 1160 in
445 1125 567 1161 Dabir.
588 1127 725 1163 Nomen
751 1134 831 1164 erat
850 1129 960 1164 Dabir
977 1131 1076 1175 prius
1096 1132 1222 1167 civitas
1253 1132 1309 1167 lit—

257 1190 428 1220 terarum.
462 1186 571 1222 Dabir
607 1188 865 1235 interpretatur
897 1191 1056 1236 loquela,
1087 1193 1149 1228 s'ed
1182 1204 1311 1229 nomen
1332 1186 1362 1223 Β

256 1243 369 1281 Dahir
400 1252 478 1282 erat
506 1248 607 1293 prius
639 1250 767 1285 civitas
804 1251 1017 1287 litterarum.
1042 1253 1094 1287 lta
1129 1254 1312 1291 civitatem

257 1303 460 1341 litterarum
489 1307 648 1353 intelligo
667 1318 771 1343 omne
789 1310 929 1345 Veteris
952 1311 1181 1346 instrumenti
1204 1318 1315 1348 testa-

258 1370 433 1407 mentum,
455 1370 491 1400 et
512 1365 605 1401 hanc
625 1366 738 1411 ipsam
761 1379 867 1412 quam
889 1380 984 1405 nunc
1004 1371 1180 1406 disserere
1205 1381 1314 1406 cona-

257 1434 339 1458 mur
371 1423 595 1470 Scripturam
627 1426 868 1473 intelligamus
901 1439 978 1464 6556
1005 1430 1188 1465 civitatem
1211 1430 1310 1466 litte-

258 1495 402 1527 rarum3
435 1496 516 1531 quae
546 1488 774 1532 postmodum
802 1488 954 1525 efficitur
984 1491 1107 1534 Dabir‚
1134 1493 1227 1538 quod
1258 1498 1314 1529 est

255 1546 421 1591 loquela:
443 1548 518 1584 hacc
538 1555 590 1584 est
609 1550 704 1584 enim
722 1562 800 1596 quae
821 1552 920 1597 prius
951 1552 985 1588 in
1012 1553 1140 1589 litteris
1160 1560 1251 1598 erat,
1278 1560 1314 1591 et

258 1609 454 1645 secundum
472 1609 627 1645 litteram
647 1611 925 1658 intelligebatur,
946 1616 1051 1651 modo
1072 1616 1107 1650 in
1127 1616 1310 1662 Ecclesiis,

258 1670 442 1706 revelante
463 1671 626 1715 Domino,
660 1673 798 1719 loquela
832 1674 958 1711 effecta
982 1682 1051 1719 est,
1082 1677 1311 1723 loquentibus

259 1730 304 1766 de
329 1741 371 1767 ea
389 1737 424 1768 et
442 1732 702 1770 disserentibus
722 1736 839 1783 primo
859 1737 1041 1782 apostolis,
1068 1743 1103 1774 et
1124 1750 1311 1774 removen-

256 1792 353 1829 tibus
390 1794 432 1829 de
467 1803 509 1829 63
536 1796 733 1841 spiritalem
772 1798 963 1844 loquelam.
1001 1799 1071 1835 Sed
1108 1806 1143 1835 et
1182 1801 1311 1847 singuli

255 1863 397 1900 quoque
419 1855 584 1894 doctores
603 1857 844 1895 Ecclesiarum
873 1860 1030 1896 litteram
1059 1861 1162 1909 legis,
1189 1863 1311 1909 loque-

255 1915 326 1950 lam
354 1922 390 1952 ct
412 1917 691 1964 disputationem
711 1931 812 1956 5113111
831 1921 925 1957 1113111
944 1923 1187 1969 evangelicam
1216 1924 1310 1961 secc-

254 1988 351 2016 111111.
374 1980 441 2025 Qui
471 1989 553 2018 sunt
572 1989 691 2019 autem
725 1990 797 2020 tres
830 1985 891 2020 filii
922 1986 1044 2021 Enach
1073 1996 1162 2032 quos
1183 1986 1307 2030 Caleb,

254 2042 290 2077 in
311 2042 412 2089 cujus
431 2053 585 2090 persona
605 2045 774 2082 virtutem
797 2046 884 2096 legis
912 2047 1228 2092 descripseramus,
1255 2048 1309 2083 in-

253 2102 552 2140 terimit?1nanis
579 2105 762 2141 humilitas
791 2107 996 2152 accipienda
1022 2114 1078 2143 est
1098 2109 1173 2153 illa,
1203 2119 1308 2154 quam
1329 2104 1357 2144 C

250 2171 376 2198 omnes
397 2164 516 2199 saeculi
540 2171 654 2210 poetae
670 2166 726 2200 vel
754 2167 956 2213 philosophi
979 2169 1204 2204 divinitatem
1224 2181 1306 2205 sen-

250 2230 398 2266 serunt,
422 2223 505 2269 quia
536 2229 570 2258 et
594 2225 742 2260 humilia
767 2231 803 2261 et
832 2226 904 2261 Deo
936 2227 1076 2274 indigna
1108 2234 1190 2263 sunt
1227 2239 1306 2274 qua:

250 2287 454 2316 senscrunt..
475 2282 566 2325 Quid
586 2288 640 2318 est
662 2290 733 2318 tam
756 2285 888 2320 humile
910 2287 1063 2323 inaniter
1083 2298 1189 2332 quam
1211 2287 1306 2332 ligna

254 2347 289 2377 et
317 2341 452 2386 lapides
469 2343 554 2377 deos
576 2343 631 2377 vel
656 2349 819 2379 astruere
842 2345 897 2380 vel
917 2352 1053 2390 putare.
1086 2346 1196 2392 Hujus
1220 2357 1305 2392 ergo

254 2402 371 2438 inanis
390 2402 601 2438 humilitatis
620 2403 757 2449 primus
775 2403 869 2440 silius
890 2411 944 2440 cst
967 2406 1027 2451 qui
1054 2406 1185 2442 dicitur
1203 2413 1303 2443 extra

251 2473 324 2506 me,
350 2463 419 2498 hoc
447 2467 519 2507 est,
549 2463 688 2509 primus
709 2475 834 2501 sensus
854 2475 978 2501 eornm
997 2471 1031 2501 et
1051 2471 1152 2502 extra
1173 2468 1305 2503 verita-

250 2528 344 2566 tem,
373 2529 409 2558 et
436 2528 535 2559 extra
565 2524 755 2560 Dominum
782 2530 849 2561 est.
885 2525 1070 2563 Secundus
1097 2538 1183 2563 vero
1214 2528 1303 2564 Abi-

251 2594 349 2627 man,
378 2585 411 2619 id
441 2590 508 2627 est,
541 2584 653 2621 frater
677 2587 753 2622 sine
774 2586 942 2630 consili03
978 2594 1116 2623 certum
1143 2594 1197 2624 cst
1222 2590 1303 2635 quia

254 2649 290 2679 et
310 2645 378 2679 iste
402 2644 515 2680 frater
534 2645 582 2681 sit
605 2646 700 2682 illius
729 2647 864 2683 erroris
879 2647 940 2693 qui
967 2648 1043 2684 sine
1068 2650 1216 2685 consilio
1234 2650 1304 2697 agi-

250 2707 321 2740 tur.
343 2705 435 2747 Quid
461 2707 556 2740 enim
579 2712 652 2742 tam
680 2707 756 2744 sine
786 2709 937 2744 consilio
969 2719 1075 2754 quam
1101 2709 1304 2756 relinquere

250 2764 456 2806 Dominum,
474 2766 535 2811 qui
564 2776 629 2802 nos
648 2766 731 2802 fecit
748 2778 841 2810 esse,
865 2774 899 2804 et
918 2770 1018 2815 sequi
1039 2771 1123 2806 deos
1141 2781 1230 2816 quos
1251 2771 1302 2808 se-

251 2824 391 2862 cimus?
420 2826 562 2862 Tertius
590 2827 726 2862 erroris
756 2838 881 2864 sensus
911 2835 965 2866 est
999 2829 1176 2874 Tholmai‚
1207 2834 1303 2878 quod

252 2889 307 2920 est
331 2885 564 2930 praecipitium
594 2887 652 2922 vel
682 2889 870 2934 suspensio
896 2902 903 2924 :
932 2891 1126 2926 novissima
1147 2902 1302 2936 namque

250 2945 357 2989 hujus
388 2947 521 2982 erroris
554 2947 791 2984 ostenduntur
821 2949 857 2984 in
882 2951 1118 2996 praecipitium
1148 2958 1185 2986 et
1214 2962 1299 2997 pro-

249 3004 398 3040 fundum
432 3005 574 3041 inferni.
606 3007 679 3043 Hos
710 3019 794 3054 ergo
827 3010 1037 3054 gentilitatis
1067 3020 1192 3046 sensus
1222 3017 1300 3046 tan-
1321 3008 1353 3045 D

251 3075 359 3111 quam
389 3065 481 3102 111105
510 3066 633 3103 Enach
652 3068 780 3103 vetusti
807 3070 940 3104 erroris
960 3069 1110 3106 abscidit
1129 3070 1199 3114 lex,
1220 3083 1298 3118 quae

250 3127 359 3162 etiam
379 3127 573 3163 seeundum
599 3128 757 3164 litteram
778 3128 967 3165 Dominum
987 3140 1111 3166 verum
1137 3136 1171 3166 et
1199 3142 1299 3168 crea-

250 3191 366 3222 torem
381 3187 540 3223 omnium
556 3189 741 3235 praedicat.

659 3258 812 3297 CAPUT
837 3259 894 3297 vt.

253 3315 301 3353 De
331 3329 371 3354 eo
402 3319 494 3366 quod
525 3319 614 3355 dfxit
639 3318 743 3355 Caleb
765 3330 777 3354 .·
804 3319 874 3364 Qm'
902 3321 1107 3367 percusserit
1133 3321 1297 3357 (Inarim-

298 3365 431 3411 sepher
461 3370 494 3401 et
522 3365 670 3412 ceperit,
701 3366 790 3402 dabo
825 3366 877 3402 ilbi
902 3367 1016 3402 Axam
1046 3366 1156 3412 filiam
1187 3379 1297 3403 meam

296 3420 461 3455 warenn
480 3419 512 3450 et
537 3414 624 3458 cepit
652 3424 728 3452 eam
747 3413 908 3449 Otlzoaiel
926 3414 1023 3459 fitius
1040 3413 1165 3457 Cenez,
1191 3415 1300 3460 stabat*-

297 3454 401 3499 Caleb
409 3457 544 3503 junior.
558 3458 602 3495 Ec
617 3459 658 3495 de
669 3471 707 3495 eo
719 3460 810 3506 quod
824 3461 1009 3508 postulavit
1019 3461 1095 3496 Axa
1109 3461 1183 3506 [11111
1193 3460 1312 3511 Caleb·

296 3509 429 3550 patrem
451 3515 552 3540 suum
571 3511 609 3540 ut
630 3505 729 3542 daret
747 3504 812 3542 sibi
831 3503 959 3542 terram
980 3507 1162 3554 irriqunm.

298 3561 416 3610 (111111.)
439 3575 451 3597 ‹
471 3562 638 3612 Dixitque
655 3565 763 3602 Caleb
783 3577 793 3602 ε
813 3565 881 3611 Qui
901 3566 1116 3612 percusserit
1133 3566 1298 3604 Cariath-

252 3633 266 3655 «
297 3621 433 3670 Sepher
461 3629 498 3661 et
527 3626 662 3672 ceperit
689 3637 793 3670 eam,
824 3627 917 3663 dabo
951 3626 1002 3663 illi
1036 3626 1151 3663 Axam
1184 3626 1295 3664 filiam

253 3691 267 3714 ι
295 3692 412 3720 11163111
443 3689 605 3722 uxorem'.
626 3683 797 3734 Cepitque
817 3697 896 3723 eam
923 3687 1090 3724 othoniel
1117 3686 1211 3724 filius
1229 3687 1298 3725 Ce-

252 3750 268 3774 ‹
295 3749 376 3785 nez,
395 3740 508 3780 frater
525 3744 633 3782 Caleb
649 3745 797 3791 junior:
819 3746 987 3796 deditque
1001 3746 1034 3783 ei
1051 3744 1166 3784 Axam
1182 3745 1296 3785 11113111

252 3807 274 3839 c
297 3808 401 3839 suam
426 3811 588 3842 uxorem.
608 3796 677 3866 Qui
706 3814 790 3844 cum
819 3811 1012 3874 pergerent
1035 3808 1162 3857 simul,
1183 3808 1295 3848 suasit

1385 351 1398 373 ι
1427 336 1552 389 vitque
1578 348 1618 379 ut
1639 343 1788 380 sedebat
1805 345 1843 380 in
1861 345 1977 381 asino.
2000 343 2066 380 Cui
2094 342 2221 390 Caleb,
2249 345 2342 391 Quid
2361 338 2446 384 ha-⁴

1385 400 1398 435 ι’
1426 400 1507 447 1165,
1530 403 1670 450 inquit?
1687 404 1735 440 At
1763 404 1826 440 illa
1855 405 2042 451 respondit
2065 415 2074 440 ε
2100 405 2153 441 Da
2171 404 2260 443 mihi
2287 407 2439 445 benedi-

1385 474 1398 496 ‹
1427 463 1583 501 ctionem
1611 477 1619 500 :
1650 469 1786 500 terram
1815 464 2011 501 australem
2039 469 2077 503 et
2109 470 2270 503 arentem
2305 464 2437 507 dedisti

1385 534 1397 555 ‹
1427 522 1530 569 mihi,
1547 524 1657 570 junge
1674 528 1710 559 et
1727 524 1915 570 irriguam.
1934 524 2040 561 Dedit
2063 525 2187 573 itaque
2205 527 2240 564 ei
2259 526 2368 566 Caleb
2386 529 2439 566 ir·-
2494 535 2495 538 ’

1384 595 1396 616 1
1427 583 1566 630 riguam
1590 584 1755 630 superius
1773 589 1810 620 et
1827 583 1990 629 inferius,
2006 598 2019 620 »
2041 590 2110 623 etc.
2132 586 2298 625 othoniel
2315 594 2435 627 autem

1379 644 1640 690 interpretatur
1660 644 1847 690 responsio
1867 645 1945 681 Dei.
1967 646 2167 694 Responsio
2188 648 2251 685 Dei
2281 650 2350 687 diei
2373 662 2436 697 po-

1379 713 1449 744 test
1468 708 1498 743 is
1522 708 1580 744 cui
1605 709 1799 759 respondet
1827 709 2013 755 Dominus,
2034 711 2103 747 hoc
2123 716 2191 754 est,
2219 713 2278 750 cui
2297 714 2434 750 revelat

1380 775 1520 805 secreta
1539 771 1732 816 et'pandit
1763 781 1906 808 arcana.
1937 771 2006 808 iste
2034 782 2119 819 ergo
2149 778 2205 811 est
2234 775 2295 822 qui
2314 781 2434 825 potest

1380 833 1543 878 accipere
1576 833 1760 869 civitatem
1782 834 1984 871 litterarum
2017 835 2157 871 Veteris
2178 836 2410 873 Instrumenti
2426 866 2435 882 ‚

1379 902 1415 933 et
1444 897 1611 933 excidere
1648 897 1806 934 litteram
1836 897 2076 941 occidentem,
2101 897 2215 934 frater
2240 899 2349 935 Caleb
2375 899 2435 946 ju-

1378 960 1471 996 nior.
1488 960 1561 1006 Ego
1578 965 1697 996 autem
1715 970 1793 995 sum
1811 959 1922 995 frater
1937 960 2045 996 Caleb
2061 960 2104 995 de
2119 959 2429 1007 Ecclesiajunior,

1379 1021 1440 1066 qui
1460 1021 1582 1056 excisa
1603 1031 1645 1056 36
1670 1020 1787 1055 diruta
1807 1019 1897 1067 legis
1916 1020 2050 1063 littera,
2081 1030 2227 1056 sensum
2245 1021 2283 1056 111
2302 1031 2342 1056 63
2363 1021 2435 1065 spi-

1379 1083 1521 1118 ritalem
1544 1083 1701 1129 requiro.
1734 1081 1869 1118 Excido
1894 1087 2014 1117 autem
2043 1082 2218 1125 litteram,
2251 1092 2332 1117 cum
2357 1081 2434 1126 jam

1381 1155 1452 1180 11011
1474 1145 1668 1180 secundum
1689 1143 1847 1179 litteram
1865 1153 1989 1190 azyma
2013 1144 2204 1186 manduco,
2227 1153 2343 1189 neque
2367 1154 2433 1191 pa-

1382 1206 1468 1242 scha
1495 1217 1576 1242 cum
1597 1205 1728 1242 Judaeis
1751 1207 1917 1248 observo,
1948 1215 2064 1249 neque
2095 1205 2282 1240 sabbatum
2304 1216 2435 1241 secun-

1382 1267 1465 1301 dum
1481 1266 1639 1300 litteram
1652 1274 1752 1300 curo.
1766 1264 1988 1299 Promissum
2005 1273 2159 1308 namque
2175 1268 2230 1298 est
2245 1264 2332 1299 mihi
2352 1265 2436 1309 quia

1382 1327 1411 1362 si
1429 1327 1595 1361 excidero
1614 1326 1797 1360 civitatem
1826 1324 2041 1367 litterarum,
2064 1330 2278 1371 accepturus
2306 1325 2372 1360 sim
2398 1325 2439 1360 Γι-

1381 1388 1466 1422 113111
1488 1387 1611 1421 sratris
1636 1386 1707 1421 mei
1724 1384 1885 1430 majoris.
1906 1386 2010 1420 Eram
2035 1396 2191 1434 namque
2213 1396 2314 1433 prius
2342 1386 2436 1422 iilius

1382 1448 1511 1490 Cenez,
1532 1448 1593 1493 qui
1614 1447 1871 1492 interpretatur
1895 1447 2043 1492 spretio.
2069 1447 2156 1490 Quis
2175 1447 2269 1482 enim
2289 1453 2368 1483 erat
2389 1448 2435 1484 ita

1384 1513 1526 1553 spretus
1564 1507 1656 1542 sicut
1681 1517 1746 1543 nos
1771 1513 1909 1553 gentes,
1941 1507 2085 1543 alienati
2115 1518 2134 1542 a
2167 1509 2438 1544 conversatione

1382 1567 1504 1610 lsrael,
1523 1577 1622 1612 spem
1639 1578 1710 1603 non
1729 1568 1919 1611 habentes,
1936 1573 1971 1603 et
1987 1558 2063 1604 sine
2078 1567 2151 1604 Deo
2170 1568 2206 1604 in
2220 1568 2289 1604 1106
2305 1569 2437 1603 mundo

1383 1630 1549 1665 cranius?
1579 1629 1668 1664 Nam
1702 1630 1803 1681 prior
1836 1630 1895 1668 ille
1922 1630 2034 1666 frater
2065 1641 2183 1674 meus,
2210 1631 2311 1677 cujus
2343 1641 2437 1666 nunc

1383 1690 1492 1725 liliam
1514 1690 1663 1736 accipio,
1685 1700 1750 1736 pro
1770 1701 1812 1726 eo
1832 1691 1926 1736 quod
1949 1691 2068 1727 excidi
2092 1691 2274 1727 civitatem
2299 1691 2437 1726 littera-

1382 1760 1474 1793 rum,
1499 1749 1556 1785 ille
1588 1749 1683 1786 filius
1711 1749 1846 1787 ε16110116
1873 1751 1955 1796 fuit,
1979 1752 2040 1798 qui
2066 1752 2324 1798 interpretatur
2349 1762 2434 1788 con-

1380 1811 1512 1847 versio.
1540 1812 1606 1846 Dat
1639 1812 1726 1848 mihi
1754 1823 1838 1859 ergo
1870 1813 1981 1849 filiam
2009 1824 2125 1859 suam,
2154 1814 2340 1850 scientiam
2360 1814 2435 1850 sive

1381 1872 1653 1920 intelligentiam
1681 1874 1768 1909 mihi
1789 1875 1923 1920 juniori
1943 1875 2047 1912 fratri
2064 1876 2126 1912 dat
2143 1875 2213 1920 lex,
2236 1876 2432 1912 secundum

1380 1934 1474 1979 quod
1494 1934 1665 1979 scriptum
1686 1940 1766 1971 cst:
1788 1948 1800 1970 ‹
1821 1935 2014 1972 Auferetur
2031 1947 2052 1972 3
2069 1937 2170 1974 vobis
2187 1948 2337 1984 regnum
2354 1938 2433 1982 Dei,

1380 1999 1415 2029 et
1437 1994 1580 2029 dabitur
1595 1995 1691 2040 genti
1712 1995 1857 2034 facienti
1883 1997 2040 2033 fructum
2059 1997 2136 2043 ejus
2157 1998 2298 2046 (Manli.
2318 1998 2430 2042 1111).»

1381 2056 1574 2093 Sciendum
1612 2062 1732 2093 tamen
1759 2063 1814 2094 est
1846 2059 1941 2094 aliud
1976 2070 2056 2095 esse
2077 2060 2214 2105 legem.
2248 2061 2306 2096 cui
2338 2071 2433 2097 nunc

1378 2127 1571 2162 personam
1588 2117 1752 2153 dedimus
1772 2118 1893 2162 Caleb,
1914 2119 2011 2154 aliud
2030 2120 2186 2156 litteram
2209 2121 2347 2156 Veteris
2368 2120 2434 2157 Te-

1377 2179 1557 2222 stamenti,
1577 2190 1682 2225 quam
1706 2179 1887 2215 civitatem
1914 2180 2114 2227 figuraliter
2143 2181 2302 2217 diximus
2333 2182 2431 2217 litte-

1376 2251 1511 2276 rarum.
1544 2241 1701 2286 Accepta
1726 2251 1810 2287 ergo
1841 2241 1959 2277 littera
1994 2241 2066 2277 11113
2100 2241 2192 2287 ejus,
2221 2252 2288 2288 ego
2315 2242 2430 2282 frater

1376 2302 1452 2347 ejus
1483 2301 1604 2347 junior
1625 2301 1762 2336 abduco
1782 2311 1861 2337 eam
1893 2301 1938 2337 de
1972 2302 2078 2338 domo
2105 2303 2220 2350 patris
2240 2303 2296 2340 sui
2319 2315 2327 2338 ε
2354 2314 2432 2348 quae

1375 2371 1456 2396 cum
1488 2361 1628 2396 veniret
1658 2371 1797 2398 mecum
1832 2361 1959 2397 sedens
1992 2371 2099 2408 super
2129 2363 2297 2406 asinum,
2330 2363 2431 2398 illum

1374 2421 1450 2456 51116
1471 2422 1578 2456 dubio
1610 2432 1715 2467 quem
1741 2422 1921 2458 solverant
1954 2423 2118 2469 discipuli
2141 2423 2353 2466 8311310115,
2376 2425 2431 2459 (11-

1373 2483 1421 2518 cit
1439 2482 1481 2517 ad
1503 2489 1643 2528 patrem
1661 2493 1765 2519 suum
1784 2495 1791 2518 :
1815 2484 1866 2519 Da
1883 2484 1969 2519 mihi
1986 2484 2286 2527 benedictionem,
2303 2490 2425 2530 patcr;

1373 2550 1410 2579 et
1429 2545 1567 2589 accepit
1599 2543 1812 2580 Gonethlam
1836 2544 2044 2581 inferiorem
2065 2550 2101 2580 et
2127 2544 2341 2580 Gonethlam
2373 2555 2432 2581 su-

1373 2605 1551 2651 periorem
1573 2615 1581 2640 :
1613 2606 1708 2652 quod
1733 2606 1934 2642 evidentius
1959 2606 2037 2652 jam
2077 2607 2270 2654 Apostolus
2312 2606 2398 2645 dicit
2420 2619 2427 2642 ε

1378 2680 1389 2700 ‹
1410 2667 1710 2704 Pollicitationem
1740 2669 1877 2705 habens
1907 2669 1989 2705 vitae
2010 2679 2091 2716 quae
2118 2679 2213 2705 nunc
2231 2673 2286 2705 est
2311 2674 2347 2704 et
2374 2667 2430 2703 su-

1373 2733 1462 2762 turae
1495 2727 1528 2773 (I
1553 2727 1643 2763 Tim.
1670 2728 1733 2776 lv).
1750 2741 1762 2762 ›
1784 2729 1828 2763 Et
1856 2727 2021 2764 Salvator
2045 2728 2220 2775 promittit
2242 2732 2279 2763 ut
2308 2727 2344 2763 bi
2368 2727 2429 2772 qui

1373 2788 1471 2823 verbi
1497 2788 1551 2823 sui
1581 2788 1839 2834 perfectionem
1862 2793 2073 2835 sequuntur,
2095 2788 2272 2833 accipiant
2301 2792 2426 2822 centu-

1370 2849 1468 2894 plum
1501 2850 1536 2885 in
1557 2850 1624 2886 hoc
1654 2850 1800 2892 saecuto,
1828 2855 1864 2886 et
1894 2850 2002 2886 vitam
2026 2855 2196 2886 aeternam
2225 2849 2260 2883 in
2291 2846 2424 2882 futuro.

1370 2909 1446 2945 Hoc
1473 2914 1528 2945 est
1558 2919 1642 2956 ergo
1672 2910 1854 2955 accepisse
1885 2910 1921 2945 in
1947 2908 2194 2946 benedictione
2213 2906 2425 2942 Gonethlam

1371 2970 1576 3006 inferiorem
1603 2975 1639 3005 et
1670 2969 1884 3006 Gonethlam
1906 2969 2126 3016 superiorem
2151 2980 2158 3003 :
2181 2978 2290 3015 quam
2315 2967 2425 3002 benc-

1370 3029 1560 3064 dictioncm
1577 3039 1721 3064 oremus
1738 3035 1775 3064 ut
1790 3037 1826 3065 et
1846 3040 1911 3065 nos
1928 3029 2099 3074 consequi
2116 3038 2331 3064 mereamur.
2352 3026 2423 3076 (Ex

1371 3088 1565 3137 Greqorio.)
1597 3089 1706 3125 Juxta
1729 3091 1965 3138 tropologiam
1992 3102 2094 3135 vero,
2121 3090 2198 3125 Axa
2224 3099 2331 3139 super
2354 3089 2425 3124 asi-

1370 3160 1454 3185 num
1486 3150 1606 3194 sedet,
1642 3162 1723 3186 eum
1756 3151 2063 3187 irrationabilibus
2098 3151 2217 3187 carnis
2246 3160 2319 3185 suae
2344 3159 2423 3185 mo-

1369 3209 1464 3244 tibus
1483 3210 1602 3244 anima
1618 3210 1799 3256 praesidet,
1819 3220 1899 3255 quae
1927 3210 2112 3255 suspirans
2127 3220 2148 3244 a
2164 3214 2268 3254 patre
2287 3213 2421 3243 terram

1369 3268 1540 3314 irriguam
1569 3269 1672 3314 petit,
1693 3269 1776 3313 quia
1802 3279 1823 3303 a
1845 3274 2010 3303 creatore
2038 3272 2161 3303 nostro
2188 3276 2270 3302 cum
2291 3276 2419 3311 magno

1369 3328 1501 3374 gemitu
1521 3327 1714 3373 quaerenda
1730 3331 1786 3362 est
1801 3327 2040 3374 lacrymarum
2060 3326 2188 3374 gratia.
2211 3326 2303 3362 Sunt
2319 3336 2420 3362 nam-

1368 3398 1437 3433 que
1460 3386 1619 3423 nonnulli
1658 3386 1720 3442 qui
1747 3385 1822 3432 jam
1853 3386 1890 3422 in
1915 3387 2007 3423 dono
2039 3392 2276 3441 perceperunt
2307 3387 2418 3424 libere

1368 3457 1431 3493 pro
1445 3446 1583 3494 justitia
1606 3446 1716 3494 loqui,
1741 3456 1934 3494 oppressos
1952 3447 2058 3491 tueri,
2081 3448 2323 3495 indigentibus
2339 3459 2419 3498 pos-

1366 3517 1465 3543 sessa
1497 3507 1668 3552 tribuere,
1703 3506 1870 3543 ardorem
1897 3505 1982 3542 fidei
2014 3507 2148 3544 habere
2175 3507 2270 3544 :sed
2299 3508 2417 3544 adhuc

1366 3569 1519 3617 gratiam
1538 3569 1782 3617 lacrymarum
1799 3578 1872 3605 non
1903 3568 2052 3604 habent.
2072 3567 2118 3605 111
2149 3568 2319 3610 nimirum
2342 3572 2416 3604 ter·

1366 3640 1444 3665 ram
1465 3629 1658 3666 australem
1677 3633 1714 3666 et
1737 3632 1898 3665 arentem
1923 3628 2072 3674 hahent,
2094 3628 2156 3665 sed
2174 3633 2210 3665 et
2229 3627 2346 3664 adhuc
2365 3627 2414 3664 ir-

1365 3688 1469 3736 rigua
1484 3688 1672 3735 indigent:
1690 3687 1774 3734 quia
1791 3687 1829 3724 in
1846 3687 1951 3724 bonis
1965 3684 2134 3735 operibus
2146 3686 2268 3741 positi,
2285 3686 2413 3735 quibus

1365 3739 1487 3804 11133111
1505 3739 1613 3796 atque
1629 3747 1809 3786 ferventes
1825 3754 1924 3794 sunt,
1941 3742 2084 3796 oportet
2101 3741 2271 3784 nimirum
2294 3753 2334 3785 ut
2349 3753 2412 3803 aut

1363 3808 1494 3862 timore
1525 3809 1711 3869 supplicii,
1739 3813 1802 3862 aut
1832 3813 1956 3850 ’3111016
1986 3804 2090 3872 rejgni
2115 3808 2290 3866 6131651111,
2314 3803 2434 3870 1113111,ἃ

2530 667 2533 669 s
2510 300 2540 637 νην-πημήνῃ·
2521 218 2540 289 mm
2516 0 2540 203 nm·—

2494 505 2500 510 .
2484 347 2506 487 ..g-'1⁴1'
