2540 4016
272 191 344 228 455
714 153 949 219 B.RAl3AN1
974 177 1120 221 naum
1145 175 1355 217 Ancurae.

272 272 350 310 quae
369 259 510 297 virtutis
528 262 610 294 sunt
631 263 791 300 agamus,
807 257 912 299 Juxta
931 251 1227 289 consuetudinem
1246 257 1317 287 ter-
1328 254 1368 314 Α

271 332 319 358 1·ae
340 319 495 367 AEgypti,
522 323 558 354 et
573 318 673 364 juxta
689 322 824 350 morem
843 317 949 348 terrae
963 311 1135 348 chanaan
1158 311 1248 346 nihil
1262 310 1316 347 sa-

269 390 364 424 eere,
400 380 452 416 sie
487 379 532 415 ab
565 374 661 412 omni
691 372 882 418 iniquitate
919 370 1091 408 abstineri
1127 370 1312 418 praecepit.

271 439 503 486 Septuaginta
537 439 653 472 autem
675 442 739 478 pro
761 431 1010 467 consuetudine
1045 431 1163 467 studia
1199 431 1313 467 inter-

266 499 399 547 pretati
419 502 514 539 sunt,
534 494 616 541 quia
635 492 811 538 malignas
832 491 1104 528 adinventiones
1117 497 1153 528 et
1176 491 1315 528 fabulas

268 558 358 595 solet
374 556 490 592 divina
519 553 703 597 Scriptura
721 551 913 597 appellare,
934 550 1108 587 malorum
1127 552 1260 596 studia,
1275 557 1316 588 ut

265 621 347 663 pote
365 613 529 650 Ezechiel
546 612 698 655 dicente,
720 616 803 657 post
821 612 1028 658 iniquitates
1052 622 1142 658 quas
1164 613 1259 649 Deus
1279 612 1316 647 in

264 674 394 719 templo
421 673 579 708 seniores
599 670 708 706 lsrael
735 681 842 716 agere
861 670 1018 707 ostendit
1044 683 1052 706 z
1082 671 1127 706 Et
1155 671 1244 706 dixit
1270 670 1315 705 ad

263 745 316 769 me
346 732 510 768 Dominus
526 741 538 765 :
571 731 687 774 Vides,
706 730 758 776 fili
779 731 956 767 hominis?
981 732 1025 767 Et
1043 742 1168 768 rursus
1185 742 1193 767 :
1226 731 1317 767 Con-

264 805 379 830 versus
399 793 525 828 videbis
540 791 656 827 studia
676 791 814 826 maiora
834 791 973 826 horum.
995 791 1073 827 Non
1090 792 1204 827 solum
1232 801 1316 837 ergo

265 865 286 890 a
302 854 551 895 fornicatione,
571 857 607 888 et
636 852 801 894 avaritia,
835 857 869 887 et
899 862 919 886 a
941 852 1123 897 superbia,
1153 853 1215 887 sed
1237 857 1273 887 et
1296 861 1317 886 a

265 915 519 951 divinationum
537 919 573 949 et
589 913 819 960 auguriorum
843 911 1105 957 abjectionibus
1131 917 1166 948 et
1182 911 1316 948 venefi-

264 975 330 1010 ciis
353 974 520 1020 praecepit
549 973 744 1016 abstinere,
767 972 829 1008 sed
848 976 884 1008 et
900 982 920 1006 a
940 971 1069 1018 magiis
1089 976 1124 1007 ct
1141 971 1316 1006 similibus

263 1035 355 1077 aliis,
377 1035 425 1069 ita
440 1041 478 1069 ut
494 1034 630 1081 Moyses
644 1034 679 1069 in
697 1033 973 1069 Deuteronomio
986 1033 1123 1068 diceret
1140 1045 1147 1067 ε
1166 1032 1316 1075 Quando

262 1095 435 1141 inpressas
452 1095 558 1140 fueris
579 1101 706 1130 terram
720 1105 824 1141 quam
844 1094 1013 1128 Dominus
1031 1094 1123 1129 Deus
1151 1099 1231 1129 tuus
1258 1094 1318 1129 de-

264 1156 353 1192 derit
369 1156 444 1199 tibi,
463 1168 541 1192 cave
559 1168 599 1191 ne
615 1156 744 1191 imitari
772 1155 851 1190 velis
876 1155 1151 1190 abominationes
1172 1155 1312 1190 illarum
1334 1153 1365 1191 B

264 1216 430 1262 qentium‚
453 1227 512 1251 nec
526 1216 721 1251 inveniatur
735 1215 811 1250 inte
825 1215 882 1260 qui
898 1215 1092 1249 sciscitetur
1113 1220 1145 1248 et
1165 1213 1317 1249 observet

265 1277 400 1311 somnia
421 1282 520 1322 atque
539 1276 702 1322 auquria,
729 1287 788 1311 nec
810 1276 854 1310 sit
885 1274 1076 1319 maleficus,
1104 1286 1164 1310 nec
1195 1275 1318 1309 incan-

266 1343 368 1380 tator,
392 1349 451 1373 nec
465 1338 633 1383 pythonas
653 1336 824 1380 consulat,
848 1347 907 1371 nec
924 1336 1072 1378 divinos,
1094 1342 1125 1371 et
1144 1341 1277 1382 quoerat
1297 1346 1318 1370 a

263 1400 408 1434 mortuis
423 1399 614 1442 veritatem,
643 1399 756 1433 omnia
781 1398 871 1433 enim
898 1398 970 1432 lioec
997 1396 1219 1432 abominatur
1247 1396 1319 1431 Do-

261 1461 389 1503 minus,
426 1460 535 1494 omnis
569 1460 627 1506 qui
659 1459 732 1494 lnec
765 1458 876 1504 facit:
906 1469 968 1504 pro
1000 1456 1318 1492 abominationibus

264 1520 353 1554 enim
378 1520 432 1554 liis
462 1519 631 1554 Dominus
663 1519 838 1565 disperdet
858 1529 914 1554 eos
944 1529 986 1553 ea:
1005 1524 1048 1553 te.
1080 1517 1135 1553 Ab
1159 1516 1215 1553 his
1233 1527 1319 1563 ergo

267 1580 438 1616 abstineri
464 1581 564 1626 prius
587 1585 742 1626 oportet,
774 1580 875 1615 etsie
904 1579 1006 1614 nobis
1023 1579 1134 1615 dicit:
1165 1577 1195 1612 F
1199 1577 1320 1613 acietis

260 1639 396 1684 judicia
415 1650 507 1681 mea,
533 1645 565 1674 et
585 1643 756 1684 prcecepta
786 1649 862 1673 mea
889 1637 1081 1680 servabitis,
1111 1642 1142 1671 et
1163 1634 1319 1671 ambula-

268 1699 345 1734 bitis
366 1700 403 1734 in
420 1699 482 1742 eis,
500 1699 537 1734 id
561 1705 631 1742 est,
655 1699 848 1736 movemini
865 1703 900 1735 et
918 1698 1182 1735 conversamini
1201 1697 1237 1732 in
1251 1697 1318 1738 eis,

265 1765 302 1795 ct
333 1760 429 1796 nullo
469 1765 628 1806 tempore
662 1761 797 1797 vacetis
838 1760 882 1796 ab
916 1771 1039 1796 eorum
1079 1758 1317 1795 correctione.

267 1820 401 1856 Deinde
434 1830 557 1856 rursus
580 1820 737 1856 subdidit
766 1833 773 1855 :
801 1820 877 1867 qu
897 1820 1066 1856 Dominus
1086 1819 1178 1854 Dens
1197 1823 1318 1861 vester,

266 1881 434 1917 custodite
461 1881 550 1927 leqes
574 1892 668 1916 meas
687 1887 787 1927 atque
803 1880 956 1926 judicia,
973 1891 1050 1926 quse
1070 1880 1202 1925 [aciens
1218 1879 1320 1913 homo

265 1941 350 1979 vivet
366 1941 403 1977 in
418 1942 482 1978 eis.
500 1941 571 1978 Sed
586 1941 699 1987 quaeri
714 1940 1003 1987 pertractarique
1019 1940 1163 1985 dignum
1189 1943 1244 1973 est
1263 1937 1320 1973 cui

266 2002 301 2038 in
323 2013 394 2038 uno
411 2002 489 2038 loco
505 2002 594 2048 legis
611 2002 668 2036 bis
687 2001 776 2036 dixit
807 1999 884 2035 fieri
908 1999 1043 2044 judicia
1072 2009 1152 2041 sua,
1169 2002 1205 2032 et
1230 2007 1322 2043 prae-

267 2067 368 2107 ccpta
387 2072 452 2097 sua
468 2060 666 2097 custodiri?
689 2060 745 2094 vel
763 2070 827 2095 cur
849 2059 945 2094 dicat
958 2059 1014 2094 bis
1030 2068 1039 2093 :
1056 2058 1131 2104 qu
1151 2058 1319 2093 Dominus

269 2120 389 2156 Deus?
419 2121 517 2165 Ergo
544 2120 628 2165 quia
659 2120 729 2154 duo
766 2124 850 2155 sunt
871 2119 1114 2162 Testamenta,
1140 2120 1252 2155 Vetus
1290 2124 1325 2153 ct

269 2179 422 2223 Novum,
440 2180 536 2215 unde
551 2185 589 2215 et
604 2180 680 2224 ipse
698 2189 763 2224 per
779 2178 968 2214 Jercmiam
985 2179 1076 2214 dixit
1091 2190 1099 2213 :
1119 2178 1218 2214 Dabo
1232 2178 1324 2214 vobis

270 2246 513 2277 testamentum
533 2251 670 2283 novum,
685 2251 755 2276 non
773 2240 960 2276 secundum
975 2245 1216 2276 testamentum
1234 2239 1325 2285 qnod

271 2302 350 2338 dedi
376 2302 533 2348 patribus
551 2302 687 2345 vestris,
712 2303 749 2336 in
776 2301 832 2336 die
851 2312 920 2347 qua
946 2299 1154 2347 apprehendi
1184 2310 1326 2334 martum

271 2372 391 2398 eorum
411 2367 449 2398 ut
467 2362 647 2398 educerem
668 2361 747 2397 illos
763 2361 805 2397 de
823 2367 915 2396 terra
935 2360 1080 2407 AEyypti
1099 2360 1187 2406 (Jer.
1207 2359 1326 2405 xxxi),

272 2426 370 2457 recte
395 2421 552 2458 secundo
562 2420 779 2466 judiciorum
792 2425 1101 2467 praeceptorumve
1116 2419 1327 2454 memoriam

273 2480 374 2524 facit,
396 2484 436 2516 ut
454 2480 563 2516 etiam
581 2480 640 2516 illa
658 2480 865 2516 ostenderet
894 2489 974 2525 quae
991 2484 1069 2515 erat
1093 2483 1219 2524 postea
1246 2488 1329 2513 san·

273 2542 426 2586 citurus,
446 2542 490 2578 de
506 2541 636 2588 quibus
655 2551 752 2577 nunc
771 2541 907 2577 addidit
924 2551 933 2576 ε
966 2540 1053 2583 Quce
1074 2539 1207 2585 faciens
1225 2539 1327 2574 homo

273 2601 355 2637 vivet
370 2602 408 2637 in
437 2602 514 2645 eis;
539 2601 578 2637 in
606 2601 693 2647 ipsis
716 2601 814 2637 enim
829 2611 915 2637 vera
942 2600 1015 2636 vita
1044 2599 1274 2635 credentibus
1290 2599 1328 2635 in

273 2660 456 2699 Christum
471 2661 671 2708 perficitur,
688 2662 732 2697 de
759 2672 831 2708 qua
861 2662 898 2698 in
931 2661 1124 2707 Evangelio
1155 2660 1329 2697 Dominus

275 2723 442 2759 dicebat:
467 2722 553 2758 Hoec
574 2729 624 2758 est
645 2722 802 2758 voluntas
830 2722 949 2759 Patris
976 2724 1043 2758 mei
1071 2729 1107 2757 ut
1135 2723 1247 2758 omnis
1269 2722 1328 2769 qui

274 2784 367 2820 videt
394 2782 526 2819 Filium
547 2789 578 2819 et
597 2784 705 2819 credit
721 2785 758 2819 in
777 2795 867 2827 eum,
887 2785 1009 2820 habeat
1031 2785 1134 2820 vitam
1162 2791 1328 2820 <eternam

277 2842 398 2891 (Joan.
419 2843 483 2890 vi).
504 2843 615 2880 Valde
641 2854 726 2890 ergo
747 2844 1009 2881 rationabiliter
1033 2845 1190 2880 secundo
1217 2845 1325 2880 dicit:

277 2904 351 2950 Ego
371 2904 540 2940 Dominus
575 2903 665 2940 Deus
683 2910 806 2948 vester,
824 2910 1029 2942 contestans
1054 2905 1138 2950 quia
1165 2904 1240 2950 ipse
1259 2904 1329 2940 Do-

279 2965 400 3000 minus
425 2969 462 3000 et
477 2964 598 3015 priora
616 2963 750 3009 judicia
778 2965 854 3001 sive
872 2971 1051 3011 praecepta
1073 2969 1109 2999 et
1127 2965 1328 3010 posteriora
1345 2952 1381 2990 Ῐ)

279 3023 456 3067 sancivit;
479 3034 556 3071 quoe
573 3024 631 3071 qui
647 3024 780 3070 fecerit,
795 3026 878 3060 vivet
905 3025 941 3060 in
966 3025 1031 3068 eis,
1059 3035 1129 3060 non
1150 3025 1185 3060 in
1203 3025 1332 3071 priori-

279 3084 347 3120 bus
373 3083 521 3130 judiciis
539 3087 575 3120 et
589 3083 792 3130 praeceptis.
826 3082 916 3120 Vide
939 3083 1025 3130 quid
1053 3083 1219 3120 addidit:
1257 3084 1332 3131 qu

279 3143 462 3179 Dominus.

707 3202 858 3240 CAPUT
875 3202 934 3239 xl.

282 3276 365 3312 Non
384 3275 487 3313 licere
506 3276 552 3312 ad
577 3275 773 3324 proximam
790 3277 970 3323 sanquinis
985 3278 1161 3321 accedere,
1176 3282 1214 3314 ut
1242 3288 1334 3313 reve-

607 3322 653 3359 let
667 3323 916 3371 turpitudinem
930 3324 1006 3371 ejus

330 3396 446 3446 (lein.)
466 3397 587 3436 Omnis
604 3399 705 3436 homo
725 3400 770 3436 ad
786 3400 983 3448 proximam
1001 3400 1182 3447 sanJuinis
1195 3401 1257 3439 sui
1267 3411 1335 3438 non

286 3457 436 3502 accedet,
454 3465 491 3496 ut
509 3458 631 3495 revelet
656 3460 907 3507 turpitudinem
926 3461 1017 3509 ejus.
1040 3461 1116 3509 qu
1146 3462 1333 3499 Dominus.
1357 3497 1359 3499 .

289 3516 549 3564 Turpitudinem
565 3520 674 3566 patris
702 3521 751 3557 tui
770 3527 803 3557 et
827 3522 1076 3569 turpitudinem
1101 3523 1223 3559 matris
1250 3528 1334 3566 tuoe,

289 3588 359 3622 non
384 3575 645 3625 discooperies:
674 3588 786 3620 mater
803 3588 864 3621 tua
885 3589 951 3628 est,
977 3595 1046 3625 nan
1064 3583 1231 3622 revelabis
1261 3590 1337 3627 tui:-

288 3635 479 3684 pi'tudinem
501 3639 590 3695 ejus.
622 3639 886 3692 Turpitudinem
912 3645 1032 3682 uxoris
1055 3646 1166 3691 patris
1184 3645 1237 3680 tui
1267 3655 1337 3683 non

292 3698 534 3758 discooperies,
550 3703 728 3753 turpitudo
746 3705 839 3746 enim
864 3706 975 3752 patris
988 3707 1039 3746 tui
1057 3712 1121 3746 est.
1139 3705 1339 3753 Tui-piudi-

294 3766 372 3802 ”em
387 3760 516 3812 *torem
531 3766 658 3806 tute&
669 3769 768 3818 aare
785 3764 856 3825 sive
873 3772 1053 3815 camene,
1081 3777 1158 3815 auw
1177 3766 1275 3810 deuii
1286 3764 1339 3811 uel

1384 174 1588 217 MDGUNT.
1617 173 1807 213 OPERUH
1831 173 1952 211 PARS
1976 173 2004 210 1.

1385 250 1472 298 soris
1506 252 1621 298 qenita
1650 257 1714 295 est,
1746 262 1816 288 non
1851 250 2030 289 revelabis.
2061 247 2326 295 Tun-punam
2378 255 2384 262 ·

1381 310 1449 358 filii
1466 311 1517 350 tui
1536 311 1587 348 vel
1611 311 1742 358 nepotis
1758 321 1801 346 ex
1823 310 1898 354 filia
1921 319 1991 344 non
2019 307 2199 352 revelabis,
2227 308 2325 356 quia.
2341 330 2355 337 *t
2396 318 2412 339 a*

1382 371 1467 412 tado
1480 377 1541 412 tua
1554 378 1615 408 est.
1635 371 1662 407 Τ
1665 370 1900 419 urpitudinem
1913 368 1999 414 filice
2013 369 2133 405 uxoris
2149 369 2260 415 patris
2275 368 2441 416 tuiquoe
2538 398 2540 402 .

1380 432 1511 483 peperit
1529 432 1622 478 patri
1642 437 1700 466 tuo
1721 435 1754 465 et
1771 434 1822 464 est
1845 438 1947 469 soror
1971 435 2033 474 tua
2051 441 2123 469 non
2147 429 2325 468 revelabis.
2347 428 2438 470 Tur-
2462 438 2489 478 ⁶3
2538 454 2540 457 .

1379 495 1573 542 pitudinem
1609 494 1739 529 sororis
1770 493 1880 540 patris
1919 493 1970 529 tui
2002 504 2070 531 non
2095 493 2338 540 discooperies,
2357 493 2441 540 quia
2538 515 2540 521 ·

1382 566 1466 595 caro
1493 561 1542 590 est
1560 555 1672 600 patris
1697 554 1761 588 tui.
1794 552 2059 599 Turpitudinem
2080 553 2210 589 sororis
2230 559 2302 593 mat
2327 553 2335 557 “
2370 557 2441 592 tuoe
2482 579 2490 593 .
2538 554 2540 561 '

1383 625 1452 653 non
1477 614 1658 657 revelabis,
1677 624 1716 648 eo
1737 613 1830 660 quod
1853 624 1934 651 caro
1952 615 1997 649 sit
2014 614 2138 650 matris
2163 620 2247 650 tuoe.
2293 656 2321 666 ⁷—
2401 625 2444 653 u-
2504 628 2507 629 ⁷

1382 676 1497 712 dinem
1515 676 1632 723 patrui
1651 676 1703 710 tui
1718 687 1787 711 non
1805 675 1986 719 revelabis,
2001 686 2061 711 nec
2076 675 2218 711 accedes
2234 675 2280 711 ad
2297 685 2442 713 umorem
2498 688 2510 711 s

1382 736 1458 782 ejus
1488 747 1564 782 quw
1597 735 1657 770 tibi
1698 735 1864 781 affinitate
1906 735 2144 782 conjungitur.
2178 735 2443 782 Turpitudinem
2496 755 2507 767 --

1384 807 1492 834 nurus
1517 801 1585 831 tuce
1606 806 1674 830 nou
1695 795 1873 839 revelabis,
1906 796 1989 842 quia
2018 806 2107 831 uxor
2126 795 2193 841 filii
2222 797 2272 832 tui
2298 802 2361 838 est,
2382 807 2443 832 nec

1383 856 1614 903 discooperies
1640 857 1868 902 iynominiam
1901 856 1990 902 ejus.
2028 856 2291 902 Turpitudinem
2323 857 2443 891 uxoris

1384 916 1505 961 [ratris
1525 918 1575 951 tui
1592 927 1658 951 non
1679 916 1859 959 revelabis,
1876 916 1959 962 quia
1975 915 2153 962 turpitudo
2173 915 2294 960 fratris
2315 916 2364 950 tui
2380 921 2442 950 est.

1387 975 1656 1023 Turpitudinem
1678 977 1800 1012 uxoris
1825 983 1894 1011 tuse
1913 982 1943 1011 et
1971 976 2054 1021 filisu
2073 976 2147 1021 ejus
2171 986 2240 1011 non
2264 975 2440 1011 revelabis.
2511 1014 2514 1015 ⁷

1384 1035 1517 1071 Filiam
1537 1037 1602 1082 filii
1623 1037 1712 1083 ejus,
1734 1044 1765 1072 et
1783 1037 1894 1082 liliam
1922 1036 2006 1083 filice
2023 1037 2098 1082 ejus
2119 1048 2186 1071 non
2203 1047 2318 1072 sumes
2337 1042 2374 1071 ut
2392 1047 2445 1071 re·-

1385 1096 1472 1132 veles
1492 1098 1718 1143 iqnominiam
1736 1098 1825 1143 ejus,
1849 1098 1930 1144 quia
1957 1109 2038 1132 caro
2058 1097 2153 1133 illius
2183 1104 2278 1140 sunt,
2310 1103 2343 1133 et
2361 1096 2442 1132 talis
2498 1084 2512 1119 ἑ

1384 1158 1496 1193 coitus
1514 1158 1665 1192 incestus
1686 1163 1748 1192 est.
1766 1157 1931 1193 Sororem
1948 1158 2068 1193 uxoris
2089 1164 2157 1192 tute
2179 1158 2216 1192 in
2242 1157 2443 1203 pellicatum
2501 1155 2506 1157 ”

1385 1218 1482 1254 illius
1503 1229 1572 1254 non
1588 1219 1748 1265 accipies,
1771 1230 1830 1253 nec
1848 1218 2013 1254 revelabis
2047 1218 2298 1264 turpitudinem
2330 1217 2445 1252 adhuc
2516 1209 2519 1217 ¹

1385 1281 1446 1317 illa
1486 1283 1628 1317 vivente.
1664 1280 1735 1327 (Ex
1767 1279 1991 1327 Auqustino).
2027 1279 2097 1316 Sed
2127 1279 2335 1325 diligentius
2370 1278 2447 1314 haec

1386 1342 1585 1378 secundum
1614 1341 1803 1377 historiam
1838 1340 2009 1376 intuenda
2031 1345 2114 1376 sunt
2143 1351 2150 1375 :
2180 1336 2447 1384 Turpitudinem

1385 1402 1494 1448 patris
1515 1402 1565 1436 tui
1587 1408 1618 1436 et
1639 1401 1888 1447 turpitudinem
1920 1402 2042 1436 matris
2059 1406 2128 1436 tuoe
2165 1411 2234 1435 non
2267 1398 2446 1434 revelabis.

1388 1462 1663 1507 Turpitudinem
1696 1472 1821 1498 eorum
1854 1472 1935 1497 cum
1972 1466 2087 1497 matre
2111 1460 2363 1502 concumbere,
2399 1458 2448 1495 ibi
2516 1495 2518 1498 ,

1387 1526 1444 1558 est
1459 1521 1556 1557 enim
1576 1522 1761 1566 turpitudo
1781 1522 1893 1567 patris
1913 1527 1950 1556 et
1963 1522 2104 1564 matris,
2124 1531 2208 1556 nam
2227 1525 2352 1565 postea
2367 1529 2449 1564 pro-
2512 1566 2515 1569 ἢ

1388 1583 1489 1619 hibet
1526 1587 1561 1618 et
1592 1593 1757 1618 novercae
1788 1583 1849 1618 ubi
1880 1582 1990 1618 dicit:
2029 1581 2294 1628 Tui-pitudinem
2329 1580 2449 1616 uxoris

1387 1643 1498 1690 patris
1520 1643 1570 1678 tui
1594 1653 1661 1678 non
1683 1641 1861 1684 revelabis,
1880 1641 2059 1684 turpitudo
2080 1641 2171 1676 enim
2187 1640 2297 1687 patris
2312 1641 2363 1675 tui
2377 1645 2448 1683 est,·

1387 1704 1449 1740 ubi
1474 1703 1639 1749 exposuit
1662 1702 1842 1748 quomodo
1859 1702 1895 1737 in
1921 1708 2037 1738 matre
2054 1701 2240 1746 utriusque
2267 1700 2450 1747 turpitudo

1389 1771 1445 1800 est
1462 1764 1576 1810 patris
1597 1767 1632 1799 et
1652 1763 1791 1805 matris,
1814 1763 1850 1798 in
1870 1771 2024 1798 noverca
2046 1762 2141 1797 enim
2161 1766 2299 1797 tantum
2319 1759 2448 1807 patris.

1394 1826 1671 1871 Turpitudinem
1693 1825 1828 1861 sororis
1845 1831 1914 1860 tuae
1931 1835 1975 1860 ex
1993 1829 2096 1871 patre
2115 1829 2176 1859 tuo
2193 1828 2255 1858 aut
2274 1833 2318 1859 ex
2337 1827 2452 1858 matre

1390 1894 1451 1923 tua
1469 1898 1548 1934 quae
1577 1887 1671 1923 domi
1691 1892 1745 1922 est
1765 1894 1864 1929 nata,
1885 1885 1942 1921 vel
1972 1895 2052 1930 quae
2075 1883 2163 1920 soris
2185 1888 2269 1918 nata
2289 1887 2358 1926 est,
2378 1891 2452 1918 non

1390 1947 1568 1983 revelabis
1597 1947 1856 1993 turpitudinem
1877 1955 2029 1988 earum;
2062 1954 2142 1990 quae
2164 1943 2260 1983 domi
2287 1947 2371 1978 nata
2396 1946 2453 1978 est

1391 2008 1602 2054 intelligitur
1619 2019 1663 2044 ex
1693 2012 1807 2054 patre,
1828 2017 1907 2053 quae
1930 2006 2018 2042 foris
2051 2010 2135 2041 nata
2168 2009 2222 2040 cst
2241 2002 2452 2048 intelligitur

1390 2079 1435 2105 ex
1457 2076 1587 2113 matre,
1619 2070 1649 2106 si
1667 2069 1760 2106 sorte
1780 2069 1823 2105 de
1853 2068 1974 2114 priore
1994 2067 2072 2102 viro
2091 2076 2170 2102 eam
2198 2070 2314 2101 mater
2331 2074 2452 2100 susce-

1391 2137 1509 2177 perat,
1526 2137 1658 2166 etcum
1678 2131 1738 2166 illa
1756 2131 1792 2166 in
1823 2131 1967 2166 domum
2001 2132 2149 2165 venerat
2179 2127 2322 2172 quando
2359 2123 2453 2171 patri

1394 2189 1471 2234 ejus
1495 2190 1629 2235 nupsit.
1655 2190 1770 2234 Quem
1790 2195 1913 2226 monet
1934 2188 2120 2234 Scriptura
2140 2197 2186 2222 ne
2217 2185 2352 2222 revelet
2377 2190 2455 2221 tur-

1393 2251 1590 2296 pitudinem
1606 2251 1741 2286 sororis
1767 2262 1855 2294 suae,
1875 2250 1934 2286 hic
1952 2249 2094 2286 videtur
2115 2258 2186 2284 non
2213 2245 2453 2292 prohibuisse,

1395 2314 1431 2344 et
1460 2309 1563 2354 quasi
1599 2310 1875 2354 praetermisisse
1897 2308 2130 2345 concubitum
2165 2317 2245 2343 cum
2267 2315 2392 2342 sorore
2413 2304 2456 2341 de

1395 2375 1547 2415 utraque
1563 2375 1713 2415 parente
1728 2376 1813 2405 nata
1831 2381 1840 2413 ;
1859 2380 1930 2405 non
1947 2370 2044 2405 enim
2059 2369 2165 2404 dicit:
2185 2366 2457 2413 Turpitudinem

1395 2437 1468 2467 non
1483 2428 1659 2465 revelabis
1679 2429 1814 2465 sororis
1837 2434 1906 2464 tuae
1921 2440 1965 2464 ex
1983 2434 2084 2474 patre
2111 2433 2148 2463 et
2166 2438 2210 2462 ex
2230 2433 2359 2468 matre,
2379 2425 2456 2469 sed,

1395 2499 1438 2524 ea:
1461 2495 1558 2535 patre
1574 2494 1634 2524 aut
1655 2500 1698 2525 ex
1717 2495 1827 2524 matre
1843 2500 1854 2531 ,·
1870 2499 1994 2524 verum
2013 2488 2092 2533 quis
2109 2497 2180 2523 non
2197 2486 2317 2522 videat
2347 2486 2456 2521 etiam

1395 2549 1484 2585 illud
1501 2559 1582 2585 esse
1606 2549 1828 2595 prohibitum
1858 2549 1972 2584 multo
1998 2548 2168 2583 maxime.
2203 2546 2241 2581 Si
2260 2545 2358 2581 enim
2385 2554 2458 2581 non

1395 2607 1481 2643 licet
1498 2608 1633 2644 sororis
1653 2608 1915 2654 turpitudinem
1947 2607 2109 2642 revelare
2140 2616 2184 2642 ex
2210 2605 2371 2651 quolibet
2390 2615 2455 2651 pa-

1396 2672 1499 2703 rente
1517 2672 1622 2711 natae,
1642 2672 1778 2712 quanto
1799 2667 1914 2713 magis
1933 2676 1979 2702 ex
1997 2666 2182 2712 utroque?
2203 2665 2297 2709 Quid
2320 2669 2376 2701 est
2395 2675 2459 2701 au-

1398 2733 1469 2764 tem
1494 2727 1602 2773 quod,
1626 2727 1840 2772 interposita
1857 2726 2096 2773 prohibitione
2115 2725 2328 2763 concubitus
2347 2725 2457 2760 etiam
2519 2718 2526 2721 ’

1397 2799 1478 2825 cum
1498 2789 1572 2824 suis
1592 2788 1773 2832 neptibus,
1798 2788 1873 2824 sive
1889 2788 1932 2823 de
1958 2787 2046 2831 filio,
2067 2787 2142 2823 sive
2166 2786 2210 2822 de
2227 2786 2314 2830 filia,
2339 2785 2459 2831 sequi-

1398 2853 1456 2884 tur
1470 2852 1506 2884 et
1524 2846 1633 2883 dicit:
1658 2846 1920 2892 Turpitudinem
1943 2846 2027 2891 filiai
2045 2845 2165 2881 uxoris
2190 2845 2301 2891 patris
2317 2844 2367 2879 tui
2387 2854 2458 2883 mm
2517 2879 2525 2886 ,

1398 2907 1564 2943 revelabis
1580 2907 1596 2943 :²
1614 2906 1652 2942 Si
1674 2907 1770 2943 enim
1785 2907 1973 2953 hucusque
1990 2907 2154 2950 dixisset,
2176 2906 2459 2952 intelligeremus
2523 2903 2525 2906 ⁴

1397 2967 1508 3005 etiam
1525 2977 1607 3003 cum
1635 2966 1707 3002 lilia
1735 2978 1900 3004 novercae
1928 2968 2147 3013 prohibitum
2183 2966 2294 3003 fuisse
2326 2976 2460 3003 coticu·

1398 3027 1529 3070 bitum,
1553 3037 1662 3072 quam
1679 3037 1723 3062 cx
1739 3027 1860 3072 priore
1878 3028 1956 3063 viro
1982 3038 2139 3064 noverca
2154 3027 2368 3073 peperisset,
2390 3037 2458 3063 nec
2504 3040 2525 3066 t

1401 3088 1509 3135 hujus
1531 3087 1592 3134 qui
1609 3087 1820 3134 prohibetur
1833 3098 1936 3124 soror
1951 3094 2064 3132 esset,
2084 3088 2141 3124 vel
2155 3098 2199 3125 ex
2212 3092 2315 3133 patre
2333 3085 2390 3123 vel
2413 3096 2459 3122 ex
2518 3081 2527 3085 ”

1402 3154 1545 3192 matre;
1568 3159 1650 3185 cum
1667 3159 1754 3185 vero
1777 3149 1937 3185 addidit:
1961 3161 2004 3186 esc
2028 3149 2148 3185 eodem
2161 3154 2259 3196 patre
2280 3158 2379 3184 soror
2397 3153 2459 3183 tua
2508 3186 2511 3187 ⁷

1403 3217 1470 3255 est,
1491 3222 1561 3246 non
1579 3209 1743 3246 revelabis
1774 3211 2024 3257 turpitudinem
2053 3211 2144 3256 ejus,
2176 3209 2383 3247 manifestat
2413 3208 2474 3244 de·

1404 3281 1529 3310 sorore
1541 3270 1671 3311 saetam
1699 3280 1779 3306 esse
1799 3270 1902 3307 istam
1922 3270 2216 3317 prohibitionem,
2239 3279 2321 3306 cum
2349 3268 2459 3306 suerit
2515 3295 2529 3313 .-

1403 3342 1448 3378 ει
1475 3336 1579 3380 patre
1603 3336 1701 3369 etex
1727 3341 1900 3374 noverca,
1921 3331 1964 3368 de
1983 3341 2054 3376 qua
2079 3331 2154 3377 jam
2172 3331 2338 3375 superius
2357 3330 2460 3366 dixe-
2489 3340 2497 3354 ⁴
2519 3324 2527 3363 ἕ

1404 3393 1487 3439 rat:
1509 3403 1555 3430 an
1583 3392 1668 3434 ideo
1683 3392 1814 3428 iterum
1846 3393 1916 3429 hoe
1936 3392 2094 3438 apertius
2124 3390 2235 3428 voluit
2250 3390 2456 3436 prohibere,
2472 3411 2482 3421 -ι

1406 3455 1488 3503 quia
1525 3454 1692 3501 superius
1722 3453 1984 3493 subobscurum
2021 3451 2103 3496 fuit,
2137 3462 2230 3499 saepe
2263 3453 2372 3489 enim·
2389 3453 2466 3493 hoe
2518 3446 2530 3493 g

1402 3517 1492 3555 facit
1510 3516 1710 3570 Scriptura.
1733 3515 1996 3563 Turpitudinem
2018 3515 2138 3562 fratris
2166 3516 2276 3562 patris
2306 3516 2361 3551 tui
2389 3522 2461 3552 non-

1405 3578 1585 3622 revelabis,
1611 3576 1707 3615 etad
1734 3586 1877 3619 umorem
1892 3576 1969 3622 ejus
1995 3587 2064 3611 non
2091 3573 2266 3620 introibis,
2293 3573 2461 3622 exposuit

1405 3639 1492 3685 quid
1514 3638 1662 3683 dixerit,
1682 3635 1930 3684 turpitudinem
1957 3636 2078 3695 fratris
2101 3636 2212 3682 patris
2230 3635 2296 3680 mi,
2332 3634 2373 3674 id
2385 3639 2456 3680 eet,
2502 3638 2505 3639 ⁷

1405 3701 1527 3748 patrui
1559 3701 1610 3750 tui
1640 3697 1925 3742 mmlabie,
1942 3697 2013 3734 hoc
2029 3702 2086 3733 est
2110 3697 2208 3737 enim
2236 3695 2284 3733 ad
2322 3719 2324 3722 s
2370 3711 2375 3725 ι
2456 3706 2462 3715 “

1405 3761 1484 3810 ejus
1507 3771 1576 3798 non
1594 3747 1768 3798 introitu.
1795 3758 1852 3796 ln
1859 3767 1972 3796 amre
1987 3758 2119 3805 qnippe
2137 3752 2334 3806 Md
2372 3770 2382 3805 j
2401 3792 2404 3794 Α
2457 3767 2463 3777 ··
