2540 4016
62 373 67 378 .
92 344 259 382 dversum
279 354 362 380 eum
387 344 515 382 effecta
544 350 600 381 est
627 344 787 381 hostium
815 353 955 380 manus.
982 345 1027 380 Et
1059 348 1120 383 ad-

32 403 47 447 }
73 414 212 450 ⁴ereum
228 403 328 440 illum
359 405 501 451 quidem
531 405 688 451 priorem
720 405 888 452 populum
920 406 1121 452 corporales

32 447 303 523 -jnsurgebant
325 464 457 508 hostes,
490 475 574 501 cum
605 466 837 511 deliquissem
862 468 1033 505 adversus
1055 480 1120 506 nos

33 535 38 545 ··
62 523 190 582 fantem
206 525 268 571 qui
286 524 396 561 lsrael
416 526 613 562 seeundum
640 526 812 573 Spiritum
824 528 992 571 dicimur,
1013 530 1119 576 spiri-

23 591 26 594 ’
64 585 150 624 talis
172 585 250 622 sine
283 585 392 622 dubio
424 586 539 622 hostis
557 587 724 634 insurgit,
756 598 836 624 eum
856 589 1026 626 mandata
1058 590 1121 627 Dei

23 692 26 693 ⁷
67 645 296 692 negligimus,
320 650 357 682 et
373 656 453 682 eum
471 646 606 683 Christi
635 655 813 693 praecepta
841 650 1118 694 contemnimus,

66 705 218 743 validior
234 707 424 744 adversum
439 718 505 745 nos
532 708 683 744 efficitur
698 709 899 745 daemonum
926 721 1068 755 manus,
1083 716 1120 747 et

69 766 242 803 tradimur
262 768 369 803 etiam
388 778 454 804 nos
473 769 642 813 inimicis,
664 780 746 805 cum
767 771 982 807 discedimus
1002 782 1022 806 a
1041 782 1120 818 gra-

66 827 129 863 tia.
161 826 232 864 Sed
246 829 433 866 videamus
450 830 537 876 quid
572 830 702 867 accidit
731 831 784 866 eis
811 831 872 877 qui
895 831 1016 867 traditi
1037 837 1120 868 sunt

64 896 131 933 pro
150 889 307 933 peccatis
326 890 414 925 suis.

110 948 144 983 F
145 956 350 998 ecerantque
368 951 433 986 sibi
449 957 550 987 antra
568 958 598 987 et
618 952 798 999 speluncas
817 954 854 987 in
883 953 1070 997 montibus,
1089 961 1120 989 et

62 1011 295 1046 munitissima
325 1012 370 1046 ad
390 1013 652 1058 repuqnanclum
684 1012 773 1047 loca.
801 1010 953 1057 Cumque
986 1012 1122 1047 sevisset

62 1071 190 1116 Israel,
213 1073 416 1109 ascendebat
432 1073 592 1118 Madian,
619 1080 651 1109 et
667 1073 808 1109 Amalec
822 1081 854 1109 et
877 1075 992 1110 coeteri
1010 1077 1123 1111 orien-

63 1133 187 1168 talium
209 1133 401 1175 nationum,
424 1139 455 1169 et
476 1134 567 1180 apud
592 1145 647 1169 eos
667 1135 808 1180 fiqentes
843 1137 1004 1178 tentoria,
1034 1137 1121 1171 sicut

63 1253 181 1299 Gazae,
216 1260 286 1292 etc.
326 1255 410 1291 Haee
440 1256 582 1302 quidem
615 1256 820 1302 patiebatur
854 1256 924 1299 ille,
949 1257 1009 1302 qui
1043 1263 1120 1293 erat

62 1315 260 1352 secundum
281 1325 442 1358 carnem,
473 1315 594 1351 lsrael.
631 1314 840 1350 Seminabat
864 1321 1024 1359 terram;
1059 1317 1120 1351 sed

62 1378 231 1423 quoniam
243 1387 312 1423 pro
333 1378 490 1423 peccatis
507 1377 579 1414 suis
594 1377 746 1412 traditus
763 1383 841 1412 erat
855 1377 1120 1424 insurgentibus

61 1436 230 1481 inimicis,
251 1448 316 1484 pro
344 1437 506 1484 frugibus
526 1438 684 1473 metebat
703 1437 982 1484 corruptionem.
1010 1437 1119 1473 Nobis

61 1508 148 1535 vero
184 1499 247 1544 qui
281 1499 482 1534 secundum
516 1498 691 1545 Spiritum
729 1498 838 1534 lsrael
874 1498 1116 1540 nominamur,

61 1560 148 1607 quid
166 1560 237 1596 tale
255 1561 419 1597 accidere
438 1565 557 1606 potest
589 1560 870 1596 consideremus.
891 1559 953 1595 Est
978 1559 1119 1604 quando

62 1622 297 1666 seminamus,
318 1627 355 1658 et
372 1632 441 1658 non
463 1627 614 1668 possunt
651 1622 787 1658 inimici
816 1630 1046 1666 corrumpere
1064 1631 1120 1656 se-

63 1682 160 1718 mina
178 1692 258 1728 quae
286 1683 519 1725 seminamus,
541 1693 611 1718 non
645 1687 795 1728 possunt
827 1681 987 1717 insidiari
1026 1681 1119 1726 agri-

62 1745 213 1781 culturae
241 1751 384 1781 nostrae.
407 1745 471 1780 Est
503 1751 621 1780 autem
650 1744 793 1790 quando
824 1743 1053 1784 seminamus,
1085 1747 1121 1776 et

62 1810 341 1851 corrumpuntur
355 1815 433 1852 quae
450 1804 680 1840 seminamus.
701 1803 832 1838 Paulus
856 1813 920 1838 nos
939 1800 1120 1846 apostolus

63 1867 108 1903 de
128 1867 196 1903 hac
226 1867 427 1903 seminandi
448 1867 551 1902 docet
578 1865 791 1902 differentia.
821 1863 912 1899 Audi
934 1873 1019 1908 ergo
1046 1862 1120 1907 ipse

63 1928 149 1974 quid
176 1927 263 1963 dicit
284 1939 292 1962 z
311 1927 379 1970 Qui
415 1927 574 1970 seminat,
609 1927 738 1971 inquit,
767 1926 803 1960 in
822 1935 942 1966 carne,
958 1923 999 1958 de
1018 1932 1121 1957 carne

62 1994 165 2023 metet
180 1989 435 2034 corruptionem
452 1999 463 2030 ,·
480 1994 510 2022 ct
530 1987 589 2033 qui
604 1988 750 2021 seminat
768 1986 804 2020 in
819 1985 970 2030 Spiritu,
986 1984 1027 2018 cle
1043 1983 1122 2028 Spi-

64 2049 132 2084 ritu
153 2054 254 2084 metet
284 2049 391 2083 vitam
425 2055 605 2083 (eternam.
639 2047 700 2082 Isti
736 2051 819 2082 sunt
851 2056 936 2091 ergo
970 2054 1122 2090 quorum

63 2174 175 2212 nant;
209 2169 269 2205 isti
294 2174 390 2211 sunt,
421 2178 574 2214 quorum
611 2167 750 2202 fructus
780 2165 1065 2201 exterminantur
1089 2167 1124 2197 et

62 2234 227 2276 pereunt.
251 2221 313 2263 llla
334 2235 454 2262 autem
473 2227 622 2268 semina,
645 2236 724 2270 quae
743 2225 779 2259 in
795 2224 923 2269 spiritu
942 2222 1123 2258 seminan-

66 2295 139 2332 tur,
156 2300 227 2324 non
244 2294 395 2335 possunt
425 2287 626 2323 Madianitae
656 2294 900 2330 corrumpere.
924 2283 1002 2318 Non
1028 2282 1124 2317 enim

64 2355 216 2397 possunt
234 2349 449 2385 adversaria}
462 2353 659 2394 potestates
671 2345 865 2381 ascendere
883 2343 927 2378 ad
944 2341 1124 2388 spiritales

65 2420 226 2456 campos,
258 2415 294 2444 et
327 2408 470 2444 novalia
494 2407 650 2452 Spiritus
684 2412 860 2440 temerare
892 2411 1029 2443 eorum,
1063 2399 1124 2445 qui

65 2483 137 2508 non
155 2471 335 2507 seminant
349 2479 456 2514 super
471 2468 607 2514 spinas,
623 2466 685 2502 sed
702 2465 875 2501 innovant
888 2462 954 2498 sibi
971 2459 1122 2496 novalia.

68 2532 139 2569 Sed
157 2538 193 2568 et
212 2531 298 2567 illud
317 2530 521 2566 addendum
549 2533 603 2562 est
625 2525 719 2572 (volo
738 2524 834 2560 enim
856 2527 891 2558 et
920 2531 976 2557 me
1008 2521 1124 2566 ipsum

67 2594 255 2630 vobiscum
286 2591 425 2638 pariter
456 2586 699 2631 commonere)
725 2585 769 2620 de
790 2582 928 2619 cantela
947 2581 1125 2616 seminum

67 2660 105 2691 et
131 2653 346 2701 spiritalium
375 2651 557 2686 fructuum
589 2646 785 2693 diligentia.
823 2644 1044 2689 Frequenter
1067 2650 1125 2675 ac-

68 2716 169 2758 cidit,
191 2719 231 2749 ut
248 2713 378 2759 aliquis
395 2711 431 2746 in
449 2718 556 2755 opere
577 2706 728 2754 spiritali
753 2705 904 2741 multum
933 2702 1122 2744 desudans,

69 2774 209 2811 fructus
229 2772 482 2819 complurimos
507 2769 634 2805 iecerit
652 2773 688 2803 et
707 2765 897 2812 repleverit
913 2764 1040 2798 horrea
1062 2772 1126 2797 sua

65 2833 217 2881 justitiae
235 2832 412 2879 frugibus,
446 2835 481 2866 et
501 2829 611 2865 multa
630 2828 723 2863 bona
742 2835 852 2871 opera
888 2821 1128 2859 recondiderit

72 2898 108 2934 in
126 2894 357 2933 conscientiae
390 2902 462 2928 sure
484 2888 670 2931 conclavi;
694 2891 819 2933 postea
850 2895 934 2921 vero
968 2884 997 2920 si
1018 2882 1128 2929 negli-

74 2964 146 3004 gat,
169 2961 205 2992 et
221 2959 304 3000 post
319 2954 478 2988 laborem
492 2949 675 2996 proclivus
689 2947 733 2982 ad
752 2946 953 2992 voluptates
972 2949 1007 2980 et
1026 2944 1128 2978 luxu-

75 3020 148 3054 rias
168 3021 309 3062 vergat,
331 3014 451 3051 omnia
479 3012 539 3048 illa
571 3012 746 3048 bonorum
767 3008 905 3044 semina
936 3012 970 3043 et
991 3005 1128 3041 fructus

76 3080 192 3117 sancti
228 3077 361 3123 operis,
400 3074 606 3111 dominante
642 3071 803 3113 libidine,
838 3071 1126 3112 corrumpentur.

77 3142 167 3176 Cum
198 3140 293 3176 enim
327 3135 574 3173 subintroierit
606 3137 809 3179 peecatum,
841 3133 877 3164 et
894 3125 1131 3174 captivaverit

77 3201 235 3238 hominis
259 3208 418 3240 sensum,
448 3202 489 3232 ut
515 3194 590 3240 jam
617 3204 689 3230 non
708 3191 878 3237 respiciat
899 3190 942 3225 ad
963 3187 1131 3223 mandata

79 3261 158 3305 Dei,
191 3269 258 3296 nec
282 3258 431 3294 arduam
463 3254 607 3292 virtutis
637 3253 733 3288 viam
764 3250 915 3286 libenter
947 3246 1132 3287 ascendat,

81 3324 278 3369 depereunt
296 3319 417 3357 omnia
435 3327 515 3365 quae
531 3316 630 3362 prius
660 3313 804 3350 fuerant
835 3312 872 3347 in
899 3311 1030 3346 horrea
1048 3317 1134 3344 con-

81 3383 241 3424 scientiae
265 3383 495 3427 congregata.
522 3377 717 3423 Propterea
739 3383 825 3419 ergo
844 3371 1039 3416 Scripturae
1054 3378 1135 3404 san-

84 3451 152 3483 ctae
166 3443 272 3480 nobis
286 3439 464 3480 servanda
482 3435 717 3475 commonitio
739 3438 805 3476 est,
823 3430 1000 3467 dicentis:
1031 3427 1135 3463 Omni

85 3506 245 3543 custodia
260 3514 358 3541 serva
375 3507 474 3537 tuum
493 3510 553 3535 cor
572 3495 777 3546 (Prov.1v);
793 3489 1063 3529 custodiendum
1079 3492 1135 3524 est

28 3553 60 3597 1¹
85 3566 197 3614 igitur
208 3565 331 3603 eoi-ab
355 3561 454 3600 omni
479 3563 641 3607 peccato,
662 3562 699 3594 et
721 3554 899 3603 praecipue
913 3551 948 3587 in
976 3555 1136 3595 tempore

85 3625 360 3676 persecutionis.
382 3623 420 3660 Si
436 3610 496 3658 cui
511 3619 608 3656 enim
638 3617 791 3659 accidat,
814 3612 908 3650 utin
924 3610 1042 3655 aliquo
1057 3606 1137 3653 qui-

89 3689 172 3726 dem
198 3691 360 3732 tempore
379 3683 572 3728 congreget
589 3676 734 3712 fructus
755 3671 918 3719 justitiae,
949 3665 1136 3713 conquirat

32 3739 37 3742 ’
90 3758 199 3796 opera
214 3747 403 3789 virtutum,
418 3748 456 3781 et
472 3739 638 3779 omnibus
654 3744 694 3772 se
719 3729 983 3782 probatissimis
999 3723 1139 3765 excolat

28 3801 35 3805 ⁴
88 3806 319 3855 2disciplinis3
350 3805 391 3843 in
418 3795 680 3852 persecutionis
714 3803 801 3832 vero
837 3796 998 3838 tempore
1033 3789 1141 3834 neget

714 207 946 247 COMMENT.
970 209 1016 247 ΙΝ
1040 211 1124 249 LIB.
1150 213 1359 252 JUDICUM.
1380 235 1427 242 —
1450 215 1534 254 LIB.
1558 217 1603 254 u.

106 283 116 293 '
140 292 204 320 ere
217 282 327 329 eoepit
355 284 524 321 mandata
539 281 674 327 divitia,
701 285 885 322 robustior
904 290 940 321 et
970 286 1121 324 validior
1137 293 1174 331 Α
1187 289 1318 334 fidem3
1334 289 1404 327 iste
1419 292 1540 328 omnia
1565 291 1709 330 condita
1725 301 1792 330 sua
1808 297 2004 343 evacuavit,
2027 305 2064 336 et
2078 310 2123 339 ex
2137 312 2216 340 om-

64 2110 202 2147 semina
222 2108 427 2145 Madianitae
449 2114 696 2154 corrumpunt,
718 2107 779 2152 qui
807 2107 841 2141 in
874 2115 982 2141 earne
1013 2104 1120 2140 semi-
1140 2086 1171 2128 C
1192 2092 1282 2127 Vinis

2128 218 2218 267 {ltu

1186 350 1292 387 nibus
1310 350 1540 390 facultatibus
1559 354 1636 390 suis
1653 354 1771 391 nudus
1788 360 1935 400 repente
1958 362 1994 393 et
2007 359 2122 400 inanis
2136 363 2220 402 effo-

1186 414 1266 445 etus
1283 415 1351 454 est,
1372 413 1455 456 quia
1481 413 1542 449 diu
1561 413 1744 459 quaesitus,
1764 418 1803 449 et
1817 414 1928 451 multo
1942 415 2001 451 vix
2017 416 2134 457 labore
2147 422 2221 459 col.

1186 467 1279 504 lecto
1299 469 1417 505 subito
1444 471 1561 507 omnis
1581 471 1713 508 effusus
1739 476 1795 508 est
1821 471 1948 517 labor;
1969 478 2005 510 et
2030 474 2121 511 sicut
2140 478 2223 517 dicit

1186 526 1361 573 propheta
1377 538 1386 562 ε
1402 527 1529 564 Omnes
1535 529 1682 574 justitioe
1696 531 1785 576 ejus,
1798 541 1884 577 qaas
1899 531 1992 577 fecit,
2006 545 2074 570 non
2085 546 2228 574 comme-

1187 587 1415 623 morabantur
1435 587 1577 635 (Ezech.
1592 589 1709 637 mu).

1233 647 1308 695 Ipsi
1320 649 1410 684 enim
1424 649 1574 685 universi
1587 660 1702 696 qreqes
1716 662 1834 687 eoram
1843 653 2020 689 veniebant
2035 664 2111 690 cum
2124 655 2230 694 tubera,

1188 707 1322 743 nacalt’s
1339 709 1427 751 suis,
1449 715 1482 744 et
1494 709 1605 744 instar
1623 709 1833 747 locustarum
1854 713 2011 750 universa
2036 715 2227 760 operiebant

1186 767 1368 804 innumera
1386 769 1570 806 multitudo
1585 771 1758 807 hominum
1776 778 1808 808 et
1823 772 2043 818 camelorum,
2063 775 2227 822 quidquid

1187 829 1367 875 tetiqerant
1387 830 1612 867 devastantes.
1646 832 1746 876 Esto,
1780 836 2011 871 convenerint
2041 837 2227 873 adversum

1186 887 1296 925 lsrael
1314 889 1529 934 Madianssae,
1551 892 1611 937 qui
1633 892 1913 939 interpretantur
1928 902 2025 930 extra
2036 896 2225 942 judicium.

1187 949 1287 993 Est0‚
1309 951 1368 987 isti
1383 952 1615 988 convenerint
1631 953 1817 989 adversum
1836 954 1956 998 lsrael,
1977 957 2035 1001 qui
2056 964 2158 993 extra
2169 957 2228 1002 Ju-

1189 1010 1319 1046 dicium
1347 1012 1410 1047 Dei
1441 1018 1537 1055 sunt,
1558 1018 1590 1047 et
1618 1014 1678 1059 qui
1698 1020 1796 1049 extra
1822 1013 1927 1059 leqem
1946 1022 2180 1060 peccaverunt,
2198 1022 2229 1051 et

1189 1076 1288 1105 extra
1303 1070 1410 1116 leyem
1440 1072 1598 1117 peribunt
1633 1072 1749 1118 (Rom.
1765 1073 1820 1119 ιι).
1842 1073 1942 1116 Ε5ῑο,
1974 1075 2177 1110 convenerit
2194 1080 2230 1110 et

1189 1130 1347 1174 Amalec,
1370 1131 1430 1176 qui
1450 1137 1485 1167 et
1504 1132 1580 1176 ipse
1596 1132 1851 1177 interpretatur
1872 1134 2015 1178 populus
2042 1134 2229 1179 ablingens.

62 1199 160 1228 erant
180 1193 217 1228 in
232 1193 359 1236 herbis,
380 1200 505 1229 cuncta
522 1194 717 1238 vastabant,
744 1206 853 1241 usque
882 1195 926 1230 ad
943 1196 1122 1231 introitum
1141 1193 1171 1231 B
1191 1191 1288 1233 Est⁰‚
1317 1195 1352 1226 et
1372 1191 1448 1227 haec
1467 1192 1564 1226 natio
1583 1196 1724 1227 terrena
1742 1196 1777 1227 θῑ
1795 1192 1910 1227 ventri
1937 1202 1978 1228 ac
1998 1192 2086 1239 gulae
2114 1193 2231 1229 dedita

1189 1253 1397 1298 impugnare
1416 1253 1554 1289 venerit
1567 1253 1688 1295 lsrael,
1704 1253 1857 1289 earnalis
1878 1253 2098 1299 spiritualem
2117 1254 2231 1290 lsrae-

1188 1312 1270 1348 lem.
1300 1311 1391 1355 Quid
1411 1318 1466 1348 est
1494 1313 1573 1355 hoc,
1597 1313 1689 1358 quod
1709 1313 1817 1348 etiam
1837 1312 1899 1347 tilii
1919 1312 2074 1348 Orientis
2096 1314 2152 1348 his
2167 1315 2230 1349 ad·

1190 1370 1397 1412 miscentur,
1415 1375 1544 1406 etcum
1564 1371 1650 1416 ipsis
1678 1372 1721 1406 ad
1747 1370 2021 1416 impugnandum
2048 1370 2155 1406 lsrael
2171 1381 2230 1406 ve-

1187 1430 1264 1465 nire
1282 1430 1474 1465 dicuntur?
1491 1430 1633 1466 Diceres
1652 1431 1747 1466 enim
1776 1430 1875 1472 mihi,
1903 1430 2054 1471 auditor,
2082 1430 2111 1465 si
2139 1430 2227 1465 scri·

1185 1498 1285 1536 ptum
1312 1496 1404 1526 esset
1435 1491 1517 1535 quia
1540 1490 1604 1525 filii
1634 1489 1836 1526 Occidentis
1869 1495 2111 1525 convenerunt
2145 1499 2226 1523 cum

1186 1551 1285 1596 ipsis,
1306 1550 1394 1585 nihil
1412 1560 1607 1596 quaererern
1625 1561 1634 1593 ;
1655 1550 1793 1585 diceres
1811 1550 1905 1584 enim
1930 1548 2016 1584 mihi
2033 1548 2230 1594 allegoricis

1186 1610 1336 1656 legibus,
1355 1610 1439 1655 quia
1454 1609 1516 1644 filii
1536 1610 1740 1645 Occidentis
1762 1614 1844 1644 sunt
1860 1609 1919 1644 (ilii
1941 1609 2182 1650 tenebrarum,
2195 1612 2230 1642 ct

1187 1671 1254 1716 ipsi
1268 1671 1467 1717 junguntur
1485 1670 1554 1706 illis
1579 1669 1758 1716 gentibus,
1786 1674 1820 1703 et
1837 1679 1915 1714 quae
1942 1673 2043 1703 extra
2058 1666 2230 1712 judicium

1187 1732 1251 1768 Dei
1279 1738 1375 1774 sunt,
1394 1737 1430 1767 et
1454 1741 1532 1776 quae
1551 1730 1667 1765 ventri
1686 1729 1826 1771 deditae,
1859 1728 2064 1773 impugnant
2092 1726 2231 1771 eosqui

1188 1799 1306 1828 mente
1320 1792 1510 1829 Dominum
1523 1792 1643 1827 videre
1657 1791 1887 1827 contendunt.
1904 1788 2004 1824 Nune
2020 1794 2136 1823 autem
2150 1797 2229 1822 eum

1189 1852 1327 1887 dicatur
1345 1852 1428 1897 quia
1459 1851 1521 1886 filii
1542 1851 1698 1887 Orientis
1718 1855 1891 1885 venerunt
1923 1858 2003 1884 cum
2034 1847 2174 1882 Madian
2193 1851 2230 1881 et

1188 1912 1353 1954 Amalee,
1388 1912 1564 1957 quomodo
1601 1911 1675 1946 haec
1710 1914 1859 1955 possunt
1893 1912 2134 1953 competenter
2170 1915 2230 1940 ex-

1189 1973 1299 2018 poni‘?
1320 1971 1514 2007 Videamus
1534 1981 1618 2017 ergo
1635 1971 1663 2006 si
1684 1970 1861 2015 possimus
1878 1968 1913 2003 in
1941 1974 2011 2003 tam
2032 1966 2230 2002 difficilibus

1190 2034 1279 2068 locis
1306 2032 1501 2078 Scripturae
1534 2032 1677 2077 dignum
1704 2030 1855 2074 aliquem
1876 2029 1911 2063 in
1942 2028 1997 2063 his
2019 2036 2161 2062 sensum
2181 2026 2234 2060 di-

1310 2092 1448 2138 paginis
1479 2091 1653 2125 invenire.
1685 2089 1808 2124 Omnis
1828 2088 1890 2132 qui
1918 2096 2023 2132 super
2041 2096 2078 2121 se
2107 2094 2234 2120 ilonien

1192 2151 1339 2196 suscipit
1370 2150 1517 2191 Christi,
1548 2149 1640 2183 filius
1671 2147 1819 2183 essicitur
1853 2145 2033 2186 Orientis;
2065 2144 2115 2178 sic
2141 2143 2234 2178 enim

1191 2215 1364 2258 scriptum
1379 2217 1434 2247 est
1452 2211 1496 2247 de
1514 2210 1657 2246 Christo
1675 2222 1682 2244 :
1715 2209 1803 2244 Ecce
1830 2209 1882 2243 vir
1908 2206 2029 2242 Oriens
2050 2217 2170 2241 nomen
2186 2212 2234 2240 est

1191 2274 1244 2309 illi
1261 2271 1462 2318 (Zach.v1).
1483 2271 1651 2315 Quisquis
1669 2280 1753 2314 ergo
1773 2268 1903 2304 Christi
1924 2266 2071 2311 suscipit
2091 2276 2233 2307 nomen,

1192 2333 1286 2367 lilius
1316 2341 1395 2367 esse
1427 2330 1557 2364 dieitur
1591 2328 1759 2364 Orientis.
1798 2327 1867 2362 Sed
1902 2336 1971 2360 non
2010 2334 2149 2369 semper
2174 2324 2234 2368 qui

1192 2394 1323 2430 Christi
1353 2403 1481 2429 nomen
1512 2391 1699 2437 accipiunt,
1727 2389 1835 2425 ctiam
1854 2388 1887 2423 in
1908 2386 2064 2422 Ecclesia
2094 2394 2232 2429 perma-

1191 2462 1275 2492 nent
1296 2454 1441 2490 Christi.
1463 2451 1501 2488 Si
1521 2461 1605 2498 ergo
1637 2450 1759 2485 videas
1789 2448 1974 2484 haereticos
2007 2445 2135 2481 Christi
2158 2444 2235 2488 qui-

1192 2517 1272 2552 dem
1290 2514 1434 2550 nomine
1465 2511 1616 2553 censeri,
1655 2511 1860 2555 impugnare
1894 2511 2011 2542 autem
2038 2503 2233 2538 Ecclesiam

1192 2576 1269 2619 Dci,
1289 2580 1324 2610 et
1340 2583 1439 2609 arma
1472 2570 1635 2607 conferre
1665 2569 1854 2604 adversum
1874 2566 1978 2601 fidem
1999 2562 2145 2603 Christi,
2168 2562 2234 2596 im-

1191 2646 1352 2684 pugnare
1378 2633 1546 2681 populum
1575 2629 1728 2672 Domini,
1751 2628 1843 2664 bella
1865 2626 2037 2662 suscitare
2065 2623 2234 2658 adversus

1192 2696 1404 2734 catholicam
1439 2694 1570 2728 tidem:
1607 2689 1688 2726 nolo
1712 2688 1853 2724 dubites
1887 2686 2017 2725 dicere,
2049 2681 2143 2728 quod
2176 2679 2234 2715 isti

1193 2763 1275 2795 sunt
1291 2757 1434 2803 quidem
1450 2754 1513 2789 filii
1528 2751 1696 2792 Orientis,
1711 2748 1771 2785 sed
1793 2758 1873 2783 cum
1891 2743 2092 2780 Madianitis
2108 2749 2235 2778 etcum

1193 2819 1362 2856 Amalech
1380 2823 1584 2862 expugnare
1602 2812 1749 2847 veniunt
1766 2808 1931 2856 populum
1954 2805 2034 2847 Dei,
2057 2803 2138 2848 quia
2155 2812 2234 2837 cum

1193 2880 1342 2928 paganis
1359 2884 1394 2913 ct
1412 2887 1493 2913 eum
1511 2874 1642 2911 Judaeis
1667 2872 1860 2908 Ecclesiam
1878 2868 1940 2903 Dei
1959 2867 2065 2902 ctiam
2080 2863 2237 2900 haeretici

1196 2945 1475 2988 persequuntur,
1495 2941 1530 2971 et
1550 2936 1645 2980 ipsos
1670 2942 1748 2968 esse
1773 2930 1899 2976 opinor
1916 2928 1975 2972 qui
2007 2926 2237 2970 designantur

1198 3005 1234 3040 in
1266 3002 1348 3038 filiis
1379 2998 1550 3036 Orientis.
1593 2994 1713 3030 Omnis
1745 3002 1838 3036 erqo,
1876 2987 2004 3033 inquit,
2037 2984 2181 3020 Madian
2208 2989 2239 3017 et

1199 3062 1364 3100 Amalech
1382 3066 1413 3096 ct
1431 3058 1495 3104 filii
1514 3055 1665 3092 Orientis
1684 3055 1910 3088 convenerunt
1924 3045 2068 3082 simulet
2082 3043 2239 3079 ascende-

1201 3130 1296 3166 rant,
1318 3128 1349 3158 et
1372 3121 1640 3164 supervenerant
1657 3115 1718 3156 eis,
1735 3118 1765 3147 et
1781 3116 1892 3146 castra
1905 3110 2089 3153 posuerunt
2105 3104 2139 3137 in
2154 3101 2238 3136 valle

1202 3183 1354 3221 Jezraet.
1380 3181 1441 3218 Isti
1472 3179 1533 3226 qui
1566 3178 1771 3222 impugnare
1806 3168 1926 3204 volunt
1965 3163 2129 3210 populum
2160 3160 2235 3201 Dei,

1205 3252 1323 3284 castra
1343 3245 1378 3280 in
1393 3241 1544 3277 vallibus
1563 3235 1748 3272 collocant,
1770 3230 1805 3263 in
1825 3224 1969 3271 dejectis
1991 3228 2026 3258 et
2047 3220 2237 3256 humilibus

1202 3307 1316 3345 locis?
1348 3304 1394 3340 In
1428 3300 1524 3341 valle,
1547 3293 1675 3340 inquit,
1708 3285 1857 3324 Jezraet.
1890 3283 2091 3320 Invenimus
2116 3285 2233 3316 autem

1204 3362 1432 3412 interpretari
1448 3354 1586 3394 Jezrael
1612 3361 1725 3387 semen
1753 3347 1831 3384 Dei.
1852 3344 1958 3381 Vides
1985 3342 2044 3379 ubi
2063 3340 2236 3377 collocant

1203 3430 1322 3463 castra
1350 3413 1571 3455 adversarii?
1600 3409 1678 3446 Non
1714 3410 1796 3443 sunt
1814 3403 1889 3440 ausi
1915 3402 1967 3438 ire
1989 3401 2069 3436 illuc
2100 3398 2158 3435 ubi
2187 3397 2237 3432 vi-

1202 3486 1330 3521 dentur
1341 3478 1417 3524 jam
1435 3474 1510 3512 nati
1527 3481 1606 3509 esse
1623 3470 1759 3506 fructus
1774 3464 1934 3512 spiritus,
1953 3462 2016 3499 sed
2033 3460 2092 3497 ubi
2122 3458 2236 3494 adhuc

1202 3551 1323 3582 semen
1340 3538 1402 3575 Dei
1425 3535 1534 3581 jacet,
1563 3531 1624 3567 ubi
1642 3527 1799 3564 nondum
1828 3524 1965 3560 trucms
1983 3518 2153 3557 ascendit.
2169 3515 2235 3560 Qui

1201 3602 1295 3640 enim
1314 3597 1403 3635 exiit
1415 3593 1592 3631 seminare
1616 3587 1780 3628 verbum,
1799 3582 1950 3620 seminat
1966 3588 2071 3625 super
2094 3581 2236 3612 omnem

1202 3663 1331 3699 locum.
1353 3655 1426 3693 Sed
1452 3651 1537 3689 audi
1570 3649 1687 3695 ipsum
1710 3643 1898 3682 Dominum
1927 3639 2115 3677 dicentem,
2152 3631 2238 3680 quid

1202 3719 1276 3769 pati
1301 3715 1414 3754 soleat
1430 3719 1555 3750 semen
1572 3706 1658 3744 Dei:
1687 3702 1805 3746 Aliud,
1837 3699 1966 3746 iuquit,
1988 3695 2109 3734 cecidit
2139 3701 2239 3730 secu

1203 3784 1309 3826 viam,
1327 3773 1546 3815 attententes
1559 3778 1637 3807 aves
1656 3764 1730 3804 coett
1743 3763 1911 3810 diripiunt
1925 3758 2011 3796 illud
2026 3769 2038 3804 ς
2057 3754 2153 3804 quod
2165 3752 2241 3800 ipso
