2540 4016
297 154 316 191 1
322 152 392 190 059

290 281 470 324 servabat,
487 290 561 316 non
575 285 630 317 est
644 281 865 317 eredendum
885 280 964 316 fieri
987 281 1163 327 potuisse.
1194 281 1351 317 Verum-

289 351 410 381 tamen
430 352 499 378 nec
528 342 606 388 ipse
633 342 725 378 istos
741 347 815 378 tam
843 341 917 378 cito
935 341 1140 385 delevisset,
1162 341 1235 377 nisi
1263 350 1352 378 6011-

288 402 555 450 spii-mitissime
575 402 815 445 contrairent,
842 406 954 448 atque
974 402 1025 438 ita
1045 401 1125 438 fieri
1154 407 1278 448 posset
1307 406 1351 439 ut

287 462 340 499 eis
362 461 411 496 ab
427 459 488 497 illo
517 459 671 497 niinime
691 460 894 504 debellatis,
920 461 983 507 (101
1002 461 1069 498 Dei
1082 467 1263 508 praecepta
1281 463 1351 498 im-

286 526 384 572 plere
404 524 569 568 curabat,
587 524 849 561 remansissent
867 524 915 561 ad
930 524 1017 561 illud
1043 528 1184 571 tempus
1203 525 1351 572 quando

286 588 341 624 eis
355 590 504 633 possent
522 595 672 632 parcere
689 589 776 631 post
789 582 947 622 mortem
965 584 1062 630 Jesu,
1079 586 1143 633 qui
1160 596 1234 622 0011
1247 591 1350 622 tanta

286 656 372 683 eura
392 645 458 682 Dei
480 646 651 682 mandata
671 645 864 682 faciebant.
886 645 979 683 Nam
1010 649 1048 683 et
1076 647 1195 683 adhue
1219 647 1349 683 eodem

285 706 453 750 vivente,
485 706 703 753 quibusdam
728 706 780 742 illi
810 710 1071 753 pepercerunt,
1098 708 1351 744 tantummodo

286 777 348 804 eos
383 767 511 804 ditioni
547 778 622 804 snae
652 768 924 815 subjungentes,
957 771 1132 816 quosdam
1161 779 1249 806 vero
1281 779 1350 806 nee

286 827 430 864 vincere
451 832 660 874 potuerunt.
689 827 827 865 Verum
847 829 925 865 haec
951 840 1026 866 non
1053 830 1115 866 illo
1140 831 1230 866 duce
1251 829 1347 866 sacta

287 895 384 934 sunt,
407 890 471 926 sed
489 900 571 926 eum
588 890 664 936 ¹jam
695 900 806 926 senex
836 896 984 927 vacaret
1007 902 1027 927 a
1046 891 1152 934 bello,
1189 896 1348 926 tantum-

286 951 393 987 modo
413 951 466 986 eis
487 956 604 987 terras
632 951 795 987 dividens
812 962 822 994 ;
839 955 879 986 ut
897 951 965 998 ipsi
975 951 1052 997 jam
1090 952 1150 987 illo
1169 962 1244 989 non
1271 950 1348 988 bel-

285 1008 396 1054 lante,
417 1010 553 1047 divisas
571 1011 639 1048 sibi
659 1016 777 1047 terras
802 1012 935 1056 parlim
963 1011 1040 1057 jam
1078 1013 1183 1048 hoste
1213 1021 1350 1048 vacuas

285 1074 467 1114 tenerent,
486 1071 621 1117 partim
638 1071 831 1117 pugnando
854 1077 1040 1117 caperent.
1072 1072 1117 1108 Et
1142 1073 1237 1118 quod
1267 1072 1349 1107 vin-

285 1140 369 1166 cere
389 1130 531 1176 aliquos
545 1131 697 1166 minime
714 1136 923 1176 potuerunt,
952 1132 1188 1178 providentiae
1215 1132 1347 1168 divinae
1366 1141 1399 1182 Β
1416 1137 1631 1175 effundendo
1648 1141 1871 1176 cessaverint
1891 1151 1901 1176 ε
1922 1147 1958 1178 et
1977 1142 2058 1179 ideo
2070 1144 2181 1190 pedes
2198 1155 2323 1182 eorum
2336 1146 2478 1185 veloces

283 1188 400 1226 fuisse
417 1217 426 1234 ,
448 1196 673 1236 oppportune
707 1190 979 1237 Scripturarum
1018 1194 1126 1229 certis
1163 1195 1349 1240 apparebit

286 1250 389 1287 locis.
417 1249 492 1298 (Ex
506 1250 749 1298 Adamantio.)
766 1252 915 1298 Mystiee
929 1259 1049 1290 autem
1073 1264 1139 1301 per
1156 1256 1347 1293 Dominum

285 1309 423 1346 factum
442 1315 500 1346 est
511 1317 550 1345 ut
567 1311 806 1347 invalesceret
823 1322 888 1347 eor
899 1323 1039 1356 eorum,
1062 1319 1098 1349 et
1113 1321 1349 1352 occurrerent

286 1369 324 1405 in
340 1369 505 1415 praelium
538 1375 669 1405 eontra*
696 1369 807 1406 lsrael
833 1376 873 1406 ut
891 1373 1232 1408 exterminarentur.
1255 1375 1348 1410 Dum

285 1429 384 1465 enim
399 1438 471 1465 non
487 1429 637 1465 veniunt
654 1429 811 1466 inimicae
828 1431 983 1467 virtutes
1002 1443 1085 1478 quae
1097 1439 1246 1478 peecata
1263 1444 1348 1480 ope-

281 1494 409 1525 rantur
423 1490 461 1525 in
474 1490 590 1533 nobis,
603 1496 877 1538 nec-provocant
893 1503 961 1528 nos
971 1493 1015 1528 ad
1026 1496 1264 1540 peccandum,
1280 1505 1347 1532 nec

284 1550 468 1586 lacessunt
499 1550 545 1586 ad
561 1551 817 1595 dimicandum,
838 1553 991 1590 interfici
1010 1565 1081 1590 non
1098 1560 1250 1599 possunt
1281 1566 1347 1593 nec

285 1611 536 1646 exterminari.
554 1611 637 1647 Ideo
658 1622 745 1659 ergo
764 1613 898 1649 dicitur
913 1615 1007 1651 Deus
1027 1616 1253 1661 permittere,
1273 1618 1347 1654 imo

284 1676 322 1707 et
341 1671 497 1708 incitare
510 1674 793 1718 propemodum,
817 1675 1045 1713 adversarias
1075 1677 1230 1715 virtutes
1245 1680 1347 1716 exire

286 1731 459 1767 adversus
474 1741 539 1768 nos
558 1732 595 1768 in
610 1734 790 1779 praelium,
810 1740 850 1771 ut
868 1741 904 1771 et
923 1746 990 1772 nos
1008 1736 1203 1773 victoriam
1219 1739 1346 1784 capitia

283 1801 379 1835 mus,
401 1796 437 1827 et
460 1792 530 1828 illae
545 1793 731 1830 interitum
752 1803 1035 1842 consequantur.
1060 1797 1165 1834 Unde
1180 1799 1269 1834 mihi
1293 1800 1345 1835 vi-

281 1850 388 1887 detur
406 1861 488 1888 esse
506 1852 667 1890 infinitus
699 1856 846 1901 quidam
872 1868 1046 1894 numerus
1078 1860 1345 1896 contrariarum

281 1912 471 1956 virtutum,
497 1923 565 1959 pro
589 1924 632 1951 eo
656 1917 752 1962 (1000
780 1927 846 1963 per
869 1919 1029 1964 singulos
1048 1929 1141 1966 pene
1178 1920 1344 1957 homines

287 1978 372 2009 sunt
402 1973 551 2020 spiritus
569 1975 680 2022 aliqui
706 1977 850 2014 diversa
876 1979 914 2015 111
938 1980 995 2016 1115
1022 1986 1255 2026 peccatorum
1282 1992 1344 2028 ge-

279 2044 367 2070 nera
387 2036 595 2081 molientes;
618 2039 719 2075 verbi
735 2050 857 2085 causa,
880 2048 935 2077 est
949 2042 1077 2088 aliquis
1092 2042 1343 2081 fornicationis
1362 2042 1392 2084 C

279 2098 443 2144 spiritus,
453 2105 553 2136 estet
562 2101 625 2136 irae
632 2102 794 2148 spiritus,
807 2103 898 2140 alius
908 2110 962 2140 est
971 2105 1146 2148 avarifiae,
1158 2105 1249 2142 alius
1258 2116 1345 2142 vcro

282 2158 460 2203 superbiae
479 2170 487 2193 ε
509 2165 546 2195 et
563 2160 593 2196 si
611 2162 774 2197 evenerit
793 2172 874 2198 esse
894 2163 1051 2208 aliquem
1075 2164 1261 2201 hominem
1282 2165 1344 2212 qui

279 2217 339 2253 his
353 2218 521 2255 omnibus
539 2220 644 2256 malis
659 2222 831 2267 agitetur,
851 2228 913 2258 aut
939 2233 1064 2260 omnes
1084 2224 1149 2260 1105
1164 2225 1339 2271 spiritus,

282 2277 338 2313 vel
358 2278 468 2314 etiam
484 2279 607 2325 plures
624 2281 659 2315 in
677 2291 717 2317 se
731 2281 865 2318 habere
882 2283 1048 2320 inimicos
1069 2285 1248 2330 putandus
1265 2293 1337 2323 est:

277 2339 374 2374 unde
392 2344 428 2375 et
447 2349 512 2385 per
529 2340 689 2387 singulos
713 2342 835 2387 plures
862 2354 943 2380 esse
960 2346 1131 2381 credendi
1154 2352 1237 2382 sunt
1269 2348 1341 2393 spi-

281 2398 373 2435 ritus
385 2425 395 2440 ,
411 2399 495 2445 quia
510 2409 582 2436 non
599 2401 741 2448 singula
756 2403 886 2449 singuli
903 2404 1040 2440 habent
1058 2406 1222 2442 homines
1237 2407 1336 2451 vitia,

277 2459 335 2495 vel
365 2465 515 2506 peecata
544 2463 787 2506 committunt,
822 2464 884 2500 sed
911 2464 1015 2510 plura
1047 2467 1092 2502 ab
1121 2477 1340 2515 unoquoque

275 2520 447 2557 videntur
463 2522 620 2570 admitti.
644 2524 689 2560 Et
708 2525 841 2561 iterum
856 2536 928 2561 non
952 2532 1007 2562 est
1023 2529 1223 2573 putandum
1242 2530 1340 2576 quod

279 2592 373 2619 unus
396 2582 648 2621 fornicationis
676 2586 824 2632 spiritus
839 2588 989 2623 seducat
1008 2599 1090 2624 eum
1123 2589 1185 2635 qui
1219 2591 1337 2638 (verbi

275 2642 399 2691 causa)
415 2644 451 2679 in
465 2643 667 2682 Britanniis
684 2645 897 2691 fornicatur,
919 2654 955 2684 et
972 2648 1073 2684 illum
1090 2649 1201 2695 quiin
1221 2650 1333 2695 india,

275 2703 333 2739 vel
356 2703 393 2738 in
426 2704 506 2740 aliis
536 2705 646 2748 loeis3
684 2715 801 2753 neque
826 2719 938 2744 unum
967 2719 1047 2746 esse
1080 2710 1144 2746 irae
1167 2711 1336 2757 spiritum

277 2762 341 2808 qui
372 2762 524 2799 diversis
548 2764 585 2799 in
603 2762 694 2802 locis
714 2767 879 2804 diversos
909 2770 1076 2806 homines
1107 2771 1218 2817 agitet
1241 2784 1249 2806 τ
1272 2771 1334 2808 560

270 2827 362 2870 puto
396 2824 512 2869 magis
544 2825 743 2872 principem
781 2829 926 2874 quidem
944 2829 1193 2869 fornicationis
1224 2844 1335 2870 unum

274 2895 371 2929 esse,
386 2886 598 2924 innumeros
617 2899 704 2925 vero
723 2900 802 2926 esse
836 2893 897 2938 qui
916 2893 952 2928 in
971 2894 1038 2929 hoe
1058 2895 1092 2930 ei
1119 2894 1237 2932 officio
1269 2906 1334 2943 pa-

273 2952 390 2989 reant,
408 2953 447 2984 et
459 2958 527 2994 per
549 2949 711 2996 singulos
726 2961 887 2997 quosque
907 2953 1071 2990 homines
1092 2955 1226 2991 diversi
1258 2957 1332 3002 spi·
1348 2947 1386 2987 D

273 3005 368 3042 ritus
386 3008 453 3043 sub
471 3017 516 3044 eo
532 3010 696 3055 principe
714 3012 924 3056 militantes,
941 3013 987 3049 ad
1000 3013 1249 3058 hujuscemodi
1268 3026 1329 3052 eos

269 3074 419 3116 peecata
433 3069 640 3106 sollicitent.
668 3070 843 3108 Similiter
870 3079 906 3109 et
937 3074 1132 3112 iracundiae
1163 3078 1330 3124 spiritum

269 3130 472 3177 principem
490 3141 570 3168 esse
585 3142 699 3168 unum
716 3133 884 3176 arbitror,
905 3135 1113 3174 innumeros
1134 3149 1220 3175 vero
1251 3150 1331 3178 esse

270 3190 336 3226 sub
350 3191 429 3237 ipso
444 3197 604 3238 agentes,
631 3193 693 3240 qui
712 3203 776 3240 per
800 3195 960 3242 singulos
979 3206 1141 3244 quosque
1165 3201 1329 3240 homines

273 3251 525 3297 hujuscemodi
549 3253 630 3290 vitii
651 3259 801 3300 peccata
838 3258 1072 3295 succendant.
1097 3258 1271 3299 Similiter
1294 3269 1330 3299 et

272 3313 434 3350 avaritiae
450 3323 562 3351 unum
579 3325 661 3352 esse
679 3317 894 3364 principem,
915 3318 1009 3356 sicut
1026 3325 1063 3357 et
1081 3323 1258 3369 superbiae
1294 3330 1331 3360 et

272 3380 487 3411 caeterorum
507 3375 698 3413 malorum.
718 3377 764 3414 Et
780 3379 861 3415 ideo
878 3389 952 3417 non
982 3390 1075 3419 unus
1105 3383 1330 3432 principatus

272 3446 352 3474 6556
370 3437 504 3474 dicitur
521 3439 559 3474 in
577 3440 771 3478 contrariis
782 3441 978 3480 virtutibus
994 3443 1040 3481 ab
1070 3444 1243 3491 Apostolo
1267 3449 1330 3485 560

268 3499 405 3548 plures,
436 3500 628 3538 adversum
660 3513 751 3550 quos
779 3505 847 3541 sibi
868 3515 1027 3554 pugnam
1059 3517 1140 3545 esse
1155 3512 1193 3545 et
1226 3509 1332 3548 nobis

269 3561 439 3598 omnibus
465 3562 592 3599 scribit
610 3561 716 3612 (ΕρΙι.
738 3564 812 3614 v1);
834 3570 872 3602 et
902 3572 982 3604 esse
1016 3570 1138 3605 tamen
1169 3569 1330 3608 omnium

269 3619 397 3657 horum
429 3622 630 3671 principem
664 3624 763 3662 velut
783 3627 1060 3666 eminentiorem
1079 3631 1274 3677 quemdam
1291 3632 1329 3670 in

270 3682 431 3726 nequitia
447 3685 536 3721 etin
560 3686 696 3724 scelere
713 3688 915 3734 celsiorem,
931 3690 993 3738 qui
1017 3695 1134 3729 totum
1154 3693 1330 3732 mundum

270 3748 376 3785 quem
391 3743 677 3793 istiadpcecata
697 3747 828 3796 singuli
845 3751 979 3799 quique
1009 3761 1074 3799 per
1092 3757 1326 3799 peccatorum

720 146 770 184 ΤΒ.
798 143 970 184 RABANI
995 145 1144 186 MAURI
1168 145 1382 184 ARCHIEP.
1409 145 1618 188 MOGUNT.
1646 150 1837 190 OPERUM
1861 150 1982 191 PARS
2006 152 2036 192 1.

289 226 369 263 dem
389 223 479 260 duce
495 220 594 265 Jesu,
613 221 673 267 qui
687 222 810 258 omnia
827 221 1018 269 diligenter
1029 222 1151 263 diviua
1167 225 1347 269 praecepta
1365 220 1402 262 A
1415 206 1555 269 spectes
1583 236 1650 273 pro
1676 233 1780 275 parte
1808 224 2018 275 sollicitent,
2051 229 2150 269 solus
2180 230 2280 270 velut

1416 283 1623 333 principum
1638 289 1731 334 dux,
1750 294 1786 326 et
1806 291 1917 328 totius
1939 290 2104 328 nefandae
2137 289 2277 331 militie
2301 292 2360 331 ma

1416 348 1586 395 exagitet.
1608 350 1718 397 Cujus
1731 353 1886 400 liguram
1903 364 1987 392 eum
2005 355 2050 392 06
2064 354 2172 393 «labin
2198 350 2358 396 01560161·
2397 363 2404 368 ·
2452 351 2453 354 ’

1415 416 1483 453 pro
1499 418 1614 456 parvo
1644 411 1891 460 intelligentiae
1909 420 2046 451 nostrae
2075 420 2196 463 captu,
2225 417 2265 455 in
2283 420 2446 466 superio'

1416 461 1517 506 ribus
1540 469 1791 515 patefecimus.
1813 472 1948 510 Beatus
1959 484 2046 522 ergo
2069 478 2126 512 est
2151 476 2213 523 qui
2231 477 2418 516 indesinen
2444 484 2447 485 ’

1416 529 1618 575 spiritalem
1653 531 1875 569 machaeram
1906 537 2049 580 tenens,
2078 528 2151 573 1100
2193 536 2311 576 aufert
2339 549 2422 578 eam

1417 589 1617 627 cervicibus
1629 590 1760 628 horum
1774 593 1934 630 hostium
1953 593 1998 632 06
2012 595 2144 642 quibus
2159 599 2327 646 superius
2338 609 2482 640 016100-

1417 649 1590 686 ravimus.
1614 649 1716 688 Sicut
1734 655 1772 688 et
1799 650 1982 691 Ieremias
1994 657 2173 703 propheta
2191 657 2304 696 dicit:
2328 671 2341 694 ι
2368 658 2481 698 Male*

1417 707 1535 745 dietus
1552 708 1662 746 homo
1692 711 1756 757 qui
1787 710 1875 749 iacit
1902 723 2013 760 opera
2033 714 2098 753 Dei
2131 717 2357 766 negligenter
2384 718 2495 768 (κη’

1416 770 1561 818 xcviii),
1589 785 1601 806 1
1627 777 1663 808 et
1682 773 1801 811 aufert
1819 776 2038 814 machaeram
2055 788 2159 816 suam
2178 790 2199 817 a
2218 781 2390 828 sanguine
2408 781 2479 819 ini·
2514 800 2525 831 j

1416 832 1607 869 micorum.
1629 834 1707 872 Hoc
1732 836 1763 872 si
1791 839 1990 874 seeundum
2021 839 2180 876 litteram
2215 838 2475 889 intelligamus,
2511 838 2526 874 ἴ

1416 900 1564 929 0666556
1588 895 1742 945 eritnos
1774 897 2020 935 indesinenter
2050 901 2262 948 sanguinem
2293 901 2475 940 sundere:
2512 906 2525 955 ἶ

1417 955 1511 999 quod
1526 954 1639 992 Judaei
1674 962 1855 1003 putantes,
1878 960 2003 1006 quiex
2035 961 2178 1009 integro
2205 971 2294 999 caro
2327 969 2411 1000 sunt
2441 968 2478 1001 et
2515 971 2518 974 “

1417 1015 1579 1061 sanguis,
1615 1017 1781 1053 crudeles
1816 1024 1852 1054 et
1887 1020 2133 1066 implacabiles
2169 1023 2282 1068 liunt,
2316 1024 2479 1063 dicentes
2519 1038 2531 1071 3

1417 1077 1708 1115 maledictionem
1741 1080 1945 1126 impositam
1976 1092 2057 1119 6556
2091 1083 2149 1119 1115
2172 1084 2233 1130 qui
2253 1094 2274 1120 a
2303 1086 2479 1133 sanguine
2520 1108 2523 1109 ν

1418 1205 1502 1235 sunt
1519 1200 1565 1235 ad
1582 1199 1836 1238 effundendum
1867 1203 2092 1248 sanguinem.
2125 1203 2198 1240 Sed
2215 1205 2286 1241 illis
2306 1205 2476 1252 hujusce-

1416 1260 1513 1296 modi
1530 1260 1780 1306 intelligentia,
1803 1261 1886 1306 quia
1904 1271 1989 1298 caro
2004 1268 2040 1298 et
2063 1264 2209 1310 sanguis
2230 1271 2326 1310 sunt,
2356 1267 2479 1304 videa-

1418 1310 1496 1362 tur;'
1516 1319 1605 1354 mihi
1629 1324 1749 1354 autem
1765 1325 1912 1364 praestet
1930 1319 2025 1358 Deus
2042 1331 2228 1370 nunquam
2257 1326 2478 1374 negligenter

1416 1387 1525 1423 opera
1550 1378 1693 1414 Domini
1709 1387 1830 1426 agere,
1852 1391 1919 1417 nee
1941 1381 2086 1420 auferre
2105 1385 2305 1431 spiritalem
2319 1388 2477 1434 gladium

1415 1437 1517 1474 verbi
1556 1437 1621 1474 Dei
1656 1448 1677 1474 a
1716 1441 1892 1487 sanguine
1926 1444 2191 1481 contrariarum
2225 1447 2415 1493 virtutum,
2441 1457 2478 1486 et

1415 1498 1636 1536 mortificare
1651 1500 1762 1536 casin
1777 1512 1993 1549 unoquoque
2013 1504 2231 1542 auditorum.
2251 1507 2477 1547 Interliciun-
2539 1549 2540 1566 ἢ

1415 1564 1475 1595 tur
1495 1564 1615 1596 autem
1644 1561 1679 1596 in
1699 1562 1803 1598 nobis
1833 1567 1869 1599 et
1888 1564 1967 1609 ipsa
1988 1565 2188 1603 daemonum
2207 1578 2351 1615 genera,
2370 1570 2400 1606 si
2420 1571 2477 1608 his
2531 1570 2540 1613 ’Ξ

1416 1620 1550 1657 auditis
1563 1631 1690 1658 eorum
1713 1633 1823 1670 opera
1842 1635 1915 1660 nou
1940 1635 2103 1672 agamus.
2132 1627 2270 1665 Dicitur
2291 1635 2411 1669 autem
2439 1632 2478 1669 in

1415 1680 1650 1724 sequentihus
1671 1682 1755 1727 quia
1776 1683 1916 1728 accepit
1934 1683 2039 1722 ι16505
2058 1696 2203 1724 omnem
2218 1693 2367 1734 terram,
2384 1690 2478 1728 sieut

1415 1740 1601 1778 mandavit
1617 1741 1792 1780 Dominus
1814 1744 1939 1791 Moysi.

1820 1818 1973 1856 CAPUT
1998 1820 2071 1857 Vll.

1413 1889 1465 1926 De
1483 1902 1523 1926 eo
1553 1893 1646 1939 quod
1665 1893 1773 1930 Josue
1789 1897 1876 1942 cepit
1895 1908 2032 1934 omnem
2053 1904 2196 1944 terram,
2222 1902 2313 1937 sicut
2338 1902 2475 1941 loculus

1461 1945 1510 1973 est
1529 1939 1700 1976 Dominus
1734 1943 1780 1977 ad
1799 1943 1957 1989 Moysen,
1975 1952 2007 1979 et
2022 1946 2166 1982 tradidit
2185 1959 2261 1983 eam
2282 1950 2318 1984 in
2338 1961 2475 2001 possess-

1462 1986 1593 2021 sionem
1608 1987 1691 2030 filiis
1711 1988 1827 2024 Israel
1842 1991 2031 2027 secundum
2045 2000 2162 2039 partes
2180 2000 2211 2030 et
2228 1996 2354 2041 tribus,
2383 1999 2478 2043 quie-

1461 2032 1577 2077 vitque
1606 2040 1701 2069 terra
1720 2047 1741 2069 a
1757 2037 1902 2081 praeliis.
2456 2054 2458 2060 ·

1462 2104 1583 2153 (1011).)
1604 2118 1617 2139 ‹
1642 2106 1745 2153 Cepit
1767 2117 1854 2155 ergo
1884 2109 1994 2148 Josue
2030 2121 2174 2149 omnem
2210 2120 2345 2152 terram
2383 2118 2476 2156 sient

1415 2176 1431 2198 1
1460 2165 1602 2202 loeutus
1627 2173 1684 2203 est
1703 2168 1875 2206 Dominus
1896 2172 1940 2207 ad
1958 2171 2119 2219 Moysen,
2153 2179 2188 2210 et
2210 2176 2358 2213 tradidit
2395 2169 2475 2216 eam

1415 2238 1427 2260 1
1458 2227 1495 2263 in
1515 2230 1783 2273 possessionem
1814 2231 1899 2268 filiis
1925 2232 2035 2270 Israel
2058 2237 2257 2272 secundum
2282 2244 2405 2284 partes
2438 2246 2475 2278 et

1415 2299 1428 2320 (
1459 2288 1575 2324 tribus
1596 2298 1691 2333 suas,
1722 2291 1931 2339 quievitque
1950 2300 2045 2331 terra
2064 2306 2084 2331 a
2101 2298 2235 2344 praeliis
2256 2300 2343 2337 suis.
2372 2315 2383 2336 1
2410 2299 2474 2339 Ille

1409 2348 1514 2386 Jesus
1546 2350 1642 2387 filius
1663 2351 1761 2388 Nave
1801 2364 1874 2390 non
1906 2356 2010 2392 video
2036 2358 2130 2403 quod
2164 2361 2300 2406 ceperit
2322 2366 2470 2399 terram.

1409 2414 1591 2458 Quantum
1605 2416 1702 2452 enim
1718 2422 1824 2453 terrae
1839 2419 1934 2465 cepit
1952 2419 2189 2465 quiJudaeam
2206 2425 2321 2460 tenuit
2334 2426 2474 2463 solam?

1410 2474 1542 2511 Noster
1570 2481 1693 2512 autem
1715 2477 1889 2513 Dominus
1916 2478 2036 2524 Jesus,
2059 2481 2135 2527 ipse
2162 2483 2258 2529 cepit
2279 2495 2365 2521 vere
2392 2496 2470 2522 om-

1407 2545 1491 2571 nem
1517 2537 1652 2572 terram
1671 2537 1709 2572 in
1728 2547 1770 2574 60
1791 2539 1887 2584 (1000
1905 2549 1949 2575 ex
1968 2542 2066 2577 omni
2084 2548 2182 2578 terra
2199 2549 2306 2590 atque
2323 2555 2367 2581 ex
2388 2557 2468 2583 om-
2488 2588 2494 2589 ἶ

1406 2597 1513 2633 nibus
1544 2598 1751 2635 nationibus
1770 2599 1815 2634 ad
1834 2609 1915 2635 eum
1935 2603 2121 2638 concurrit
2139 2604 2362 2641 credentium
2381 2605 2471 2643 mul-

1407 2658 1534 2694 titudo.
1555 2658 1710 2695 Additur
1731 2660 1840 2696 ctiam
1855 2667 1937 2708 post
1950 2662 2041 2708 haee,
2067 2669 2307 2712 posteaquam
2323 2677 2469 2706 omnem

1406 2726 1542 2757 terram
1567 2723 1662 2769 cepit
1682 2722 1799 2767 Jesus,
1820 2729 1855 2761 et
1876 2735 1890 2758 (
1911 2725 2105 2772 requievit,
2132 2741 2145 2763 »
2167 2728 2298 2775 inquit,
2329 2741 2342 2763 ι
2371 2735 2469 2767 terra

1405 2791 1426 2816 a
1449 2782 1596 2827 praeliis.
1630 2795 1642 2818 ›
1689 2783 1766 2820 Hoc
1798 2786 1979 2830 quomodo
2008 2797 2094 2824 vere
2128 2788 2311 2826 videbitur
2330 2789 2400 2827 diei
2423 2792 2468 2828 06

1403 2841 1477 2877 filio
1497 2842 1609 2887 Nave,
1628 2843 1711 2889 quia
1730 2846 1883 2882 cessavit
1903 2851 1998 2883 terra
2015 2858 2035 2883 a
2052 2847 2168 2892 bellis,
2183 2859 2263 2895 quae
2279 2860 2466 2897 nunquam

1404 2911 1489 2938 vere
1524 2904 1747 2950 temporibus
1782 2904 1860 2950 ejus
1889 2907 2044 2943 cessavit
2073 2918 2094 2944 a
2125 2906 2251 2945 bellis?
2287 2907 2360 2946 Sed
2397 2911 2466 2948 hoe

1403 2963 1604 3010 completur
1622 2965 1659 3000 in
1685 2962 1761 3002 solo
1786 2967 1941 3004 Domino
1959 2974 2052 3004 meo.
2081 2963 2119 3005 Si
2137 2970 2235 3006 enim
2259 2971 2465 3010 consideres

1403 3029 1451 3067 te,
1482 3023 1543 3070 qui
1567 3022 1696 3061 venisti
1728 3025 1774 3062 ad
1791 3024 1936 3072 Jesum,
1960 3033 1996 3064 et
2019 3038 2085 3076 per
2122 3030 2276 3077 gratiam
2295 3031 2463 3079 baptismi

1402 3083 1614 3120 missionem
1645 3092 1862 3124 consecutus
1882 3098 1923 3125 65
1951 3096 2199 3136 peecatorum,
2219 3092 2333 3129 etiam
2359 3093 2399 3130 in
2428 3099 2465 3133 te

1402 3153 1474 3181 non
1496 3151 1634 3193 pugnat
1659 3158 1746 3185 caro
1770 3149 1942 3187 adversus
1957 3152 2139 3198 spiritum,
2160 3159 2198 3190 et
2221 3154 2373 3202 spiritus
2400 3155 2463 3192 ad-

1401 3216 1529 3243 versus
1555 3217 1717 3253 carnem,
1751 3212 1908 3247 cessavit
1924 3216 2098 3249 terrama
2117 3223 2139 3249 a
2157 3214 2275 3251 bellis.
2297 3215 2336 3252 Si
2358 3215 2463 3254 Glari*

1401 3270 1496 3300 stum
1514 3266 1636 3303 Jesum
1655 3269 1692 3304 in
1713 3279 1865 3316 corpore
1884 3277 1946 3307 tuo
1977 3273 2225 3319 circumferas,
2245 3276 2295 3311 ita
2323 3280 2365 3313 et
2383 3286 2460 3314 665-

1400 3327 1561 3362 santibus
1580 3327 1616 3362 in
1641 3332 1676 3363 te
1693 3329 1860 3365 omnibus
1895 3330 2029 3376 praeliis
2067 3331 2232 3371 efficieris
2264 3335 2457 3382 pacificus,

1400 3392 1436 3423 et
1452 3386 1548 3423 lilius
1569 3386 1633 3423 Dei
1670 3389 1873 3426 vocaberis.
1911 3389 1986 3427 Sed
2019 3386 2090 3429 hoc
2130 3394 2194 3431 fiet
2221 3401 2459 3444 posteaquam

1399 3447 1494 3486 bella
1534 3446 1736 3494 transieris,
1770 3453 1807 3486 et
1843 3449 2069 3499 adversarios
2100 3453 2257 3501 viceris3¹
2289 3461 2375 3496 mne
2394 3456 2459 3497 tilii
2512 3501 2526 3517 ἡ·

1401 3505 1545 3546 dabitur
1564 3510 1722 3557 requies,
1741 3515 1782 3546 ut
1798 3511 2008 3558 requiescas
2033 3515 2100 3551 sub
2118 3516 2192 3553 vite
2211 3523 2284 3561 tua,
2304 3523 2458 3566 quaest

1401 3569 1580 3615 Christus,
1597 3576 1634 3608 et
1651 3570 1807 3619 Spiritus
1835 3578 1995 3619 sanctus,
2011 3570 2121 3613 utita
2149 3578 2287 3626 gratias
2315 3578 2455 3617 reterns

1399 3628 1553 3671 Domino
1571 3633 1672 3672 Patri
1697 3635 1934 3684 omnipotenti
1966 3635 2098 3686 inipso
2115 3637 2262 3679 cbristo
2277 3638 2463 3698 lemno·-

1398 3694 1499 3732 mino
1514 3699 1650 3733 nostro.
1875 3697 1878 3699 ’
1926 3697 1938 3704 “
1962 3699 1979 3706 “
2009 3700 2020 3707 “
2053 3701 2066 3707 ’

2387 3796 2390 3811 ε
2423 3787 2437 3812 3
2491 3780 2495 3788 ⁸
