2540 4016
314 170 407 208 1205

312 311 370 340 ter
393 301 678 344 manducaverit,
698 308 771 337 non
787 305 964 337 morietur
978 301 1016 337 iu
1038 307 1214 338 aeternum
1234 301 1248 349 (
1258 303 1364 339 Joan.

312 362 390 412 vr).

723 419 875 458 CAPUT
902 418 958 456 111.

312 494 415 539 Quod
441 504 581 541 cqressoe
610 492 739 530 Noemi
764 495 807 530 de
840 493 916 531 loco
954 496 1240 542 pereat-{nationis
1270 506 1367 540 sure,-

357 553 437 578 cum
452 547 600 588 utraque
615 551 721 585 nuru,
732 541 769 576 in
784 547 913 577 terram
931 541 1029 578 Iuda
1043 543 1165 579 reuerti
1181 543 1367 589 disposuit,

357 599 537 643 nurusque
564 599 649 624 suas
685 588 822 635 regredi
851 589 889 624 in
917 595 1047 625 terram
1075 590 1267 626 nativitatis
1294 600 1368 626 suoe

357 641 485 671 suasit.
837 647 840 651 ²

359 724 639 772 (Inm.)E9ressa
649 729 699 761 est
713 725 831 771 itaque
846 725 975 761 deloco
988 726 1276 772 pereqrinationis
1294 736 1367 762 sure

311 795 391 820 cum
423 792 570 831 utraque
602 795 711 829 nuru,
733 786 859 831 etjam
884 786 922 822 in
948 787 1004 822 via
1028 788 1142 832 posita
1175 787 1367 822 revertendi

309 845 492 880 interram
519 845 629 889 Juda,
653 847 740 882 dixit
758 847 803 882 ud
822 858 882 882 eas
900 856 911 881 .·
940 847 994 883 Ite
1016 848 1054 882 in
1074 848 1215 883 deinum
1245 848 1367 883 matris

309 910 443 949 vestrae,
463 906 570 951 faciat
583 906 757 943 Dominus
778 907 954 943 vobiscum
966 908 1255 956 misericordiam,
1276 909 1369 944 sicut

311 965 442 1010 fecistis
462 977 541 1002 cum
558 968 704 1003 mortuis
722 973 754 1003 et
772 979 929 1013 mecum,·
959 973 1016 1004 det
1033 970 1125 1005 vobis
1141 971 1295 1005 invenire
1316 980 1369 1005 re-

308 1027 424 1072 quiem
438 1027 475 1063 in
488 1027 649 1064 domibus
662 1030 830 1073 virorum,
841 1041 926 1076 quos
942 1030 1118 1066 sortituroe
1129 1030 1210 1065 estis
1221 1035 1253 1065 et
1269 1041 1368 1064 oscu-

310 1085 385 1122 lata
400 1093 451 1123 est
466 1099 538 1132 eas,
551 1093 587 1124 et
605 1095 749 1125 caetera.
770 1089 864 1133 Quid
885 1095 943 1125 est
954 1091 1048 1134 quod
1069 1091 1146 1125 haec
1159 1090 1289 1125 mulier
1305 1090 1365 1124 ad-

773 168 812 204 B.
839 167 1009 203 RABANI
1037 169 1183 206 MAURI
1208 169 1421 207 ARCHIEP.
1447 173 1652 212 MOGUNT.
1677 176 1866 215 OPERUM
1888 178 2008 215 PARS
2029 178 2057 215 1.

313 244 519 286 descendit,
551 242 619 278 hoc
652 247 733 286 cst,
758 252 851 287 pane
874 242 979 285 vitae,
1005 252 1112 288 quem
1138 244 1200 289 qui
1226 244 1366 280 veraci·
1385 246 1593 287 Ausculata
1631 255 1681 286 est
1706 261 1868 293 socrum,
1902 263 1944 287 ac
1967 262 2103 287 reversa
2130 251 2224 288 Ruth
2258 253 2405 290 adhesit

1950 3 2072 65 00'.

2374 183 2486 238 2¹³⁰*

1436 309 1514 346 crui
1530 321 1617 359 sure.
1644 311 1710 347 Cui
1727 311 1817 348 dixit
1836 309 1964 350 Noemi
1991 324 2003 348 .·
2023 310 2080 349 En
2109 322 2243 351 reversa
2271 321 2321 351 est
2339 327 2402 364 cog]
2435 327 2450 343 v·

1436 378 1499 407 tua
1515 372 1561 408 ad
1573 373 1736 420 poputum
1757 381 1856 410 tuum
1869 381 1902 411 et
1921 375 1971 410 aa*
1990 374 2072 410 deos
2090 386 2191 423 suos,
2217 377 2302 414 vade
2322 389 2402 414 cum
2444 399 2449 404 -f
2469 381 2473 406 5

1437 430 1525 474 Quae
1549 433 1757 478 respondit:
1779 433 1835 469 Ne
1861 435 2051 471 adverseris
2089 436 2196 480 mihi,
2224 441 2263 474 ut
2284 437 2453 486 relinqu

1436 497 1490 535 te,
1524 498 1556 527 et
1588 492 1710 528 abeam
1753 503 1960 541 quocunque
2002 497 2195 541 perrexeris
2231 507 2384 547 pergam.
2430 497 2464 529 Ι»
2507 487 2511 501 '

1435 557 1572 587 morata
1605 551 1733 597 fueris,
1772 558 1807 588 et
1841 562 1903 599 eqo
1937 554 2070 600 pariter
2100 556 2304 592 morabm:
2338 557 2469 604 poput-

1437 615 1538 654 tuus,
1564 610 1711 657 populus
1731 622 1828 647 meus
1841 639 1851 656 ,
1878 618 1911 648 et
1930 611 2024 649 Deus
2040 620 2134 659 tuus,
2155 615 2250 652 Deus
2271 627 2382 653 meus.
2400 617 2487 660 Qut

1436 675 1469 706 te
1502 671 1705 706 morientem
1737 678 1831 707 terra
1854 675 2066 719 susceperit,
2087 675 2125 710 in
2159 686 2200 712 ea
2233 677 2384 720 moriar,
2419 676 2522 712 ibi-⁴⁴

1436 741 1504 778 que
1518 730 1633 767 [ocum
1649 733 1816 779 accipiam
1831 732 2032 778 sepulturae.
2049 733 2136 771 Hau,
2156 737 2242 772 milti
2256 737 2364 782 saciat
2377 735 2489 781 Deus,
2522 728 2531 772 Ῐ

1437 799 1469 828 et
1493 794 1569 829 baec
1598 793 1721 837 addat,
1751 795 1781 830 si
1803 805 1872 830 non
1890 794 1965 831 sola
1983 806 2077 833 mors
2094 808 2148 834 me
2167 809 2188 834 a
2211 803 2243 834 te
2263 798 2498 845 separaverit.-

1436 852 1507 889 Per
1523 853 1587 889 has
1613 854 1702 890 duas
1720 855 1903 898 mulieres,
1929 866 2082 902 quarum
2107 868 2178 893 una
2213 858 2296 894 licet
2329 858 2491 898 dolorem
2522 855 2534 892 ἡ

1437 915 1674 959 separationis
1691 915 1727 950 in
1747 915 1845 951 luctu
1863 917 2072 961 ostenderit,
2082 921 2204 954 tamen
2217 929 2235 954 a
2250 928 2354 956 socru
2372 928 2490 955 seces·
2523 909 2527 914 ’

1438 974 1506 1018 sit3
1525 975 1638 1011 altera
1669 975 1849 1012 destinato
1882 978 2003 1013 animo
2030 988 2111 1013 cum
2138 978 2198 1014 illa
2230 979 2492 1025 perseveravit,
2517 966 2523 970 ⁴

1438 1036 1662 1083 significatur
1682 1037 1849 1073 distantia
1865 1038 2101 1074 credentium.
2121 1037 2212 1073 Nam
2232 1037 2292 1073 alii
2313 1043 2394 1085 post
2410 1029 2493 1086 per·
2518 1056 2530 1083 g,

1441 1103 1580 1142 ceptam
1597 1097 1750 1144 gratiam
1771 1097 1941 1143 baptismi
1957 1101 1993 1133 et
2007 1097 2215 1134 societatem
2233 1097 2315 1134 fidei
2333 1103 2431 1134 retro
2447 1098 2492 1134 ad

310 1147 492 1184 versando
507 1148 659 1183 nuribus
675 1149 750 1184 suis
768 1149 939 1184 resistere
954 1148 1111 1191 videtur,
1128 1159 1173 1183 ne
1192 1159 1313 1184 secum
1332 1150 1369 1184 in
1388 1144 1421 1183 B
1439 1167 1580 1193 errores
1597 1158 1769 1203 pristinos
1788 1158 2001 1194 relabuntur
2019 1170 2027 1192 :
2056 1167 2209 1202 quorum
2226 1161 2351 1202 typum
2383 1157 2494 1204 gessit

309 1213 446 1244 terram
460 1208 572 1245 Israel
588 1209 762 1254 pergant?
781 1208 858 1243 Nisi
874 1209 968 1253 quod
985 1214 1110 1243 sancta
1125 1209 1287 1246 Ecclesia
1298 1219 1369 1245 non

306 1267 526 1310 indiscrete,
558 1267 622 1303 sed
658 1267 922 1303 rationabiliter
939 1276 981 1302 ea
1005 1277 1084 1311 quae
1106 1268 1243 1312 agenda
1270 1274 1366 1309 sunt,

309 1327 398 1372 agit,
426 1331 464 1361 et
483 1335 563 1371 quae
582 1326 790 1371 recipienda
822 1326 979 1370 recipit:
999 1325 1094 1360 sicut
1123 1330 1158 1360 et
1185 1325 1369 1370 apostolus

307 1387 465 1423 Joannes
499 1387 535 1421 in
564 1397 628 1422 sua
652 1386 806 1431 epistola
839 1387 1034 1429 admonet,
1070 1386 1193 1421 dicens
1217 1398 1224 1420 ι
1249 1384 1369 1420 Nolite

307 1448 403 1483 omni
432 1449 571 1494 spiritui
588 1449 742 1491 credere,
762 1448 822 1483 sed
842 1448 985 1494 probate
1004 1448 1149 1493 spiritus
1174 1447 1205 1482 si
1225 1458 1267 1482 ex
1294 1446 1368 1482 Deo

308 1509 630 1557 sint(IJoan.1v);
646 1515 682 1546 et
699 1515 736 1545 ut
755 1511 895 1556 probet,
918 1511 1014 1556 quod
1029 1511 1121 1545 dona
1135 1509 1213 1552 Dei,
1234 1518 1313 1554 quae
1331 1509 1369 1544 in

308 1571 439 1606 divinis
465 1571 744 1608 charismatibus
769 1572 991 1614 consistunt,
1024 1581 1095 1606 non
1124 1570 1246 1606 invitis
1262 1597 1271 1613 ,
1307 1569 1368 1606 sed

307 1631 522 1667 voluntariis
550 1631 762 1668 offeruntur.
782 1630 907 1668 Gratia
925 1632 1021 1667 enim
1047 1630 1194 1674 Christi,
1214 1640 1294 1677 quae
1311 1630 1367 1666 ul-

309 1695 366 1726 tro
386 1690 537 1726 offertur
554 1691 760 1728 hominibus
774 1718 783 1735 ,
805 1697 1023 1738 spontaneos
1047 1693 1176 1737 quaerit
1203 1696 1369 1738 accepto—

308 1762 381 1795 res,
406 1763 473 1788 nec
491 1753 647 1799 placebit
667 1754 742 1789 Deo
760 1763 850 1800 opus
879 1754 956 1790 sive
974 1754 1121 1796 donum,
1152 1754 1247 1800 quod
1274 1753 1368 1789 malo

306 1814 524 1859 expenditur
550 1814 683 1850 animo.
715 1814 819 1851 Unde
848 1815 925 1861 ipse
943 1815 1118 1851 Dominus
1148 1815 1186 1851 in
1218 1814 1297 1861 lege
1323 1815 1369 1851 ab

308 1873 420 1912 lsrael
454 1876 635 1922 primitias
664 1883 849 1924 expetens,
871 1878 1013 1914 locutus
1042 1883 1098 1914 est
1134 1879 1179 1914 ad
1205 1877 1366 1925 Moysen,

309 1936 432 1972 dicens
450 1949 457 1973 :
477 1936 635 1984 Loquere
653 1938 737 1983 filiis
758 1939 893 1983 Israel,
915 1946 955 1975 ut
987 1939 1111 1975 tollant
1132 1940 1216 1974 miln
1245 1940 1368 1986 primi-

308 1997 375 2032 tias
393 2007 404 2031 :
423 1997 465 2033 ab
484 1999 577 2033 omni
599 1998 750 2042 homine,
771 2000 830 2046 qui
851 2000 950 2045 offert
970 2001 1163 2044 ultroneus,
1192 1999 1367 2045 accipietis

308 2068 366 2093 eas
385 2057 516 2104 (Exod.
540 2058 641 2105 xxv).
663 2059 754 2095 Hinc
772 2064 807 2095 et
822 2060 899 2105 ipse
920 2060 1089 2097 Salvator
1101 2061 1143 2096 in
1174 2059 1368 2106 Evangelio

308 2116 516 2162 legisperito
539 2120 693 2154 tentanti
724 2120 908 2165 respondit
941 2133 951 2155 t
972 2120 1011 2156 Si
1040 2122 1091 2156 vis
1115 2120 1162 2155 ad
1182 2122 1287 2156 vitam
1314 2121 1368 2155 in-

308 2175 420 2221 qredi,
437 2186 538 2211 serva
550 2178 730 2212 mandata.
750 2178 796 2212 Et
824 2178 909 2213 item
932 2191 940 2212 :
966 2178 1005 2213 Si
1029 2179 1078 2214 vis
1105 2180 1277 2225 perfectus
1294 2189 1366 2214 esse

306 2237 407 2280 vade,
424 2236 530 2272 vende
551 2238 681 2280 omnia,
713 2247 790 2283 quoe
808 2238 928 2281 habes,
956 2243 989 2273 et
1008 2239 1054 2273 da
1081 2238 1309 2283 pauperibus,
1335 2243 1368 2272 et

307 2297 450 2332 habebis
487 2298 691 2333 thesaurum
725 2299 763 2332 in
798 2298 896 2342 coelo,
932 2305 965 2334 et
1003 2299 1090 2341 veni,
1133 2310 1273 2345 sequere
1313 2311 1369 2336 me

307 2355 452 2403 (Mateta.
474 2358 567 2404 nx).
599 2357 670 2395 Ubi
700 2358 799 2394 enim
824 2356 997 2405 cuiusque
1015 2359 1182 2396 voluntas
1209 2360 1366 2408 requiri-

306 2422 380 2461 tur,
397 2417 474 2464 Jam
502 2428 577 2455 non
592 2420 792 2456 necessitas
809 2419 1008 2466 imponitur
1021 2447 1030 2465 ,
1051 2421 1114 2458 sed
1133 2421 1261 2459 electio
1291 2432 1366 2459 me-

306 2477 406 2514 lioris
423 2478 573 2525 proprio
608 2479 760 2516 arbitrio
787 2480 1016 2526 relinquitur.
1048 2480 1226 2519 Caeterum
1262 2482 1292 2519 si
1321 2483 1366 2519 ad

306 2537 535 2586 synagogam
548 2539 721 2586 praedicta
740 2541 850 2577 verba
870 2540 1074 2585 reflexeris,
1091 2546 1212 2589 potest
1229 2542 1263 2578 ei
1280 2551 1367 2578 con-

306 2599 447 2644 venire,
467 2600 551 2646 quia
566 2601 722 2637 retrahit
740 2610 805 2638 eos
830 2601 892 2648 qui
922 2602 969 2639 ad
986 2602 1095 2639 fidem
1123 2603 1257 2639 Christi
1275 2613 1363 2640 con-

305 2659 435 2695 venire
463 2661 635 2706 cupiunt,
675 2667 714 2698 et
745 2662 904 2699 maxime
946 2663 1034 2699 illud
1050 2691 1060 2708 ,
1093 2664 1155 2700 ubi
1196 2668 1366 2711 superata

306 2719 482 2763 veritate,
499 2721 684 2758 infirmum
703 2731 743 2759 se
769 2725 943 2770 agnoseit,
974 2731 1009 2761 et
1043 2725 1199 2769 effetam,
1219 2725 1363 2761 dicens:

308 2777 551 2824 Revertimini,
561 2780 646 2825 filice
659 2792 758 2826 meae,
770 2794 833 2818 cur
846 2785 966 2820 venitis
982 2795 1117 2820 mecum
1127 2785 1144 2820 ‚⁹
1159 2784 1256 2821 Num
1271 2785 1365 2821 ultra

307 2840 438 2876 habebo
455 2840 547 2887 filios
566 2842 605 2878 in
621 2848 720 2878 utero
740 2855 825 2888 meo,
836 2851 874 2880 ut
889 2845 979 2882 viros
996 2857 1038 2881 ex
1058 2857 1112 2881 me
1129 2857 1268 2892 sperare
1285 2857 1364 2892 pos-

307 2900 414 2936 sitis?
432 2900 675 2947 Revertimini,
693 2902 778 2949 fittoe
791 2903 970 2941 Moabitae.
989 2904 1072 2941 Jam
1088 2906 1178 2941 enim
1191 2910 1365 2940 senectute

308 2962 467 3005 confecta
496 2974 588 3007 sum,
621 2975 682 2999 nec
703 2971 789 3010 apta
815 2965 953 3000 vinculo
986 2966 1177 3010 conjugali.
1213 2965 1365 3001 Etiamsi

307 3020 441 3066 possim
457 3020 524 3056 tuae
549 3028 649 3057 nocte
671 3024 853 3065 concipere
868 3029 900 3058 et
917 3034 1038 3069 parere
1057 3023 1162 3069 filios,
1186 3026 1216 3060 si
1232 3037 1289 3061 eos
1308 3037 1366 3061 ex-

310 3088 466 3128 spectare
482 3082 619 3126 velitis,
649 3082 758 3118 donec
790 3090 969 3128 crescant,
999 3091 1033 3119 et
1058 3095 1168 3121 annos
1199 3086 1366 3133 impleant

309 3143 503 3191 pubertatis
521 3168 532 3186 ,
564 3148 645 3179 ante
680 3144 778 3179 eritis
812 3143 938 3179 vetulae
967 3155 1073 3190 quam
1100 3148 1252 3182 nubatis.
1289 3147 1364 3183 No-

309 3206 384 3248 lite,
404 3214 536 3252 quoeso,
550 3203 636 3250 filiai
664 3213 764 3248 meoe,
789 3204 876 3251 quia
899 3210 1011 3240 vestra
1029 3208 1192 3251 anqustia
1218 3219 1272 3243 me
1291 3219 1365 3243 ma-

309 3270 363 3316 qis
376 3263 514 3315 premit,
541 3271 574 3303 et
592 3275 730 3312 emessa
747 3270 798 3301 est
825 3273 951 3300 manus
974 3262 1117 3301 Domini
1149 3273 1270 3302 contra
1291 3279 1358 3303 me.

309 3331 400 3369 Vide
422 3339 640 3378 synagogam
659 3328 892 3367 confitentem
909 3326 1116 3370 veritatem,
1141 3333 1180 3363 et
1195 3337 1365 3374 superve-

309 3390 453 3427 nientes
470 3389 510 3426 in
538 3399 579 3426 se
596 3389 719 3436 culpas
739 3398 812 3425 nou
841 3391 1037 3431 tacentem,
1066 3395 1087 3422 a
1103 3385 1184 3423 viro
1209 3394 1250 3423 ac
1278 3385 1362 3422 filiis

309 3450 493 3494 relictam,
521 3449 592 3487 hoc
621 3455 696 3494 est,
731 3459 751 3485 a
774 3447 848 3486 Deo
867 3448 1064 3493 desertam,
1085 3452 1123 3485 et
1141 3446 1286 3496 regibus
1317 3458 1361 3485 ac

310 3509 560 3550 sacerdotibus
591 3510 666 3547 suis
695 3509 886 3556 privatam,
916 3515 954 3547 et
974 3509 1052 3557 lam
1075 3509 1235 3546 sterilem
1254 3514 1362 3558 atque

311 3570 492 3608 infirmam
512 3571 558 3607 ad
590 3570 842 3617 concipiendos
877 3575 986 3618 atque
1018 3570 1212 3617 pariendos
1244 3569 1362 3616 filios,

311 3635 414 3678 aptos
438 3629 486 3667 ad
517 3629 705 3668 servitium
723 3630 812 3675 Dei,
833 3631 917 3677 quia
935 3631 1005 3667 hoc
1037 3622 1260 3669 solummodo
1281 3635 1364 3679 post

313 3691 508 3729 adventum
525 3683 663 3730 Christi
689 3697 822 3729 sanctae
853 3691 1023 3729 Ecclesiae
1042 3698 1266 3730 reservatum
1291 3697 1360 3738 est.

360 3751 510 3791 memte
523 3753 632 3802 ἱρέων
659 3763 740 3790 voce
759 3761 900 3790 rursum
917 3752 1001 3800 flere
1023 3760 1221 3802 coeperunt,·
1241 3753 1363 3802 Orpfia

1436 1216 1572 1262 Orpha,
1594 1227 1673 1261 quae
1697 1218 1742 1252 ad
1769 1217 1854 1252 deos
1888 1226 1973 1251 suos
1993 1221 2028 1250 et
2048 1217 2092 1251 ad
2110 1216 2279 1262 populum
2313 1227 2418 1252 suum
2439 1227 2494 1253 re-

1435 1287 1541 1314 versa
1558 1282 1632 1319 es13
1651 1277 1710 1311 alii
1729 1286 1816 1312 vero
1842 1276 1992 1312 diffinito
2020 1276 2172 1313 consilio
2191 1283 2228 1312 et
2246 1278 2394 1315 instanti
2417 1283 2494 1314 stu·
2527 1301 2530 1304 ·

1436 1337 1495 1371 dio
1517 1341 1717 1382 sequuntur
1737 1336 1893 1382 gratiam
1924 1347 2032 1382 quam
2057 1343 2316 1383 perceperunt;
2339 1349 2493 1384 quorum

1437 1397 1589 1443 figuram
1610 1397 1706 1432 Ruth
1727 1398 1919 1443 expressit.
1946 1397 2030 1434 Haec
2059 1408 2144 1445 ergo
2162 1399 2330 1435 suadenti
2358 1400 2492 1444 socrui,
2522 1433 2526 1435 .

1436 1462 1477 1492 ut
1492 1457 1627 1492 rediret
1653 1467 1735 1493 cum
1755 1458 1852 1494 socia
1883 1459 1918 1493 in
1938 1460 2093 1505 patriam
2113 1470 2229 1503 suam,
2262 1460 2335 1496 ait:
2354 1459 2410 1496 Ne
2429 1460 2493 1496 ad·
2532 1498 2533 1505 ἵ

1436 1518 1582 1554 verseris
1597 1518 1705 1561 mihi:
1726 1529 1930 1565 quocunque
1949 1520 2157 1565 perrexeris,
2173 1520 2233 1555 ubi
2257 1525 2392 1555 morata
2417 1519 2495 1566 fue·

1437 1579 1502 1622 ris,
1525 1585 1557 1613 et
1575 1590 1637 1625 eqo
1655 1579 1786 1624 pariter
1806 1578 2074 1622 morabor,'etc.
2097 1580 2183 1624 Quae
2201 1589 2270 1616 vox
2289 1580 2367 1616 sine
2386 1579 2493 1617 dubio
2519 1580 2526 1609 ἶ

1437 1645 1561 1686 typum
1578 1640 1787 1676 manifestat
1809 1640 1892 1676 fidei
1910 1641 2095 1687 gentium:
2121 1641 2172 1678 sic
2199 1642 2296 1677 enim
2331 1641 2494 1678 Ecclesia

1437 1710 1482 1736 ex
1500 1701 1678 1747 gentibus,
1696 1701 1740 1737 ad
1769 1700 1963 1736 Dominum
1997 1705 2205 1744 convocata,
2228 1700 2354 1737 relicta
2374 1700 2492 1746 patria

1437 1770 1514 1805 sua,
1533 1763 1627 1800 uuod
1653 1767 1708 1799 est
1727 1762 1946 1806 idololatria,
1978 1767 2014 1800 et
2031 1762 2167 1800 omissa
2185 1763 2320 1799 carnali
2341 1772 2491 1799 conver·
2532 1752 2533 1755 ¹

1438 1824 1579 1860 satione
1615 1834 1658 1860 30
1694 1825 1884 1861 desideriis
1899 1852 1909 1869 ‚
1947 1825 2138 1872 profitetur
2166 1825 2357 1861 Dominum
2387 1835 2494 1862 suum

1437 1896 1532 1930 esse,
1550 1886 1587 1922 in
1605 1897 1711 1932 quem
1729 1887 1845 1924 sancti
1863 1880 2107 1932 crediderunt,
2130 1892 2166 1923 et
2183 1886 2267 1923 illuc
2288 1897 2326 1922 se
2346 1886 2493 1929 ituram,

1436 1947 1499 1982 ubi
1530 1956 1615 1982 caro
1644 1945 1778 1983 Christi
1799 1952 1880 1994 post
1912 1947 2118 1993 passionem
2148 1946 2324 1990 ascendit,
2360 1951 2397 1982 et
2426 1955 2492 1992 pro

1439 2005 1516 2051 ejus
1546 2008 1690 2043 nomine
1714 2008 1751 2043 in
1772 2009 1840 2044 hoc
1860 2009 1990 2044 saeculo
2008 2009 2084 2055 pati
2116 2018 2228 2054 usque
2258 2007 2302 2044 ad
2322 2014 2491 2050 mortem,

1439 2071 1475 2103 et
1505 2077 1587 2103 cum
1615 2072 1822 2103 sanctorum
1847 2067 1991 2114 populo,
2030 2066 2245 2112 patriarchis
2277 2066 2414 2102 scilicet
2446 2077 2494 2104 ae

1436 2127 1636 2172 prophetis,
1659 2127 1952 2169 consociandum,
1964 2126 2007 2162 de
2024 2135 2179 2171 quorum
2194 2125 2380 2168 societate,
2395 2127 2492 2171 quod

1437 2185 1572 2220 sanctis
1589 2196 1631 2220 ex
1654 2186 1766 2230 stirpe
1787 2185 1942 2220 Abrahae
1961 2185 2190 2220 venientibus
2205 2185 2490 2230 consociaretur,
2532 2216 2533 2219 ,

1435 2241 1575 2288 Moyses
1595 2243 1631 2278 in
1651 2243 1793 2279 cantico
1811 2244 1981 2287 ostendit,
1993 2242 2345 2288 dicens:Loetamini‚
2359 2250 2494 2291 gentes,

1437 2314 1516 2339 cum
1531 2304 1658 2350 populo
1674 2304 1751 2351 ejus
1769 2304 1887 2352 (Deut.
1902 2304 2018 2352 xxxii)
2032 2332 2041 2349 ,
2065 2305 2101 2342 id
2118 2310 2184 2348 est,
2203 2305 2240 2341 hi
2261 2305 2322 2351 qui
2341 2316 2387 2342 ex
2404 2315 2491 2353 gon-

1436 2364 1532 2401 tibus
1552 2364 1654 2408 estis,
1675 2365 1847 2401 credituri
1862 2376 1944 2402 cum
1962 2365 2034 2403 illis
2057 2366 2119 2413 qui
2136 2365 2244 2413 primi
2270 2365 2376 2403 electi
2393 2371 2492 2410 sunt,

1434 2427 1570 2460 aeterna
1594 2423 1718 2461 laetitia
1733 2425 1924 2462 exsultate.

1843 2498 1994 2536 CAPUT
2026 2498 2086 2535 lv.

1436 2559 1539 2605 Quod
1558 2558 1679 2607 Orpba
1699 2565 1897 2603 revertente,
1927 2559 2022 2595 Ruth
2049 2569 2127 2595 cum
2156 2559 2491 2607 Noenu—permansit

1661 2607 1758 2642 acin
1785 2612 1913 2642 terram
1938 2605 2072 2642 Judam
2099 2607 2265 2653 pervenit.

1489 2667 1614 2704 Videns
1646 2679 1726 2715 erqo
1754 2667 1880 2704 Noemi
1918 2669 2011 2716 quod
2042 2668 2214 2704 obstinato
2244 2667 2338 2704 Ram
2369 2668 2488 2704 animo

1434 2729 1635 2765 decrevisset
1655 2740 1772 2765 secum
1790 2740 1944 2775 peryere,
1973 2729 2152 2765 adversari
2180 2729 2291 2766 noluit
2312 2739 2372 2765 uec
2390 2728 2485 2764 ultra

1434 2790 1480 2825 ad
1497 2801 1578 2825 suos
1594 2790 1743 2825 reditum
1762 2791 1983 2837 persuadere.
2001 2788 2242 2836 Prosectaeque
2258 2793 2338 2825 sunt
2355 2787 2484 2831 simul,
2519 2820 2522 2821 ⁷

1433 2855 1466 2884 et
1483 2855 1646 2885 venerunt
1665 2850 1700 2884 in
1714 2849 1887 2885 Bethleem
1905 2849 2027 2896 quibus
2050 2849 2169 2884 urbem
2187 2847 2363 2894 ingressis,
2388 2847 2501 2884 vetooe.
2527 2841 2531 2844 ’

1382 2924 1418 2963 D
1435 2910 1528 2955 apud
1556 2916 1697 2945 cunctos
1731 2910 1828 2956 [ama
1855 2910 2064 2957 percrebuit.
2104 2908 2340 2954 Dicebantque
2360 2908 2486 2945 mulie·
2513 2908 2529 2926 '¹

1435 2979 1516 3006 res:
1534 2968 1620 3006 Haec
1636 2976 1686 3007 est
1711 2970 1774 3006 illa
1795 2970 1937 3014 Noemi,
1960 2969 2084 3016 quibus
2110 2970 2158 3004 ait
2182 2979 2193 3006 .·
2213 2968 2268 3004 Ne
2284 2968 2414 3005 vocetis
2430 2979 2486 3004 me
2528 2991 2531 3002 2

1436 3027 1578 3074 Noemi,
1597 3030 1634 3066 id
1651 3036 1719 3074 est,
1741 3031 1946 3077 pulchram,
1965 3030 2026 3066 sed
2047 3034 2165 3065 vocate
2191 3039 2244 3064 me
2275 3027 2395 3071 Mara,
2415 3027 2485 3064 hoc
2510 3023 2531 3085 ’ἢ

1433 3095 1502 3134 est,
1545 3101 1726 3134 amaram,
1761 3093 1845 3138 quia
1869 3090 1970 3127 valde
2003 3101 2057 3126 me
2084 3088 2318 3126 amaritudine
2345 3086 2485 3133 replevit

1435 3150 1673 3198 Omnipotens.
1705 3152 1891 3188 Destinato
1922 3159 2008 3196 ergo
2042 3150 2166 3185 animo
2189 3147 2291 3194 plebs
2323 3146 2484 3192 gentium
2500 3165 2501 3168 =
2517 3167 2532 3191 g

1436 3217 1560 3247 secuta
1575 3217 1631 3247 est
1650 3217 1792 3247 sanctos
1810 3211 2065 3257 praedicatores
2083 3209 2121 3244 in
2144 3213 2279 3244 terram
2303 3211 2484 3248 sanctam,
2502 3228 2504 3230 -

1435 3270 1528 3305 etin
1546 3270 1729 3304 civitatem
1759 3269 1824 3304 Dei
1854 3268 2052 3308 Bethleem,
2081 3270 2124 3301 ut
2139 3265 2189 3301 ibi
2209 3265 2359 3302 educata
2390 3274 2483 3310 prse-
2521 3268 2525 3270 ’

1432 3332 1624 3375 pararetur
1641 3327 1687 3362 ad
1713 3325 1980 3372 suscipiendum
2004 3334 2191 3371 sponsum,
2219 3324 2283 3371 qui
2306 3324 2351 3361 de
2369 3325 2416 3363 sti
2446 3327 2527 3360 ι-.,’

1431 3387 1586 3424 Abrahae
1602 3391 1708 3422 natus
1724 3390 1799 3429 est;
1821 3394 1944 3422 semen
1971 3384 2139 3421 videlieet
2156 3384 2255 3430 illud,
2271 3384 2309 3420 in
2323 3395 2396 3431 quo
2430 3400 2434 3418 ι
2451 3400 2461 3416 e,
2475 3423 2477 3426 Α
2492 3411 2497 3436 3

1431 3447 1642 3484 nedicentur
1668 3455 1794 3484 omnes
1813 3446 1978 3483 nationes
1995 3449 2102 3482 terrae
2125 3444 2229 3492 (Gen,
2249 3445 2357 3493 xxti).
2376 3445 2421 3490 Q
2442 3460 2447 3478 t
2464 3462 2469 3478 2

1431 3513 1553 3546 autem
1581 3506 1781 3544 dicentibus
1807 3503 2019 3542 mulieribus
2037 3503 2163 3541 Noemi
2189 3503 2375 3550 respondit
2391 3515 2406 3540 ι
2423 3504 2460 3542 Ν

1430 3569 1557 3606 vocetis
1576 3579 1630 3604 me
1662 3567 1801 3610 Nomi,
1827 3566 1864 3602 id
1884 3572 1948 3609 est,
1968 3565 2164 3613 pulchram,
2192 3563 2254 3602 sed
2284 3569 2403 3601 vocate
2435 3581 2448 3587 ··
2480 3580 2484 3585 ,

1431 3630 1550 3675 Mara,
1563 3630 1628 3667 hoc
1645 3635 1709 3674 est,
1728 3639 1900 3672 amaram,
1932 3633 2019 3675 etc„
2036 3624 2214 3675 signifieat
2237 3624 2335 3671 quod
2353 3634 2440 3663 sane
2462 3640 2465 3645 ·

1429 3688 1610 3734 Ecclesia,
1633 3686 1873 3725 tribulatione
1902 3685 2191 3736 persecutionum
2223 3694 2366 3732 pressa,
2396 3699 2400 3710 ·

1429 3750 1542 3789 sentis
1559 3744 1682 3787 mundi
1696 3748 1827 3796 gaudia
1841 3757 1916 3789 non
1930 3745 2124 3791 amat‚sed
2138 3743 2298 3785 suturam
2332 3759 2349 3785 ε.
2379 3757 2427 3780 ,ν
2460 3758 2462 3765 ·
