2540 4016
89 222 153 260 6ss

554 214 908 253 ENARRATIONES
934 215 978 251 IN
1005 214 1178 252 LIBRUM
1203 213 1513 251 NUMERORUM.
1538 234 1586 241 —
1605 216 1691 253 LlB.
1715 218 1757 253 11.

2177 231 2246 268 642

89 299 164 331 tota
177 291 400 340 paschalium
410 289 636 327 observantia
646 287 1016 338 caeremoniarum,ita
1026 286 1134 322 etiam
1153 288 1187 328 A
1204 285 1448 333 profectibus,
1480 295 1594 332 usque
1623 288 1669 323 ad
1699 288 1807 324 finem
1837 293 1957 328 saeculi
1985 306 2146 337 erescere
2173 314 2247 342 non

90 362 235 402 tempus
267 365 338 400 quo
368 354 426 401 agi
456 357 675 400 praeceptum
708 356 764 388 est
796 357 909 387 totum
927 378 936 394 ‚
968 350 1139 398 mysteria

90 426 193 452 sacra
215 415 366 452 redolet.
387 414 426 450 ln
440 413 567 461 primis
582 423 737 459 namque
752 412 1004 458 aequinoctium
1022 416 1140 447 trans-

90 476 193 523 gredi
214 476 251 512 in
270 475 465 512 Dominicae
488 475 633 521 paschae
657 473 898 510 celebratione
920 472 1024 519 juxta
1050 473 1140 520 legis

90 536 235 572 decreta
254 545 423 571 curamus
434 561 443 578 ,
458 540 500 570 ut
515 534 681 570 videlicet
698 533 907 570 solemnitas
925 533 961 569 in
977 543 1048 579 qua
1065 543 1140 569 me-

90 596 207 631 diator
233 594 299 632 Dei
327 600 364 630 et
387 595 596 638 hominum,
628 594 812 630 destructa
833 598 1011 640 potestate
1038 599 1140 630 tene-

89 657 238 692 bra-rum
251 681 261 698 ,
283 655 417 691 mundo
435 655 528 692 lucis
549 655 619 692 iter
645 655 808 702 aperuit,
828 655 939 691 etiam
967 654 1141 701 temporis

89 714 216 751 ordine
237 713 359 757 toras,
378 713 464 760 quid
483 714 580 752 intus
605 714 761 759 habeat,
786 715 966 752 ostendat.
991 715 1036 750 Et
1061 725 1141 760 quae

89 774 193 810 nobis
224 778 369 810 aeternae
401 774 634 811 beatitudinis
666 775 788 811 lumen
820 774 1021 821 promittit,
1053 778 1141 810 tunc

89 835 246 872 maxime
273 835 489 879 celebratur,
516 846 599 872 cum
624 836 710 872 solis
736 836 855 872 lumen
883 844 1003 870 annuo
1030 834 1139 880 proti-

89 894 187 931 ciens
217 894 461 938 incremento,
488 894 642 940 primam
671 894 780 930 sumit
806 893 850 929 de
876 891 993 928 noctis
1011 892 1139 929 umbra

88 954 294 991 victoriam.
327 954 464 990 Deinde
496 963 658 990 mensem
686 953 842 998 primum
874 951 981 995 anni,
1014 952 1074 997 qui
1103 959 1140 989 ct

90 1026 266 1052 novorum
284 1022 447 1058 vocatur,
476 1014 514 1050 in
543 1024 614 1060 quo
642 1014 782 1049 Pascha
811 1012 1055 1056 celebremus,
1085 1019 1139 1049 at-

90 1076 283 1113 tendimus.
312 1074 392 1120 Ipse
420 1078 542 1109 autem
571 1079 626 1109 est
655 1074 810 1117 mensis,
830 1073 867 1109 in
887 1083 958 1119 quo
984 1074 1140 1110 mundus

88 1136 156 1171 iste
175 1134 352 1171 formatus
365 1161 375 1177 ,
395 1139 432 1170 et
450 1134 558 1170 homo
576 1138 632 1169 est
657 1133 797 1179 primus
818 1133 854 1169 in
874 1133 1031 1179 paradisi
1053 1132 1138 1169 sede

1206 347 1350 383 desinit.
1378 348 1584 394 Resurgens
1611 348 1708 384 enim
1731 347 1906 386 Dominus
1933 362 1954 386 a
1979 360 2150 403 mortuis,
2174 364 2248 409 pri-

1205 416 1266 442 mo
1294 407 1450 458 singulis
1465 418 1507 444 ac
1525 408 1620 445 binis
1633 435 1643 452 ,
1664 418 1706 445 ac
1724 409 1853 446 deinde
1869 411 2053 458 pluribus,
2071 420 2176 455 modo
2194 433 2251 459 se·

1205 471 1305 513 ptem
1319 494 1330 511 ,
1349 469 1457 504 modo
1474 469 1643 506 undecim
1655 496 1665 513 ,
1686 470 1795 506 modo
1813 470 2022 517 duodecim,
2042 477 2148 514 modo
2171 481 2250 524 plus

1206 536 1315 572 quam
1335 527 1543 573 quingentis
1560 528 1738 565 fratribus
1757 530 1883 575 simul,
1904 532 1949 568 ad
1968 533 2134 571 ultimum
2153 537 2255 575 disci-

1204 587 1298 635 pulis
1313 588 1482 624 omnibus
1498 590 1684 635 apparuit,
1701 590 1825 637 quibus
1841 591 2035 629 videntibus
2049 605 2254 634 ascensurus

1205 648 1242 683 in
1261 646 1384 683 coelum
1396 674 1406 691 ,
1425 649 1588 694 proecepit
1607 659 1665 684 eos
1684 660 1758 685 suae
1776 650 2045 696 dispensationis
2065 665 2138 690 esse
2155 661 2255 693 testes

1206 707 1243 742 in
1260 707 1482 744 Hierusalem
1501 734 1511 751 ,
1528 714 1561 744 et
1581 708 1618 743 in
1634 710 1728 744 omni
1744 708 1874 746 Judoea
1891 717 1923 747 et
1941 711 2108 749 Samaria
2122 741 2131 757 ‚
2150 725 2256 762 usque

1206 766 1253 802 ad
1280 766 1443 802 ultimum
1471 773 1575 804 terroe
1604 767 1652 815 (Ι
1667 768 1749 804 Cor.
1768 769 1855 817 xv).
1884 771 1929 806 Et
1954 772 2047 808 bene
2071 773 2154 809 luna
2174 784 2256 811 cum

1206 834 1351 865 nostros
1373 829 1508 866 crescit
1533 830 1578 866 ad
1597 830 1742 875 oculos,
1763 832 1938 878 paulatim
1956 843 1977 868 a
1997 834 2072 870 sole
2092 836 2228 872 recedit
2245 849 2255 880 ;

1211 898 1295 924 cum
1316 899 1402 925 vero
1421 889 1466 925 ad
1486 889 1597 926 coelos
1615 891 1765 937 paribus
1790 892 1812 915 '4
1837 898 1873 928 at
1890 903 1972 929 cum
1991 894 2116 940 spatiis
2136 897 2255 932 rediit.

1206 947 1283 984 Hoc
1299 954 1354 984 est
1370 949 1465 984 enim
1485 950 1581 995 quod
1599 950 1674 996 ipse
1693 951 1784 987 dixit
1801 963 1810 985 ε
1829 952 1935 988 Exivi
1954 965 1975 989 α
1991 953 2114 999 Patre,
2133 961 2165 991 et
2182 957 2258 991 veni

1205 1006 1243 1040 in
1264 1007 1435 1041 mundum
1453 1019 1466 1050 ;
1488 1008 1615 1043 iterum
1640 1008 1797 1055 relinquo
1821 1012 1991 1048 mundum
2006 1040 2016 1056 ,
2043 1021 2075 1049 et
2098 1014 2185 1050 vado
2212 1015 2258 1051 ad

1206 1063 1353 1100 Patrem
1386 1065 1606 1113 (Joan.x);
1641 1073 1678 1103 et
1711 1070 1806 1114 quod
1835 1071 1879 1106 de
1912 1071 1974 1108 illo
2004 1073 2199 1111 Psalmus:
2228 1076 2259 1111 Α

1206 1137 1341 1161 summo
1373 1125 1457 1161 coelo
1487 1129 1636 1173 eqressio
1667 1128 1741 1174 ejus
1756 1156 1765 1172 ,
1793 1135 1824 1165 et
1851 1142 2015 1168 occursus
2046 1133 2122 1179 ejus
2152 1145 2261 1181 usque

88 1194 248 1238 locatus,
270 1194 354 1241 quia
373 1203 438 1240 per
461 1192 568 1238 hujus
592 1193 763 1240 mysteria
787 1193 1046 1237 solemnitatis,
1066 1194 1140 1239 pri·
1158 1180 1189 1219 B
1209 1187 1255 1222 ad
1293 1198 1468 1223 summum
1507 1188 1583 1233 eiu-⁹
1617 1189 1676 1236 (P
1678 1190 1744 1225 ³⁰!-
1762 1201 1853 1226 XV1¹¹
1870 1191 1895 1238 )·
1934 1191 2024 1236 Quia
2059 1203 2146 1239 ergo
2178 1193 2261 1230 luna

88 1263 185 1291 mam
217 1254 320 1290 nobis
353 1253 483 1290 stolam
519 1259 725 1299 recepturos
738 1280 747 1297 ,
784 1253 941 1300 primum
978 1264 1140 1300 supernae

90 1314 322 1351 beatitudinis
340 1323 490 1361 regnum
503 1341 512 1356 ‚
528 1323 547 1349 a
565 1324 635 1359 quo
653 1314 688 1348 in
707 1314 938 1360 longinquam
955 1314 1140 1359 regionem

90 1375 335 1419 discessimus,
352 1385 418 1411 nos
436 1380 643 1421 reperturos
660 1384 740 1411 esse
758 1384 955 1420 speramus.
972 1375 1023 1410 De
1041 1375 1141 1421 cujus

87 1435 202 1483 gloria
238 1435 340 1481 regni
367 1435 494 1471 beatus
512 1434 641 1469 Petrus
661 1433 842 1479 apostolus
860 1445 868 1468 :
891 1433 1002 1468 Caelos
1024 1441 1139 1468 autem

89 1506 194 1531 noros
209 1521 219 1537 ,
239 1494 377 1540 inquit,
401 1499 433 1528 et
453 1500 582 1528 terram
608 1504 754 1536 novam,
777 1499 808 1527 et
832 1493 1004 1539 promissa
1029 1493 1139 1539 ipsius

88 1559 340 1599 exspectamus,
363 1553 400 1587 in
418 1551 539 1598 quibus
553 1552 696 1597 justitia
715 1551 849 1586 habitat
869 1550 926 1598 (II
945 1551 1042 1586 Petr.
1060 1551 1137 1598 ιιι).

91 1612 162 1648 Sed
183 1617 218 1647 et
236 1611 393 1647 Joannes
414 1611 450 1646 in
470 1610 686 1657 Apocalypsi
705 1621 770 1646 sua
791 1620 800 1645 ε
826 1610 871 1645 Et
893 1610 983 1646 dixit
1002 1610 1062 1657 qui
1083 1622 1139 1646 se-

88 1671 189 1707 debat
206 1673 242 1707 in
259 1672 382 1706 throno
399 1681 410 1705 :
430 1670 534 1714 Ecce,
554 1682 641 1706 nova
659 1671 750 1716 facio
767 1671 883 1706 omnia
904 1670 1031 1718 (Apoc.
1048 1671 1137 1718 xn).

90 1731 228 1767 Deinde
255 1731 363 1767 etiam
390 1731 534 1767 tertiam
562 1730 696 1766 mensis
715 1731 874 1776 ejusdem
903 1731 1139 1776 septimanam

90 1791 126 1827 in
147 1790 284 1827 Pascha
313 1791 567 1833 observamus,
596 1790 691 1835 quod
718 1791 996 1827 resurrectionis
1016 1791 1139 1827 Domi-

89 1852 179 1889 nicae
199 1852 337 1898 gaudiis
358 1852 542 1898 aptissime
561 1851 744 1899 congruit,
767 1852 852 1897 quia
870 1857 904 1887 et
924 1852 1049 1888 eadem
1078 1862 1135 1888 sa-

90 1918 279 1949 crosancta
309 1912 385 1957 ejus
414 1912 630 1948 resurrectio
657 1912 765 1947 tertia
793 1912 850 1948 die
877 1910 969 1947 facta
1002 1917 1076 1955 est,
1105 1917 1141 1948 et

92 1973 200 2008 tertio
221 1978 381 2018 tempore
403 1972 544 2014 saeculi,
568 1972 604 2007 id
624 1977 701 2015 est,
725 1982 806 2007 cum
828 1972 954 2016 gratiae
981 1972 1140 2008 coelestis

90 2034 267 2077 adventu,
297 2038 372 2070 tota
400 2032 477 2078 eius
505 2033 541 2068 in
568 2043 678 2069 carne
705 2033 948 2079 dispensatio,
968 2043 1047 2078 quae
1074 2043 1139 2079 per

91 2094 368 2131 resurrectionis
387 2099 635 2130 consummata
653 2098 708 2129 est
729 2093 880 2139 gloriam
893 2120 902 2136 ,
922 2094 1056 2129 mundo
1076 2104 1139 2140 ap·
1158 2076 1187 2117 C

89 2156 221 2201 paruit.
243 2155 366 2191 Prima
386 2163 542 2200 namque
562 2153 681 2190 saeculi
707 2159 867 2199 tempora
887 2153 964 2199 lege
983 2153 1138 2189 naturali

90 2226 156 2262 per
182 2220 326 2261 partes,
346 2214 464 2250 media
484 2214 561 2260 lege
587 2213 744 2249 naturali
765 2213 820 2249 vel
847 2213 1054 2259 prophetis,
1078 2222 1139 2247 ex-

94 2281 209 2311 trema
239 2275 434 2311 chrismate
463 2274 614 2320 spiritali
634 2284 698 2320 per
717 2275 874 2319 seipsum
893 2275 1041 2310 veniens
1061 2274 1140 2309 illu-

93 2341 210 2371 strare
239 2336 406 2382 dignatus
429 2341 497 2370 est.
530 2334 601 2370 Sed
620 2340 656 2370 et
676 2335 751 2380 ipsa
773 2340 858 2370 tunc
877 2335 971 2371 lunae
991 2345 1141 2371 conver-

91 2396 166 2438 sio,
186 2396 465 2441 pulcherrimum
494 2396 596 2432 nobis
626 2396 842 2432 sacramenti
873 2397 1031 2433 coelestis
1061 2407 1141 2443 spe-

94 2456 272 2492 ctaculum
291 2457 440 2502 praebet.
470 2456 631 2502 Namque
652 2457 735 2492 luna
763 2468 842 2503 quae
871 2459 1015 2494 rotundi
1045 2457 1139 2493 facta

93 2517 304 2561 schematis,
323 2527 342 2552 a
357 2517 429 2553 sole
457 2517 589 2559 lumen,
612 2522 649 2552 ut
669 2528 775 2563 supra
794 2517 962 2559 diximus,
984 2518 1140 2562 accipit,

96 2577 248 2620 ideoque
279 2586 420 2621 semper
447 2586 492 2611 ex
522 2575 673 2610 dimidio
701 2577 788 2611 orbe
817 2586 924 2620 quem
954 2577 999 2610 ad
1030 2575 1140 2611 solem

97 2634 204 2670 habet
230 2634 347 2669 lucida
373 2639 452 2676 est;
480 2644 522 2669 ex
551 2635 663 2669 altero
690 2640 809 2669 autem
830 2635 977 2670 dimidio
998 2644 1142 2680 semper

97 2696 250 2731 obscura
264 2721 273 2737 ,
295 2705 314 2730 a
333 2695 450 2740 primo
470 2704 582 2740 usque
602 2694 647 2729 ad
669 2695 830 2740 quintam
849 2694 1026 2730 decimam
1053 2696 1142 2732 lucis

94 2760 317 2791 crementum
342 2755 387 2790 ad
416 2760 551 2797 terras,
573 2754 750 2790 defectum
770 2764 856 2790 vero
875 2754 983 2790 habet
1003 2755 1047 2791 ad
1067 2766 1141 2791 coe-

94 2816 169 2859 los,
198 2827 218 2852 a
247 2815 512 2862 quintodecimo
533 2820 594 2850 aut
612 2825 724 2861 usque
744 2815 788 2850 ad
808 2815 1046 2851 novissimum
1064 2825 1143 2851 cre-

95 2882 255 2913 mentum
275 2876 433 2923 ejusdem
454 2886 527 2912 sua:
545 2875 636 2911 lucis
654 2886 674 2910 a
695 2875 848 2911 terrenis
868 2885 996 2911 aversa
1014 2902 1024 2918 ‚
1055 2886 1142 2921 pau-

94 2936 195 2974 latim
230 2938 274 2974 ad
307 2937 471 2974 coelestia
505 2937 708 2973 revertitur.
744 2936 830 2981 Quae
863 2937 1035 2972 nimirum
1065 2936 1142 2982 ejus

95 2999 300 3042 conversio,
327 3002 425 3035 recte
451 2997 630 3044 paschalis
658 2996 776 3042 gaudii
804 2996 978 3043 mysteria
1002 2996 1139 3043 signat,

95 3059 224 3104 quibus
255 3067 400 3095 omnem
433 3057 565 3094 mentis
595 3061 727 3092 nostrae
755 3055 929 3103 gloriam,
961 3066 981 3091 a
1011 3056 1140 3092 vilibus

95 3123 261 3154 avertere
280 3117 430 3160 deliciis,
450 3116 666 3163 caducisque
684 3116 884 3160 favoribus,
903 3121 1011 3163 atque
1025 3117 1141 3152 solum

95 3180 256 3216 coelestis
271 3180 395 3227 gratiae
411 3179 532 3215 lumen
547 3180 778 3227 suspendere,
799 3179 969 3215 docemur
985 3184 1142 3215 contem-

95 3241 239 3288 plando.
261 3241 326 3278 Vel
351 3241 380 3277 si
409 3246 599 3287 utramque
625 3240 703 3286 ejus
731 3240 1002 3276 conversionem
1022 3240 1058 3275 in
1077 3239 1143 3276 bo-

96 3311 183 3337 num
218 3300 370 3337 delectat
400 3301 651 3347 interpretari,
689 3310 882 3346 possumus
919 3300 1141 3346 intelligere,

97 3361 193 3407 quod
213 3371 381 3398 crescens
399 3361 445 3397 ad
461 3360 584 3397 oculos
602 3361 780 3396 humanos
798 3359 918 3395 lumen
938 3359 1031 3394 lunae
1043 3385 1052 3402 ,
1074 3359 1144 3394 vir-

98 3426 216 3459 tutum
243 3422 397 3469 gratiam
425 3422 555 3468 quibus
580 3431 756 3469 apparens
782 3421 819 3456 in
844 3430 955 3456 carne
972 3418 1144 3455 Dominus

98 3482 231 3519 mundo
250 3482 389 3526 illuxit,
413 3482 572 3518 insinuet
590 3491 600 3517 ε
620 3481 664 3518 de
682 3480 815 3527 quibus
834 3479 970 3515 dicitur
989 3491 997 3514 :
1020 3477 1066 3512 Et
1085 3477 1145 3512 Je-

97 3551 158 3577 sus
185 3541 384 3587 proficiebat
417 3541 590 3588 sapientia
621 3546 654 3576 et
688 3545 789 3576 celate
815 3544 847 3574 et
877 3538 1015 3584 qratia,
1049 3536 1143 3582 apud

99 3597 210 3635 Deum
228 3605 261 3636 et
280 3600 434 3636 homines
453 3599 561 3647 (Luc.
582 3599 647 3645 ιι).
667 3599 890 3636 Recrescens
908 3606 996 3632 vero
1012 3595 1058 3631 ad
1073 3603 1143 3646 coe-

100 3654 177 3698 ¹⁰⁸,
213 3658 490 3695 resurrectionis
527 3659 822 3703 ascensionisque
858 3657 953 3692 illius
990 3654 1142 3702 gloriam

103 3713 264 3760 deSissuet
280 3727 290 3752 ε
309 3728 388 3764 quae
406 3717 444 3754 in
463 3728 504 3755 se
519 3717 663 3764 quidem
685 3717 762 3764 ipsa
781 3727 864 3753 mox
883 3715 1043 3762 perfecta
1063 3723 1143 3770 pro-

102 3771 222 3818 venit,
242 3773 306 3812 sed
323 3774 363 3813 in
379 3775 499 3814 animo
524 3775 684 3814 fidetium
696 3802 706 3822 ,
726 3776 941 3823 quibusdam
959 3775 1049 3812 lucis
1069 3783 1142 3811 suae

1209 1258 1252 1285 eo
1290 1259 1364 1284 suae
1397 1249 1487 1285 lucis
1527 1250 1781 1295 incremento,
1817 1253 1911 1298 quod
1947 1254 2072 1290 exiens
2102 1265 2123 1290 a
2158 1255 2261 1299 sole,

1209 1309 1255 1344 ad
1282 1314 1428 1344 nostros
1463 1310 1596 1346 evolvit
1626 1312 1773 1348 obtutus
1793 1340 1801 1355 ,
1834 1313 1975 1350 Domini
2004 1315 2194 1352 salvatoris
2225 1317 2261 1352 in

1209 1377 1319 1404 carne
1339 1378 1454 1414 usque
1472 1370 1517 1404 ad
1539 1376 1700 1416 tempora
1715 1373 1906 1417 passionis,
1929 1375 2128 1410 doctrinam
2149 1377 2262 1411 virtu-

1209 1434 1335 1473 tesque
1355 1429 1550 1475 significat,
1585 1440 1628 1466 eo
1652 1434 1770 1467 autem
1789 1434 1885 1478 quod
1906 1434 1951 1469 ad
1973 1434 2084 1470 solem
2105 1436 2258 1477 rediens,

1207 1488 1381 1534 paulatim
1400 1489 1445 1524 ad
1481 1489 1698 1526 invisibilem
1726 1491 1830 1528 nobis
1866 1493 1946 1529 coeli
1966 1493 2097 1530 faciem
2117 1496 2260 1532 recolli-

1210 1550 1276 1596 git,
1299 1551 1576 1586 resurrectionis
1609 1551 1719 1596 illius,
1740 1563 1782 1589 ac
1804 1555 2016 1599 posterioris
2036 1556 2160 1601 gloriae
2195 1558 2262 1593 mi-

1208 1611 1332 1646 racula
1371 1611 1609 1655 demonstrat,
1630 1613 1760 1648 merito
1780 1624 1799 1648 a
1820 1615 2086 1660 quintadecima
2104 1618 2260 1661 pascha-

1207 1671 1253 1707 lis
1288 1671 1362 1707 voti
1394 1672 1534 1718 gaudiis
1573 1678 1655 1718 apta
1686 1673 1917 1719 praedicatur.
1954 1674 2018 1710 His
2037 1675 2181 1720 quidem
2195 1685 2262 1721 pa-

1207 1733 1341 1768 schalis
1355 1733 1526 1778 temporis
1538 1744 1557 1768 a
1568 1733 1657 1779 legis
1667 1734 1918 1770 observatione
1934 1735 2086 1781 sumptis
2103 1735 2261 1780 indiciis,

1207 1794 1369 1830 haeredes
1389 1794 1477 1829 Novi
1506 1794 1728 1831 Testamenti
1749 1795 1859 1831 etiam
1891 1796 1985 1831 diem
2022 1795 2260 1840 Dominicam‚

1208 1864 1315 1900 quam
1337 1853 1525 1899 Scriptura
1557 1866 1663 1890 unam
1682 1856 1757 1891 sive
1775 1857 1925 1902 primam
1957 1856 2092 1892 sabbati
2111 1856 2256 1897 (Manli.

1207 1914 1336 1959 xxvni)
1357 1914 1601 1959 cognominat,
1620 1921 1845 1951 annectimus
1864 1926 1931 1952 nec
1950 1916 2133 1952 immerito
2150 1929 2157 1951 :
2178 1927 2258 1962 quae

1209 1978 1245 2009 et
1263 1974 1469 2009 conditione
1502 1975 1694 2020 primitivae
1729 1976 1820 2012 lucis
1842 1977 2033 2020 excellens,
2070 1983 2106 2013 et
2135 1979 2263 2014 trium-

1208 2036 1279 2081 pho
1319 2035 1519 2071 Dominicae
1559 2038 1834 2073 resurrectionis
1869 2038 2034 2084 insignis,
2075 2044 2111 2074 et
2135 2044 2260 2075 nostra

1211 2105 1353 2141 quoque
1371 2095 1474 2130 nobis
1497 2097 1763 2132 resurrectione
1798 2103 1920 2133 manet
1953 2107 2095 2142 semper
2115 2103 2263 2144 exopta-

1208 2155 1304 2191 bilis.
1343 2156 1486 2200 Septem
1509 2165 1652 2201 quoque
1688 2156 1764 2192 dies
1793 2157 1901 2199 lunae,
1935 2157 1970 2192 id
2004 2163 2074 2200 est,
2099 2167 2119 2192 a
2137 2158 2262 2203 quinta

1208 2215 1347 2251 decima
1371 2226 1485 2261 usque
1507 2217 1550 2251 ad
1570 2216 1780 2252 vicesimam
1818 2217 1987 2263 primam,
2023 2229 2088 2264 per
2107 2228 2197 2263 quos
2217 2228 2259 2254 ea

1209 2275 1395 2311 Dominica
1430 2276 1588 2311 naturali
1611 2277 1738 2313 ordine
1777 2276 1960 2320 discurrit,
1993 2278 2261 2314 universitatem

1209 2336 1397 2379 Ecclesiae,
1427 2347 1506 2381 quae
1526 2347 1592 2381 per
1618 2342 1730 2372 totum
1751 2338 1924 2373 mundum
1958 2338 2188 2383 paschalibus
2207 2344 2262 2374 est

1210 2396 1394 2440 redempta
1422 2396 1620 2441 mysteriis,
1643 2401 1767 2441 aperte
1801 2396 2001 2431 denuntiat.
2040 2396 2128 2431 Nam
2146 2401 2183 2432 et
2202 2406 2260 2432 se-

1208 2456 1376 2501 ptenario
1429 2465 1522 2500 saepe
1564 2464 1715 2490 numero
1757 2455 2027 2491 universitatem
2070 2456 2263 2502 designare

1211 2513 1398 2558 Scriptura
1427 2514 1625 2549 consuevit.
1668 2512 1770 2549 Unde
1789 2518 1825 2548 et
1860 2514 1954 2558 quod
1985 2513 2035 2548 ait
2053 2513 2258 2560 Propheta:

1212 2572 1344 2618 Septies
1363 2573 1398 2607 in
1418 2572 1474 2607 die
1491 2572 1630 2607 laudem
1646 2572 1720 2607 dixi
1741 2573 1801 2607 tibi
1819 2572 1932 2619 (Psal.
1955 2573 2093 2619 cxviii),
2117 2573 2167 2608 nil
2186 2584 2260 2610 me-

1211 2631 1280 2667 lius
1300 2632 1509 2677 intelligitur
1528 2642 1634 2677 qnam
1656 2633 1749 2677 quod
1782 2632 1864 2667 alibi
1901 2632 1979 2668 ait:
2007 2631 2150 2678 Semper
2182 2634 2259 2669 laus

1211 2693 1288 2739 ejus
1309 2693 1346 2728 in
1367 2703 1424 2727 ore
1445 2703 1519 2727 meo
1540 2691 1654 2738 (Psal.
1680 2692 1824 2738 xxxin).
1847 2693 1892 2728 Et
1921 2693 2126 2738 specialiter
2146 2699 2258 2730 totam

1211 2754 1424 2790 catholicam
1446 2754 1614 2790 Ecclesia]
1631 2753 1891 2800 prosectionem
1928 2764 1970 2790 eo
1992 2754 2136 2801 figurari
2155 2754 2260 2791 Joan-

1211 2823 1275 2848 nes
1296 2818 1461 2855 testatur,
1481 2812 1541 2857 qui
1563 2813 1607 2847 ad
1625 2818 1760 2858 septem
1779 2813 1872 2849 Asiae
1892 2814 2055 2850 scribens
2074 2814 2258 2858 ecclesias,

1211 2872 1426 2908 universalis
1446 2882 1512 2917 per
1530 2873 1653 2908 orbem
1678 2872 1850 2909 Ecclesiae
1884 2874 2055 2920 mysteria
2087 2875 2257 2921 patefecit

1213 2933 1336 2980 (Apoc.
1355 2932 1396 2979 1).
1432 2932 1534 2969 Unde
1554 2938 1590 2968 et
1608 2943 1675 2979 per
1695 2934 1816 2970 omnia
1851 2944 1931 2980 quae
1948 2934 2099 2981 singulis
2124 2941 2260 2981 septem

1212 2994 1338 3030 scribit
1357 2994 1597 3037 hortamenta,
1618 2995 1715 3030 hunc
1732 2995 1949 3031 versiculum
1979 2995 2140 3032 intexere
2157 3006 2260 3032 cura-

1210 3054 1263 3089 vit
1285 3066 1292 3089 :
1318 3053 1387 3096 Qui
1402 3054 1504 3088 habet
1526 3065 1627 3090 aures
1665 3054 1846 3098 audiendi,
1878 3055 2000 3090 audiat
2032 3055 2115 3100 quid
2151 3055 2258 3101 Spiri-

1211 3118 1268 3148 tus
1286 3113 1379 3148 dicat
1411 3112 1564 3148 ecclesiis
1582 3113 1703 3159 (Apoc.
1733 3114 1787 3161 n).
1811 3113 1912 3157 Quod
1942 3115 2002 3149 uni
2033 3114 2179 3149 cuilibet
2200 3114 2256 3148 di-

1213 3179 1330 3217 xerat,
1353 3175 1422 3210 hoc
1457 3175 1623 3211 omnibus
1657 3184 1695 3210 se
1733 3175 1866 3210 dixisse
1899 3174 2055 3219 probans
2081 3173 2255 3208 ecclesiis.

1213 3233 1286 3270 Nec
1321 3235 1439 3270 minus
1459 3235 1567 3270 etiam
1601 3233 1771 3269 moralem
1806 3233 1908 3267 nobis
1927 3231 2178 3267 commendant
2195 3241 2257 3275 pa-

1210 3294 1347 3331 schalia
1366 3301 1527 3340 tempora
1548 3303 1705 3329 sensum.
1733 3292 1773 3327 In
1791 3291 1935 3326 nomine
1959 3290 2102 3335 quidem
2121 3294 2177 3325 est
2191 3299 2255 3335 pa-

1211 3356 1322 3398 schae,
1343 3361 1382 3390 ut
1419 3355 1462 3390 de
1496 3354 1592 3388 vitiis
1618 3352 1662 3387 ad
1697 3352 1849 3386 virtutes
1884 3349 2072 3384 transitum
2096 3350 2255 3394 quotidie

1209 3415 1384 3450 faciamus
1417 3412 1614 3458 spiritalem
1633 3422 1641 3453 ;
1664 3411 1699 3445 in
1720 3419 1844 3445 mense
1873 3414 1993 3444 autem
2020 3419 2192 3445 novorum
2215 3409 2251 3444 in

1210 3484 1280 3519 quo
1301 3472 1413 3508 adulti
1447 3471 1599 3511 fructus,
1623 3470 1778 3504 adventu
1812 3478 1877 3504 suo
1894 3469 2129 3513 pronuntiant
2152 3474 2251 3505 vete-

1211 3542 1292 3568 rum
1323 3531 1563 3567 cessationem
1591 3540 1600 3564 :
1630 3527 1674 3563 Ut
1708 3533 1870 3563 exuentes
1902 3534 2047 3563 veterem
2077 3529 2252 3563 hominem

1211 3601 1291 3626 cum
1304 3590 1437 3624 actibus
1454 3588 1542 3630 suis,
1569 3597 1769 3622 renovemus
1794 3586 1954 3631 spiritam
1975 3586 2096 3621 mentis
2112 3590 2252 3627 nostroe,

1211 3656 1244 3685 et
1257 3649 1445 3684 induamus
1469 3657 1592 3682 novum
1625 3646 1812 3687 hommem,
1846 3645 1905 3691 qui
1933 3643 2121 3679 secundum
2139 3643 2251 3679 Deum

1210 3715 1345 3746 creatus
1367 3713 1431 3750 est,
1455 3707 1491 3742 in
1512 3706 1650 3752 justitia
1669 3711 1700 3740 et
1717 3706 1900 3741 sanctitate
1923 3705 2076 3740 veritatis
2101 3702 2249 3750 (Coton.

1211 3769 1291 3817 ni),
1316 3773 1355 3806 ut
1378 3773 1416 3804 et
1439 3766 1593 3814 vegetati
1630 3765 1855 3802 diversarum
1892 3764 2043 3800 veritate
2077 3762 2252 3799 virtutum
