2540 4016
966 52 996 83 U

67 202 134 256 aa
457 188 511 244 θ’

697 200 1032 254 continuum
1055 204 1102 254 tn
1127 201 1337 258 monuit,
1359 223 1408 247 -4
1433 206 1520 257 un.
1545 204 1610 259 n*

2173 225 2244 272 m

65 289 137 332 non
169 279 405 342 significatifi
434 277 510 330 'di-is
534 284 854 339 superhumeralis,
889 293 1011 331 sedin
1039 294 1114 331 oris
1133 288 1242 333 Aias
1273 303 1319 331 ex
1354 293 1554 332 multifaria
1584 292 1758 333 virtutum
1793 296 2006 345 operatione
2039 305 2242 351 perficitur.

65 356 149 399 illis,
166 367 246 403 quae
259 366 279 392 e
298 351 443 402 reginae
462 348 547 389 'sinit
565 354 873 400 superhumeralis
890 365 899 390 :
922 354 990 392 hoc
1006 359 1062 392 est
1080 355 1117 391 in

64 418 139 455 oris
159 399 355 482 ratiojfiii‘s',
377 425 457 461 quae
473 410 640 451 videlicet
656 416 719 452 ore
737 426 758 452 e
774 411 922 463 reg'ione
937 417 1115 473 superhu-

63 471 210 515 meralis
223 464 318 517 finiit.
356 470 489 511 annun
505 476 602 515 enim
624 471 675 513 ini
695 477 755 525 qui
775 465 810 514 iit
833 473 970 515 animis
983 479 1019 514 et
1036 478 1117 515 inn-

62 535 132 576 mis
145 522 247 582 efflat
263 535 402 584 angulis
421 534 621 582 rationalis,
649 538 830 577 habebant
850 548 976 578 contra
1009 534 1048 579 se
1079 543 1116 580 in

61 589 210 644 uti-oilae
222 579 336 633 latere
345 595 648 644 superhumeralis
655 600 756 647 aedue
765 596 854 640 alios
864 603 1028 648 annulos,
1040 606 1117 652 qui-

59 650 126 695 hus
146 651 212 703 i'psi
222 657 321 694 vittis
339 651 533 705 ligantibus
544 652 784 708 jungerentur
803 674 811 698 ε
829 663 873 699 de
890 655 1019 710 quibus
1037 666 1117 702 sub-

59 717 250 762 seduenter
273 714 505 766 adjungitur:
542 719 617 756 Nec
638 733 707 757 non
730 721 818 758 alios
851 724 940 760 duos
966 723 1115 762 an'nulos

58 779 180 813 aureos
200 806 208 821 ,
242 778 301 826 iqui
326 781 476 826 ponendi
503 788 583 817 sunt
606 783 643 818 in
673 789 819 830 utroque
849 775 957 821 Iniere
994 782 1116 833 super-

56 833 246 876 humeralis
281 841 456 886 deorsum,
478 842 569 890 quod
590 845 727 891 respicit
741 852 861 882 contra
887 847 1111 894 saciemjun-

55 905 164 935 cturoe
189 899 380 948 inferioris,
401 909 438 939 ut
456 905 572 950 aptari
595 905 703 950 possit
723 916 801 939 cum
818 903 1110 952 superhumerali.

54 957 187 995 Contra
230 953 358 997 faciem
388 955 474 997 dicit
501 962 681 1008 juncturae
717 963 920 1009 inferioris,
957 966 1039 1012 quia
1069 969 1113 1004 de

50 1015 219 1062 junctura
243 1013 426 1065 superiore
439 1019 518 1066 quae
536 1026 614 1056 erat
635 1032 743 1069 super
758 1024 937 1070 scapulas,
962 1033 1045 1062 ante
1060 1027 1112 1062 di-

53 1086 169 1116 xerat.
208 1076 304 1116 lii'te'r
320 1092 410 1126 quas
427 1078 594 1119 videlicet
623 1082 813 1130 juncturas
836 1077 905 1122 hoc
937 1086 1108 1133 distabat,

52 1132 145 1187 quod
163 1142 326 1187 superior
344 1141 399 1180 his
420 1143 594 1182 catenulis
610 1173 619 1190 ,
648 1146 797 1183 inferior
827 1159 913 1185 vero
942 1154 1022 1186 crat
1042 1152 1108 1187 vit-

53 1199 97 1237 tis
137 1200 230 1237 sacta
261 1199 466 1249 ligantibus.
511 1197 612 1242 Unde
649 1213 731 1253 apte
754 1207 983 1256 subjungitur
1011 1222 1018 1245 :
1060 1211 1107 1247 Et

50 1256 275 1308 instrinyet‘zi'r
303 1262 474 1301 rationale
493 1266 633 1303 annulis
654 1269 727 1304 suis
755 1264 833 1305 curn
868 1271 1008 1307 annulis
1044 1284 1106 1307 su-

49 1321 300 1368 perhumeralis
345 1325 430 1360 vitta
474 1327 698 1373 hyacinthina
715 1356 724 1372 ,
771 1327 810 1365 αἱ
848 1337 988 1367 maneat
1025 1332 1107 1378 juti-

49 1390 147 1418 θωνα
188 1381 401 1431 fabrefacta,
443 1393 473 1422 et
499 1387 541 1422 ab
564 1385 707 1425 invicem
733 1391 904 1426 rationale
926 1391 958 1427 et
985 1403 1106 1439 super-

48 1436 225 1480 humerale
259 1455 428 1494 nequecmt
460 1451 628 1496 separari.
667 1451 744 1504 Non
773 1454 891 1488 autem
907 1454 1105 1498 putandum

49 1510 115 1548 est,
138 1505 330 1554 utrumque
348 1499 594 1547 indumentum
613 1505 717 1549 simul
745 1523 824 1549 esse
856 1513 1100 1552 terminatum.

49 1567 139 1603 Nam
157 1570 333 1606 rationale
351 1562 446 1616 quod
464 1583 669 1609 mensuram
706 1575 814 1620 palmi
843 1576 878 1610 in
900 1576 1099 1621 altitudine,

49 1627 143 1663 sicut
168 1635 205 1664 et
226 1628 263 1664 in
293 1627 483 1667 latitudine
510 1633 648 1676 habuit,
686 1644 758 1669 non
800 1635 912 1671 multo
948 1637 1101 1682 amplius

48 1697 155 1733 quam
173 1694 298 1734 pectus
318 1691 431 1726 solum
455 1698 575 1738 tegere
602 1693 814 1731 sufficiebat.
858 1697 1102 1743 Superhume-

47 1749 122 1785 rale
141 1756 259 1786 autem
286 1763 398 1797 usque
416 1753 461 1789 ad
481 1755 662 1800 cingulum
681 1757 921 1804 pertingebat,
938 1760 1030 1796 sicut
1062 1761 1099 1797 in

46 1811 306 1861 posterioribus
316 1813 608 1850 manifestissime
624 1817 835 1859 ostenditur,
855 1820 914 1854 ubi
924 1822 1100 1867 scriptum

45 1877 100 1907 cst
121 1883 128 1906 :
161 1872 246 1908 Haec
262 1878 298 1908 et
315 1879 398 1909 aute
418 1880 454 1910 ct
471 1882 567 1911 retro
586 1877 634 1912 ita
655 1880 919 1916 conveniebant
942 1883 1023 1926 sibi,
1061 1889 1099 1919 ut

45 1927 337 1978 superhumerale
352 1941 387 1970 et
397 1936 570 1973 rationale
581 1944 702 1974 mutuo
714 1946 957 1985 necterentur,
971 1942 1098 1979 stricta

44 1993 89 2028 ad
102 1993 274 2038 balteum,
303 2001 339 2031 et
356 1997 499 2033 annulis
519 1998 647 2035 fortius
663 2002 841 2047 copulata,
862 2014 950 2049 quos
970 2005 1099 2052 junge-

42 2051 105 2088 bat
125 2046 215 2090 vitta
235 2050 480 2102 hyacinthina,
515 2070 560 2096 ne
577 2060 826 2107 laxefluerent,
846 2072 881 2102 et
911 2077 931 2102 a
950 2078 989 2103 se
1007 2068 1098 2103 invi-

44 2121 120 2148 cem
146 2122 388 2152 moverentur.
426 2108 510 2154 Haee
530 2119 575 2156 de
595 2121 668 2167 ipsa
685 2118 905 2168 connexione
921 2128 1096 2173 superhu-
1115 2101 1144 2142 C

43 2173 188 2210 meralis
206 2179 243 2210 et
266 2177 465 2221 rationalis,
485 2182 681 2217 secundum
701 2183 859 2220 litteram
884 2187 979 2223 dicta
999 2194 1094 2224 sunt.

43 2230 133 2275 Quia
154 2243 240 2270 vero
259 2237 352 2281 quod
372 2238 501 2284 saepius
531 2240 668 2277 dictum
697 2236 767 2288 cst,
801 2247 1096 2292 superhumerale

42 2293 86 2328 ad
106 2305 253 2341 operum
272 2302 615 2338 consummationem
632 2305 823 2350 bonorum,
842 2308 1015 2345 rationale
1030 2322 1095 2346 au-

43 2360 113 2392 tem
136 2357 180 2393 ad
199 2358 469 2405 significandam
485 2365 738 2410 cogitationum
754 2363 965 2406 munditiam
981 2372 1094 2417 perti-

43 2417 143 2461 tinet,
163 2422 338 2458 connexio
353 2433 432 2469 quae
450 2425 526 2460 haee
541 2420 576 2461 in
597 2427 809 2464 alterutrum
837 2426 962 2476 sociat,
998 2441 1096 2470 recte

41 2475 138 2512 illam
154 2481 284 2516 mentis
305 2481 518 2520 industriam
539 2485 690 2533 figurate
710 2490 908 2535 denuntiat,
933 2504 1011 2539 quac
1033 2495 1095 2530 do-

41 2543 180 2574 ctorum
214 2540 371 2578 fidelium
403 2545 588 2583 intellectu
620 2560 662 2585 ac
687 2550 755 2586 fide
781 2547 862 2587 cum
886 2555 1095 2599 operatione

41 2598 280 2645 conjungitur.
316 2602 433 2640 Manet
456 2607 548 2641 enim
566 2608 735 2652 junctura
765 2605 866 2647 ¹fabre
887 2612 996 2657 facta,
1017 2621 1056 2650 ut
1075 2625 1095 2650 a

0 2669 1 2676 ¹
42 2659 248 2695 seinvicem
274 2662 448 2700 rttionale
467 2671 502 2700 et
523 2669 815 2712 superhumerale
843 2682 1021 2720 nequeant
1036 2686 1095 2712 se-

39 2718 170 2763 parari,
194 2721 334 2764 quando
352 2728 448 2758 tanta
469 2727 671 2764 eruditione
698 2717 773 2766 toto
793 2742 943 2777 operum
978 2737 1095 2773 studio

41 2779 247 2823 praeeminet
279 2789 410 2826 rector,
447 2790 484 2820 ut
508 2787 555 2821 nil
582 2799 625 2823 ex
651 2789 706 2826 his
727 2801 806 2837 quae
822 2793 998 2831 facienda·
1015 2807 1094 2834 esse

41 2839 247 2882 cognoverit
266 2840 435 2878 infectum
456 2845 646 2892 relinquat,
663 2849 713 2883 nil
733 2861 776 2885 ex
801 2851 869 2888 illis
899 2865 977 2899 quse
994 2862 1094 2893 recta

41 2895 157 2934 facere
173 2900 332 2936 cernitur
352 2914 416 2948 per
432 2903 606 2941 incuriam
625 2910 744 2945 cordis
759 2911 892 2949 virtute
910 2916 1095 2953 rectitudi-

42 2954 96 2992 nis
113 2952 241 3002 privet.
273 2960 435 2997 Dessuunt
452 2975 606 3011 namque
626 2962 834 3007 indumenta
847 2976 1025 3019 pontilicis

41 3012 62 3071 a
81 3027 119 3054 se
138 3010 291 3056 invicem
313 3030 513 3068 moventur,
529 3028 558 3062 si
578 3028 632 3063 vel
651 3023 758 3066 decus
778 3035 898 3078 operis
921 3036 1004 3073 honi
1025 3040 1092 3074 mi-

41 3086 108 3126 nor
126 3079 244 3116 cordis
277 3079 436 3120 custodia
459 3087 633 3132 sordidat,
671 3087 725 3126 vel
755 3091 958 3131 castitatem
993 3108 1091 3143 purae

38 3129 278 3189 eogitationis‚
296 3134 484 3191 integritas
493 3157 563 3183 non
576 3150 737 3195 sequitur
749 3153 917 3198 perseetae
926 3157 1088 3198 aetionis.

18 3218 23 3220 -
42 3190 113 3238 Sed
146 3211 191 3236 ne
209 3202 286 3239 haee
305 3204 351 3240 ab
375 3206 526 3243 invicem
553 3209 693 3247 valeant
716 3213 874 3258 dissolvi,
896 3216 1090 3255 habeatsa-

53 3257 169 3313 fidos
202 3260 238 3297 in
267 3264 432 3301 rationali
454 3267 544 3305 duas
577 3273 761 3310 catenulas
780 3285 824 3311 ex
855 3287 944 3313 auro
966 3279 1088 3324 puris-

49 3322 148 3374 ’ζ-ιιο,
165 3320 200 3356 id
228 3327 298 3366 est,
314 3326 624 3379 >continuatio-uem
640 3339 750 3369 castae
765 3341 801 3371 et
823 3346 894 3373 non
915 3337 1007 3374 {ictae
1040 3341 1094 3375 di-

113 3378 218 3435 jgnis,
237 3385 336 3435 cordi
356 3396 422 3423 suo
439 3383 592 3440 firmiter
610 3391 766 3443 affixam,
800 3387 881 3442 uuae
909 3397 1093 3445 nunquam

74 3434 163 3491 *¹
181 3442 393 3505 eta-linquam
409 3429 523 3501 ipsius
541 3441 587 3486 ab
596 3446 765 3498 aequitate
782 3449 865 3501 pu'ri
880 3467 1008 3496 sensus
1022 3459 1094 3495 dis-

55 3493 62 3498 ”
91 3498 402 3561 *²5⁴,:pet-rui!ttat,v
435 3498 479 3545 Εὶ
495 3509 593 3569 bene¹
617 3496 707 3570 'duas
726 3526 734 3550 :
755 3506 795 3551 ὑὶ
817 3522 854 3552 et
873 3514 910 3553 in
938 3518 996 3555 his
1013 3530 1094 3568 quae

92 3556 96 3564 ¹
125 3554 250 3607 ἵίἶξςῑ
272 3566 411 3618 epltum
442 3563 640 3627 servitutis,
674 3571 764 3626 etin
781 3577 834 3613 eis
846 3569 926 3624 (luae
955 3570 1002 3616 'ad
1022 3574 1095 3623 sra-

171 3621 383 3680 mm
399 3625 627 3683 necessitatis
657 3636 853 3682 pertinent,
886 3639 956 3682 rite
985 3631 1093 3678 orna-

74 3698 77 3705 s
164 3686 355 3747 ‘'w-53
365 3688 612 3743 quidem-ante
630 3686 926 3754 opuscbar'itati's
936 3712 1005 3749 per
1029 3714 1092 3740 ca-

366 3788 370 3791 .
423 3764 591 3817 amas„
612 3760 700 3820 «iniq
727 3762 839 3812 sieut,
857 3764 1023 3818 catenara
1046 3775 1093 3806 ex

329 3803 592 3864 magunt
623 3822 863 3870 connectitur,
892 3818 947 3862 “ita
974 3822 1095 3866 chari-

1029 2984 1144 3040 ‚etD

1234 360 1331 414 Quas
1359 361 1521 416 proiecto
1550 361 1710 419 virgulas
1739 367 1924 420 'exponens
1948 363 2140 422 dest'olus
2165 382 2243 422 ait:

1186 415 1350 467 ¹Charitas
1368 433 1503 478 patiens
1525 439 1590 476 est,
1610 433 1756 480 beniqna
1781 432 1844 471 e'st.
1867 424 2031 474 Ehbiiias
2051 451 2119 476 non
2136 454 2243 482 cemu-

1184 479 1302 538 la't'um
1317 492 1386 528 non
1407 494 1479 540 ugit
1494 494 1688 541 perperam,
1711 507 1778 532 non
1800 487 1962 544 infiaiit'r,
1979 493 2047 536 noh
2063 498 2112 537 es't
2134 503 2244 541 ambi-

1184 542 1286 594 Rosa,
1312 551 1380 588 'non
1405 549 1529 600 ‘quierit
1551 553 1628 601 qiaoe
1660 567 1725 591 sua
1757 553 1852 602 suist,
1875 554 1944 594 ιϊόη
1973 555 2148 606 irritatur,
2175 575 2243 601 non

1184 603 1311 660 cogitat
1326 609 1471 658 hiatum,
1488 611 1556 651 no'ri
1576 614 1702 663 gaudet
1716 620 1820 666 super
1833 610 2030 668 ihiqiit'taiffi
2049 614 2243 672 congaudet

1183 664 1298 710 antem
1326 670 1475 711 veritati.
1508 672 1635 714 Omnia
1664 679 1801 726 suffert,
1829 670 1946 719 o'rii'riia
1974 680 2095 729 credit,
2125 689 2242 724 omnia

1182 734 1311 782 sperat,
1338 737 1455 772 omnia
1477 729 1637 774 sustinet.
1669 734 1809 777 Habeat
1828 735 1865 777 'et
1886 742 2038 793 annulos
2059 738 2202 791 aureos,
2222 759 2242 785 e

1183 788 1313 841 quibus
1342 797 1476 833 eaedem
1498 803 1634 835 catenae
1655 789 1847 846 pendeant,
1878 793 1913 839 id
1934 800 2002 848 est,
2019 804 2140 853 iugem
2167 819 2242 845 me-

1183 857 1335 893 moriam
1353 864 1534 905 perpetuae
1558 865 1593 896 et
1614 860 1797 907 nunqu-am
1815 855 1979 901 finiendae
1997 858 2185 904 charitatis
2204 870 2239 905 in

1182 916 1318 952 coelesti
1342 913 1473 963 patria,
1500 930 1543 955 ex
1562 931 1632 967 qua
1659 921 1774 957 solum
1798 918 1973 963 memoria
1993 924 2068 962 lieri
2089 938 2239 966 consue-

1178 975 1243 1018 vit,
1268 982 1307 1011 ut
1324 978 1493 1014 continua
1512 976 1619 1026 nobifg
1631 981 1773 1027 possint
1795 976 1938 1021 vincula
1958 983 2145 1025 charitatis
2166 1001 2238 1026 ma-

1178 1031 1278 1072 nere.
1300 1035 1437 1073 Habeat
1469 1038 1559 1075 duos
1587 1030 1738 1077 tincinos
1765 1034 2067 1088 superhumeralis
2098 1047 2238 1096 angulis

1178 1097 1391 1143 eminentes,
1422 1100 1552 1146 quibus
1579 1098 1785 1138 inserant-tii·
1810 1101 1960 1149 catenae,
1995 1094 2064 1143 hoc
2095 1113 2164 1153 est,
2198 1110 2236 1148 in

1177 1158 1255 1205 ipso
1275 1161 1424 1197 exordio
1444 1162 1616 1209 cujusque
1636 1164 1738 1200 bonae
1758 1164 1925 1210 actionis,
1945 1160 2077 1205 habeat
2095 1169 2236 1208 firmam

1127 1197 1157 1236 B
1177 1217 1249 1254 Deo
1278 1219 1442 1266 placendi
1471 1221 1721 1267 intentionem,
1741 1235 1822 1271 quae
1849 1233 1931 1273 apta
1954 1227 1998 1263 sit
2022 1239 2088 1275 per
2115 1231 2235 1267 omnia

1176 1279 1412 1326 suscipiendae
1441 1289 1478 1319 et
1495 1285 1717 1323 continendae
1742 1287 1778 1324 in
1800 1299 1838 1325 se
1867 1287 2070 1328 dilectionis
2102 1293 2165 1330 Dei
2199 1300 2236 1332 et

1174 1343 1344 1388 proximi,
1366 1345 1412 1380 ita
1436 1351 1474 1381 ut
1492 1347 1565 1383 sive
1584 1349 1740 1385 secunda
1758 1361 1820 1386 seu
1836 1351 1984 1388 adversa
2005 1364 2155 1401 quaeque
2174 1365 2236 1393 oc-

1175 1405 1364 1448 currerint,
1384 1418 1569 1452 nunquam
1589 1410 1824 1447 saluberrima
1842 1413 1908 1459 piae
1927 1414 2126 1452 devotionis
2147 1418 2234 1454 reti-

1174 1463 1300 1500 nacula
1319 1465 1426 1502 laxet.
1448 1467 1523 1504 Hoc
1540 1474 1594 1505 est
1614 1482 1768 1518 namque
1786 1475 2009 1512 sacerdotem
2027 1476 2062 1512 in
2079 1484 2233 1525 utroque

1173 1523 1323 1562 humero
1343 1528 1493 1564 uncinos
1514 1531 1573 1574 qui
1604 1532 1787 1569 catenulas
1818 1534 2004 1572 rationalis
2035 1539 2230 1585 excipiant,

1171 1586 1328 1631 habere;
1353 1596 1388 1624 et
1410 1589 1445 1624 in
1477 1592 1660 1637 prosperis
1685 1603 1781 1638 euin,
1813 1601 1850 1631 et
1883 1595 1919 1632 in
1950 1597 2088 1644 asperis
2112 1611 2231 1638 rerum

1170 1650 1372 1692 eventibus,
1408 1650 1516 1687 fixum
1550 1652 1624 1688 Deo
1653 1654 1818 1699 placendi
1845 1651 2000 1693 studium
2031 1670 2171 1706 gerere,
2195 1666 2232 1697 et

1170 1707 1276 1754 hujus
1296 1710 1496 1748 intentione
1522 1713 1641 1756 studii,
1673 1715 1708 1750 in
1742 1717 1854 1762 ipsius
1881 1717 1987 1754 simul
2013 1708 2049 1756 et
2075 1722 2230 1768 proximi

1170 1779 1294 1806 amore
1310 1772 1459 1808 firmari.
1479 1773 1644 1810 inserunt
1659 1785 1744 1823 ergo
1759 1787 1797 1813 se
1811 1779 1932 1815 uncini
1951 1782 2230 1827 superhumera-

1167 1830 1212 1867 lis
1236 1833 1410 1870 catenulis
1440 1835 1572 1878 aureis,
1593 1847 1672 1882 quae
1693 1838 1736 1873 de
1755 1839 1941 1877 rationalis
1958 1843 2228 1882 summitatibus

1167 1891 1375 1937 offerentur,
1395 1906 1477 1931 cum
1499 1907 1541 1933 ea
1569 1908 1648 1943 quae
1676 1910 1776 1936 mens
1808 1894 2071 1941 rationabiliter
2101 1903 2144 1942 de
2174 1908 2229 1944 in-

1167 1959 1268 1990 terna
1284 1955 1363 1991 luce
1379 1958 1566 1994 charitatis
1596 1955 1820 2005 degustabat,
1840 1974 1921 1999 mox
1942 1965 2111 2002 alacritas
2137 1968 2228 2004 bene

1166 2017 1339 2062 operandi
1358 2016 1511 2054 libenter
1531 2020 1747 2065 amplexata,
1767 2023 1919 2069 suscipit
1940 2036 1984 2061 ne
2011 2026 2103 2063 forte
2124 2028 2229 2066 citius

1167 2076 1311 2113 habitus
1336 2078 1523 2116 rationalis
1546 2078 1827 2126 pulcherrimus,
1849 2096 1868 2120 a
1893 2092 2039 2131 pectore
2063 2090 2229 2126 sacerdo-

1168 2135 1212 2172 tis
1236 2136 1432 2182 relabatur,
1453 2139 1481 2174 si
1509 2150 1581 2175 non
1601 2151 1682 2176 eum
1710 2142 1917 2181 accelerans
1935 2146 2018 2182 boni
2036 2148 2155 2194 operis
2174 2149 2227 2184 vi-

1165 2197 1267 2234 cinus
1302 2199 1364 2244 qui
1396 2201 1578 2237 contineat
1610 2205 1868 2249 apprehendat.
1893 2199 2141 2256 Subrogantur
2162 2212 2229 2249 eis-

1165 2250 1246 2294 dem
1270 2260 1445 2297 catenulis
1477 2262 1513 2297 in
1550 2264 1739 2308 auxilium,
1772 2271 1808 2303 et
1841 2267 1939 2304 vittae
1971 2270 2227 2317 hyacinthinae,

1164 2319 1293 2362 quibus
1315 2316 1467 2366 uterque
1495 2324 1695 2361 sacerdotis
1714 2325 1858 2363 habitus
1880 2329 1923 2364 ad
1944 2329 2099 2368 invicem
2119 2344 2229 2379 copu-

1163 2377 1270 2423 letur,
1292 2381 1326 2416 id
1354 2387 1420 2424 est,
1454 2383 1617 2430 ligaturae
1638 2385 1807 2422 desiderii
1827 2389 1983 2426 coelestis
2001 2391 2224 2438 fortissimae,

1164 2449 1244 2483 qute
1264 2441 1405 2476 annulis
1420 2444 1540 2478 aureis
1555 2444 1738 2489 immissae,
1753 2449 2047 2492 superhumerale
2067 2461 2148 2487 cum
2167 2464 2226 2489 ra-

1167 2500 1287 2535 tionali
1309 2503 1571 2549 constringunt,
1586 2516 1667 2541 cum
1685 2509 1805 2552 agnita
1824 2509 1903 2545 luce
1930 2513 2058 2557 patri-„e
2088 2525 2221 2560 peren-

1163 2559 1232 2602 nis,
1254 2560 1289 2594 in
1311 2560 1407 2595 illam
1440 2562 1655 2600 ineffabilem
1679 2565 1829 2612 gloriam
1849 2567 2085 2616 suspiramus,
2112 2581 2224 2622 utque

1164 2618 1208 2653 ad
1229 2619 1322 2655 hanc
1340 2620 1474 2656 intrare
1503 2633 1723 2670 mereamur,
1748 2626 1916 2665 concordi
1937 2625 2078 2678 semper
2102 2635 2171 2672 fide
2188 2643 2224 2674 et

1162 2679 1250 2722 vita,
1271 2690 1380 2726 opere
1408 2688 1443 2718 et
1473 2684 1712 2730 professione,
1734 2688 1769 2723 in
1792 2687 2021 2728 tabernaculo
2034 2697 2224 2740 praesentis

1163 2738 1334 2776 Ecclesiae
1367 2740 1517 2780 Domino
1539 2746 1675 2782 servire
1707 2743 1928 2788 studeamus.
1965 2748 2066 2797 Quod
2103 2763 2222 2795 autem

1162 2795 1456 2846 superhumerale
1485 2805 1651 2843 strictum
1671 2815 1750 2845 erat
1770 2811 1927 2856 baltheo,
1947 2820 1984 2850 ut
2012 2816 2047 2851 in
2067 2828 2221 2864 sequen·

1162 2861 1258 2897 tibus
1280 2862 1339 2897 ubi
1366 2857 1527 2909 pontifex
1553 2856 1778 2914 induebatur,
1796 2875 1956 2918 apertius
1974 2873 2167 2922 indicatur,
2186 2886 2223 2916 et

1163 2919 1467 2966 superhumerale,
1490 2925 1619 2971 inquit,
1640 2928 1822 2975 imposuit,
1840 2935 1935 2978 quod
1953 2935 2133 2983 stringens
2151 2940 2224 2976 bal-

1164 2981 1262 3023 the0,
1279 2983 1414 3027 aptavit
1431 2985 1596 3022 rationali
1615 2998 1624 3023 :
1641 2990 1722 3035 quis
1740 3002 1812 3028 non
1830 2994 1960 3037 videat,
1984 2999 2079 3043 quod
2100 3007 2221 3037 custos

1163 3040 1339 3077 bonorum
1359 3055 1509 3090 operum
1530 3046 1738 3087 fidelissima
1768 3053 1882 3091 virtus
1911 3065 1965 3093 est
1981 3060 2218 3107 continentia,

1164 3104 1207 3138 de
1221 3115 1290 3149 qua
1308 3105 1481 3143 Dominus
1503 3109 1537 3144 in
1557 3108 1749 3159 Evangelio
1766 3126 1775 3150 :
1797 3115 1876 3152 Sint
1892 3117 1999 3155 lumbi
2017 3123 2118 3156 vestri
2129 3134 2221 3168 proe-

1162 3164 1281 3208 cincti,
1311 3172 1342 3219 et
1368 3162 1519 3204 lucernoe
1541 3171 1700 3209 ardentes
1728 3175 1828 3222 (Luc.
1861 3179 1939 3227 xu).
1972 3169 2099 3216 Lumbi
2120 3181 2220 3218 vide-

1160 3223 1244 3260 licet
1260 3227 1458 3272 praecincti,
1487 3241 1553 3277 per
1571 3235 1852 3281 continentiam;
1883 3240 2039 3276 lucernae
2057 3251 2142 3276 vero
2157 3252 2216 3278 ar-

1161 3285 1298 3331 dentes,
1326 3299 1391 3335 per
1409 3293 1654 3336 operationem
1678 3296 1862 3333 virtutum.
1892 3291 2118 3354 Portabitqqe
2145 3301 2218 3336 Aa·

1159 3358 1221 3383 ron
1246 3351 1386 3386 nentina
1406 3351 1561 3397 filiorum
1582 3354 1695 3391 Israel
1715 3358 1752 3391 in
1779 3356 1944 3393 rationali
1963 3351 2092 3403 judicii
2112 3352 2216 3408 super

1156 3414 1274 3453 pectus
1294 3420 1408 3452 suum,
1427 3413 1568 3459 quando
1583 3413 1794 3468 linqreditur
1809 3417 2061 3464 sanctuarium,
2081 3431 2213 3474 memo-

1157 3468 1245 3504 riale
1273 3480 1392 3506 coram
1424 3471 1574 3508 Domino
1610 3474 1647 3509 in
1678 3467 2213 3537 &ternum-...Sewffissfiidem

1158 3523 1299 3573 oportet
1313 3531 1535 3566 sacerdotem
1550 3532 1763 3581 memoriam
1774 3540 1920 3591 patrpm
1936 3529 1974 3594 in
1983 3547 2136 3598 ,Ressffffle
2147 3553 2214 3598 suo

1162 3585 1270 3629 serre,
1292 3589 1356 3624 sed
1383 3591 1606 3641 permaxime
1647 3596 1745 3638 tunc,
1772 3597 1917 3651 quando
1943 3592 2214 3654 φίῂἰὲιτειψξὶμε

1161 3657 1284 3684 coram
1300 3647 1466 3695 Domino,
1487 3651 1532 3702 ad
1549 3651 1663 3689 altare
1681 3649 1857 3710 aseendit,
1882 3662 1922 3697 ut
1939 3669 2010 3712 quo
2034 3646 2213 3778 new

1161 3711 1216 3744 est
1238 3704 1492 3761 ministerium,
1521 3720 1575 3766 5³⁰.
1594 3711 1765 3751 solertius
1782 3720 1858 3754 toto
1873 3727 1915 3755 so
1945 3714 2097 3772 semper*
2118 3711 2127 3762 J
2139 3718 2152 3767 s
2193 3742 2211 3751 -

1161 3768 1251 3806 dans
1268 3770 1400 3825 studio,
1422 3774 1496 3825 tota
1520 3771 1696 3827 industria
1721 3771 1854 3816 mentis
1878 3771 2061 3836 eiornans
2075 3771 2213 3841 ettae}-

1158 3827 1273 3878 poris,
1291 3835 1500 3870 sanctorum
1516 3829 1679 3883 exempla
1691 3835 1874 3888 respiciat,
1889 3831 2213 3896 librumquese'duz
