2540 4016
276 222 341 259 65¹

719 217 759 253 B.
787 215 956 254 RABANI
978 215 1126 253 MAURI
1147 213 1362 251 ARCfflEP.
1388 213 1595 253 MOGUNT.
1621 217 1811 256 OPERUM
1835 215 1954 256 PARS
1978 219 2007 256 1.

2363 222 2435 260 632

275 285 402 330 oleo'in
419 290 632 337 sacrificium
646 301 660 327 .·
672 293 918 328 mortariolum
947 303 990 328 ex
1011 292 1128 327 decem
1147 291 1242 326 siclis
1258 302 1323 327 au·
1341 291 1376 330 A
1391 290 1494 327 nohis
1510 291 1555 327 ad
1573 293 1779 339 exemplum
1802 294 1877 330 dati
1909 299 2006 339 sunt,
2041 294 2251 339 insinuant;
2272 296 2358 343 quia
2375 297 2437 334 alii

274 355 341 390 reis
359 352 498 400 plenum
511 352 650 388 incenso
662 363 675 395 ,·
695 351 814 389 bovem
829 359 862 388 et
885 353 1029 387 arietem
1049 357 1079 387 et
1109 362 1238 398 aqnum
1259 363 1324 387 an-

274 414 429 450 niculum
445 414 482 449 in
499 412 740 448 holocaustum
757 413 962 459 hircumque
978 423 1041 459 pro
1056 418 1219 459 peccato;
1237 413 1322 448 etin

274 474 487 519 sacrificium
511 470 752 518 pacificorum,
770 471 868 507 boves
894 472 996 515 duos,
1014 473 1140 508 arietes
1155 473 1320 519 quinque,

274 533 388 568 hircos
402 532 566 578 quinque,
583 541 692 577 aqnos
709 530 891 565 anniculos
906 531 1070 577 quinque.
1088 530 1175 566 Haec
1191 530 1321 566 oblatio

273 597 324 627 est
343 591 491 626 Naason
509 589 575 635 filii
594 589 806 625 Aminadab.
829 590 938 626 Varia
958 590 1036 626 haec
1063 600 1150 626 vasa
1173 600 1252 636 quae
1277 590 1323 625 ad

272 649 455 687 offerenda
474 649 645 685 libamina
666 654 747 685 sunt
765 648 873 692 facta,
893 649 914 672 ²*
926 649 1024 685 varie
1041 649 1153 684 divini
1169 659 1235 695 pro
1251 648 1323 684 dis-

272 711 352 757 pari
382 710 582 757 capacitate
607 709 845 745 audientium.
873 709 951 745 Non
971 710 1068 745 enim
1084 719 1155 745 una
1174 708 1320 744 eadem-

274 785 344 822 que
362 772 528 810 omnibus
547 776 666 817 potest
692 771 884 808 convenire
908 770 1098 812 doetrina;
1127 770 1190 806 sed
1220 769 1323 804 aliter

273 836 468 882 sapientes,
506 833 610 869 aliter
640 832 870 878 insipientes;
907 831 1011 867 aliter
1046 831 1186 873 divites,
1219 829 1323 865 aliter

272 894 596 943 pauperes;aliter
628 893 721 936 sani,
751 893 854 929 aliter
882 892 1014 928 infirmi
1045 890 1195 926 docendi
1225 894 1320 925 sunt.

272 956 388 992 Aliter
413 961 498 991 tunc
518 954 617 991 rudis
635 952 788 999 populus
809 951 1014 988 Judaeorum
1036 951 1102 986 sub
1126 949 1215 996 legis
1241 959 1323 984 um-

272 1018 336 1054 bra
364 1026 515 1052 manens
540 1014 757 1051 erudiendus
788 1012 866 1054 suit,
889 1018 925 1047 et
956 1012 1060 1047 aliter
1090 1020 1185 1046 nunc
1214 1009 1320 1045 Chri-

273 1079 414 1115 stianus
432 1077 584 1123 populus
614 1076 651 1110 in
674 1075 827 1110 veritate
853 1073 1056 1118 Evangelii,
1085 1072 1172 1117 legis
1194 1075 1323 1116 myste-

273 1138 327 1173 ria
351 1136 543 1182 explanata
563 1133 801 1179 conspiciens,
827 1133 864 1167 in
899 1131 1018 1166 virum
1043 1130 1241 1175 perfectum
1267 1135 1322 1165 est

1392 350 1550 389 doctoris
1566 352 1682 390 officio
1713 353 1840 398 functi,
1872 355 1933 391 alii
1963 356 1999 391 in
2030 355 2200 392 ducatum
2223 361 2260 392 et
2278 356 2439 403 regimen

1391 411 1616 447 subditorum
1648 411 1804 448 ordinati
1836 418 1874 449 et
1902 414 2163 450 rationabiliter
2191 415 2343 460 praelati,
2377 415 2439 453 alii

1389 470 1619 517 simplicitate
1632 477 1670 508 et
1683 473 1956 509 mansuetudine
1970 476 2140 511 modestae
2155 476 2440 513 conversationis

1390 530 1600 574 gratissimi,
1620 530 1680 566 alii
1700 531 1738 566 in
1756 532 1970 577 poenitentia
1983 543 2091 578 quam
2109 545 2174 579 pro
2190 535 2349 582 peccatis
2366 535 2441 572 for-

1390 588 1474 623 titer
1490 594 1527 623 et
1541 589 1717 635 condigne
1736 596 1901 635 egerunt,
1921 593 2176 637 acceptissimi.
2194 592 2330 630 Horum
2344 596 2440 632 enim

1389 648 1551 683 omnium
1585 649 1630 684 ad
1665 649 1938 686 instructionem
1975 658 2137 688 nostram
2168 653 2205 689 in
2244 653 2440 700 Scripturis

1390 709 1503 746 sacris
1520 710 1623 756 plura
1637 712 1800 758 exempla
1816 713 1936 748 divina
1949 713 2178 752 Providentia
2193 717 2296 753 nobis
2305 718 2438 763 posuit,

1390 776 1567 816 quatenus
1580 782 1705 808 eorum
1720 773 1919 810 doctrinam
1933 774 1970 810 in
1986 776 2186 820 sententiis,
2200 783 2306 823 atque
2323 788 2441 815 exem-

1390 830 1447 876 pla
1471 830 1507 865 in
1525 831 1664 867 actibus
1684 842 1763 877 quae
1781 833 1952 869 nobiliter
1967 834 2061 870 inter
2079 844 2163 871 suos
2187 843 2440 873 conversantes

1390 889 1435 924 ad
1472 889 1684 926 imitandum
1715 891 1948 937 proferebant
1964 920 1974 937 ,
2015 894 2339 938 consideraremus,
2378 905 2442 931 ne·

1390 954 1576 995 stramque
1594 950 1705 985 vitam
1727 961 1870 998 semper
1899 952 1936 988 in
1965 952 2114 989 meliora
2139 953 2338 990 reformare
2367 964 2442 990 cer-

1390 1014 1562 1045 taremus.
1603 1010 1706 1047 Unde
1734 1013 1932 1047 secundum
1965 1012 2062 1059 leges
2095 1013 2302 1060 tropologiae
2338 1013 2442 1050 offert

1390 1069 1534 1114 quidem
1564 1071 1706 1114 bovem,
1734 1071 1795 1117 qui
1814 1071 2005 1108 utilitatem
2028 1072 2065 1108 in
2096 1073 2256 1109 Ecclesia
2277 1073 2341 1109 Dei
2357 1083 2443 1119 erga

1390 1129 1542 1166 salutem
1572 1131 1818 1177 proximorum
1851 1133 2037 1179 impendit.
2063 1132 2175 1170 Oss'ert
2207 1134 2357 1169 arietem
2382 1134 2444 1179 qui

272 1197 501 1234 nutriendus.
534 1195 693 1239 Denique
727 1192 915 1229 acetabula
948 1202 1026 1237 quae
1054 1196 1244 1237 angustum
1281 1199 1320 1225 os
1340 1181 1371 1219 Β
1390 1199 1461 1225 ηοιι
1489 1190 1602 1226 solum
1621 1192 1733 1227 vitam
1762 1202 1863 1228 suam
1879 1202 2004 1238 regere
2027 1193 2111 1236 rite,
2141 1193 2204 1229 sed
2225 1198 2262 1229 et
2298 1193 2387 1229 alios
2406 1193 2443 1228 in

273 1259 426 1304 desuper
445 1256 593 1298 habent,
622 1254 824 1300 angustiam
845 1253 974 1288 littera:
999 1251 1122 1297 legalis
1141 1255 1177 1285 et
1195 1250 1324 1285 obscu-

271 1318 419 1353 ritatem
449 1313 642 1351 loeutionis
668 1312 899 1358 propheticae,
935 1321 998 1356 per
1025 1309 1237 1354 mysterium
1267 1318 1325 1344 ex-

271 1379 445 1424 primunt.
471 1374 605 1410 Phialae
631 1382 716 1408 vero
734 1381 812 1417 quae
833 1381 876 1407 ex
904 1371 998 1404 vitro
1027 1367 1198 1414 primitiis
1218 1366 1323 1402 saetae

271 1444 355 1474 sunt
371 1438 468 1483 (nam
489 1434 604 1471 Graeci
632 1433 731 1470 ὕαλον
754 1432 887 1466 vitrum
907 1430 1107 1470 nominant,
1130 1433 1165 1463 et
1185 1432 1269 1462 sunt
1286 1426 1323 1461 in

270 1506 414 1532 summo
432 1505 494 1531 ore
513 1493 671 1538 latiores)
702 1491 925 1527 luciditatem
958 1500 999 1524 ac
1028 1488 1323 1534 perspicuitatem

271 1555 469 1602 evangelici
497 1564 636 1595 sensus,
656 1553 692 1588 in
715 1561 786 1597 quo
819 1549 991 1597 mysteria
1024 1548 1146 1584 onmia
1173 1547 1261 1593 legis
1287 1552 1323 1583 et

270 1618 527 1664 prophetarum
550 1614 738 1660 explanata
760 1617 854 1653 sunt,
883 1615 918 1646 et
935 1610 1079 1656 planam
1106 1608 1323 1644 locutionem

273 1679 445 1715 doctrinae
481 1675 696 1722 apostolicae,
716 1674 751 1709 in
786 1683 855 1719 qua
886 1682 927 1708 ea
947 1682 1026 1717 quae
1054 1670 1154 1716 prius
1180 1670 1215 1705 in
1241 1668 1324 1704 aeni-

273 1744 393 1785 gmate
423 1737 602 1779 latebant,
632 1736 666 1770 in
686 1735 801 1770 lucem
818 1733 955 1779 prolata
983 1738 1018 1767 et
1049 1730 1210 1776 exposita
1240 1733 1324 1764 sunt

273 1800 468 1836 insinuant.
491 1798 536 1834 Et
555 1798 647 1833 bene
663 1795 850 1831 acetabula
875 1799 1018 1830 centum
1040 1792 1195 1838 trigenta
1215 1789 1321 1826 siclo-

275 1870 354 1895 rum
382 1859 535 1906 argenti,
555 1862 702 1903 propter
723 1855 932 1902 decalogum
951 1854 1041 1900 legis
1058 1859 1094 1888 et
1110 1857 1251 1888 aetatem
1273 1850 1323 1886 le-

273 1920 465 1967 gislatoris,
497 1929 576 1966 quae
600 1927 742 1954 eentum
757 1916 883 1962 viginti
897 1924 1074 1950 annorum
1094 1918 1186 1955 erat,
1212 1912 1323 1948 fuisse

274 1982 539 2018 describuntur.
568 1979 702 2015 Phiala:
720 1986 862 2023 quoque
886 1974 1112 2021 septuaginta
1136 1973 1320 2015 siclorum,

273 2043 333 2079 ulti
351 2042 519 2078 denarius
535 2050 705 2076 numerus
724 2037 982 2083 multiplicatus
1010 2040 1065 2071 est
1085 2033 1230 2079 septies,
1262 2043 1320 2069 os-

274 2103 425 2138 tendens
445 2101 687 2147 impletionem
707 2098 971 2139 mandatorum,
989 2106 1060 2131 non
1076 2095 1146 2130 nisi
1165 2104 1230 2140 per
1244 2104 1324 2140 gra-

275 2162 362 2197 tiam
383 2158 539 2206 Spiritus
560 2158 687 2200 sancti,
705 2157 765 2203 qui
782 2157 818 2192 in
836 2155 936 2191 Novo
957 2155 1189 2190 Testamento
1207 2153 1322 2188 mani-

275 2219 403 2256 festius
439 2219 543 2255 datus
583 2222 660 2259 est,
695 2225 802 2262 posse
831 2213 967 2260 perlici.
1007 2212 1098 2258 Apte
1132 2213 1208 2247 haec
1238 2221 1324 2247 vasa

274 2279 379 2325 plena
398 2278 516 2314 simila
547 2285 742 2322 conspersa
766 2274 844 2310 oleo
868 2274 902 2309 in
925 2272 1142 2309 sacrificium
1162 2271 1241 2307 fieri
1263 2268 1326 2316 ‘ju-

274 2339 418 2382 bentur,
440 2338 524 2383 quia
551 2335 720 2382 spiritalis
752 2334 903 2370 scientia
926 2333 961 2369 in
994 2333 1071 2379 lege
1091 2337 1127 2368 et
1155 2332 1191 2366 in
1209 2331 1327 2366 Evan-

275 2398 368 2444 gelio
383 2398 502 2433 inesse
529 2396 695 2432 omnibus
712 2399 808 2431 recte¹
825 2392 1056 2429 credentibus
1074 2396 1110 2427 et
1137 2391 1207 2426 rite
1223 2390 1328 2426 intel-

274 2457 467 2503 ligentibus
486 2461 608 2503 patet:
629 2466 709 2502 quae
728 2454 883 2500 Spiritus
911 2452 1025 2489 sancti
1052 2451 1169 2499 gratia
1188 2451 1328 2496 dispen-

275 2524 392 2562 sante,
411 2519 456 2555 ad
485 2518 671 2554 hominum
703 2516 854 2552 salutem
878 2514 1081 2559 conscripta
1114 2518 1220 2558 atque
1245 2522 1328 2558 pro-

275 2580 348 2615 lata
377 2584 444 2616 est.
468 2578 568 2615 Unde
590 2576 808 2614 sacrificium
843 2575 910 2611 rite
930 2574 989 2610 fit:
1024 2574 1108 2620 quia
1131 2573 1221 2609 nihil
1253 2578 1329 2608 tam

277 2637 497 2684 acceptabile
516 2642 571 2673 est
601 2637 687 2679 Deo,
715 2645 822 2681 quam
845 2634 1031 2670 meditatio
1061 2633 1189 2669 divinae
1223 2631 1327 2677 legis,

276 2707 358 2733 curn
380 2695 611 2732 exsecutione
628 2696 803 2730 bonorum
823 2704 985 2740 operum.
1009 2692 1254 2729 Mortariolum
1269 2701 1330 2726 au-

276 2762 350 2793 tem
377 2766 538 2798 aureum,
566 2755 702 2791 habens
736 2755 875 2800 pondus
905 2755 1026 2789 decem
1062 2754 1167 2790 siclos
1185 2753 1329 2799 plenum

278 2820 425 2855 incenso
443 2816 609 2854 similiter
637 2814 758 2851 offerri
784 2813 943 2859 jubetur.
970 2814 1014 2848 Et
1030 2813 1114 2858 quid
1136 2814 1172 2848 in
1193 2818 1327 2849 morta-

278 2879 368 2915 riolo
393 2886 503 2914 aureo
539 2875 610 2912 nisi
640 2885 702 2910 cor
731 2873 926 2909 electorum
955 2873 1098 2918 plenum
1126 2872 1245 2907 divina
1272 2882 1329 2907 sa-

277 2939 426 2985 pientia,
451 2942 487 2973 et
505 2940 666 2972 aromata
693 2935 730 2970 in
749 2944 788 2970 se
813 2933 998 2970 continens
1020 2933 1192 2967 virtutum
1221 2933 1329 2978 signi-

278 2996 434 3033 ficatur?
466 2995 540 3031 Nec
558 2995 754 3039 incongrue
771 2993 841 3028 dici
859 3001 964 3038 posse
983 3001 1066 3027 reor
1085 3002 1235 3027 numero
1256 2992 1329 3027 sin-
1346 2976 1381 3014 D

279 3057 394 3104 gulari
421 3067 484 3093 cor
504 3055 715 3097 electorum,
734 3063 815 3089 cum
836 3053 873 3088 in
906 3052 1057 3088 Actibus
1087 3052 1327 3098 apostolorum

279 3115 324 3152 de
341 3115 480 3151 unitate
507 3119 714 3150 sanctorum
733 3113 785 3148 ita
801 3112 974 3157 seriptum
994 3118 1071 3148 est:
1091 3111 1329 3149 Multitudinis

279 3183 398 3213 autem
416 3176 630 3212 credentium
663 3180 736 3211 erat
753 3185 814 3210 cor
830 3185 939 3210 unum
957 3180 988 3209 et
1009 3173 1126 3209 anima
1145 3185 1215 3209 una
1234 3173 1327 3220 (Act.

279 3237 343 3283 iv).
361 3236 464 3280 Quod
480 3235 573 3271 bene
593 3235 717 3271 decem
737 3234 908 3271 siclorum
930 3234 1086 3279 pondere
1117 3233 1262 3279 plenum
1275 3234 1343 3276 in-N

281 3307 390 3334 censo
408 3307 489 3334 esse
510 3297 737 3340 describitur,
771 3296 857 3343 quia
886 3306 968 3331 cum
997 3294 1251 3340 adimpletione
1268 3295 1332 3330 de-

281 3367 360 3392 cem
390 3357 658 3398 mandatorum,
686 3355 818 3391 bonum
855 3354 1004 3390 odorem
1034 3353 1236 3396 suavitatis,
1266 3354 1331 3389 do·
1390 3378 1393 3379 γ

283 3415 409 3451 ctrinae
426 3421 534 3461 atque
562 3415 737 3452 orationis
753 3425 867 3451 sacrae
888 3413 1050 3460 proferre
1067 3414 1181 3457 novit,
1208 3418 1334 3460 quate-

283 3484 352 3510 nus
383 3475 568 3510 denarium
592 3482 738 3511 aeternae
770 3474 1017 3518 beatitudinis,
1054 3474 1092 3510 in
1118 3474 1190 3510 fine
1219 3473 1336 3519 perci-

282 3544 369 3580 pere
382 3544 597 3571 mereamur.
606 3534 692 3573 Post
706 3546 791 3573 vasa
805 3545 889 3572 vero
899 3536 976 3572 haec
985 3545 1065 3582 quae
1078 3534 1242 3581 superius
1255 3543 1334 3571 me-

283 3595 452 3638 moravit,
475 3595 616 3631 diversa
634 3596 803 3632 animalia
819 3595 950 3633 offerre
968 3595 1084 3641 jubet,
1113 3595 1182 3631 hoe
1199 3600 1255 3631 est
1272 3585 1336 3631 bo-

283 3663 363 3690 vem
381 3656 425 3691 de
454 3660 630 3699 armento,
662 3661 699 3693 et
727 3658 876 3693 arietem
912 3661 948 3692 et
974 3667 1102 3703 agnum
1129 3656 1335 3692 anniculum

287 3712 323 3747 in
341 3714 604 3760 holocaustum,
626 3717 838 3762 hircumque
857 3726 922 3762 pro
955 3722 1104 3761 peccato
1122 3728 1130 3751 :
1152 3726 1232 3762 quae
1257 3714 1336 3760 qui-

289 3770 367 3807 dem
388 3772 591 3820 diversitas,
607 3785 781 3822 personas
796 3775 1073 3826 pragcedcntium
1098 3782 1255 3823 patrum,
1274 3774 1335 3822 qui

1393 1251 1486 1286 viam
1504 1250 1653 1296 justitiae
1673 1252 1825 1299 dirigere
1843 1251 2002 1289 festinat.
2025 1252 2137 1289 Offert
2153 1258 2190 1289 et
2216 1263 2348 1299 agnum
2378 1263 2444 1288 an-

1391 1311 1566 1354 niculum,
1587 1322 1669 1347 cum
1702 1318 1865 1348 sanctam
1898 1313 2163 1359 simplicitatem
2191 1320 2226 1350 et
2244 1324 2368 1350 veram
2391 1314 2445 1349 in-

1391 1371 1597 1406 nocentiam
1616 1372 1774 1408 exhibet.
1807 1374 1852 1408 Et
1871 1374 1947 1410 haec
1964 1375 2082 1411 omnia
2108 1375 2145 1410 in
2179 1375 2442 1419 holocaustum,

1391 1429 1475 1474 quia
1494 1441 1559 1474 pro
1579 1430 1688 1466 solius
1715 1431 1778 1466 Dei
1796 1442 1931 1474 amore,
1953 1438 1989 1468 et
2008 1438 2151 1468 aeternae
2168 1434 2249 1469 vitae
2268 1435 2446 1470 desiderio

1392 1496 1519 1525 cuncta
1549 1489 1669 1525 facere
1699 1491 1842 1536 satagit.
1880 1491 1950 1526 Sed
1983 1492 2078 1527 inter
2106 1493 2183 1528 haec
2214 1493 2357 1528 hircum
2379 1503 2446 1538 pro

1389 1555 1537 1596 peceato
1558 1550 1687 1586 offerre
1705 1561 1776 1586 non
1796 1551 2034 1595 obliviscitur,
2065 1552 2149 1598 quia
2181 1552 2224 1588 de
2253 1553 2448 1598 praeteritis

1390 1612 1550 1658 peccatis
1578 1612 1829 1657 poenitentiam
1849 1622 1968 1658 agere,
1998 1617 2034 1648 et
2056 1622 2122 1658 pro
2152 1613 2360 1650 excessibus
2380 1614 2448 1649 hu-

1391 1682 1506 1707 mana:
1524 1672 1605 1707 vitae
1625 1681 1730 1707 orare
1748 1681 1819 1706 non
1839 1670 1983 1707 desinit.
1999 1670 2122 1713 ,Offert
2148 1677 2336 1717 praeterea,
2355 1673 2448 1708 sicut

1392 1733 1557 1778 superius
1580 1733 1787 1769 mandatum
1806 1738 1873 1776 est,
1897 1733 1933 1768 in
1966 1732 2198 1779 pacificorum
2231 1733 2447 1771 sacrificium

1391 1794 1500 1830 boves
1520 1795 1624 1838 duos,
1656 1795 1731 1839 ipse
1753 1795 1814 1840 qui
1848 1795 1916 1830 duo
1935 1799 2114 1840 praecepta
2146 1794 2334 1831 charitatis
2364 1805 2447 1831 eum

1392 1856 1495 1892 bonis
1515 1856 1683 1901 operibus
1700 1855 1848 1902 implet:
1870 1855 1934 1891 Dei
1959 1855 2126 1892 videlicet
2149 1866 2309 1892 amorem
2325 1861 2449 1892 osten-

1392 1917 1508 1952 dendo
1524 1917 1560 1952 in
1576 1916 1739 1953 custodia
1758 1916 2009 1952 mandatorum
2026 1916 2145 1960 illius;
2169 1921 2205 1952 et
2231 1915 2388 1962 proximi
2407 1915 2445 1952 in

1367 1980 1376 2000 ¹>
1393 1978 1611 2014 consulendo
1633 1977 1910 2014 necessitatibus
1939 1976 2057 2013 illius:
2093 1978 2129 2012 in
2161 1976 2289 2022 quihus
2308 1976 2449 2012 duobus

1390 2039 1579 2084 praeceptis
1605 2043 1678 2074 tota
1699 2038 1755 2074 lex
1771 2037 1902 2084 pendet
1915 2042 1950 2073 et
1967 2037 2163 2083 prophetae.
2185 2034 2297 2071 Offert
2314 2035 2448 2071 arietes

1393 2100 1563 2144 quinque,
1585 2099 1706 2135 hircos
1738 2099 1908 2144 quinque,
1929 2107 2039 2143 agnos
2066 2095 2251 2132 anniculos
2271 2096 2445 2142 quinque,

1393 2170 1474 2196 cum
1494 2160 1652 2205 quinque
1667 2159 1832 2195 sensibus
1853 2158 2014 2204 corporis
2030 2158 2067 2193 in
2084 2157 2143 2193 via
2161 2156 2324 2192 veritatis
2339 2155 2447 2191 forti-

1393 2224 1448 2254 ter
1467 2220 1577 2262 ducit,
1603 2229 1622 2254 a
1641 2220 1799 2264 peccatis
1814 2219 2022 2265 compescit,
2049 2223 2157 2263 atque
2180 2218 2282 2254 bonae
2311 2216 2449 2263 simpli-

1394 2281 1511 2316 citatis
1546 2280 1678 2315 indicia
1712 2280 1747 2315 in
1779 2280 1832 2316 eis
1865 2279 2035 2315 ostendit.
2058 2278 2141 2314 Haec
2173 2286 2259 2324 ergo
2291 2286 2443 2313 munera

1393 2339 1511 2376 omnis
1535 2340 1659 2376 doctor
1682 2341 1897 2383 catholicus,
1929 2340 2047 2376 omnis
2075 2339 2249 2386 magister
2279 2337 2449 2375 ecclesia-

1394 2401 1519 2443 sticuS,
1539 2401 1656 2436 omnis
1685 2401 1792 2436 homo
1810 2400 2052 2444 Christianus,
2080 2400 2259 2436 conditori
2287 2409 2352 2436 suo
2371 2399 2450 2436 sine

1395 2461 1501 2497 dubio
1531 2461 1702 2496 exhibere
1732 2460 1851 2503 debet,
1885 2460 1969 2506 quia
2001 2459 2120 2495 nullus
2145 2458 2256 2494 divini
2289 2458 2450 2494 muneris

1396 2521 1484 2556 adeo
1505 2529 1653 2566 exspers
1680 2525 1747 2563 est,
1772 2519 1866 2565 quod
1898 2519 2028 2555 divinae
2050 2517 2331 2554 honorificentiae
2359 2516 2450 2553 nihil

1396 2580 1524 2616 debeat
1542 2592 1550 2615 ι
1570 2580 1672 2626 cujus
1690 2588 1838 2615 munere
1854 2580 1923 2615 hoc
1939 2580 2057 2624 ipsum
2084 2578 2193 2614 habet
2211 2577 2307 2624 quod
2325 2582 2392 2620 est,
2414 2582 2450 2614 et

1396 2641 1635 2687 quodcunque
1649 2641 1783 2677 bonum
1804 2640 1839 2675 in
1857 2649 1894 2676 se
1912 2644 1979 2676 est.
1999 2638 2103 2684 Quia,
2126 2639 2323 2675 secundum
2347 2637 2450 2674 Pauli

1396 2700 1630 2743 sententiam,
1654 2700 1777 2746 inipso
1798 2699 1956 2742 vivimus,
1972 2709 2148 2734 movemur
2161 2704 2193 2734 et
2209 2709 2342 2741 sumus,
2364 2708 2450 2744 quo-

1397 2762 1493 2797 niam
1510 2773 1551 2797 ex
1566 2761 1640 2807 ipso
1657 2767 1688 2796 et
1706 2772 1766 2807 per
1781 2761 1894 2807 ipsum
1912 2765 1943 2796 et
1968 2760 2006 2795 in
2032 2760 2106 2806 ipso
2123 2765 2203 2795 sunt
2222 2759 2338 2794 omnia
2353 2757 2445 2804 (Act.

1399 2823 1501 2870 xvn).
1521 2823 1595 2859 Nec
1613 2830 1719 2858 vacat
1736 2823 1908 2869 mysterio
1931 2821 2024 2868 quod
2046 2825 2127 2866 post
2145 2824 2372 2856 enumeratos
2387 2819 2451 2855 du-

1397 2893 1456 2919 ces
1477 2893 1559 2919 cum
1589 2883 1828 2919 oblationibus
1844 2893 1970 2919 eorum
1985 2891 2075 2927 quas
2103 2890 2168 2926 per
2193 2879 2352 2926 singulos
2371 2879 2450 2916 dies

1393 2942 1495 2988 juxta
1510 2943 1744 2979 constitutum
1763 2944 1831 2980 sibi
1852 2943 2015 2979 ordinem
2035 2941 2108 2978 Deo
2135 2940 2299 2984 offerant,
2328 2941 2451 2976 novis—

1400 3004 1489 3040 sime
1509 3003 1615 3039 simul
1648 3010 1831 3050 computat
1850 3009 1938 3051 quot
1964 3013 2051 3040 vasa
2073 3002 2293 3050 singularum
2315 3001 2450 3048 specie-

1398 3075 1493 3108 rum,
1519 3069 1554 3100 et
1573 3070 1708 3110 quanto
1727 3065 1887 3111 pondere
1916 3064 2036 3100 omnia
2063 3063 2170 3100 simul
2199 3062 2344 3105 fuerint,
2379 3062 2451 3098 hoc

1398 3128 1454 3160 est
1469 3127 1637 3170 argentea
1658 3134 1822 3160 seorsum
1839 3135 1848 3168 ;
1880 3129 1916 3159 et
1934 3129 2022 3169 quot
2039 3122 2208 3159 animalia
2224 3120 2451 3167 uniuscujus-

1399 3193 1470 3229 que
1488 3184 1630 3230 generis
1656 3189 1790 3226 essent,
1812 3193 1891 3229 quae
1907 3183 2029 3219 offerri
2055 3187 2234 3229 praecepta
2260 3187 2356 3225 sunt,
2374 3187 2448 3217 tam

1400 3243 1435 3278 in
1457 3243 1705 3278 holocaustum
1729 3252 1839 3287 quam
1856 3242 1966 3278 etiam
1983 3243 2021 3278 in
2048 3242 2280 3288 pacificorum
2300 3241 2448 3278 hostias.

1401 3301 1491 3338 Nam
1506 3302 1557 3337 ita
1571 3301 1746 3346 scriptum
1759 3306 1814 3337 est
1829 3310 1839 3336 ε

1449 3414 1482 3450 H
1487 3425 1536 3450 αἰ)
1554 3414 1591 3450 in
1604 3413 1821 3450 dedicatione
1837 3413 1960 3450 altaria
1975 3413 2090 3450 oblata
2105 3420 2185 3450 sunt
2204 3425 2225 3449 a
2239 3414 2450 3461 principibus

1401 3473 1516 3511 Israel
1526 3474 1563 3510 in
1578 3474 1634 3510 die
1649 3485 1718 3521 qua
1732 3479 1968 3510 consecratum
1985 3479 2047 3509 est.
2062 3473 2251 3509 Acetabuta
2272 3480 2449 3520 argentea,

1403 3535 1585 3571 duodecim
1599 3529 1740 3581 phialae,
1755 3539 1924 3580 arqenteoe
1942 3533 2137 3577 duodecim,
2165 3533 2369 3568 mortariola
2386 3543 2452 3567 au-

1405 3606 1465 3630 rea
1485 3593 1666 3630 duodecim
1676 3602 1689 3628 .·
1703 3593 1754 3629 ita
1770 3598 1810 3629 ut
1827 3582 1964 3629 centum
1977 3599 2009 3628 et
2023 3594 2165 3639 triginta
2182 3592 2332 3639 argentis
2345 3591 2450 3628 siclos

1405 3654 1545 3690 haberet
1563 3664 1670 3690 unum
1689 3652 1905 3689 acetabulum
1919 3665 1932 3696 ;
1964 3659 1995 3688 et
2024 3653 2243 3699 septuaginta
2257 3651 2360 3688 siclos
2377 3661 2451 3687 una

1403 3713 1537 3762 phiala,
1557 3713 1594 3749 id
1621 3719 1686 3756 est,
1707 3713 1744 3749 in
1772 3702 1950 3748 commune
1977 3723 2136 3748 vasorum
2165 3717 2318 3748 ommam
2333 3721 2376 3748 ex
2393 3720 2451 3746 ar-

1404 3778 1505 3823 qento
1524 3771 1600 3810 sicli
1614 3771 1684 3810 duo
1701 3772 1810 3810 millia
1824 3771 2066 3821 quadrinqeuti
2077 3773 2228 3823 pondere
2245 3769 2450 3812 sanctuarii.
