2540 4016
331 199 402 240 58³

752 197 993 257 B.÷31ABAN1
1015 187 1162 245 M'Aum
1184 199 1398 243 Ancurae.
1426 200 1631 253 mosum.
1659 198 1849 245 ornanti
1872 202 1992 246 PARS
2016 208 2046 246 1.
2082 226 2089 231 —

697 398 1082 474 annm
1134 400 1631 477 annam
1679 375 2091 480 maun!

794 536 987 574 Anamis
1012 527 1272 577 romensis
1296 539 1356 576 ΕΤ
1382 539 1637 579 uocunrml
1662 539 2011 583 ARCHIEPISGOPI

561 661 1170 768 tNlltltlrlttNult
1243 666 1330 766 IN
1401 665 1696 770 LIBRUM
1766 665 2247 775 Nurritani!

1005 837 1150 885 leu
1176 842 1446 891 QUATUOR
1479 841 1641 895 (ΑΝΝΟ
1668 842 1761 885 831».
1766 843 1780 898 )

1210 982 1592 1032 PRAEFATIO

869 1072 931 1110 An
956 1070 1271 1110 FRECULPHUM
1296 1070 1624 1107 Luxovmnsniu
1649 1069 1922 1110 EfflscoPUM.

350 1198 590 1235 Numerorum
625 1195 757 1232 librum
799 1195 1057 1242 multiplicibus
1105 1196 1360 1243 mysteriorum
1379 1202 1414 1241 Α
1430 1195 1543 1242 pinxi,
1561 1195 1653 1232 sicut
1671 1200 1708 1231 et
1738 1195 1775 1232 in
1792 1195 1873 1232 aliis
1895 1195 2079 1242 opusculis
2100 1197 2236 1235 nostris
2259 1197 2335 1244 jam
2355 1209 2413 1236 me
2433 1201 2485 1239 se·

302 1259 582 1296 obscuritatibus
614 1257 826 1302 involutum,
862 1262 1072 1294 sanctorum
1099 1257 1248 1294 Patrum
1282 1268 1362 1294 sen-

301 1321 423 1356 tentiae
449 1320 604 1366 produnt
626 1330 634 1354 :
656 1318 740 1363 quia
776 1318 825 1353 ibi
856 1328 1029 1353 numerus
1061 1318 1216 1353 fiiiorum
1249 1318 1362 1354 Israel

299 1382 449 1428 mystice
468 1380 698 1422 describitur,
732 1384 768 1414 et
798 1378 1022 1424 singularum
1042 1379 1201 1414 tribuum
1222 1386 1361 1414 castra—

298 1447 476 1477 metatura
500 1441 596 1476 cirea
619 1439 890 1475 tabernaculum
917 1438 1114 1474 testimonii
1135 1440 1180 1474 ad
1201 1438 1358 1474 sormam

297 1508 429 1539 sanctae
448 1501 618 1538 Ecclesia>
635 1500 803 1537 refertur.
825 1499 893 1536 Ubi
911 1499 1121 1536 Levitarum
1140 1499 1177 1535 in
1198 1500 1359 1536 ministe-

296 1566 349 1601 rio
370 1565 435 1600 Dei
462 1564 669 1600 distributio
690 1568 798 1609 atque
818 1562 953 1598 oblatio
979 1562 1199 1609 principum,
1230 1572 1359 1598 sccun-

297 1625 380 1659 dum
398 1623 687 1660 convenientiam
708 1623 912 1658 divinorum
932 1628 1242 1659 sacramentorum
1263 1632 1357 1667 prae-

294 1685 481 1730 figuratur.
507 1683 710 1720 Novissime
738 1694 881 1730 quoque
907 1689 990 1730 post
1018 1683 1174 1730 plurima
1195 1683 1357 1718 diversa-

302 1755 382 1780 rum
431 1755 553 1782 rerum
592 1750 697 1791 atquc
734 1745 927 1782 effectuum
963 1745 1131 1792 explicita
1166 1744 1353 1791 mysteria,

293 1805 451 1841 omnium
487 1805 715 1841 mansionum
743 1807 788 1842 ab
823 1805 981 1853 AEgypto
1008 1816 1122 1853 usque
1151 1806 1195 1842 ad
1219 1812 1355 1841 terram

298 1866 602 1911 repromissionis,
637 1867 673 1903 in
694 1868 824 1913 quibus
849 1867 1024 1903 Israelitre
1051 1867 1271 1903 transeundo
1294 1878 1354 1903 ca-

291 1928 494 1964 strametati
523 1933 607 1967 sunt
625 1960 634 1973 ,
668 1929 855 1975 catalogus
881 1934 1135 1972 enumeratur;
1175 1934 1214 1963 ut
1249 1929 1352 1964 nobis

292 1989 514 2027 demonstret
532 1989 689 2035 qualiter
709 1989 753 2026 de
770 1988 926 2035 AEgypto
945 1988 1099 2034 spiritali
1120 1987 1268 2035 egressi,
1289 1997 1353 2032 per

290 2059 392 2086 mare
421 2050 585 2086 Rubrum
611 2055 721 2096 atque
737 2060 899 2087 eremum
920 2049 1165 2086 vastissimam
1195 2058 1352 2094 praesen-

1430 1260 1523 1296 cisse
1546 1260 1728 1303 recordor,
1749 1264 1790 1295 ut
1814 1259 1925 1296 sciret
1956 1260 2072 1297 lector
2097 1271 2168 1308 qua
2198 1262 2396 1299 securitate
2416 1263 2477 1300 Pa-

1429 1330 1525 1360 trum
1545 1324 1639 1360 dieta
1669 1323 1789 1370 legere
1810 1329 1955 1370 posset,
1974 1329 2180 1371 quantaque
2197 1326 2338 1363 cautela
2359 1332 2483 1366 nostra

1428 1385 1554 1420 rimari
1581 1384 1740 1420 deberet.
1774 1384 1812 1421 Si
1833 1390 1954 1421 autem
1979 1386 2100 1431 aliqua
2126 1397 2251 1423 eorum
2280 1398 2360 1432 quae
2381 1389 2485 1433 posui

1428 1445 1600 1480 lectorem
1624 1444 1854 1486 offenderint,
1888 1446 1991 1491 quasi
2011 1457 2083 1482 non
2101 1447 2173 1483 rite
2192 1448 2346 1493 prolata,
2370 1449 2486 1495 magis

1427 1506 1628 1541 infirmitati
1642 1513 1750 1550 atque
1770 1506 1961 1552 imperitiae
1980 1517 2068 1545 meae
2088 1509 2248 1554 deputet,
2266 1520 2374 1554 quam
2392 1521 2485 1555 prze-

1427 1566 1621 1612 sumptioni
1655 1577 1718 1603 seu
1751 1567 1911 1609 malifiae,
1938 1577 2090 1613 eamque
2121 1569 2313 1614 diligenter
2345 1571 2483 1607 exami-

1425 1638 1529 1671 nans,
1559 1628 1588 1664 si
1611 1638 1710 1663 sante
1729 1628 1812 1663 fidei
1831 1628 1964 1664 viderit
1983 1629 2220 1671 concordare,
2256 1640 2328 1666 non
2348 1635 2484 1666 temere

1423 1698 1488 1734 pro
1505 1688 1643 1723 vilitate
1672 1687 1863 1724 locutionis
1880 1697 1923 1723 ca
1944 1689 2198 1734 reprehendat.
2221 1689 2259 1726 Si
2279 1696 2399 1728 autem
2416 1691 2483 1727 ali-

1426 1751 1507 1786 cubi
1540 1761 1598 1786 me
1631 1760 1774 1786 errasse
1802 1750 1839 1786 in
1869 1760 1978 1787 sensu
2009 1751 2308 1797 deprehenderit,
2339 1755 2480 1792 veniam

1423 1812 1517 1857 apud
1550 1812 1871 1848 clementissimum
1898 1812 2055 1858 judicem
2087 1814 2277 1851 charitatis
2308 1815 2483 1853 instinctu

1422 1874 1641 1917 admonitus,
1665 1874 1754 1909 mihi
1784 1874 1980 1919 impetrare
2005 1873 2164 1918 festinet,
2187 1885 2294 1920 quem
2316 1876 2405 1913 nihil
2428 1877 2483 1913 in-

1423 1934 1604 1971 firmitatis
1625 1935 1792 1970 humanae
1813 1934 1921 1978 latet3
1954 1935 2015 1980 qui
2034 1936 2144 1971 etiam
2163 1941 2309 1972 nostras
2330 1936 2482 1972 infirmi-

1424 2000 1513 2031 tates
1532 1996 1567 2030 in
1587 2005 1625 2030 sc
1654 1995 1850 2040 suscipere,
1880 2000 1916 2031 et
1935 1995 2372 2041 aegrotationesportare,
2394 2006 2480 2032 san-

1421 2056 1636 2101 guinemque
1665 2065 1769 2090 suum
1801 2055 2102 2101 pretiosissimum
2135 2066 2201 2101 pro
2233 2056 2479 2102 redemptione

291 2109 339 2145 tis
361 2110 483 2150 saeculi
513 2110 708 2147 debeamus
739 2111 784 2146 ad
812 2111 1071 2156 repromissam
1095 2111 1130 2146 in
1162 2110 1263 2146 coelis
1288 2119 1350 2156 pa·
1369 2109 1400 2148 B
1420 2121 1651 2161 peccatorum
1683 2121 1890 2152 nostrorum
1923 2114 2107 2153 effundere
2138 2115 2304 2160 dignatus
2336 2122 2393 2152 est
2414 2121 2480 2152 :ut

291 2171 398 2206 triam
428 2180 637 2218 properare.
666 2171 852 2220 Sed-quia
874 2172 950 2208 haec
977 2171 1058 2214 tibi,
1087 2176 1212 2207 sancte
1236 2170 1350 2207 sratcr

288 2231 501 2278 Freculphe,
527 2240 653 2270 nostro
685 2234 808 2270 labore
840 2233 1029 2280 postulasti
1050 2232 1204 2278 spiritali
1236 2232 1349 2268 inter-

286 2293 492 2337 pretatione
523 2295 669 2339 exponi,
702 2299 783 2340 post
801 2295 954 2339 primam
979 2293 1250 2329 excusationem
1276 2302 1348 2338 qua

289 2361 347 2386 me
369 2363 388 2387 a
412 2358 512 2389 tanto
530 2364 640 2390 onere
665 2355 761 2401 apud
780 2360 814 2390 te
833 2355 1020 2390 absolvere
1043 2354 1139 2390 volui
1153 2380 1163 2396 ‚
1192 2363 1236 2388 ne
1252 2352 1347 2389 sorte

286 2411 538 2449 inobedientiae
568 2419 652 2450 nota
686 2414 866 2458 inurerer,
904 2414 1023 2451 studui
1052 2414 1243 2459 praeceptis
1274 2414 1345 2450 tuis

283 2482 424 2518 parere,
446 2479 482 2510 et
497 2480 706 2511 sanctorum
726 2475 876 2511 Patrum
893 2475 1093 2511 sententias
1113 2476 1156 2511 ad
1174 2476 1242 2511 hoc
1256 2486 1346 2522 opus

284 2535 445 2580 undique
460 2536 639 2584 colligere.
664 2537 732 2574 Ubi
747 2547 891 2584 quoque
910 2537 1029 2575 minuc-
1047 2537 1264 2577 elucidatum
1281 2547 1343 2574 eo-

284 2606 365 2631 rum
397 2599 601 2642 sententiis,
635 2599 671 2635 id
700 2600 983 2645 praetermissum
1017 2611 1089 2637 non
1122 2611 1188 2645 pro
1218 2610 1344 2636 corum

283 2660 498 2706 ignorantia,
519 2663 583 2699 sed
609 2663 704 2700 sorte
721 2675 787 2710 pro
805 2665 1043 2711 occupatione
1068 2665 1187 2710 aliqua
1212 2665 1341 2711 reperi,

285 2721 423 2757 coelesti
450 2723 567 2768 gratia
598 2724 781 2760 conlidens
809 2736 887 2771 quae
918 2725 1033 2770 aperit
1071 2735 1111 2760 os
1144 2731 1341 2768 mutorum,

282 2787 318 2816 et
334 2780 474 2828 linguas
494 2781 686 2817 infantium
706 2782 791 2819 facit
810 2784 1061 2839 esse-disertas
1075 2810 1084 2827 ‚
1105 2784 1238 2818 tentavi
1265 2784 1342 2829 ple*

283 2852 396 2888 raque
428 2841 532 2888 juxta
562 2854 688 2879 eorum
713 2854 843 2880 sensus
878 2845 1029 2890 vestigia
1057 2844 1233 2887 inserere,
1267 2854 1340 2879 non

283 2907 405 2955 tamen
424 2904 589 2947 latenter,
616 2915 663 2941 ne
690 2905 783 2941 sorte
800 2916 866 2952 pro
882 2906 1010 2942 fraude
1028 2906 1114 2940 furti
1136 2916 1308 2951 arguerer
1329 2917 1336 2939 :

285 2964 348 3001 sed
373 2965 566 3002 manifeste
596 2976 638 3002 ea
668 2967 870 3014 agnominis
898 2968 968 3003 mei
990 2967 1248 3013 praenotatione
1277 2967 1340 3002 de·
1358 2962 1387 3002 C

1239 3096 1508 3137 INCIPIUNT

650 3179 1091 3257 ENARRAT
1103 3179 1380 3254 iONES

1105 3322 1309 3374 LIBER
1356 3323 1633 3375 PRIMUS.

616 3457 767 3496 CAPUT
791 3456 987 3497 PRIMUM.

279 3529 401 3568 Sermo
419 3531 562 3568 Domini
589 3533 635 3568 ad
655 3533 799 3588 Moysen
823 3533 866 3568 de
895 3533 1123 3570 numerandis
1144 3533 1330 3571 duodecim

324 3578 481 3615 tribubus
506 3585 539 3615 et
565 3591 677 3626 princi
702 3581 779 3616 ibus
809 3580 1028 3628 sinqulurum
1057 3581 1224 3627 tribuum,
1245 3581 1330 3629 quid

325 3626 556 3672 spiritualiter
572 3591 780 3673 siqnilfeent.

325 3701 441 3748 (cip.
463 3714 489 3740 1.
506 3704 520 3751 )
539 3703 760 3751 Lot-utusque
789 3710 840 3740 est
864 3703 1036 3741 Dominus
1059 3705 1106 3742 ad
1130 3705 1276 3753 Moysen
1291 3705 1330 3742 in

280 3759 412 3796 deserto
432 3762 534 3798 Sinai
560 3765 598 3810 in
619 3764 844 3801 tabernaculo
870 3765 1010 3811 soederis
1034 3766 1188 3812 Domini,
1213 3767 1330 3814 prima

279 3820 334 3856 die
350 3824 476 3859 mensis
493 3825 651 3863 secundi.
675 3837 768 3863 anno
791 3826 902 3864 altero
919 3829 1124 3870 eoressionis
1149 3839 1269 3866 eorum
1283 3840 1328 3866 em

1422 2175 1483 2221 qui
1515 2186 1587 2211 non
1612 2176 1747 2212 nostris
1775 2176 1915 2213 meritis
1942 2177 2140 2222 potuimus,
2167 2186 2232 2222 per
2262 2176 2375 2221 ipsius
2397 2186 2479 2223 gra-

1420 2237 1507 2272 tiam
1531 2237 1767 2272 salvaremur.
1791 2237 1840 2273 Tc
1856 2243 1989 2281 autem,
2018 2237 2222 2273 venerande
2240 2236 2360 2279 Pater,
2383 2237 2479 2272 sicut
2538 2263 2540 2267 .

1419 2303 1661 2335 correctorem
1687 2298 1723 2334 in
1752 2299 1981 2340 necessariis,
2017 2298 2069 2335 ita
2093 2298 2319 2335 defensorem
2344 2298 2479 2334 babere

1416 2360 1496 2395 volo
1526 2360 1564 2396 in
1584 2360 1926 2405 reprehensionibus
1946 2359 2150 2405 superfluis.
2182 2361 2363 2407 Deprecor
2391 2370 2477 2406 ergo

1415 2428 1455 2457 ut
1472 2421 1705 2467 fragilitatem
1725 2432 1844 2457 meam
1864 2423 1958 2468 apud
1977 2422 2223 2458 Altithronum
2247 2422 2476 2458 orationibus

1416 2483 1563 2529 adJuves
1587 2495 1594 2518 :
1617 2488 1796 2529 quatenus
1824 2494 1882 2519 me
1914 2484 1951 2518 in
1978 2484 2046 2519 bac
2069 2484 2239 2529 praesenti
2267 2484 2340 2519 vita
2373 2489 2475 2519 scuto

1414 2542 1496 2578 fidei
1518 2554 1591 2579 suae
1618 2544 1797 2580 munitum
1826 2543 1963 2589 aliquid
1993 2554 2136 2590 semper
2163 2544 2219 2579 sui
2249 2543 2386 2579 servitii
2413 2553 2474 2579 cx-

1412 2604 1513 2650 plere
1530 2603 1654 2647 saciat,
1676 2610 1712 2640 et
1728 2610 1811 2650 post
1826 2614 2013 2652 egressum
2041 2604 2171 2640 animae
2186 2605 2230 2640 de
2245 2614 2409 2649 corpore,
2436 2604 2473 2640 in

1414 2675 1478 2700 sua
1514 2664 1707 2710 praesentia
1742 2663 1868 2709 jubeat
1906 2665 2019 2700 vitam
2058 2665 2244 2710 percipere
2283 2669 2468 2700 aeternam.

1414 2727 1509 2763 Deus
1525 2728 1768 2773 omnipotens,
1789 2733 1916 2764 auctor
1931 2733 1967 2764 et
1978 2733 2165 2774 reparator
2176 2728 2303 2764 salutis
2317 2733 2464 2770 nostrae,

1414 2787 1519 2833 longo
1538 2793 1699 2832 tempore
1718 2788 1763 2823 ad
1783 2788 1978 2823 multorum
1998 2793 2209 2834 provectum
2227 2793 2262 2823 tc
2278 2793 2468 2824 conservet

1413 2849 1642 2891 incolumem,
1677 2854 1785 2895 atque
1811 2850 1846 2885 in
1871 2850 1955 2893 fine,
1990 2855 2195 2886 sanctorum
2214 2850 2324 2887 coetui
2343 2850 2458 2887 inser-

1412 2915 1501 2953 tum,
1524 2915 1669 2946 aeternae
1688 2910 1811 2957 gloriae
1825 2910 1935 2947 faciat
1952 2921 2031 2948 esse
2047 2917 2262 2948 consortem.

1439 3182 1538 3256 IN
1596 3183 1659 3258 N
1666 3185 2072 3262 UMEROS

1403 3459 1558 3507 AEqypto
1584 3460 1717 3496 dicens.
1737 3458 1846 3496 Juxta
1862 3459 1973 3497 finem
1990 3459 2120 3506 Exodi,
2137 3461 2198 3499 ubi
2213 3463 2257 3499 de
2273 3464 2455 3503 erectione

1405 3520 1627 3558 tabernaculi
1644 3526 1826 3565 narratur,
1844 3521 1895 3557 ita
1914 3521 2087 3568 scriptum
2106 3527 2161 3558 est
2178 3535 2185 3558 :
2202 3522 2319 3570 Iqitur
2335 3534 2453 3562 mense
2479 3533 2483 3536 ⁴

1400 3582 1513 3628 primo
1531 3582 1615 3618 anni
1631 3581 1785 3625 secundi,
1801 3582 1838 3617 in
1854 3582 1968 3628 prima
1982 3582 2038 3618 die
2051 3584 2196 3628 mensis,
2220 3582 2386 3621 collatum
2399 3590 2452 3622 est

1401 3642 1678 3687 tabernaculum,
1701 3643 1878 3691 erexitque
1895 3643 1984 3680 illud
2004 3644 2158 3692 Moyses,
2178 3650 2215 3682 et
2231 3645 2384 3693 reliqua.
2405 3646 2471 3686 Et.

1399 3705 1550 3742 nuncin
1568 3704 1686 3751 capite
1710 3703 1953 3741 Numerorum
1980 3705 2030 3742 ita
2053 3706 2213 3752 positum
2237 3706 2313 3744 est:
2331 3705 2472 3743 Loca-2*

1399 3770 1521 3812 tusque
1546 3770 1597 3801 est
1630 3765 1802 3801 Dominus
1833 3765 1880 3802 ad
1911 3765 2057 3814 Moysen
2085 3768 2123 3804 in
2151 3767 2288 3804 deserto
2321 3766 2455 3820 Sinai„

1397 3830 1435 3866 in
1465 3827 1688 3866 tabernaculo
1718 3828 1872 3876 soederis,
1902 3830 2016 3878 primo
2051 3821 2261 3885 die'mensis
2278 3829 2430 3885 ⁸?Gf‘ssd5.
