2540 4016
21 137 28 139 ,
64 174 139 214 m
486 186 532 229 ὕ

666 167 1007 209 6111106111οΜ5
1029 167 1075 207 tu
1099 167 1365 206 anrrtcuu.
1392 187 1440 198 -
1462 170 1549 207 1111.
1578 170 1640 210 vi.
1699 194 1762 248 ζ.

2117 78 2144 102 O

2160 178 2235 222 ΑΒ

65 249 180 291 David
205 243 348 287 dicebat
368 258 378 287 ε
402 247 530 286 Pauo
554 245 668 294 filium
690 256 807 283 meum
846 244 1064 281 Salomonem
1081 244 1118 279 in
1134 253 1169 292 A
1185 243 1362 280 obtinebit
1381 245 1590 282 immundus
1608 229 1779 293 spiritus,
1802 250 1842 284 et
1855 249 2015 296 patietur
2029 255 2239 304 hujusmodi

0 355 1 358 Ἴ
63 312 198 350 mulam
234 323 346 350 meon
379 310 461 359 (ΙΙΙ
488 309 575 356 Rey.
609 307 658 357 1);
700 309 826 346 dicens
859 307 956 344 onim
986 317 1112 351 meam,

63 375 225 412 ostendit
254 374 341 421 quia
373 377 412 410 et
444 371 575 418 ipsein
594 370 730 408 mulam
748 370 910 406 sedebat.
933 368 972 405 Si
993 373 1114 404 autem

59 435 224 482 iumenta
255 432 484 471 commisceri
511 431 660 468 alterius
694 431 838 478 generis
854 429 1114 473 animantibus,

63 494 100 531 id
113 500 184 539 est,
203 494 346 532 asinum
363 502 458 540 equo
473 491 704 530 commisceri
736 491 795 528 lex
821 490 950 535 vetuit,
970 495 1006 526 et
1025 490 1115 526 abo-

61 555 234 592 minabile
252 556 322 592 hoc
337 559 432 598 erat,
465 553 657 599 oportebat
676 557 713 589 61
743 561 787 588 ea
813 562 892 599 quae
910 551 1058 595 fiebant,
1079 555 1116 587 et

60 625 105 652 611
121 625 202 661 quae
219 615 464 652 nascebantur
478 625 524 651 ex
554 615 609 651 eis
627 613 754 661 procul
770 613 881 649 dubio
895 611 1113 649 abominari.

63 675 137 713 Sed
150 676 231 712 etsi
249 676 507 730 vestimentym
521 686 566 711 ex
587 675 728 711 duobus
746 673 826 710 fieri
836 684 907 710 non
922 673 1011 716 vult,
1026 682 1116 718 quo-

59 738 167 775 modo
179 737 332 782 Sapiens
347 737 407 773 ille
424 736 469 773 de
487 737 572 773 sorti
591 737 744 773 muliere
758 737 835 773 haec
852 737 889 772 111
907 734 1114 771 Proverbiis

59 799 147 836 dicit
164 810 172 834 ε
190 797 326 834 Invenit
342 797 461 834 lanam
479 805 510 834 et
531 798 642 834 linum
669 804 701 834 et
716 803 858 844 operata
873 802 923 833 est
936 795 1021 831 utile
1038 806 1114 831 ma·-

59 860 159 897 m‘bus
179 860 251 895 suis
275 858 396 906 (Prov.
415 858 541 906 xxxi);
561 864 598 894 et
616 867 743 894 rursus
762 869 770 892 :
791 857 847 892 Ex
865 855 964 902 bysso
982 861 1012 890 et
1029 866 1114 901 pur-

56 933 146 969 pura
176 921 378 958 vestimenta
410 921 486 966 ejus
506 918 647 966 (1bid.).
666 917 740 954 Nec
773 917 870 954 enim
903 915 1007 950 utilia
1030 921 1114 951 sunt

56 982 287 1018 vestimenta.
314 979 454 1015 Bonum
480 982 600 1016 autem
637 976 889 1011 indumentum
923 973 1013 1018 ejus,
1036 974 1111 1009 sive

56 1043 146 1079 utile
163 1042 253 1078 dixit
271 1050 351 1076 esse
372 1039 641 1080 vestimentum,
660 1047 773 1074 unum
793 1036 938 1082 quidem
959 1036 1003 1072 de
1027 1036 1110 1071 lana

55 1109 93 1140 et
112 1103 201 1138 lino.
226 1100 336 1136 Aliud
369 1104 490 1135 autem
510 1108 638 1134 rursus
668 1108 712 1133 ex
745 1097 855 1144 bysso
889 1101 925 1132 et
950 1106 1109 1142 purpura

1183 308 1280 354 quod
1299 306 1388 343 Saul
1405 305 1567 353 pertulit.
1782 359 1806 364 .,

1599 366 1751 405 CAPUT
1775 366 1821 404 V.

1185 429 1278 492 Quid
1298 429 1502 476 faciendum
1515 429 1562 465 sit
1578 428 1610 490 ei
1611 439 1692 511 ⁶51!ae
1713 428 1896 512 {qzmierit
1912 440 1992 469 cum
2006 430 2151 471 muliere
2174 449 2237 474 an-

1229 542 1361 587 1111111.)
1384 533 1500 574 Homo
1521 549 1552 574 si
1569 534 1752 584 dormierit
1773 547 1852 572 cum
1874 537 2020 574 muliere
2031 539 2124 576 coitu
2139 542 2240 578 semi-

1182 600 1252 644 nis,
1285 610 1364 646 quae
1380 599 1425 634 sit
1444 594 1575 634 ancillo
1591 597 1696 633 etiam
1716 597 1844 634 nubilis
1869 602 2032 635 ettamen
2049 601 2159 647 pretio
2169 613 2239 639 non

1183 659 1374 706 redempta,
1406 669 1469 694 nec
1490 655 1648 694 libertate
1665 656 1825 693 donata.-
1847 656 2061 704 vapulabunt
2083 661 2184 697 ambo
2207 667 2239 698 et

1182 733 1251 758 non
1266 721 1478 763 morientur,
1509 719 1591 767 quia
1616 719 1767 765 nonfuit
1783 718 1905 756 libera.
1940 719 2012 756 Pro
2032 721 2159 758 delicto
2173 734 2238 758 nu-

1181 787 1250 818 tem
1281 793 1345 818 suo
1365 781 1487 827 offeret
1512 779 1662 815 Domino
1684 779 1731 815 ad
1751 780 1879 815 ostium
1903 778 2122 817 tabernaculi
2147 783 2240 818 testi-

1179 843 1288 879 monii
1315 843 1485 885 arietem;
1502 841 1681 888 orabitque
1708 852 1772 888 pro
1790 852 1828 877 eo
1847 841 2011 877 sacerdos
2040 847 2072 877 et
2094 854 2158 889 pro
2175 843 2237 879 de-

1179 903 1259 939 licto
1282 903 1358 950 ejus
1378 913 1497 938 coram
1512 902 1677 944 Domino,
1701 907 1733 937 et
1755 901 2038 949 repropitiabitur
2055 902 2098 946 ei,
2116 901 2237 938 dimit·

1179 969 1336 1009 teturque
1350 969 1544 1009 peccatum.
1568 961 1639 1009 (Ex
1657 961 1862 1008 Hesychia.)
1886 961 2066 1006 Quantum
2087 962 2181 998 inter
2198 963 2223 999 11

1177 1024 1356 1060 bertatem
1370 1029 1406 1059 et
1424 1022 1637 1059 servitutem
1654 1021 1811 1065 intersit,
1821 1022 2012 1058 ostendere
2023 1028 2090 1069 per
2100 1027 2143 1059 ea
2155 1032 2235 1069 quae

1178 1094 1273 1120 nunc
1295 1083 1391 1119 dicta
1406 1088 1489 1118 sunt
1513 1081 1698 1128 legislator
1721 1082 1887 1117 intendit.
1922 1081 2012 1117 Nam
2042 1083 2078 1118 in
2093 1092 2136 1118 ea
2154 1094 2235 1129 quae

52 1162 185 1200 confici
203 1160 458 1206 intelligamus.
483 1158 554 1195 Sed
573 1159 660 1205 quid
685 1159 754 1194 1106
771 1158 817 1193 511
835 1157 967 1193 Ρ6111115
986 1162 1110 1203 aperte
1128 1157 1160 1196 Β
1179 1144 1291 1180 libera
1313 1149 1368 1179 est
1386 1143 1617 1189 desponsata,
1635 1141 1853 1178 adulterium
1872 1150 1952 1178 esse
1967 1142 2138 1179 delictum
2159 1143 2237 1189 ejus

51 1222 251 1260 Corinthiis
270 1220 398 1257 scribit
419 1232 428 1255 :
450 1219 532 1256 Non
551 1219 692 1266 potestis
721 1217 862 1253 calicem
887 1217 1030 1252 Domini
1056 1217 1107 1253 bi-

51 1283 129 1320 bere
158 1288 189 1317 et
222 1280 364 1316 calicem
393 1280 658 1315 cloemoniorum.
693 1279 776 1314 Non
804 1278 945 1324 potestis
977 1288 1105 1313 mensoe

47 1344 116 1383 Dei
133 1345 344 1392 participare
365 1350 396 1378 et
414 1353 542 1378 ntenaoe
570 1341 824 1377 doemoniorum
850 1349 862 1374 .·
881 1344 916 1375 et
947 1350 1074 1375 rursus
1094 1351 1102 1373 :

50 1405 121 1450 Qui
142 1406 180 1441 in
199 1405 270 1452 (eye
280 1403 543 1451 justificamini,
575 1414 596 1437 a
633 1402 747 1448 qratia
767 1400 958 1437 excidistis.
982 1399 1105 1445 Neque

49 1470 147 1506 enim
179 1468 338 1504 1111161615
353 1464 635 1506 seductionibus,
667 1473 735 1499 1166
774 1462 890 1498 611011
917 1461 1104 1508 gentilium

50 1531 194 1572 oportet
231 1523 356 1565 fideles
389 1522 630 1560 commisceri.
666 1520 835 1556 tumenta
859 1529 960 1565 ergo,
981 1519 1015 1554 id
1034 1523 1102 1561 est,

49 1586 244 1634 populares
260 1583 441 1626 homines,
475 1593 546 1618 non
565 1582 818 1628 permittamus
837 1580 985 1616 alterius
999 1579 1107 1626 gene-

50 1648 102 1684 ris
119 1644 378 1687 animantibus,
403 1644 439 1678 id
453 1647 521 1685 est,
539 1653 610 1678 uon
630 1641 762 1678 sectari
793 1640 1105 1677 circumcisionem

50 1714 86 1745 et
104 1707 298 1753 baptisma,
315 1704 464 1740 alterius
484 1703 581 1738 enim
596 1702 673 1749 jugi
701 1708 756 1738 est
776 1700 1006 1736 circumcisio
1022 1710 1104 1746 gra-

49 1769 106 1805 vis
126 1774 162 1803 et
182 1764 434 1812 importabilis.
461 1764 510 1799 De
526 1773 598 1808 quo
617 1762 708 1807 dixit
722 1762 851 1796 Petrus
874 1773 882 1795 ε
905 1760 997 1803 Quid
1027 1766 1103 1795 ten-

51 1829 134 1863 tatis
154 1827 279 1867 Deum,
301 1824 581 1870 superimponere
595 1821 721 1867 Juqum
737 1822 774 1855 in
797 1820 983 1855 cervicibus
1001 1819 1106 1855 disci-

46 1887 223 1935 pulorum,
239 1883 331 1931 quod
352 1893 413 1918 nec
426 1888 541 1928 patres
560 1882 683 1923 nostri,
706 1892 765 1915 nec
796 1891 856 1916 nos
871 1887 1011 1925 portare
1037 1891 1099 1925 po-

47 1947 205 1984 tuimus?
221 1945 311 1993 (Act.
331 1944 407 1991 xv.)
424 1943 584 1979 Alterius
599 1947 655 1978 est
670 1947 788 1978 antem
806 1941 985 1988 baptisma
1002 1940 1105 1976 Chri-

47 2008 93 2045 sti
132 2012 169 2043 et
203 2005 292 2042 levis
314 2005 414 2051 jugi,
451 2004 547 2050 quod
584 2002 688 2038 nobis
717 2001 883 2037 Christus
916 2001 1101 2047 imposuit,

1175 1206 1236 1252 qui
1256 1215 1337 1242 cum
1369 1216 1412 1242 ea
1438 1203 1638 1240 fornicatus
1668 1208 1723 1239 est
1739 1203 1883 1247 asserit,
1903 1204 2102 1249 mortisque
2118 1213 2233 1250 poenae

1175 1280 1256 1307 eum
1269 1269 1455 1314 subjacere
1471 1268 1637 1305 sancivit.
1658 1267 1697 1303 In
1714 1265 1843 1303 ancilla
1859 1271 1978 1302 autem
1994 1266 2121 1310 nubili,
2142 1267 2238 1312 quod

1176 1329 1411 1376 Septuaginta
1434 1329 1650 1371 ediderunt,
1669 1327 1841 1363 custodita
1856 1327 2004 1370 homini,
2023 1327 2059 1362 id
2081 1332 2150 1370 est,
2172 1327 2235 1363 de-

1176 1389 1562 1436 sponsata,·.1bsolvens
1581 1399 1600 1424 a
1619 1390 1739 1434 pecua,
1756 1386 1972 1423 sacrificium
1988 1386 2090 1431 Juhet
2104 1386 2236 1423 offerre

1177 1460 1259 1486 eum
1278 1449 1338 1495 qui
1366 1449 1402 1484 in
1424 1459 1503 1484 eam
1523 1449 1700 1495 peccavit,
1734 1458 1778 1483 ex
1798 1447 1867 1483 1166
1883 1447 2040 1483 sensibili
2060 1447 2234 1484 servitute

1177 1510 1437 1557 intelligibilem
1451 1508 1575 1545 voleus
1592 1509 1795 1545 ostendere.
1813 1508 1936 1554 Neque
1951 1509 2046 1545 enim
2065 1510 2235 1556 praecepit

1176 1572 1212 1607 in
1228 1570 1375 1606 ancillas
1387 1569 1578 1615 quaslibet,
1598 1573 1733 1615 quanto
1752 1569 1866 1615 magis
1882 1570 2129 1614 desponsatas,
2145 1569 2234 1606 deli-

1177 1640 1273 1669 ctum
1286 1631 1538 1668 fornicatiouis
1552 1631 1707 1672 admitti,
1727 1631 1789 1666 sed
1800 1629 1964 1666 ancillam
1979 1631 2232 1676 desponsatam

1179 1695 1254 1730 sive
1271 1693 1491 1729 custoditam
1509 1691 1660 1733 homini,
1676 1689 1880 1726 Judaeorum
1894 1689 1979 1725 dicit
1991 1690 2232 1736 Synagogam,

1177 1767 1256 1803 quie
1277 1755 1345 1802 legi
1373 1754 1550 1790 custodita
1569 1757 1636 1795 est,
1662 1762 1729 1788 nec
1756 1752 1931 1798 despondi
1948 1751 2093 1787 Christo
2116 1751 2234 1797 prius-

1177 1829 1285 1865 quam
1296 1822 1512 1859 moreretur,
1530 1815 1618 1862 legis
1631 1815 1748 1850 littera
1764 1818 1918 1860 poterat.
1937 1813 2038 1850 Unde
2049 1819 2084 1849 et
2099 1812 2233 1850 Paulus

1176 1878 1344 1915 dicebat:
1372 1876 1480 1922 Eryo,
1517 1875 1656 1921 fratres,
1692 1880 1720 1909 et
1745 1885 1801 1910 vos
1820 1874 1949 1908 mortui
1982 1874 2063 1908 estis
2087 1872 2153 1919 leyi
2173 1883 2234 1919 per

1176 1950 1300 1984 corpus
1321 1937 1465 1979 Christi,
1484 1942 1520 1971 ut
1542 1936 1617 1970 sitis
1638 1934 1782 1970 alterius
1805 1935 1862 1981 qui
1886 1945 1927 1969 em
1942 1934 2087 1969 mortuis
2118 1944 2233 1969 resur-

1178 1999 1266 2035 rexit
1284 1997 1402 2044 (Rom.
1420 1996 1500 2038 vn).
1517 1995 1595 2041 lpse
1614 2000 1732 2031 autem
1748 1995 1915 2031 ancillam
1934 2005 2013 2031 esse
2027 1993 2232 2031 Judaeorum

47 2068 171 2104 dicens
191 2075 201 2101 t
227 2064 487 2110 Tollitejuqum
502 2073 631 2104 meum,
652 2066 721 2097 etc.
740 2060 924 2096 Etrursus
943 2073 950 2094 :
972 2060 1103 2106 ιιῙιιςμυη
1123 2060 1152 2101 C
1180 2059 1409 2107 Synagogam
1437 2057 1514 2092 bcec
1535 2056 1658 2092 dicens
1676 2055 1810 2098 docuit,
1840 2056 1922 2101 quia
1936 2055 2113 2090 Abraham
2142 2055 2230 2090 duos

46 2129 139 2166 enim
156 2137 260 2163 suave
279 2131 344 2168 est,
369 2130 400 2159 et
430 2135 516 2159 onus
546 2133 661 2157 meum
683 2121 764 2156 leve.
783 2120 855 2156 Sed
875 2131 942 2157 nec
958 2121 1101 2156 vineam

48 2188 126 2225 sive
157 2196 283 2232 agrum
305 2183 483 2220 creditum
503 2182 607 2218 nobis
635 2181 737 2216 vario
776 2190 899 2216 serere
929 2180 1101 2216 debemus

49 2247 200 2290 semine,
215 2250 254 2282 ut
274 2254 344 2282 non
360 2243 542 2280 contraria
561 2241 693 2278 divinis
708 2241 881 2277 doctrinis
901 2241 1101 2277 Ecclesiam

49 2310 260 2350 doccanius;
278 2304 581 2352 quemadmodum
596 2313 706 2350 prava
729 2302 911 2348 sapientes
939 2300 1101 2337 haeretici

47 2369 192 2406 Christo
212 2367 358 2413 nuptias
376 2375 442 2414 per
459 2374 560 2402 suam
598 2363 829 2409 praesentiam
866 2362 1102 2398 benedicente

46 2435 156 2476 atque
174 2429 329 2472 dicente,
350 2427 428 2463 Non
448 2437 491 2463 66
515 2436 596 2472 quae
614 2425 867 2471 ingrediuntur
887 2430 1019 2460 nocent
1035 2424 1101 2459 ho-

47 2491 147 2534 mini,
167 2489 384 2538 prohibentes
412 2487 554 2530 nubere,
571 2493 603 2522 et
626 2486 862 2533 proecipientes
889 2485 1061 2520 abstinere
1081 2496 1102 2519 α

47 2553 131 2589 cibis
150 2562 226 2598 quoe
238 2551 332 2586 Deus
345 2550 471 2585 creavit
485 2549 534 2584 eis
551 2547 586 2595 (Ι
616 2547 705 2583 Tim.
722 2547 790 2594 lv),
812 2546 956 2583 sibimet
977 2545 1102 2590 impie-

48 2614 134 2650 tatis
147 2615 352 2658 praeparant
375 2614 545 2645 mortem.
585 2608 625 2643 ln
641 2607 772 2652 quihus
809 2606 1015 2642 necessario
1047 2614 1102 2640 sc-

47 2676 203 2712 cundum
237 2671 471 2718 Septuaginta
505 2668 677 2711 subdidit,
715 2668 789 2715 Ego
818 2678 896 2704 sum
929 2667 1101 2702 Dominus

47 2735 142 2772 Deus
160 2740 284 2776 vester,
297 2733 342 2769 ab
360 2732 458 2768 omni
475 2741 541 2766 nos
557 2729 763 2775 hujusmodi
780 2729 1008 2765 continentes
1021 2738 1102 2764 6556

47 2795 185 2833 malitia
205 2793 373 2840 cupiens3
390 2797 427 2828 et
445 2791 506 2838 qui
526 2800 591 2837 per
609 2780 843 2836 evangelium
864 2788 959 2824 dixit
976 2786 1021 2824 ad
1041 2798 1102 2823 605

47 2856 110 2903 qui
141 2855 235 2893 111616
262 2854 378 2900 legem
397 2857 434 2888 et
450 2851 496 2887 ad
514 2860 617 2887 suam
646 2849 870 2887 voluntatem
893 2848 1100 2895 accipiunt:

49 2917 167 2955 Nolite
175 2916 338 2963 judicare
351 2913 542 2951 secundum
557 2911 766 2958 faciem-sed
773 2910 913 2957 justum
925 2909 1100 2955 judicium

1171 2122 1263 2168 filios
1286 2119 1422 2162 habuit,
1448 2128 1558 2154 unum
1579 2128 1620 2152 ex
1639 2115 1770 2152 ancilla
1788 2121 1819 2151 et
1837 2125 1944 2150 unum
1963 2115 2004 2150 de
2025 2115 2133 2150 libera
2151 2115 2233 2162 (Ga-

1171 2183 1234 2219 lat.
1259 2182 1322 2230 1v).
1344 2180 1482 2217 Deinde
1510 2188 1619 2225 quam
1638 2177 1752 2214 voluit
1782 2176 1948 2212 ancillam
1985 2176 2150 2223 intelligi,
2169 2187 2231 2212 ex-

1170 2253 1309 2290 ponens
1326 2241 1504 2278 subdidit:
1521 2239 1698 2282 Quoesnnt
1719 2248 1780 2282 per
1797 2236 1999 2283 atleqoriam
2016 2235 2123 2271 dicta.
2146 2235 2231 2272 Haec

1170 2305 1262 2341 enim
1295 2308 1374 2339 sunt
1401 2302 1470 2337 duo
1491 2301 1723 2342 Testamenta,
1744 2310 1852 2334 unum
1874 2298 2012 2344 quidem
2048 2309 2090 2333 ex
2118 2303 2232 2333 monte

1171 2365 1272 2408 Sina,
1310 2365 1346 2399 in
1363 2364 1559 2399 servitutem
1577 2371 1760 2407 generans,
1780 2361 1921 2407 qztccjest
1936 2359 2044 2405 Aqar.
2066 2358 2151 2394 Sina
2169 2369 2231 2392 an-

1171 2433 1238 2461 tem
1264 2436 1361 2460 mons
1385 2429 1434 2459 est
1464 2424 1499 2457 in
1526 2422 1657 2457 Arabia
1682 2420 1887 2466 conjunctus
1907 2419 1938 2453 ei
1964 2429 2040 2465 quw
2059 2429 2150 2453 nunc
2180 2424 2231 2454 est

1175 2484 1399 2521 Hierusalem
1416 2494 1492 2530 quct‘
1506 2483 1607 2518 servit
1625 2480 1764 2528 (thim).
1788 2480 1877 2515 Cum
1892 2480 1960 2515 hac
1983 2489 2070 2524 ergo
2104 2479 2132 2514 si
2149 2478 2230 2523 quis

1171 2544 1358 2582 dormierit
1388 2543 1485 2578 coitu
1511 2540 1671 2581 seminis,
1693 2539 1726 2574 id
1750 2542 1818 2581 est,
1841 2539 1901 2584 qui
1924 2538 2030 2583 liujus
2047 2538 2228 2584 particeps

1170 2605 1317 2641 effectus
1338 2600 1639 2638 sueritdoctrinae:
1661 2599 1697 2634 in
1724 2603 1864 2633 tantum
1884 2602 1922 2633 ut
1943 2597 2182 2644 conjungatur
2195 2599 2228 2634 ei

1171 2673 1206 2702 et
1221 2671 1324 2702 coeat
1342 2674 1423 2699 cum
1444 2674 1500 2705 ea,
1528 2672 1592 2708 per
1611 2661 1699 2708 legis
1714 2659 1881 2695 videlicet
1898 2659 2223 2695 conversationem.

1171 2726 1281 2771 Quasi
1295 2735 1406 2760 unum
1424 2724 1652 2769 reperiuntur
1664 2723 1701 2758 hi
1719 2721 1779 2767 qui
1799 2719 1867 2756 sibi
1883 2718 2060 2766 coniugali
2080 2730 2228 2756 consor-

1172 2788 1221 2823 tio
1265 2785 1459 2822 sociantur.
1488 2783 1619 2819 Semcn
1639 2787 1759 2818 autem
1782 2782 1819 2816 111
1834 2780 2009 2817 doctorali
2024 2781 2135 2817 verbo
2166 2791 2228 2817 ac-

1172 2846 1243 2892 cipi
1257 2845 1387 2882 debere
1403 2844 1650 2890 multipliciter
1667 2843 1702 2878 in
1717 2842 1786 2878 1106
1796 2841 1955 2878 Levitico
1972 2841 2065 2878 libro
2082 2842 2224 2887 pridem

1172 2904 1512 2942 demonstravimus.
1530 2902 1742 2948 Quicunque
1760 2910 1846 2948 ergo
1857 2902 1934 2937 haec
1951 2905 2144 2948 antequam
2162 2911 2229 2947 per

48 2978 201 3024 iudicate
228 2975 348 3024 (Joan.
382 2973 460 3022 vu).
483 2972 746 3010 vestimentum
773 2976 895 3007 autem
912 2969 1102 3006 abomina-
1118 2965 1154 3006 D
1172 2967 1365 3004 adventum
1382 2965 1518 3002 Christi
1539 2964 1754 3000 liberaretur
1772 2962 1922 3006 fecerat,
1939 2968 2039 2999 recte
2059 2972 2133 2998 non
2151 2972 2228 2998 mo-

48 3038 119 3076 bile
154 3047 200 3074 ex
219 3035 358 3072 duobus
390 3037 600 3070 contextum
628 3030 804 3074 induitur,
841 3031 904 3076 qui
938 3029 1030 3066 dicit
1061 3039 1101 3066 se

49 3099 232 3136 Christum
261 3095 413 3136 adorare
445 3098 482 3133 et
516 3093 644 3129 adorat
677 3091 872 3134 daemones,
910 3090 973 3137 qui
1008 3088 1102 3126 Solis

46 3157 197 3206 lustitiae
213 3165 253 3193 se
273 3163 443 3191 asserens
470 3148 635 3193 militem,
658 3150 768 3188 etiam
798 3149 978 3187 visibilem
1005 3146 1102 3186 hunc

49 3225 87 3260 ot
115 3219 178 3266 qui
210 3217 256 3254 ad
287 3212 532 3252 ministerium
560 3216 738 3248 creaturae
766 3209 872 3247 datus
898 3214 967 3253 est,
989 3206 1102 3245 solem

47 3281 181 3328 fluent,
219 3277 275 3314 vel
307 3275 446 3323 reliqua
481 3273 602 3312 sidera
621 3279 685 3312 aut
719 3271 855 3318 aliquid
874 3268 1098 3315 hujusmodi,

47 3341 144 3379 616111
169 3336 358 3376 Manichaei
375 3339 412 3372 et
430 3334 492 3372 alii
508 3333 614 3372 multi
644 3332 808 3373 haeretiei
839 3331 991 3369 faciunt.
1020 3329 1100 3366 Non

47 3402 127 3446 quit
140 3401 238 3439 enim
254 3409 322 3436 nos
336 3406 420 3435 611111
438 3395 554 3434 simus
568 3394 649 3438 Dei,
684 3383 873 3438 diabolicis
903 3390 1100 3428 immisceri

45 3463 216 3512 191615,
231 3470 350 3508 neque
373 3458 481 3497 simul
495 3451 721 3496 orationihus
735 3460 772 3492 61
789 3451 1098 3492 incantationibus

48 3523 191 3568 hmo,
208 3531 276 3561 1166
290 3517 524 3568 phylacteriis
544 3516 715 3554 Ecclesiae
730 3514 794 3552 Dei
812 3518 1098 3558 sanctorumque

33 3584 212 3629 ‘m
227 3581 285 3621 1161
301 3591 323 3618 6
338 3580 485 3622 diverso
499 3586 697 3626 pravorum
725 3574 970 3615 veneticorum
987 3570 1097 3608 simul

53 3643 212 3688 fflset
222 3650 266 3682 116
278 3650 360 3688 111116
375 3644 461 3680 sunt
470 3639 676 3677 doemonnm
705 3635 956 3679 ircumducere
971 3636 1098 3670 sancto

59 3703 222 3751 Spiritui.
234 3703 369 3751 inquo,
382 3694 589 3745 aitPanlus,
606 3699 661 3747 sig
712 3699 739 3735 ti
753 3706 879 3737 sumus
895 3695 1038 3744 (Ephes.
1053 3692 1096 3739 1).

58 3761 209 3803 necem
231 3761 349 3807 nin,
364 3765 409 3803 nt
432 3765 520 3808 1010
543 3769 738 3808 perpessum
768 3755 1042 3798 contumeliam,
1061 3759 1098 3791 61

1171 3027 1344 3064 1161161111.
1366 3025 1459 3062 Nam
1475 3026 1544 3062 etsi
1564 3024 1761 3061 secundum
1777 3023 1935 3060 litteram
1952 3029 1988 3060 et
2008 3033 2079 3059 non
2098 3032 2227 3059 seeun-

1172 3090 1258 3126 dum
1274 3089 1441 3136 spiritum
1465 3087 1580 3135 legem
1601 3087 1814 3132 accipiebat,
1841 3084 2143 3132 quemadmodum
2163 3082 2225 3119 Ju-

1173 3151 1334 3187 daeorum
1364 3148 1471 3185 docet
1489 3148 1694 3195 synagoga,
1726 3145 1821 3182 unde
1840 3150 1876 3181 61
1897 3143 2137 3188 ancillajuste
2161 3153 2227 3177 no-

1170 3213 1343 3255 minatur,
1378 3211 1462 3258 quia
1492 3208 1707 3255 legislatoris
1739 3206 1976 3243 intentionem
2008 3202 2220 3249 ignorabat;

1172 3283 1299 3310 servus
1311 3277 1448 3315 autem,
1470 3271 1562 3307 sicut
1578 3267 1852 3308 dicitChristus,
1870 3264 1986 3301 nescit
1999 3263 2222 3299 voluntatem

1171 3327 1307 3370 domini
1328 3332 1396 3375 sui,
1428 3336 1464 3366 et
1481 3335 1673 3376 propterea
1698 3327 1907 3371 delinquere
1928 3322 2129 3366 dicebatur,
2160 3333 2223 3359 re-

1170 3393 1453 3437 missionemque
1465 3388 1709 3426 necessariam
1718 3385 1884 3426 habebat,
1898 3383 1980 3428 quia
1995 3382 2222 3418 Dominieum

1170 3457 1391 3500 praeceptum
1414 3459 1487 3485 non
1513 3445 1707 3483 secundum
1731 3443 1955 3479 Dominicam
1973 3441 2141 3478 studebat
2158 3451 2222 3478 vo-

1170 3508 1358 3548 luntatem.
1374 3509 1631 3545 Verumtamen
1648 3504 1731 3550 quia
1745 3512 1818 3539 non
1834 3501 1952 3538 adhuc
1965 3506 2043 3538 erat
2056 3502 2220 3546 liberata,

1170 3575 1208 3607 et
1228 3571 1418 3616 propterea
1439 3565 1581 3603 occulta
1597 3566 1677 3600 erat
1706 3561 1794 3607 legis
1823 3560 2090 3607 contemplatio,
2127 3561 2221 3597 unde

1170 3636 1207 3668 et
1230 3635 1371 3674 tempus
1384 3625 1574 3662 videbatur
1590 3622 1724 3660 habere
1743 3622 1970 3659 conversatio
1990 3621 2132 3663 litterae,
2152 3630 2219 3658 nec

1170 3690 1279 3729 morti
1305 3687 1431 3734 subjici
1446 3686 1627 3728 dicuntur,
1653 3687 1690 3720 et
1707 3682 1950 3719 vtsitationem
1968 3681 2022 3718 eis
2038 3680 2217 3727 promisit.

1171 3749 1260 3789 Nam
1285 3747 1381 3798 quod
1403 3749 1527 3784 nostra
1556 3742 1744 3786 translatio
1772 3740 1882 3780 habet
1904 3738 2080 3777 Voculam
2098 3739 2219 3784 6111011,-
