<?xml version="1.0" encoding="UTF-8"?>
<!DOCTYPE html PUBLIC "-//W3C//DTD XHTML 1.0 Transitional//EN"
    "http://www.w3.org/TR/xhtml1/DTD/xhtml1-transitional.dtd">
<html xmlns="http://www.w3.org/1999/xhtml" xml:lang="en" lang="en">
 <head>
  <title>
</title>
<meta http-equiv="Content-Type" content="text/html;charset=utf-8" />
  <meta name='ocr-system' content='tesseract 3.04.00' />
  <meta name='ocr-capabilities' content='ocr_page ocr_carea ocr_par ocr_line ocrx_word'/>
</head>
<body>
  <div class='ocr_page' id='page_1' title='image "./patrologiae00unknuoft_0595.png"; bbox 0 0 2540 4016; ppageno 0'>
   <div class='ocr_carea' id='block_1_1' title="bbox 39 0 66 79">
    <p class='ocr_par' dir='ltr' id='par_1_1' title="bbox 39 0 66 79">
     <span class='ocr_line' id='line_1_1' title="bbox 39 0 66 79; baseline 0 0"><span class='ocrx_word' id='word_1_1' title='bbox 39 0 66 79; x_wconf 78' lang='lat' dir='ltr'><strong>l</strong></span> 
     </span>
    </p>
   </div>
   <div class='ocr_carea' id='block_1_2' title="bbox 0 0 33 606">
    <p class='ocr_par' dir='ltr' id='par_1_2' title="bbox 0 0 33 606">
     <span class='ocr_line' id='line_1_2' title="bbox 0 0 33 408; baseline 0 0"><span class='ocrx_word' id='word_1_2' title='bbox 0 0 33 408; x_wconf 95' lang='lat' dir='ltr'><strong>   </strong></span> 
     </span>
     <span class='ocr_line' id='line_1_3' title="bbox 0 408 9 606; baseline 0 3410"><span class='ocrx_word' id='word_1_3' title='bbox 0 408 9 606; x_wconf 95' lang='lat' dir='ltr'><strong> </strong></span> 
     </span>
    </p>
   </div>
   <div class='ocr_carea' id='block_1_3' title="bbox 22 107 1574 288">
    <p class='ocr_par' dir='ltr' id='par_1_3' title="bbox 22 107 1574 288">
     <span class='ocr_line' id='line_1_4' title="bbox 22 107 1574 288; baseline 0.021 -104"><span class='ocrx_word' id='word_1_4' title='bbox 22 107 159 288; x_wconf 58' lang='lat' dir='ltr'><strong>,fn-17</strong></span> <span class='ocrx_word' id='word_1_5' title='bbox 680 166 912 207; x_wconf 63' lang='lat' dir='ltr'><strong>commss</strong></span> <span class='ocrx_word' id='word_1_6' title='bbox 938 169 986 207; x_wconf 84' lang='lat' dir='ltr'><strong>IN</strong></span> <span class='ocrx_word' id='word_1_7' title='bbox 1009 170 1094 208; x_wconf 88' lang='lat' dir='ltr'><strong>LlB.</strong></span> <span class='ocrx_word' id='word_1_8' title='bbox 1116 171 1324 213; x_wconf 73' lang='lat' dir='ltr'><strong>mmcnu.</strong></span> <span class='ocrx_word' id='word_1_9' title='bbox 1349 195 1397 204; x_wconf 90' lang='lat'>—</span> <span class='ocrx_word' id='word_1_10' title='bbox 1418 177 1505 216; x_wconf 76' lang='lat' dir='ltr'><strong>Lm.</strong></span> <span class='ocrx_word' id='word_1_11' title='bbox 1529 178 1574 216; x_wconf 62' lang='lat'><strong>110</strong></span> 
     </span>
    </p>
   </div>
   <div class='ocr_carea' id='block_1_4' title="bbox 7 214 2211 370">
    <p class='ocr_par' dir='ltr' id='par_1_4' title="bbox 7 214 2211 370">
     <span class='ocr_line' id='line_1_5' title="bbox 15 214 2211 317; baseline 0.009 -36"><span class='ocrx_word' id='word_1_12' title='bbox 15 253 144 317; x_wconf 19' lang='grc' dir='ltr'><strong>ἔγρῃ-εἱ,</strong></span> <span class='ocrx_word' id='word_1_13' title='bbox 164 249 241 296; x_wconf 75' lang='lat' dir='ltr'><strong>ipsa</strong></span> <span class='ocrx_word' id='word_1_14' title='bbox 255 247 417 292; x_wconf 79' lang='lat' dir='ltr'><strong>Veritate</strong></span> <span class='ocrx_word' id='word_1_15' title='bbox 438 250 646 290; x_wconf 85' lang='lat' dir='ltr'><strong>attestante,</strong></span> <span class='ocrx_word' id='word_1_16' title='bbox 659 251 736 315; x_wconf 63' lang='lat' dir='ltr'><strong>tota</strong></span> <span class='ocrx_word' id='word_1_17' title='bbox 754 247 811 282; x_wconf 73' lang='lat' dir='ltr'><strong>tex</strong></span> <span class='ocrx_word' id='word_1_18' title='bbox 833 247 958 293; x_wconf 80' lang='lat' dir='ltr'><strong><em>pendet</em></strong></span> <span class='ocrx_word' id='word_1_19' title='bbox 976 253 1009 283; x_wconf 80' lang='lat' dir='ltr'><strong>et</strong></span> <span class='ocrx_word' id='word_1_20' title='bbox 1035 259 1110 294; x_wconf 85' lang='lat' dir='ltr'><strong>pro-</strong></span> <span class='ocrx_word' id='word_1_21' title='bbox 1127 250 1165 290; x_wconf 87' lang='lat' dir='ltr'><strong>A</strong></span> <span class='ocrx_word' id='word_1_22' title='bbox 1178 251 1239 288; x_wconf 86' lang='lat' dir='ltr'><strong>nia</strong></span> <span class='ocrx_word' id='word_1_23' title='bbox 1258 252 1424 290; x_wconf 80' lang='lat' dir='ltr'><strong>humanae</strong></span> <span class='ocrx_word' id='word_1_24' title='bbox 1447 254 1571 291; x_wconf 82' lang='lat' dir='ltr'><strong>salutis</strong></span> <span class='ocrx_word' id='word_1_25' title='bbox 1593 214 1817 292; x_wconf 69' lang='lat' dir='ltr'><strong>sacramenta</strong></span> <span class='ocrx_word' id='word_1_26' title='bbox 1833 272 1857 297; x_wconf 88' lang='lat'><strong>‚·</strong></span> <span class='ocrx_word' id='word_1_27' title='bbox 1877 260 2043 306; x_wconf 74' lang='lat' dir='ltr'><strong>tanquam</strong></span> <span class='ocrx_word' id='word_1_28' title='bbox 2066 262 2211 309; x_wconf 71' lang='lat' dir='ltr'><strong>iuratus</strong></span> 
     </span>
     <span class='ocr_line' id='line_1_6' title="bbox 7 305 1117 370; baseline 0.005 -32"><span class='ocrx_word' id='word_1_29' title='bbox 7 312 174 370; x_wconf 45' lang='lat' dir='ltr'><strong>,rspneeoe</strong></span> <span class='ocrx_word' id='word_1_30' title='bbox 198 306 340 356; x_wconf 80' lang='lat' dir='ltr'><strong>(Matth.</strong></span> <span class='ocrx_word' id='word_1_31' title='bbox 362 307 467 355; x_wconf 88' lang='lat' dir='ltr'><strong>xxn).</strong></span> <span class='ocrx_word' id='word_1_32' title='bbox 488 306 592 343; x_wconf 88' lang='lat' dir='ltr'><strong>Unde</strong></span> <span class='ocrx_word' id='word_1_33' title='bbox 607 310 644 342; x_wconf 87' lang='lat' dir='ltr'><strong>et</strong></span> <span class='ocrx_word' id='word_1_34' title='bbox 657 306 753 343; x_wconf 81' lang='lat' dir='ltr'><strong>idem</strong></span> <span class='ocrx_word' id='word_1_35' title='bbox 764 305 932 342; x_wconf 80' lang='lat' dir='ltr'><strong>Salvator</strong></span> <span class='ocrx_word' id='word_1_36' title='bbox 947 307 985 343; x_wconf 90' lang='lat' dir='ltr'><strong>in</strong></span> <span class='ocrx_word' id='word_1_37' title='bbox 1002 308 1117 344; x_wconf 89' lang='lat' dir='ltr'><strong>Evan-</strong></span> 
     </span>
    </p>
   </div>
   <div class='ocr_carea' id='block_1_5' title="bbox 11 364 1115 428">
    <p class='ocr_par' dir='ltr' id='par_1_5' title="bbox 11 364 1115 428">
     <span class='ocr_line' id='line_1_7' title="bbox 11 364 1115 428; baseline -0.002 -23"><span class='ocrx_word' id='word_1_38' title='bbox 11 369 157 428; x_wconf 44' lang='lat'><strong>930110</strong></span> <span class='ocrx_word' id='word_1_39' title='bbox 172 367 355 413; x_wconf 82' lang='lat' dir='ltr'><strong>discipulis</strong></span> <span class='ocrx_word' id='word_1_40' title='bbox 374 367 450 403; x_wconf 88' lang='lat' dir='ltr'><strong>suis</strong></span> <span class='ocrx_word' id='word_1_41' title='bbox 474 365 525 402; x_wconf 88' lang='lat' dir='ltr'><strong>ait</strong></span> <span class='ocrx_word' id='word_1_42' title='bbox 543 375 554 400; x_wconf 75' lang='grc' dir='ltr'><strong><em>ε</em></strong></span> <span class='ocrx_word' id='word_1_43' title='bbox 577 364 655 400; x_wconf 83' lang='lat' dir='ltr'><strong>Hoc</strong></span> <span class='ocrx_word' id='word_1_44' title='bbox 677 371 729 400; x_wconf 86' lang='lat' dir='ltr'><strong>est</strong></span> <span class='ocrx_word' id='word_1_45' title='bbox 755 371 962 412; x_wconf 64' lang='lat' dir='ltr'><strong>paeceptum</strong></span> <span class='ocrx_word' id='word_1_46' title='bbox 979 377 1115 412; x_wconf 86' lang='lat' dir='ltr'><strong>meum,</strong></span> 
     </span>
    </p>
   </div>
   <div class='ocr_carea' id='block_1_6' title="bbox 63 423 1118 483">
    <p class='ocr_par' dir='ltr' id='par_1_6' title="bbox 63 423 1118 483">
     <span class='ocr_line' id='line_1_8' title="bbox 63 423 1118 483; baseline -0.002 -18"><span class='ocrx_word' id='word_1_47' title='bbox 63 435 104 466; x_wconf 81' lang='lat' dir='ltr'><strong>ut</strong></span> <span class='ocrx_word' id='word_1_48' title='bbox 116 427 270 474; x_wconf 78' lang='lat' dir='ltr'><strong>ditiqatis</strong></span> <span class='ocrx_word' id='word_1_49' title='bbox 284 427 431 483; x_wconf 57' lang='lat' dir='ltr'><strong>inogem</strong></span> <span class='ocrx_word' id='word_1_50' title='bbox 445 425 535 461; x_wconf 80' lang='lat' dir='ltr'><strong>sicut</strong></span> <span class='ocrx_word' id='word_1_51' title='bbox 553 424 660 460; x_wconf 78' lang='lat' dir='ltr'><strong><em>dilexi</em></strong></span> <span class='ocrx_word' id='word_1_52' title='bbox 679 435 739 460; x_wconf 90' lang='lat' dir='ltr'><strong>vos</strong></span> <span class='ocrx_word' id='word_1_53' title='bbox 759 423 880 472; x_wconf 85' lang='lat' dir='ltr'><strong>(Joan.</strong></span> <span class='ocrx_word' id='word_1_54' title='bbox 899 425 974 472; x_wconf 87' lang='lat' dir='ltr'>xv).</span> <span class='ocrx_word' id='word_1_55' title='bbox 1002 425 1118 463; x_wconf 85' lang='lat' dir='ltr'><strong>Habet</strong></span> 
     </span>
    </p>
   </div>
   <div class='ocr_carea' id='block_1_7' title="bbox 15 484 1116 534">
    <p class='ocr_par' dir='ltr' id='par_1_7' title="bbox 15 484 1116 534">
     <span class='ocr_line' id='line_1_9' title="bbox 15 484 1116 534; baseline -0.003 -8"><span class='ocrx_word' id='word_1_56' title='bbox 15 487 18 492; x_wconf 83' lang='lat'>&#39;</span> <span class='ocrx_word' id='word_1_57' title='bbox 65 499 152 534; x_wconf 83' lang='lat' dir='ltr'><strong>ergo</strong></span> <span class='ocrx_word' id='word_1_58' title='bbox 176 489 244 524; x_wconf 90' lang='lat' dir='ltr'><strong>iste</strong></span> <span class='ocrx_word' id='word_1_59' title='bbox 255 485 332 522; x_wconf 85' lang='lat' dir='ltr'><strong>Jair</strong></span> <span class='ocrx_word' id='word_1_60' title='bbox 346 486 495 532; x_wconf 83' lang='lat' dir='ltr'><strong>triginta</strong></span> <span class='ocrx_word' id='word_1_61' title='bbox 524 484 618 522; x_wconf 81' lang='lat' dir='ltr'><strong>lilios</strong></span> <span class='ocrx_word' id='word_1_62' title='bbox 647 485 812 521; x_wconf 84' lang='lat' dir='ltr'><strong>sedentes</strong></span> <span class='ocrx_word' id='word_1_63' title='bbox 835 495 942 532; x_wconf 86' lang='lat' dir='ltr'><strong>super</strong></span> <span class='ocrx_word' id='word_1_64' title='bbox 967 486 1116 532; x_wconf 87' lang='lat' dir='ltr'><strong>triginta</strong></span> 
     </span>
    </p>
   </div>
   <div class='ocr_carea' id='block_1_8' title="bbox 63 545 1118 597">
    <p class='ocr_par' dir='ltr' id='par_1_8' title="bbox 63 545 1118 597">
     <span class='ocr_line' id='line_1_10' title="bbox 63 545 1118 597; baseline -0.004 -11"><span class='ocrx_word' id='word_1_65' title='bbox 63 550 180 597; x_wconf 91' lang='lat' dir='ltr'><strong>pullos</strong></span> <span class='ocrx_word' id='word_1_66' title='bbox 200 549 383 585; x_wconf 89' lang='lat' dir='ltr'><strong>asinarum</strong></span> <span class='ocrx_word' id='word_1_67' title='bbox 401 559 409 582; x_wconf 90' lang='lat'>:</span> <span class='ocrx_word' id='word_1_68' title='bbox 432 547 516 592; x_wconf 85' lang='lat' dir='ltr'><strong>quia</strong></span> <span class='ocrx_word' id='word_1_69' title='bbox 536 546 597 592; x_wconf 88' lang='lat' dir='ltr'><strong>qui</strong></span> <span class='ocrx_word' id='word_1_70' title='bbox 628 550 727 582; x_wconf 87' lang='lat' dir='ltr'><strong>reete</strong></span> <span class='ocrx_word' id='word_1_71' title='bbox 744 546 808 581; x_wconf 83' lang='lat' dir='ltr'><strong>filii</strong></span> <span class='ocrx_word' id='word_1_72' title='bbox 828 545 906 591; x_wconf 86' lang='lat' dir='ltr'><strong>ejus</strong></span> <span class='ocrx_word' id='word_1_73' title='bbox 929 547 1118 583; x_wconf 88' lang='lat' dir='ltr'><strong>nominan-</strong></span> 
     </span>
    </p>
   </div>
   <div class='ocr_carea' id='block_1_9' title="bbox 0 605 1117 894">
    <p class='ocr_par' dir='ltr' id='par_1_9' title="bbox 0 605 1117 894">
     <span class='ocr_line' id='line_1_11' title="bbox 65 605 1117 649; baseline -0.003 -4.175"><span class='ocrx_word' id='word_1_74' title='bbox 65 614 125 645; x_wconf 88' lang='lat' dir='ltr'><strong>tur</strong></span> <span class='ocrx_word' id='word_1_75' title='bbox 141 615 178 644; x_wconf 91' lang='lat' dir='ltr'><strong>et</strong></span> <span class='ocrx_word' id='word_1_76' title='bbox 195 613 289 649; x_wconf 89' lang='lat' dir='ltr'><strong>sunt,</strong></span> <span class='ocrx_word' id='word_1_77' title='bbox 317 606 355 643; x_wconf 94' lang='lat' dir='ltr'><strong>hi</strong></span> <span class='ocrx_word' id='word_1_78' title='bbox 381 606 579 642; x_wconf 90' lang='lat' dir='ltr'><strong>nimirum:</strong></span> <span class='ocrx_word' id='word_1_79' title='bbox 607 605 643 641; x_wconf 91' lang='lat' dir='ltr'><strong>in</strong></span> <span class='ocrx_word' id='word_1_80' title='bbox 673 610 806 641; x_wconf 82' lang='lat' dir='ltr'><strong>sanctae</strong></span> <span class='ocrx_word' id='word_1_81' title='bbox 824 605 1011 641; x_wconf 82' lang='lat' dir='ltr'>Trinitatis</span> <span class='ocrx_word' id='word_1_82' title='bbox 1047 606 1117 642; x_wconf 84' lang='lat' dir='ltr'><strong>lide</strong></span> 
     </span>
     <span class='ocr_line' id='line_1_12' title="bbox 65 667 1115 710; baseline -0.003 -4.175"><span class='ocrx_word' id='word_1_83' title='bbox 65 670 316 707; x_wconf 88' lang='lat' dir='ltr'><strong>mandatorum</strong></span> <span class='ocrx_word' id='word_1_84' title='bbox 330 668 393 704; x_wconf 90' lang='lat' dir='ltr'><strong>Dei</strong></span> <span class='ocrx_word' id='word_1_85' title='bbox 404 668 603 704; x_wconf 83' lang='lat' dir='ltr'>custodiam</span> <span class='ocrx_word' id='word_1_86' title='bbox 622 667 769 710; x_wconf 88' lang='lat' dir='ltr'><strong>habent,</strong></span> <span class='ocrx_word' id='word_1_87' title='bbox 785 671 821 702; x_wconf 91' lang='lat' dir='ltr'><strong>et</strong></span> <span class='ocrx_word' id='word_1_88' title='bbox 836 667 1017 702; x_wconf 87' lang='lat' dir='ltr'><strong>lasciviam</strong></span> <span class='ocrx_word' id='word_1_89' title='bbox 1034 677 1115 703; x_wconf 87' lang='lat' dir='ltr'><strong>ear-</strong></span> 
     </span>
     <span class='ocr_line' id='line_1_13' title="bbox 65 726 1113 769; baseline -0.004 -4.234"><span class='ocrx_word' id='word_1_90' title='bbox 65 730 121 767; x_wconf 89' lang='lat' dir='ltr'><strong>nis</strong></span> <span class='ocrx_word' id='word_1_91' title='bbox 139 738 212 764; x_wconf 80' lang='lat' dir='ltr'><strong>suae</strong></span> <span class='ocrx_word' id='word_1_92' title='bbox 231 728 324 763; x_wconf 88' lang='lat' dir='ltr'><strong>bene</strong></span> <span class='ocrx_word' id='word_1_93' title='bbox 346 728 503 769; x_wconf 87' lang='lat' dir='ltr'><strong>domare,</strong></span> <span class='ocrx_word' id='word_1_94' title='bbox 532 732 568 762; x_wconf 89' lang='lat' dir='ltr'><strong>et</strong></span> <span class='ocrx_word' id='word_1_95' title='bbox 587 726 731 762; x_wconf 89' lang='lat' dir='ltr'><strong>sibimet</strong></span> <span class='ocrx_word' id='word_1_96' title='bbox 752 726 928 762; x_wconf 84' lang='lat' dir='ltr'><strong>dominari</strong></span> <span class='ocrx_word' id='word_1_97' title='bbox 943 727 1088 762; x_wconf 83' lang='lat' dir='ltr'><strong>student</strong></span> <span class='ocrx_word' id='word_1_98' title='bbox 1104 738 1113 761; x_wconf 91' lang='lat'>:</span> 
     </span>
     <span class='ocr_line' id='line_1_14' title="bbox 0 786 1115 833; baseline -0.004 -9"><span class='ocrx_word' id='word_1_99' title='bbox 0 793 1 831; x_wconf 80' lang='lat' dir='ltr'>j</span> <span class='ocrx_word' id='word_1_100' title='bbox 65 788 160 824; x_wconf 89' lang='lat' dir='ltr'><strong>unde</strong></span> <span class='ocrx_word' id='word_1_101' title='bbox 188 793 225 823; x_wconf 90' lang='lat' dir='ltr'><strong>et</strong></span> <span class='ocrx_word' id='word_1_102' title='bbox 242 787 425 833; x_wconf 84' lang='lat' dir='ltr'><strong>principes</strong></span> <span class='ocrx_word' id='word_1_103' title='bbox 447 786 592 832; x_wconf 87' lang='lat' dir='ltr'><strong>triginta</strong></span> <span class='ocrx_word' id='word_1_104' title='bbox 616 786 802 823; x_wconf 86' lang='lat' dir='ltr'><strong>civitatum</strong></span> <span class='ocrx_word' id='word_1_105' title='bbox 821 795 900 822; x_wconf 89' lang='lat' dir='ltr'><strong>esse</strong></span> <span class='ocrx_word' id='word_1_106' title='bbox 918 791 1115 829; x_wconf 86' lang='lat' dir='ltr'><strong>merentur,</strong></span> 
     </span>
     <span class='ocr_line' id='line_1_15' title="bbox 0 845 1117 894; baseline -0.004 -11"><span class='ocrx_word' id='word_1_107' title='bbox 0 874 1 878; x_wconf 65' lang='lat'><strong>,</strong></span> <span class='ocrx_word' id='word_1_108' title='bbox 63 859 142 894; x_wconf 78' lang='lat' dir='ltr'><strong>quae</strong></span> <span class='ocrx_word' id='word_1_109' title='bbox 156 858 200 883; x_wconf 87' lang='lat' dir='ltr'><strong>ex</strong></span> <span class='ocrx_word' id='word_1_110' title='bbox 214 846 359 884; x_wconf 76' lang='lat' dir='ltr'><strong>nomine</strong></span> <span class='ocrx_word' id='word_1_111' title='bbox 384 847 460 892; x_wconf 87' lang='lat' dir='ltr'><strong>ejus</strong></span> <span class='ocrx_word' id='word_1_112' title='bbox 482 846 669 892; x_wconf 74' lang='lat' dir='ltr'><strong>appellatae</strong></span> <span class='ocrx_word' id='word_1_113' title='bbox 688 851 793 888; x_wconf 88' lang='lat' dir='ltr'><strong>sunt;</strong></span> <span class='ocrx_word' id='word_1_114' title='bbox 816 845 900 891; x_wconf 87' lang='lat' dir='ltr'><strong>quia</strong></span> <span class='ocrx_word' id='word_1_115' title='bbox 914 845 1117 890; x_wconf 82' lang='lat' dir='ltr'><strong>quicunque</strong></span> 
     </span>
    </p>
   </div>
   <div class='ocr_carea' id='block_1_10' title="bbox 65 905 1116 948">
    <p class='ocr_par' dir='ltr' id='par_1_10' title="bbox 65 905 1116 948">
     <span class='ocr_line' id='line_1_16' title="bbox 65 905 1116 948; baseline -0.002 -5"><span class='ocrx_word' id='word_1_116' title='bbox 65 907 261 944; x_wconf 88' lang='lat' dir='ltr'><strong>secundum</strong></span> <span class='ocrx_word' id='word_1_117' title='bbox 277 912 410 942; x_wconf 79' lang='lat' dir='ltr'><strong>sanctae</strong></span> <span class='ocrx_word' id='word_1_118' title='bbox 422 906 607 942; x_wconf 86' lang='lat' dir='ltr'><strong>Trinitatis</strong></span> <span class='ocrx_word' id='word_1_119' title='bbox 624 906 730 942; x_wconf 86' lang='lat' dir='ltr'><strong>fidem</strong></span> <span class='ocrx_word' id='word_1_120' title='bbox 751 906 937 942; x_wconf 89' lang='lat' dir='ltr'><strong>seientiam</strong></span> <span class='ocrx_word' id='word_1_121' title='bbox 954 905 1042 948; x_wconf 85' lang='lat' dir='ltr'><strong>legis</strong></span> <span class='ocrx_word' id='word_1_122' title='bbox 1054 906 1116 941; x_wconf 90' lang='lat' dir='ltr'><strong>Dei</strong></span> 
     </span>
    </p>
   </div>
   <div class='ocr_carea' id='block_1_11' title="bbox 0 966 1116 1012">
    <p class='ocr_par' dir='ltr' id='par_1_11' title="bbox 0 966 1116 1012">
     <span class='ocr_line' id='line_1_17' title="bbox 0 966 1116 1012; baseline -0.002 -8"><span class='ocrx_word' id='word_1_123' title='bbox 0 987 2 998; x_wconf 72' lang='lat'>2</span> <span class='ocrx_word' id='word_1_124' title='bbox 66 969 101 1003; x_wconf 90' lang='lat' dir='ltr'><strong>in</strong></span> <span class='ocrx_word' id='word_1_125' title='bbox 123 969 288 1004; x_wconf 86' lang='lat' dir='ltr'><strong>custodia</strong></span> <span class='ocrx_word' id='word_1_126' title='bbox 309 968 559 1003; x_wconf 86' lang='lat' dir='ltr'><strong>mandatorum</strong></span> <span class='ocrx_word' id='word_1_127' title='bbox 574 967 686 1012; x_wconf 89' lang='lat' dir='ltr'><strong>ipsius</strong></span> <span class='ocrx_word' id='word_1_128' title='bbox 702 966 856 1011; x_wconf 84' lang='lat' dir='ltr'><strong>pleniter</strong></span> <span class='ocrx_word' id='word_1_129' title='bbox 868 966 1030 1010; x_wconf 81' lang='lat' dir='ltr'><strong>percipit,</strong></span> <span class='ocrx_word' id='word_1_130' title='bbox 1050 967 1116 1002; x_wconf 84' lang='lat' dir='ltr'><strong>iste</strong></span> 
     </span>
    </p>
   </div>
   <div class='ocr_carea' id='block_1_12' title="bbox 11 3784 29 4016">
    <p class='ocr_par' dir='ltr' id='par_1_12' title="bbox 11 3784 29 4016">
     <span class='ocr_line' id='line_1_18' title="bbox 11 3784 29 4016; textangle 90"><span class='ocrx_word' id='word_1_131' title='bbox 11 3891 28 4016; x_wconf 49' lang='lat' dir='ltr'><strong>{hu—*kdss</strong></span> <span class='ocrx_word' id='word_1_132' title='bbox 11 3855 25 3878; x_wconf 74' lang='lat'><strong>.&#39;·</strong></span> <span class='ocrx_word' id='word_1_133' title='bbox 23 3825 25 3829; x_wconf 92' lang='lat'>.</span> <span class='ocrx_word' id='word_1_134' title='bbox 21 3784 29 3809; x_wconf 34' lang='lat'><em>...¹</em></span> 
     </span>
    </p>
   </div>
   <div class='ocr_carea' id='block_1_13' title="bbox 65 1025 1122 2039">
    <p class='ocr_par' dir='ltr' id='par_1_13' title="bbox 65 1025 1122 2039">
     <span class='ocr_line' id='line_1_19' title="bbox 68 1025 1116 1070; baseline -0.002 -7"><span class='ocrx_word' id='word_1_135' title='bbox 68 1028 218 1064; x_wconf 87' lang='lat' dir='ltr'><strong>idoneus</strong></span> <span class='ocrx_word' id='word_1_136' title='bbox 229 1033 285 1062; x_wconf 91' lang='lat' dir='ltr'><strong>est</strong></span> <span class='ocrx_word' id='word_1_137' title='bbox 299 1031 334 1061; x_wconf 91' lang='lat' dir='ltr'><strong>et</strong></span> <span class='ocrx_word' id='word_1_138' title='bbox 349 1026 428 1061; x_wconf 90' lang='lat' dir='ltr'><strong>aliis</strong></span> <span class='ocrx_word' id='word_1_139' title='bbox 443 1026 622 1070; x_wconf 82' lang='lat' dir='ltr'><strong>praeponi:</strong></span> <span class='ocrx_word' id='word_1_140' title='bbox 636 1026 720 1070; x_wconf 90' lang='lat' dir='ltr'><strong>quia</strong></span> <span class='ocrx_word' id='word_1_141' title='bbox 731 1035 750 1060; x_wconf 89' lang='lat' dir='ltr'><strong>a</strong></span> <span class='ocrx_word' id='word_1_142' title='bbox 763 1025 842 1060; x_wconf 87' lang='lat' dir='ltr'><strong>luce</strong></span> <span class='ocrx_word' id='word_1_143' title='bbox 858 1025 917 1060; x_wconf 89' lang='lat' dir='ltr'><strong>filii</strong></span> <span class='ocrx_word' id='word_1_144' title='bbox 931 1026 1018 1061; x_wconf 89' lang='lat' dir='ltr'><strong>lucis</strong></span> <span class='ocrx_word' id='word_1_145' title='bbox 1031 1026 1116 1061; x_wconf 88' lang='lat' dir='ltr'><strong>dicti</strong></span> 
     </span>
     <span class='ocr_line' id='line_1_20' title="bbox 65 1084 1118 1132; baseline -0.001 -9"><span class='ocrx_word' id='word_1_146' title='bbox 65 1092 159 1129; x_wconf 88' lang='lat' dir='ltr'><strong>sunt,</strong></span> <span class='ocrx_word' id='word_1_147' title='bbox 179 1087 272 1122; x_wconf 85' lang='lat' dir='ltr'><strong>sicut</strong></span> <span class='ocrx_word' id='word_1_148' title='bbox 287 1084 484 1121; x_wconf 80' lang='lat' dir='ltr'><strong>Christiani</strong></span> <span class='ocrx_word' id='word_1_149' title='bbox 499 1095 519 1119; x_wconf 86' lang='lat' dir='ltr'><strong>a</strong></span> <span class='ocrx_word' id='word_1_150' title='bbox 538 1084 684 1120; x_wconf 87' lang='lat' dir='ltr'><strong>Christo</strong></span> <span class='ocrx_word' id='word_1_151' title='bbox 700 1098 707 1120; x_wconf 92' lang='lat'>:</span> <span class='ocrx_word' id='word_1_152' title='bbox 727 1085 823 1121; x_wconf 92' lang='lat' dir='ltr'><strong>unde</strong></span> <span class='ocrx_word' id='word_1_153' title='bbox 842 1085 1014 1122; x_wconf 87' lang='lat' dir='ltr'><strong>Dominus</strong></span> <span class='ocrx_word' id='word_1_154' title='bbox 1033 1097 1118 1132; x_wconf 86' lang='lat' dir='ltr'><strong>apo-</strong></span> 
     </span>
     <span class='ocr_line' id='line_1_21' title="bbox 66 1143 1118 1184; baseline -0.002 -1"><span class='ocrx_word' id='word_1_155' title='bbox 66 1147 167 1184; x_wconf 90' lang='lat' dir='ltr'><strong>stolis</strong></span> <span class='ocrx_word' id='word_1_156' title='bbox 187 1146 262 1181; x_wconf 90' lang='lat' dir='ltr'><strong>suis</strong></span> <span class='ocrx_word' id='word_1_157' title='bbox 288 1145 365 1180; x_wconf 85' lang='lat' dir='ltr'><strong>ait:</strong></span> <span class='ocrx_word' id='word_1_158' title='bbox 392 1143 460 1179; x_wconf 89' lang='lat' dir='ltr'><strong>Vos</strong></span> <span class='ocrx_word' id='word_1_159' title='bbox 487 1145 568 1180; x_wconf 81' lang='lat' dir='ltr'><strong>estis</strong></span> <span class='ocrx_word' id='word_1_160' title='bbox 595 1144 656 1180; x_wconf 76' lang='lat' dir='ltr'><strong>lua:</strong></span> <span class='ocrx_word' id='word_1_161' title='bbox 673 1145 808 1180; x_wconf 86' lang='lat' dir='ltr'><strong>mundi.</strong></span> <span class='ocrx_word' id='word_1_162' title='bbox 839 1145 899 1181; x_wconf 86' lang='lat' dir='ltr'><strong>Sic</strong></span> <span class='ocrx_word' id='word_1_163' title='bbox 922 1146 1032 1181; x_wconf 84' lang='lat' dir='ltr'><strong>luceat</strong></span> <span class='ocrx_word' id='word_1_164' title='bbox 1057 1146 1118 1181; x_wconf 73' lang='lat' dir='ltr'><strong>lua:</strong></span> 
     </span>
     <span class='ocr_line' id='line_1_22' title="bbox 65 1205 1118 1252; baseline -0.001 -9"><span class='ocrx_word' id='word_1_165' title='bbox 65 1213 177 1243; x_wconf 85' lang='lat' dir='ltr'><strong>vestra</strong></span> <span class='ocrx_word' id='word_1_166' title='bbox 209 1217 326 1241; x_wconf 82' lang='lat' dir='ltr'><strong>coram</strong></span> <span class='ocrx_word' id='word_1_167' title='bbox 367 1205 562 1240; x_wconf 85' lang='lat' dir='ltr'><strong>hominibus</strong></span> <span class='ocrx_word' id='word_1_168' title='bbox 580 1231 589 1247; x_wconf 94' lang='lat'>‚</span> <span class='ocrx_word' id='word_1_169' title='bbox 623 1211 661 1240; x_wconf 83' lang='lat' dir='ltr'><strong>ut</strong></span> <span class='ocrx_word' id='word_1_170' title='bbox 694 1206 831 1240; x_wconf 85' lang='lat' dir='ltr'><strong>videant</strong></span> <span class='ocrx_word' id='word_1_171' title='bbox 868 1218 970 1252; x_wconf 82' lang='lat' dir='ltr'><strong>opera</strong></span> <span class='ocrx_word' id='word_1_172' title='bbox 1006 1213 1118 1242; x_wconf 79' lang='lat' dir='ltr'><strong>vestra</strong></span> 
     </span>
     <span class='ocr_line' id='line_1_23' title="bbox 67 1265 1118 1312; baseline 0.001 -11"><span class='ocrx_word' id='word_1_173' title='bbox 67 1267 169 1309; x_wconf 89' lang='lat' dir='ltr'><strong>bona,</strong></span> <span class='ocrx_word' id='word_1_174' title='bbox 185 1273 217 1301; x_wconf 84' lang='lat' dir='ltr'><strong>et</strong></span> <span class='ocrx_word' id='word_1_175' title='bbox 241 1265 434 1311; x_wconf 73' lang='lat' dir='ltr'><strong>qlorificent</strong></span> <span class='ocrx_word' id='word_1_176' title='bbox 454 1265 594 1300; x_wconf 86' lang='lat' dir='ltr'><strong>Patrem</strong></span> <span class='ocrx_word' id='word_1_177' title='bbox 616 1272 777 1309; x_wconf 84' lang='lat' dir='ltr'><strong>vestrum,</strong></span> <span class='ocrx_word' id='word_1_178' title='bbox 802 1267 859 1312; x_wconf 85' lang='lat' dir='ltr'><strong>qui</strong></span> <span class='ocrx_word' id='word_1_179' title='bbox 880 1267 916 1301; x_wconf 86' lang='lat' dir='ltr'><strong>in</strong></span> <span class='ocrx_word' id='word_1_180' title='bbox 947 1267 1039 1302; x_wconf 84' lang='lat' dir='ltr'><strong>coelis</strong></span> <span class='ocrx_word' id='word_1_181' title='bbox 1068 1277 1118 1302; x_wconf 85' lang='lat' dir='ltr'><strong>est</strong></span> 
     </span>
     <span class='ocr_line' id='line_1_24' title="bbox 68 1326 1117 1375; baseline 0.001 -12"><span class='ocrx_word' id='word_1_182' title='bbox 68 1327 210 1375; x_wconf 84' lang='lat' dir='ltr'><strong>(Matth.</strong></span> <span class='ocrx_word' id='word_1_183' title='bbox 231 1327 280 1373; x_wconf 88' lang='lat' dir='ltr'><strong>v).</strong></span> <span class='ocrx_word' id='word_1_184' title='bbox 303 1327 369 1362; x_wconf 89' lang='lat' dir='ltr'><strong>Hic</strong></span> <span class='ocrx_word' id='word_1_185' title='bbox 387 1326 462 1361; x_wconf 79' lang='lat' dir='ltr'><strong>Jair</strong></span> <span class='ocrx_word' id='word_1_186' title='bbox 490 1332 654 1363; x_wconf 90' lang='lat' dir='ltr'><strong>mortuus</strong></span> <span class='ocrx_word' id='word_1_187' title='bbox 684 1333 720 1363; x_wconf 91' lang='lat' dir='ltr'><strong>et</strong></span> <span class='ocrx_word' id='word_1_188' title='bbox 742 1328 901 1373; x_wconf 91' lang='lat' dir='ltr'><strong>sepultus</strong></span> <span class='ocrx_word' id='word_1_189' title='bbox 920 1328 1049 1373; x_wconf 82' lang='lat' dir='ltr'><strong>legitur</strong></span> <span class='ocrx_word' id='word_1_190' title='bbox 1080 1329 1117 1364; x_wconf 91' lang='lat' dir='ltr'><strong>in</strong></span> 
     </span>
     <span class='ocr_line' id='line_1_25' title="bbox 67 1388 1118 1426; baseline 0 -1"><span class='ocrx_word' id='word_1_191' title='bbox 67 1391 144 1426; x_wconf 86' lang='lat' dir='ltr'><strong>loco</strong></span> <span class='ocrx_word' id='word_1_192' title='bbox 176 1389 232 1424; x_wconf 91' lang='lat' dir='ltr'><strong>eui</strong></span> <span class='ocrx_word' id='word_1_193' title='bbox 272 1394 326 1424; x_wconf 85' lang='lat' dir='ltr'><strong>est</strong></span> <span class='ocrx_word' id='word_1_194' title='bbox 355 1388 569 1424; x_wconf 85' lang='lat' dir='ltr'><strong>vocabulum</strong></span> <span class='ocrx_word' id='word_1_195' title='bbox 602 1388 749 1424; x_wconf 87' lang='lat' dir='ltr'><strong>Camon.</strong></span> <span class='ocrx_word' id='word_1_196' title='bbox 772 1389 906 1425; x_wconf 86' lang='lat' dir='ltr'><strong>Camon</strong></span> <span class='ocrx_word' id='word_1_197' title='bbox 937 1390 1030 1425; x_wconf 91' lang='lat' dir='ltr'><strong>enim</strong></span> <span class='ocrx_word' id='word_1_198' title='bbox 1063 1390 1118 1425; x_wconf 91' lang='lat' dir='ltr'><strong>in-</strong></span> 
     </span>
     <span class='ocr_line' id='line_1_26' title="bbox 68 1448 1119 1494; baseline -0.001 -10"><span class='ocrx_word' id='word_1_199' title='bbox 68 1453 288 1494; x_wconf 77' lang='lat' dir='ltr'><strong>terpretatur</strong></span> <span class='ocrx_word' id='word_1_200' title='bbox 302 1450 509 1484; x_wconf 85' lang='lat' dir='ltr'><strong>resurrectio</strong></span> <span class='ocrx_word' id='word_1_201' title='bbox 530 1448 678 1484; x_wconf 86' lang='lat' dir='ltr'><strong>inutilis.</strong></span> <span class='ocrx_word' id='word_1_202' title='bbox 698 1449 742 1484; x_wconf 89' lang='lat' dir='ltr'><strong>Et</strong></span> <span class='ocrx_word' id='word_1_203' title='bbox 759 1459 837 1494; x_wconf 85' lang='lat' dir='ltr'><strong>quae</strong></span> <span class='ocrx_word' id='word_1_204' title='bbox 855 1449 982 1484; x_wconf 89' lang='lat' dir='ltr'><strong>melius</strong></span> <span class='ocrx_word' id='word_1_205' title='bbox 996 1458 1119 1484; x_wconf 90' lang='lat' dir='ltr'><strong>resur-</strong></span> 
     </span>
     <span class='ocr_line' id='line_1_27' title="bbox 67 1510 1117 1556; baseline -0.003 -10"><span class='ocrx_word' id='word_1_206' title='bbox 67 1511 180 1546; x_wconf 89' lang='lat' dir='ltr'><strong>rectio</strong></span> <span class='ocrx_word' id='word_1_207' title='bbox 201 1510 334 1546; x_wconf 87' lang='lat' dir='ltr'><strong>inutilis</strong></span> <span class='ocrx_word' id='word_1_208' title='bbox 351 1510 420 1545; x_wconf 90' lang='lat' dir='ltr'><strong>diei</strong></span> <span class='ocrx_word' id='word_1_209' title='bbox 448 1515 586 1556; x_wconf 87' lang='lat' dir='ltr'><strong>potest,</strong></span> <span class='ocrx_word' id='word_1_210' title='bbox 616 1521 724 1556; x_wconf 85' lang='lat' dir='ltr'><strong>quam</strong></span> <span class='ocrx_word' id='word_1_211' title='bbox 749 1510 970 1546; x_wconf 75' lang='lat' dir='ltr'><strong>Hierusalem</strong></span> <span class='ocrx_word' id='word_1_212' title='bbox 1002 1515 1117 1544; x_wconf 88' lang='lat' dir='ltr'><strong>terre-</strong></span> 
     </span>
     <span class='ocr_line' id='line_1_28' title="bbox 68 1571 1119 1617; baseline -0.001 -10"><span class='ocrx_word' id='word_1_213' title='bbox 68 1573 177 1608; x_wconf 86' lang='lat' dir='ltr'><strong>stris?</strong></span> <span class='ocrx_word' id='word_1_214' title='bbox 199 1571 281 1607; x_wconf 88' lang='lat' dir='ltr'><strong>Haec</strong></span> <span class='ocrx_word' id='word_1_215' title='bbox 301 1572 396 1607; x_wconf 91' lang='lat' dir='ltr'><strong>enim</strong></span> <span class='ocrx_word' id='word_1_216' title='bbox 427 1572 727 1607; x_wconf 84' lang='lat' dir='ltr'><strong>resurrectionem</strong></span> <span class='ocrx_word' id='word_1_217' title='bbox 753 1572 909 1614; x_wconf 91' lang='lat' dir='ltr'><strong>Domini,</strong></span> <span class='ocrx_word' id='word_1_218' title='bbox 931 1582 1008 1617; x_wconf 67' lang='lat' dir='ltr'><strong>quse</strong></span> <span class='ocrx_word' id='word_1_219' title='bbox 1040 1581 1119 1607; x_wconf 89' lang='lat' dir='ltr'><strong>cre-</strong></span> 
     </span>
     <span class='ocr_line' id='line_1_29' title="bbox 69 1631 1119 1677; baseline -0.003 -9"><span class='ocrx_word' id='word_1_220' title='bbox 69 1633 236 1669; x_wconf 88' lang='lat' dir='ltr'><strong>dentibus</strong></span> <span class='ocrx_word' id='word_1_221' title='bbox 251 1633 349 1668; x_wconf 90' lang='lat' dir='ltr'><strong>utilis</strong></span> <span class='ocrx_word' id='word_1_222' title='bbox 369 1638 404 1667; x_wconf 91' lang='lat' dir='ltr'><strong>et</strong></span> <span class='ocrx_word' id='word_1_223' title='bbox 421 1632 573 1668; x_wconf 88' lang='lat' dir='ltr'><strong>salubris</strong></span> <span class='ocrx_word' id='word_1_224' title='bbox 590 1638 658 1675; x_wconf 88' lang='lat' dir='ltr'><strong>est,</strong></span> <span class='ocrx_word' id='word_1_225' title='bbox 678 1633 744 1668; x_wconf 89' lang='lat' dir='ltr'><strong>sibi</strong></span> <span class='ocrx_word' id='word_1_226' title='bbox 764 1632 925 1668; x_wconf 86' lang='lat' dir='ltr'><strong>inutilem</strong></span> <span class='ocrx_word' id='word_1_227' title='bbox 944 1637 978 1667; x_wconf 91' lang='lat' dir='ltr'><strong>et</strong></span> <span class='ocrx_word' id='word_1_228' title='bbox 996 1631 1119 1677; x_wconf 88' lang='lat' dir='ltr'><strong>perni-</strong></span> 
     </span>
     <span class='ocr_line' id='line_1_30' title="bbox 70 1692 1119 1736; baseline -0.003 -7"><span class='ocrx_word' id='word_1_229' title='bbox 70 1694 206 1730; x_wconf 88' lang='lat' dir='ltr'><strong>ciosam</strong></span> <span class='ocrx_word' id='word_1_230' title='bbox 227 1704 298 1729; x_wconf 92' lang='lat' dir='ltr'><strong>non</strong></span> <span class='ocrx_word' id='word_1_231' title='bbox 326 1694 504 1729; x_wconf 87' lang='lat' dir='ltr'><strong>eredendo</strong></span> <span class='ocrx_word' id='word_1_232' title='bbox 534 1693 636 1736; x_wconf 85' lang='lat' dir='ltr'><strong>secit;</strong></span> <span class='ocrx_word' id='word_1_233' title='bbox 674 1693 752 1728; x_wconf 90' lang='lat' dir='ltr'><strong>ideo</strong></span> <span class='ocrx_word' id='word_1_234' title='bbox 773 1693 835 1727; x_wconf 84' lang='lat' dir='ltr'><strong>tilii</strong></span> <span class='ocrx_word' id='word_1_235' title='bbox 869 1692 1119 1734; x_wconf 87' lang='lat' dir='ltr'><strong>tenebrarum,</strong></span> 
     </span>
     <span class='ocr_line' id='line_1_31' title="bbox 79 1753 1120 1800; baseline -0.003 -10"><span class='ocrx_word' id='word_1_236' title='bbox 79 1765 140 1791; x_wconf 73' lang='lat' dir='ltr'><strong>ton</strong></span> <span class='ocrx_word' id='word_1_237' title='bbox 156 1755 219 1789; x_wconf 83' lang='lat' dir='ltr'><strong>filii</strong></span> <span class='ocrx_word' id='word_1_238' title='bbox 234 1755 324 1790; x_wconf 86' lang='lat' dir='ltr'><strong>lucis</strong></span> <span class='ocrx_word' id='word_1_239' title='bbox 336 1782 344 1796; x_wconf 92' lang='lat'><strong>,</strong></span> <span class='ocrx_word' id='word_1_240' title='bbox 365 1760 400 1790; x_wconf 89' lang='lat' dir='ltr'><strong>et</strong></span> <span class='ocrx_word' id='word_1_241' title='bbox 415 1754 478 1789; x_wconf 82' lang='lat' dir='ltr'><strong>filii</strong></span> <span class='ocrx_word' id='word_1_242' title='bbox 495 1755 707 1800; x_wconf 87' lang='lat' dir='ltr'><strong>perditionis</strong></span> <span class='ocrx_word' id='word_1_243' title='bbox 723 1755 836 1800; x_wconf 84' lang='lat' dir='ltr'><strong>magis</strong></span> <span class='ocrx_word' id='word_1_244' title='bbox 850 1763 957 1799; x_wconf 89' lang='lat' dir='ltr'><strong>quam</strong></span> <span class='ocrx_word' id='word_1_245' title='bbox 985 1753 1049 1788; x_wconf 87' lang='lat' dir='ltr'><strong>filii</strong></span> <span class='ocrx_word' id='word_1_246' title='bbox 1065 1763 1120 1788; x_wconf 83' lang='lat' dir='ltr'><strong>re·-</strong></span> 
     </span>
     <span class='ocr_line' id='line_1_32' title="bbox 70 1811 1121 1851; baseline -0.003 -1"><span class='ocrx_word' id='word_1_247' title='bbox 70 1815 301 1851; x_wconf 81' lang='lat' dir='ltr'><strong>surrectionis</strong></span> <span class='ocrx_word' id='word_1_248' title='bbox 324 1815 392 1850; x_wconf 88' lang='lat' dir='ltr'><strong>dici</strong></span> <span class='ocrx_word' id='word_1_249' title='bbox 424 1819 645 1850; x_wconf 87' lang='lat' dir='ltr'><strong>meruerunt.</strong></span> <span class='ocrx_word' id='word_1_250' title='bbox 681 1814 834 1849; x_wconf 88' lang='lat' dir='ltr'><strong>Possunt</strong></span> <span class='ocrx_word' id='word_1_251' title='bbox 862 1821 898 1848; x_wconf 85' lang='lat' dir='ltr'><strong>et</strong></span> <span class='ocrx_word' id='word_1_252' title='bbox 920 1813 956 1848; x_wconf 91' lang='lat' dir='ltr'><strong>in</strong></span> <span class='ocrx_word' id='word_1_253' title='bbox 989 1811 1121 1847; x_wconf 88' lang='lat' dir='ltr'><strong>Camon</strong></span> 
     </span>
     <span class='ocr_line' id='line_1_33' title="bbox 70 1873 1122 1910; baseline -0.004 0"><span class='ocrx_word' id='word_1_254' title='bbox 70 1875 242 1910; x_wconf 87' lang='lat' dir='ltr'><strong>vocabulo</strong></span> <span class='ocrx_word' id='word_1_255' title='bbox 256 1875 412 1910; x_wconf 86' lang='lat' dir='ltr'><strong>haeretici</strong></span> <span class='ocrx_word' id='word_1_256' title='bbox 431 1875 486 1909; x_wconf 89' lang='lat' dir='ltr'><strong>vel</strong></span> <span class='ocrx_word' id='word_1_257' title='bbox 500 1874 583 1910; x_wconf 92' lang='lat' dir='ltr'><strong>mali</strong></span> <span class='ocrx_word' id='word_1_258' title='bbox 602 1874 766 1910; x_wconf 85' lang='lat' dir='ltr'><strong>catholici</strong></span> <span class='ocrx_word' id='word_1_259' title='bbox 782 1885 852 1910; x_wconf 92' lang='lat' dir='ltr'><strong>non</strong></span> <span class='ocrx_word' id='word_1_260' title='bbox 872 1873 1122 1909; x_wconf 89' lang='lat' dir='ltr'><strong>inconvenien-</strong></span> 
     </span>
     <span class='ocr_line' id='line_1_34' title="bbox 71 1932 1120 1978; baseline -0.004 -9"><span class='ocrx_word' id='word_1_261' title='bbox 71 1939 127 1969; x_wconf 88' lang='lat' dir='ltr'><strong>ter</strong></span> <span class='ocrx_word' id='word_1_262' title='bbox 150 1934 277 1978; x_wconf 89' lang='lat' dir='ltr'><strong>accipi,</strong></span> <span class='ocrx_word' id='word_1_263' title='bbox 298 1934 359 1978; x_wconf 92' lang='lat' dir='ltr'><strong>qui</strong></span> <span class='ocrx_word' id='word_1_264' title='bbox 372 1934 512 1976; x_wconf 78' lang='lat' dir='ltr'><strong>{merito</strong></span> <span class='ocrx_word' id='word_1_265' title='bbox 542 1934 747 1968; x_wconf 84' lang='lat' dir='ltr'><strong>resurrectio</strong></span> <span class='ocrx_word' id='word_1_266' title='bbox 767 1932 902 1967; x_wconf 83' lang='lat' dir='ltr'><strong>inutilis</strong></span> <span class='ocrx_word' id='word_1_267' title='bbox 922 1937 1095 1967; x_wconf 78' lang='lat' dir='ltr'><strong>vocantur</strong></span> <span class='ocrx_word' id='word_1_268' title='bbox 1111 1958 1120 1974; x_wconf 91' lang='lat'><strong>,</strong></span> 
     </span>
     <span class='ocr_line' id='line_1_35' title="bbox 71 1990 1119 2039; baseline -0.005 -11"><span class='ocrx_word' id='word_1_269' title='bbox 71 1993 155 2039; x_wconf 87' lang='lat' dir='ltr'><strong>quia</strong></span> <span class='ocrx_word' id='word_1_270' title='bbox 173 1993 330 2027; x_wconf 90' lang='lat' dir='ltr'><strong>nihileis</strong></span> <span class='ocrx_word' id='word_1_271' title='bbox 349 1992 483 2036; x_wconf 82' lang='lat' dir='ltr'><strong>profuit</strong></span> <span class='ocrx_word' id='word_1_272' title='bbox 508 2001 572 2036; x_wconf 88' lang='lat' dir='ltr'><strong>per</strong></span> <span class='ocrx_word' id='word_1_273' title='bbox 593 1991 744 2036; x_wconf 84' lang='lat' dir='ltr'><strong>gratiam</strong></span> <span class='ocrx_word' id='word_1_274' title='bbox 778 1991 946 2034; x_wconf 88' lang='lat' dir='ltr'><strong>baptismi</strong></span> <span class='ocrx_word' id='word_1_275' title='bbox 967 1990 1119 2032; x_wconf 88' lang='lat' dir='ltr'><strong>renasci,</strong></span> 
     </span>
    </p>
   </div>
   <div class='ocr_carea' id='block_1_14' title="bbox 72 2032 1170 2098">
    <p class='ocr_par' dir='ltr' id='par_1_14' title="bbox 72 2032 1170 2098">
     <span class='ocr_line' id='line_1_36' title="bbox 72 2032 1170 2098; baseline -0.005 -11"><span class='ocrx_word' id='word_1_276' title='bbox 72 2052 201 2098; x_wconf 86' lang='lat' dir='ltr'><strong>quibus</strong></span> <span class='ocrx_word' id='word_1_277' title='bbox 235 2051 364 2086; x_wconf 84' lang='lat' dir='ltr'><strong>iterum</strong></span> <span class='ocrx_word' id='word_1_278' title='bbox 395 2049 548 2094; x_wconf 88' lang='lat' dir='ltr'><strong>pristino</strong></span> <span class='ocrx_word' id='word_1_279' title='bbox 572 2049 686 2084; x_wconf 83' lang='lat' dir='ltr'><strong>errori</strong></span> <span class='ocrx_word' id='word_1_280' title='bbox 723 2059 764 2084; x_wconf 90' lang='lat' dir='ltr'><strong>ae</strong></span> <span class='ocrx_word' id='word_1_281' title='bbox 798 2049 930 2083; x_wconf 83' lang='lat' dir='ltr'><strong>veteris</strong></span> <span class='ocrx_word' id='word_1_282' title='bbox 970 2032 1170 2083; x_wconf 81' lang='lat' dir='ltr'><strong>hominisC</strong></span> 
     </span>
    </p>
   </div>
   <div class='ocr_carea' id='block_1_15' title="bbox 73 2107 1127 2387">
    <p class='ocr_par' dir='ltr' id='par_1_15' title="bbox 73 2107 1127 2387">
     <span class='ocr_line' id='line_1_37' title="bbox 73 2107 1126 2156; baseline -0.007 -9"><span class='ocrx_word' id='word_1_283' title='bbox 73 2112 212 2147; x_wconf 84' lang='lat' dir='ltr'><strong>actibus</strong></span> <span class='ocrx_word' id='word_1_284' title='bbox 225 2111 357 2156; x_wconf 87' lang='lat' dir='ltr'><strong>placuit</strong></span> <span class='ocrx_word' id='word_1_285' title='bbox 376 2109 528 2151; x_wconf 91' lang='lat' dir='ltr'><strong>involvi;</strong></span> <span class='ocrx_word' id='word_1_286' title='bbox 551 2109 587 2143; x_wconf 89' lang='lat' dir='ltr'><strong>iu</strong></span> <span class='ocrx_word' id='word_1_287' title='bbox 609 2109 666 2143; x_wconf 87' lang='lat' dir='ltr'><strong>his</strong></span> <span class='ocrx_word' id='word_1_288' title='bbox 690 2109 784 2143; x_wconf 91' lang='lat' dir='ltr'><strong>enim</strong></span> <span class='ocrx_word' id='word_1_289' title='bbox 804 2107 880 2142; x_wconf 85' lang='lat' dir='ltr'><strong>Jair</strong></span> <span class='ocrx_word' id='word_1_290' title='bbox 900 2113 1022 2142; x_wconf 83' lang='lat' dir='ltr'><strong>noster</strong></span> <span class='ocrx_word' id='word_1_291' title='bbox 1037 2117 1126 2151; x_wconf 76' lang='lat' dir='ltr'><strong>quo-</strong></span> 
     </span>
     <span class='ocr_line' id='line_1_38' title="bbox 74 2167 1126 2214; baseline -0.007 -6"><span class='ocrx_word' id='word_1_292' title='bbox 74 2172 264 2209; x_wconf 90' lang='lat' dir='ltr'><strong>dammodo</strong></span> <span class='ocrx_word' id='word_1_293' title='bbox 297 2175 459 2206; x_wconf 89' lang='lat' dir='ltr'><strong>mortuus</strong></span> <span class='ocrx_word' id='word_1_294' title='bbox 485 2179 526 2204; x_wconf 88' lang='lat' dir='ltr'><strong>ae</strong></span> <span class='ocrx_word' id='word_1_295' title='bbox 562 2169 723 2214; x_wconf 92' lang='lat' dir='ltr'><strong>sepultus</strong></span> <span class='ocrx_word' id='word_1_296' title='bbox 755 2174 829 2210; x_wconf 87' lang='lat' dir='ltr'><strong>est;</strong></span> <span class='ocrx_word' id='word_1_297' title='bbox 861 2168 944 2212; x_wconf 87' lang='lat' dir='ltr'><strong>quia</strong></span> <span class='ocrx_word' id='word_1_298' title='bbox 975 2167 1126 2213; x_wconf 81' lang='lat' dir='ltr'><strong>gratiam</strong></span> 
     </span>
     <span class='ocr_line' id='line_1_39' title="bbox 75 2226 1127 2275; baseline -0.009 -7"><span class='ocrx_word' id='word_1_299' title='bbox 75 2233 171 2275; x_wconf 86' lang='lat' dir='ltr'><strong>lidei,</strong></span> <span class='ocrx_word' id='word_1_300' title='bbox 192 2241 233 2267; x_wconf 91' lang='lat' dir='ltr'><strong>ac</strong></span> <span class='ocrx_word' id='word_1_301' title='bbox 259 2230 379 2266; x_wconf 86' lang='lat' dir='ltr'><strong>lumen</strong></span> <span class='ocrx_word' id='word_1_302' title='bbox 400 2229 570 2269; x_wconf 64' lang='lat' dir='ltr'><strong>scientiae,</strong></span> <span class='ocrx_word' id='word_1_303' title='bbox 591 2237 669 2272; x_wconf 85' lang='lat' dir='ltr'><strong>quae</strong></span> <span class='ocrx_word' id='word_1_304' title='bbox 687 2236 731 2261; x_wconf 86' lang='lat' dir='ltr'><strong>ex</strong></span> <span class='ocrx_word' id='word_1_305' title='bbox 748 2227 841 2262; x_wconf 90' lang='lat' dir='ltr'><strong>dono</strong></span> <span class='ocrx_word' id='word_1_306' title='bbox 865 2226 927 2261; x_wconf 84' lang='lat' dir='ltr'><strong>Dei</strong></span> <span class='ocrx_word' id='word_1_307' title='bbox 958 2235 1127 2270; x_wconf 84' lang='lat' dir='ltr'><strong>percepe-</strong></span> 
     </span>
     <span class='ocr_line' id='line_1_40' title="bbox 74 2284 1127 2336; baseline -0.009 -8"><span class='ocrx_word' id='word_1_308' title='bbox 74 2299 172 2334; x_wconf 86' lang='lat' dir='ltr'><strong>runt,</strong></span> <span class='ocrx_word' id='word_1_309' title='bbox 190 2292 227 2327; x_wconf 87' lang='lat' dir='ltr'><strong>iu</strong></span> <span class='ocrx_word' id='word_1_310' title='bbox 246 2290 446 2336; x_wconf 87' lang='lat' dir='ltr'><strong>semetipsis</strong></span> <span class='ocrx_word' id='word_1_311' title='bbox 466 2288 725 2325; x_wconf 80' lang='lat' dir='ltr'><strong>interfecerunt</strong></span> <span class='ocrx_word' id='word_1_312' title='bbox 751 2297 793 2323; x_wconf 88' lang='lat' dir='ltr'><strong>ae</strong></span> <span class='ocrx_word' id='word_1_313' title='bbox 811 2286 932 2332; x_wconf 82' lang='lat' dir='ltr'><strong>pravis</strong></span> <span class='ocrx_word' id='word_1_314' title='bbox 966 2284 1127 2320; x_wconf 87' lang='lat' dir='ltr'><strong>moribus</strong></span> 
     </span>
     <span class='ocr_line' id='line_1_41' title="bbox 76 2353 283 2387; baseline -0.005 0"><span class='ocrx_word' id='word_1_315' title='bbox 76 2353 283 2387; x_wconf 84' lang='lat' dir='ltr'><strong>obruerunt.</strong></span> 
     </span>
    </p>
   </div>
   <div class='ocr_carea' id='block_1_16' title="bbox 476 2407 730 2446">
    <p class='ocr_par' dir='ltr' id='par_1_16' title="bbox 476 2407 730 2446">
     <span class='ocr_line' id='line_1_42' title="bbox 476 2407 730 2446; baseline -0.016 0"><span class='ocrx_word' id='word_1_316' title='bbox 476 2407 626 2446; x_wconf 89' lang='lat' dir='ltr'><strong>CAPUT</strong></span> <span class='ocrx_word' id='word_1_317' title='bbox 652 2407 730 2443; x_wconf 84' lang='lat' dir='ltr'><strong>XV.</strong></span> 
     </span>
    </p>
   </div>
   <div class='ocr_carea' id='block_1_17' title="bbox 82 2465 1128 2692">
    <p class='ocr_par' dir='ltr' id='par_1_17' title="bbox 82 2465 1128 2692">
     <span class='ocr_line' id='line_1_43' title="bbox 82 2465 1127 2518; baseline -0.01 -10"><span class='ocrx_word' id='word_1_318' title='bbox 82 2472 183 2516; x_wconf 80' lang='lat' dir='ltr'><strong>Quod</strong></span> <span class='ocrx_word' id='word_1_319' title='bbox 200 2476 397 2518; x_wconf 81' lang='lat' dir='ltr'><strong>peccantem</strong></span> <span class='ocrx_word' id='word_1_320' title='bbox 425 2468 539 2504; x_wconf 84' lang='lat' dir='ltr'><strong>Israel</strong></span> <span class='ocrx_word' id='word_1_321' title='bbox 556 2469 725 2503; x_wconf 80' lang='lat' dir='ltr'><strong>Dominus</strong></span> <span class='ocrx_word' id='word_1_322' title='bbox 764 2465 907 2500; x_wconf 81' lang='lat' dir='ltr'><strong>tradidit</strong></span> <span class='ocrx_word' id='word_1_323' title='bbox 936 2465 973 2500; x_wconf 84' lang='lat' dir='ltr'><strong>in</strong></span> <span class='ocrx_word' id='word_1_324' title='bbox 1004 2475 1127 2499; x_wconf 84' lang='lat' dir='ltr'><strong>manus</strong></span> 
     </span>
     <span class='ocr_line' id='line_1_44' title="bbox 128 2511 1128 2560; baseline -0.009 -7"><span class='ocrx_word' id='word_1_325' title='bbox 128 2518 343 2553; x_wconf 85' lang='lat' dir='ltr'><strong>Philisthiim</strong></span> <span class='ocrx_word' id='word_1_326' title='bbox 379 2523 410 2551; x_wconf 87' lang='lat' dir='ltr'><strong>et</strong></span> <span class='ocrx_word' id='word_1_327' title='bbox 439 2516 593 2560; x_wconf 83' lang='lat' dir='ltr'><strong>filioram</strong></span> <span class='ocrx_word' id='word_1_328' title='bbox 612 2515 773 2553; x_wconf 85' lang='lat' dir='ltr'><strong>Ammon,</strong></span> <span class='ocrx_word' id='word_1_329' title='bbox 788 2512 847 2546; x_wconf 86' lang='lat' dir='ltr'><strong>sed</strong></span> <span class='ocrx_word' id='word_1_330' title='bbox 866 2512 989 2545; x_wconf 82' lang='lat' dir='ltr'><strong>iterum</strong></span> <span class='ocrx_word' id='word_1_331' title='bbox 1007 2512 1054 2545; x_wconf 86' lang='lat' dir='ltr'><strong>eis</strong></span> <span class='ocrx_word' id='word_1_332' title='bbox 1083 2511 1128 2545; x_wconf 87' lang='lat' dir='ltr'><strong>ad</strong></span> 
     </span>
     <span class='ocr_line' id='line_1_45' title="bbox 123 2557 1128 2612; baseline -0.011 -12"><span class='ocrx_word' id='word_1_333' title='bbox 123 2564 360 2612; x_wconf 85' lang='lat' dir='ltr'><strong>poenitentiam</strong></span> <span class='ocrx_word' id='word_1_334' title='bbox 375 2561 544 2597; x_wconf 84' lang='lat' dir='ltr'><strong>conversis</strong></span> <span class='ocrx_word' id='word_1_335' title='bbox 570 2559 784 2604; x_wconf 66' lang='lat' dir='ltr'><strong>defensorem</strong></span> <span class='ocrx_word' id='word_1_336' title='bbox 799 2557 904 2592; x_wconf 82' lang='lat' dir='ltr'><strong>misit.</strong></span> <span class='ocrx_word' id='word_1_337' title='bbox 926 2557 1048 2603; x_wconf 83' lang='lat' dir='ltr'><strong>Jephte</strong></span> <span class='ocrx_word' id='word_1_338' title='bbox 1068 2568 1128 2591; x_wconf 86' lang='lat' dir='ltr'><strong>vo-</strong></span> 
     </span>
     <span class='ocr_line' id='line_1_46' title="bbox 127 2603 1128 2653; baseline -0.01 -7"><span class='ocrx_word' id='word_1_339' title='bbox 127 2618 198 2646; x_wconf 88' lang='lat' dir='ltr'><strong>tum</strong></span> <span class='ocrx_word' id='word_1_340' title='bbox 220 2609 368 2644; x_wconf 85' lang='lat' dir='ltr'><strong>Domino</strong></span> <span class='ocrx_word' id='word_1_341' title='bbox 396 2608 525 2653; x_wconf 73' lang='lat' dir='ltr'><strong>faciens</strong></span> <span class='ocrx_word' id='word_1_342' title='bbox 547 2606 691 2652; x_wconf 83' lang='lat' dir='ltr'><strong>adeptus</strong></span> <span class='ocrx_word' id='word_1_343' title='bbox 711 2611 762 2639; x_wconf 86' lang='lat' dir='ltr'><strong>est</strong></span> <span class='ocrx_word' id='word_1_344' title='bbox 777 2604 818 2638; x_wconf 89' lang='lat' dir='ltr'><strong>de</strong></span> <span class='ocrx_word' id='word_1_345' title='bbox 847 2603 1001 2638; x_wconf 79' lang='lat' dir='ltr'><strong>hostibus</strong></span> <span class='ocrx_word' id='word_1_346' title='bbox 1022 2603 1128 2638; x_wconf 75' lang='lat' dir='ltr'><strong>victo-</strong></span> 
     </span>
     <span class='ocr_line' id='line_1_47' title="bbox 127 2667 231 2692; baseline -0.019 0"><span class='ocrx_word' id='word_1_347' title='bbox 127 2667 231 2692; x_wconf 79' lang='lat' dir='ltr'><strong>riam.</strong></span> 
     </span>
    </p>
   </div>
   <div class='ocr_carea' id='block_1_18' title="bbox 81 2709 1131 2879">
    <p class='ocr_par' dir='ltr' id='par_1_18' title="bbox 81 2709 1131 2879">
     <span class='ocr_line' id='line_1_48' title="bbox 127 2709 1130 2767; baseline -0.011 -11"><span class='ocrx_word' id='word_1_348' title='bbox 127 2717 244 2767; x_wconf 67' lang='lat' dir='ltr'><strong>(lam.)</strong></span> <span class='ocrx_word' id='word_1_349' title='bbox 274 2716 360 2751; x_wconf 82' lang='lat' dir='ltr'><strong>Filii</strong></span> <span class='ocrx_word' id='word_1_350' title='bbox 377 2722 491 2751; x_wconf 86' lang='lat' dir='ltr'><strong>autem</strong></span> <span class='ocrx_word' id='word_1_351' title='bbox 520 2713 646 2756; x_wconf 82' lang='lat' dir='ltr'><strong>Israel,</strong></span> <span class='ocrx_word' id='word_1_352' title='bbox 666 2712 814 2759; x_wconf 83' lang='lat' dir='ltr'><strong>peccatis</strong></span> <span class='ocrx_word' id='word_1_353' title='bbox 844 2709 1010 2746; x_wconf 86' lang='lat' dir='ltr'><strong>veteribus</strong></span> <span class='ocrx_word' id='word_1_354' title='bbox 1039 2710 1130 2756; x_wconf 86' lang='lat' dir='ltr'><strong>jun-</strong></span> 
     </span>
     <span class='ocr_line' id='line_1_49' title="bbox 81 2771 1130 2828; baseline -0.012 -11"><span class='ocrx_word' id='word_1_355' title='bbox 81 2786 196 2828; x_wconf 72' lang='lat' dir='ltr'><strong>qentes</strong></span> <span class='ocrx_word' id='word_1_356' title='bbox 215 2788 315 2821; x_wconf 80' lang='lat' dir='ltr'><strong>nova,</strong></span> <span class='ocrx_word' id='word_1_357' title='bbox 336 2778 490 2823; x_wconf 71' lang='lat' dir='ltr'><strong>fecerunt</strong></span> <span class='ocrx_word' id='word_1_358' title='bbox 519 2774 648 2810; x_wconf 83' lang='lat' dir='ltr'><strong>malum</strong></span> <span class='ocrx_word' id='word_1_359' title='bbox 667 2774 705 2808; x_wconf 90' lang='lat' dir='ltr'><strong>in</strong></span> <span class='ocrx_word' id='word_1_360' title='bbox 724 2778 904 2818; x_wconf 87' lang='lat' dir='ltr'><strong>conspectu</strong></span> <span class='ocrx_word' id='word_1_361' title='bbox 924 2771 1078 2814; x_wconf 86' lang='lat' dir='ltr'><strong>Domini,</strong></span> <span class='ocrx_word' id='word_1_362' title='bbox 1099 2777 1130 2805; x_wconf 81' lang='lat' dir='ltr'><strong>ct</strong></span> 
     </span>
     <span class='ocr_line' id='line_1_50' title="bbox 81 2831 1131 2879; baseline -0.013 0"><span class='ocrx_word' id='word_1_363' title='bbox 81 2843 271 2879; x_wconf 78' lang='lat' dir='ltr'><strong>servierunt</strong></span> <span class='ocrx_word' id='word_1_364' title='bbox 286 2838 388 2876; x_wconf 79' lang='lat' dir='ltr'><strong>idolis</strong></span> <span class='ocrx_word' id='word_1_365' title='bbox 406 2836 544 2872; x_wconf 84' lang='lat' dir='ltr'><strong>Baalim</strong></span> <span class='ocrx_word' id='word_1_366' title='bbox 570 2842 602 2871; x_wconf 92' lang='lat' dir='ltr'><strong>et</strong></span> <span class='ocrx_word' id='word_1_367' title='bbox 620 2834 799 2876; x_wconf 77' lang='lat' dir='ltr'><strong>Astaroth,</strong></span> <span class='ocrx_word' id='word_1_368' title='bbox 820 2839 851 2868; x_wconf 88' lang='lat' dir='ltr'><strong>et</strong></span> <span class='ocrx_word' id='word_1_369' title='bbox 869 2833 935 2867; x_wconf 89' lang='lat' dir='ltr'><strong>diis</strong></span> <span class='ocrx_word' id='word_1_370' title='bbox 954 2831 1069 2871; x_wconf 84' lang='lat' dir='ltr'><strong>Sirice,</strong></span> <span class='ocrx_word' id='word_1_371' title='bbox 1090 2842 1131 2865; x_wconf 84' lang='lat' dir='ltr'><strong>ac</strong></span> 
     </span>
    </p>
   </div>
   <div class='ocr_carea' id='block_1_19' title="bbox 84 2892 1183 2955">
    <p class='ocr_par' dir='ltr' id='par_1_19' title="bbox 84 2892 1183 2955">
     <span class='ocr_line' id='line_1_51' title="bbox 84 2892 1183 2955; baseline -0.014 -15"><span class='ocrx_word' id='word_1_372' title='bbox 84 2903 252 2950; x_wconf 77' lang='lat' dir='ltr'><strong>sydonis,</strong></span> <span class='ocrx_word' id='word_1_373' title='bbox 272 2907 303 2937; x_wconf 90' lang='lat' dir='ltr'><strong>et</strong></span> <span class='ocrx_word' id='word_1_374' title='bbox 321 2899 442 2942; x_wconf 77' lang='lat' dir='ltr'><strong>Moab,</strong></span> <span class='ocrx_word' id='word_1_375' title='bbox 460 2905 492 2934; x_wconf 90' lang='lat' dir='ltr'><strong>et</strong></span> <span class='ocrx_word' id='word_1_376' title='bbox 509 2897 661 2943; x_wconf 85' lang='lat' dir='ltr'><strong>filiorum</strong></span> <span class='ocrx_word' id='word_1_377' title='bbox 680 2894 828 2930; x_wconf 85' lang='lat' dir='ltr'><strong>Ammon</strong></span> <span class='ocrx_word' id='word_1_378' title='bbox 841 2900 872 2929; x_wconf 86' lang='lat' dir='ltr'><strong>et</strong></span> <span class='ocrx_word' id='word_1_379' title='bbox 901 2892 1129 2932; x_wconf 87' lang='lat' dir='ltr'><strong>Philisthiim,</strong></span> <span class='ocrx_word' id='word_1_380' title='bbox 1150 2917 1183 2955; x_wconf 82' lang='lat' dir='ltr'>D</span> 
     </span>
    </p>
   </div>
   <div class='ocr_carea' id='block_1_20' title="bbox 83 2952 1141 3667">
    <p class='ocr_par' dir='ltr' id='par_1_20' title="bbox 83 2952 1141 3667">
     <span class='ocr_line' id='line_1_52' title="bbox 83 2952 1130 3009; baseline -0.013 -8"><span class='ocrx_word' id='word_1_381' title='bbox 83 2965 356 3009; x_wconf 82' lang='lat' dir='ltr'><strong>dimiseruntque</strong></span> <span class='ocrx_word' id='word_1_382' title='bbox 377 2959 582 3000; x_wconf 85' lang='lat' dir='ltr'><strong>Dominum,</strong></span> <span class='ocrx_word' id='word_1_383' title='bbox 603 2963 635 2992; x_wconf 91' lang='lat' dir='ltr'><strong>et</strong></span> <span class='ocrx_word' id='word_1_384' title='bbox 656 2967 725 2991; x_wconf 89' lang='lat' dir='ltr'><strong>non</strong></span> <span class='ocrx_word' id='word_1_385' title='bbox 739 2954 895 2990; x_wconf 84' lang='lat' dir='ltr'><strong>colebant</strong></span> <span class='ocrx_word' id='word_1_386' title='bbox 926 2965 1017 2989; x_wconf 88' lang='lat' dir='ltr'><strong>eum.</strong></span> <span class='ocrx_word' id='word_1_387' title='bbox 1039 2952 1130 2988; x_wconf 90' lang='lat' dir='ltr'><strong>Con-</strong></span> 
     </span>
     <span class='ocr_line' id='line_1_53' title="bbox 84 3013 1131 3071; baseline -0.014 -9"><span class='ocrx_word' id='word_1_388' title='bbox 84 3033 137 3062; x_wconf 85' lang='lat' dir='ltr'><strong>tra</strong></span> <span class='ocrx_word' id='word_1_389' title='bbox 158 3035 243 3071; x_wconf 85' lang='lat' dir='ltr'><strong>quos</strong></span> <span class='ocrx_word' id='word_1_390' title='bbox 259 3024 370 3058; x_wconf 85' lang='lat' dir='ltr'><strong>iratus</strong></span> <span class='ocrx_word' id='word_1_391' title='bbox 384 3019 529 3056; x_wconf 86' lang='lat' dir='ltr'><strong>tradidit</strong></span> <span class='ocrx_word' id='word_1_392' title='bbox 553 3029 609 3054; x_wconf 87' lang='lat' dir='ltr'><strong>eos</strong></span> <span class='ocrx_word' id='word_1_393' title='bbox 626 3018 662 3053; x_wconf 90' lang='lat' dir='ltr'><strong>in</strong></span> <span class='ocrx_word' id='word_1_394' title='bbox 686 3027 810 3051; x_wconf 86' lang='lat' dir='ltr'><strong>manus</strong></span> <span class='ocrx_word' id='word_1_395' title='bbox 834 3013 1062 3057; x_wconf 78' lang='lat' dir='ltr'><strong>Ptzttismiim,</strong></span> <span class='ocrx_word' id='word_1_396' title='bbox 1099 3018 1131 3048; x_wconf 88' lang='lat' dir='ltr'><strong>et</strong></span> 
     </span>
     <span class='ocr_line' id='line_1_54' title="bbox 84 3073 1131 3133; baseline -0.014 -11"><span class='ocrx_word' id='word_1_397' title='bbox 84 3086 239 3133; x_wconf 82' lang='lat' dir='ltr'><strong>filiorum</strong></span> <span class='ocrx_word' id='word_1_398' title='bbox 265 3083 433 3124; x_wconf 86' lang='lat' dir='ltr'><strong>Ammon,</strong></span> <span class='ocrx_word' id='word_1_399' title='bbox 454 3085 491 3116; x_wconf 85' lang='lat' dir='ltr'><strong>et</strong></span> <span class='ocrx_word' id='word_1_400' title='bbox 516 3084 658 3115; x_wconf 65' lang='lat' dir='ltr'><strong>caetera.</strong></span> <span class='ocrx_word' id='word_1_401' title='bbox 679 3076 896 3122; x_wconf 79' lang='lat' dir='ltr'><strong>Adjecerunt</strong></span> <span class='ocrx_word' id='word_1_402' title='bbox 930 3075 1037 3120; x_wconf 84' lang='lat' dir='ltr'><strong>igitur</strong></span> <span class='ocrx_word' id='word_1_403' title='bbox 1069 3073 1131 3108; x_wconf 78' lang='lat' dir='ltr'><strong>filii</strong></span> 
     </span>
     <span class='ocr_line' id='line_1_55' title="bbox 85 3135 1133 3182; baseline -0.015 1"><span class='ocrx_word' id='word_1_404' title='bbox 85 3145 195 3182; x_wconf 87' lang='lat' dir='ltr'><strong>lsrael</strong></span> <span class='ocrx_word' id='word_1_405' title='bbox 214 3143 396 3181; x_wconf 88' lang='lat' dir='ltr'><strong>deservire</strong></span> <span class='ocrx_word' id='word_1_406' title='bbox 416 3141 552 3177; x_wconf 87' lang='lat' dir='ltr'><strong>Baalim</strong></span> <span class='ocrx_word' id='word_1_407' title='bbox 573 3144 609 3175; x_wconf 89' lang='lat' dir='ltr'><strong>et</strong></span> <span class='ocrx_word' id='word_1_408' title='bbox 636 3138 704 3173; x_wconf 92' lang='lat' dir='ltr'><strong>diis</strong></span> <span class='ocrx_word' id='word_1_409' title='bbox 719 3136 860 3178; x_wconf 89' lang='lat' dir='ltr'><strong>alienis,</strong></span> <span class='ocrx_word' id='word_1_410' title='bbox 879 3135 1133 3170; x_wconf 84' lang='lat' dir='ltr'><strong>tradebantur-</strong></span> 
     </span>
     <span class='ocr_line' id='line_1_56' title="bbox 87 3192 1133 3253; baseline -0.013 -11"><span class='ocrx_word' id='word_1_411' title='bbox 87 3216 156 3253; x_wconf 86' lang='lat' dir='ltr'><strong>que</strong></span> <span class='ocrx_word' id='word_1_412' title='bbox 180 3206 216 3240; x_wconf 93' lang='lat' dir='ltr'><strong>in</strong></span> <span class='ocrx_word' id='word_1_413' title='bbox 235 3213 363 3239; x_wconf 87' lang='lat' dir='ltr'><strong>manus</strong></span> <span class='ocrx_word' id='word_1_414' title='bbox 384 3202 539 3237; x_wconf 80' lang='lat' dir='ltr'><strong>filiorum</strong></span> <span class='ocrx_word' id='word_1_415' title='bbox 570 3199 737 3234; x_wconf 88' lang='lat' dir='ltr'><strong>Ammon.</strong></span> <span class='ocrx_word' id='word_1_416' title='bbox 769 3197 869 3232; x_wconf 86' lang='lat' dir='ltr'><strong>Tunc</strong></span> <span class='ocrx_word' id='word_1_417' title='bbox 899 3195 1028 3242; x_wconf 83' lang='lat' dir='ltr'><strong>Jephte</strong></span> <span class='ocrx_word' id='word_1_418' title='bbox 1059 3192 1133 3229; x_wconf 90' lang='lat' dir='ltr'><strong>Ga-</strong></span> 
     </span>
     <span class='ocr_line' id='line_1_57' title="bbox 87 3254 1136 3310; baseline -0.013 -7"><span class='ocrx_word' id='word_1_419' title='bbox 87 3267 251 3308; x_wconf 85' lang='lat' dir='ltr'><strong>laadites‚</strong></span> <span class='ocrx_word' id='word_1_420' title='bbox 275 3264 414 3310; x_wconf 84' lang='lat' dir='ltr'><strong>fugiens</strong></span> <span class='ocrx_word' id='word_1_421' title='bbox 436 3273 456 3298; x_wconf 91' lang='lat' dir='ltr'><strong>a</strong></span> <span class='ocrx_word' id='word_1_422' title='bbox 475 3261 566 3297; x_wconf 78' lang='lat' dir='ltr'><strong>facie</strong></span> <span class='ocrx_word' id='word_1_423' title='bbox 585 3259 737 3295; x_wconf 80' lang='lat' dir='ltr'><strong>fratrum</strong></span> <span class='ocrx_word' id='word_1_424' title='bbox 766 3267 926 3299; x_wconf 91' lang='lat' dir='ltr'><strong>suorum,</strong></span> <span class='ocrx_word' id='word_1_425' title='bbox 949 3254 1136 3291; x_wconf 88' lang='lat' dir='ltr'><strong>constitui-</strong></span> 
     </span>
     <span class='ocr_line' id='line_1_58' title="bbox 90 3313 1137 3371; baseline -0.014 -8"><span class='ocrx_word' id='word_1_426' title='bbox 90 3326 203 3363; x_wconf 89' lang='lat' dir='ltr'><strong>turin</strong></span> <span class='ocrx_word' id='word_1_427' title='bbox 220 3324 418 3371; x_wconf 87' lang='lat' dir='ltr'><strong>principem</strong></span> <span class='ocrx_word' id='word_1_428' title='bbox 451 3322 498 3358; x_wconf 91' lang='lat' dir='ltr'><strong>ob</strong></span> <span class='ocrx_word' id='word_1_429' title='bbox 521 3329 678 3366; x_wconf 83' lang='lat' dir='ltr'><strong>pugnam</strong></span> <span class='ocrx_word' id='word_1_430' title='bbox 709 3317 861 3353; x_wconf 81' lang='lat' dir='ltr'><strong>liliorum</strong></span> <span class='ocrx_word' id='word_1_431' title='bbox 877 3315 1052 3357; x_wconf 88' lang='lat' dir='ltr'><strong>Ammon,</strong></span> <span class='ocrx_word' id='word_1_432' title='bbox 1076 3313 1137 3359; x_wconf 91' lang='lat' dir='ltr'><strong>qui</strong></span> 
     </span>
     <span class='ocr_line' id='line_1_59' title="bbox 92 3373 1136 3430; baseline -0.014 -8"><span class='ocrx_word' id='word_1_433' title='bbox 92 3385 234 3422; x_wconf 88' lang='lat' dir='ltr'><strong>rediens</strong></span> <span class='ocrx_word' id='word_1_434' title='bbox 249 3388 330 3430; x_wconf 91' lang='lat' dir='ltr'><strong>post</strong></span> <span class='ocrx_word' id='word_1_435' title='bbox 347 3380 569 3427; x_wconf 87' lang='lat' dir='ltr'><strong>triumphum</strong></span> <span class='ocrx_word' id='word_1_436' title='bbox 594 3377 791 3414; x_wconf 89' lang='lat' dir='ltr'><strong>immolavit</strong></span> <span class='ocrx_word' id='word_1_437' title='bbox 808 3375 934 3418; x_wconf 82' lang='lat' dir='ltr'><strong>filiam,</strong></span> <span class='ocrx_word' id='word_1_438' title='bbox 956 3383 1036 3419; x_wconf 81' lang='lat' dir='ltr'><strong>quae</strong></span> <span class='ocrx_word' id='word_1_439' title='bbox 1068 3373 1136 3409; x_wconf 87' lang='lat' dir='ltr'><strong>sibi</strong></span> 
     </span>
     <span class='ocr_line' id='line_1_60' title="bbox 91 3431 1139 3491; baseline -0.017 -8"><span class='ocrx_word' id='word_1_440' title='bbox 91 3444 220 3484; x_wconf 87' lang='lat' dir='ltr'><strong>victori</strong></span> <span class='ocrx_word' id='word_1_441' title='bbox 234 3444 350 3491; x_wconf 85' lang='lat' dir='ltr'><strong>prima</strong></span> <span class='ocrx_word' id='word_1_442' title='bbox 367 3444 596 3477; x_wconf 89' lang='lat' dir='ltr'><strong>occurrerat:</strong></span> <span class='ocrx_word' id='word_1_443' title='bbox 621 3438 674 3474; x_wconf 88' lang='lat' dir='ltr'><strong>sic</strong></span> <span class='ocrx_word' id='word_1_444' title='bbox 690 3437 785 3473; x_wconf 89' lang='lat' dir='ltr'><strong>enim</strong></span> <span class='ocrx_word' id='word_1_445' title='bbox 800 3440 921 3470; x_wconf 91' lang='lat' dir='ltr'><strong>votum</strong></span> <span class='ocrx_word' id='word_1_446' title='bbox 941 3431 1139 3478; x_wconf 89' lang='lat' dir='ltr'><strong>spoponde-</strong></span> 
     </span>
     <span class='ocr_line' id='line_1_61' title="bbox 93 3494 1138 3550; baseline -0.016 -8"><span class='ocrx_word' id='word_1_447' title='bbox 93 3510 165 3549; x_wconf 85' lang='lat' dir='ltr'><strong>rat,</strong></span> <span class='ocrx_word' id='word_1_448' title='bbox 181 3509 223 3540; x_wconf 94' lang='lat' dir='ltr'><strong>ut</strong></span> <span class='ocrx_word' id='word_1_449' title='bbox 239 3501 409 3550; x_wconf 83' lang='lat' dir='ltr'><strong>quidquid</strong></span> <span class='ocrx_word' id='word_1_450' title='bbox 424 3499 499 3535; x_wconf 90' lang='lat' dir='ltr'><strong>&#39;sibi</strong></span> <span class='ocrx_word' id='word_1_451' title='bbox 533 3499 688 3544; x_wconf 92' lang='lat' dir='ltr'><strong>primum</strong></span> <span class='ocrx_word' id='word_1_452' title='bbox 706 3494 900 3533; x_wconf 79' lang='lat' dir='ltr'><strong>revertenti</strong></span> <span class='ocrx_word' id='word_1_453' title='bbox 919 3496 1138 3534; x_wconf 85' lang='lat' dir='ltr'><strong>occurreret,</strong></span> 
     </span>
     <span class='ocr_line' id='line_1_62' title="bbox 95 3551 1141 3609; baseline -0.014 -8"><span class='ocrx_word' id='word_1_454' title='bbox 95 3565 247 3602; x_wconf 90' lang='lat' dir='ltr'><strong>Domino</strong></span> <span class='ocrx_word' id='word_1_455' title='bbox 260 3564 351 3606; x_wconf 36' lang='lat' dir='ltr'><strong>imm,</strong></span> <span class='ocrx_word' id='word_1_456' title='bbox 413 3604 418 3609; x_wconf 30' lang='grc' dir='ltr'><strong><em>Δ</em></strong></span> <span class='ocrx_word' id='word_1_457' title='bbox 448 3564 473 3595; x_wconf 89' lang='lat' dir='ltr'><strong>t.</strong></span> <span class='ocrx_word' id='word_1_458' title='bbox 495 3557 586 3602; x_wconf 83' lang='lat' dir='ltr'><strong>Quia</strong></span> <span class='ocrx_word' id='word_1_459' title='bbox 615 3568 702 3604; x_wconf 79' lang='lat' dir='ltr'><strong>ergo</strong></span> <span class='ocrx_word' id='word_1_460' title='bbox 727 3557 763 3593; x_wconf 88' lang='lat' dir='ltr'><strong>in</strong></span> <span class='ocrx_word' id='word_1_461' title='bbox 781 3555 908 3601; x_wconf 82' lang='lat' dir='ltr'><strong>Jephte</strong></span> <span class='ocrx_word' id='word_1_462' title='bbox 926 3551 1141 3600; x_wconf 84' lang='lat' dir='ltr'><strong>praenuntia-</strong></span> 
     </span>
     <span class='ocr_line' id='line_1_63' title="bbox 95 3613 1141 3667; baseline -0.014 -6"><span class='ocrx_word' id='word_1_463' title='bbox 95 3625 218 3667; x_wconf 82' lang='lat' dir='ltr'><strong>batur,</strong></span> <span class='ocrx_word' id='word_1_464' title='bbox 236 3622 308 3659; x_wconf 82' lang='lat' dir='ltr'><strong>nisi</strong></span> <span class='ocrx_word' id='word_1_465' title='bbox 324 3622 354 3659; x_wconf 88' lang='lat' dir='ltr'>D</span> <span class='ocrx_word' id='word_1_466' title='bbox 410 3618 495 3657; x_wconf 64' lang='lat' dir='ltr'><strong>&#39;inus</strong></span> <span class='ocrx_word' id='word_1_467' title='bbox 519 3617 624 3654; x_wconf 74' lang='lat' dir='ltr'><strong>lesus</strong></span> <span class='ocrx_word' id='word_1_468' title='bbox 642 3617 807 3654; x_wconf 83' lang='lat' dir='ltr'><strong>Christus</strong></span> <span class='ocrx_word' id='word_1_469' title='bbox 826 3621 862 3652; x_wconf 89' lang='lat' dir='ltr'><strong>et</strong></span> <span class='ocrx_word' id='word_1_470' title='bbox 882 3613 1047 3650; x_wconf 79' lang='lat' dir='ltr'><strong>Salvator</strong></span> <span class='ocrx_word' id='word_1_471' title='bbox 1077 3620 1141 3647; x_wconf 91' lang='lat' dir='ltr'><strong>no-</strong></span> 
     </span>
    </p>
   </div>
   <div class='ocr_carea' id='block_1_21' title="bbox 40 3673 1142 3789">
    <p class='ocr_par' dir='ltr' id='par_1_21' title="bbox 40 3673 1142 3789">
     <span class='ocr_line' id='line_1_64' title="bbox 40 3673 1142 3729; baseline -0.014 -7"><span class='ocrx_word' id='word_1_472' title='bbox 40 3694 45 3707; x_wconf 64' lang='grc'><strong>“·</strong></span> <span class='ocrx_word' id='word_1_473' title='bbox 97 3689 186 3727; x_wconf 82' lang='lat' dir='ltr'><strong>ster,</strong></span> <span class='ocrx_word' id='word_1_474' title='bbox 203 3682 265 3729; x_wconf 87' lang='lat' dir='ltr'><strong>qui</strong></span> <span class='ocrx_word' id='word_1_475' title='bbox 281 3691 303 3719; x_wconf 89' lang='lat' dir='ltr'><strong>a</strong></span> <span class='ocrx_word' id='word_1_476' title='bbox 322 3682 415 3719; x_wconf 77' lang='lat' dir='ltr'><strong>facie</strong></span> <span class='ocrx_word' id='word_1_477' title='bbox 438 3681 590 3717; x_wconf 79' lang='lat' dir='ltr'><strong>fratrum</strong></span> <span class='ocrx_word' id='word_1_478' title='bbox 613 3686 776 3720; x_wconf 87' lang='lat' dir='ltr'><strong>suorum,</strong></span> <span class='ocrx_word' id='word_1_479' title='bbox 802 3675 838 3712; x_wconf 89' lang='lat' dir='ltr'><strong>id</strong></span> <span class='ocrx_word' id='word_1_480' title='bbox 852 3680 921 3719; x_wconf 88' lang='lat' dir='ltr'><strong>est,</strong></span> <span class='ocrx_word' id='word_1_481' title='bbox 939 3673 1142 3711; x_wconf 71' lang='lat' dir='ltr'><strong>ludaeorum</strong></span> 
     </span>
     <span class='ocr_line' id='line_1_65' title="bbox 44 3732 1142 3789; baseline -0.013 -7"><span class='ocrx_word' id='word_1_482' title='bbox 44 3743 51 3756; x_wconf 92' lang='lat'><em>&#39;</em></span> <span class='ocrx_word' id='word_1_483' title='bbox 99 3742 307 3787; x_wconf 76' lang='lat' dir='ltr'><strong>abscedens,</strong></span> <span class='ocrx_word' id='word_1_484' title='bbox 324 3741 362 3779; x_wconf 88' lang='lat' dir='ltr'><strong>in</strong></span> <span class='ocrx_word' id='word_1_485' title='bbox 375 3736 800 3789; x_wconf 52' lang='lat' dir='ltr'><strong>gentibustprincipatum</strong></span> <span class='ocrx_word' id='word_1_486' title='bbox 817 3734 971 3782; x_wconf 80' lang='lat' dir='ltr'><strong>aceepit,</strong></span> <span class='ocrx_word' id='word_1_487' title='bbox 993 3732 1054 3780; x_wconf 89' lang='lat' dir='ltr'><strong>qui</strong></span> <span class='ocrx_word' id='word_1_488' title='bbox 1066 3741 1142 3769; x_wconf 88' lang='lat' dir='ltr'><strong>om-</strong></span> 
     </span>
    </p>
   </div>
   <div class='ocr_carea' id='block_1_22' title="bbox 1179 313 2212 544">
    <p class='ocr_par' dir='ltr' id='par_1_22' title="bbox 1179 313 2212 544">
     <span class='ocr_line' id='line_1_66' title="bbox 1179 313 2212 372; baseline 0.004 -24"><span class='ocrx_word' id='word_1_489' title='bbox 1179 313 1346 358; x_wconf 82' lang='lat' dir='ltr'><strong>explevit,</strong></span> <span class='ocrx_word' id='word_1_490' title='bbox 1363 319 1412 356; x_wconf 86' lang='lat' dir='ltr'><strong>et,</strong></span> <span class='ocrx_word' id='word_1_491' title='bbox 1444 315 1548 360; x_wconf 84' lang='lat' dir='ltr'><strong>quasi</strong></span> <span class='ocrx_word' id='word_1_492' title='bbox 1567 314 1693 357; x_wconf 77' lang='lat' dir='ltr'><strong>filiam,</strong></span> <span class='ocrx_word' id='word_1_493' title='bbox 1711 314 1762 350; x_wconf 83' lang='lat' dir='ltr'><strong>ita</strong></span> <span class='ocrx_word' id='word_1_494' title='bbox 1777 323 1923 351; x_wconf 83' lang='lat' dir='ltr'><strong>earnem</strong></span> <span class='ocrx_word' id='word_1_495' title='bbox 1937 321 2115 366; x_wconf 59' lang='lat' dir='ltr'><strong>prquam</strong></span> <span class='ocrx_word' id='word_1_496' title='bbox 2142 333 2212 372; x_wconf 69' lang='lat'><strong>1³¹⁰</strong></span> 
     </span>
     <span class='ocr_line' id='line_1_67' title="bbox 1180 371 2211 421; baseline 0.006 -13"><span class='ocrx_word' id='word_1_497' title='bbox 1180 371 1294 408; x_wconf 84' lang='lat' dir='ltr'><strong>salute</strong></span> <span class='ocrx_word' id='word_1_498' title='bbox 1309 371 1450 410; x_wconf 81' lang='lat' dir='ltr'><strong>Israelis</strong></span> <span class='ocrx_word' id='word_1_499' title='bbox 1465 375 1616 410; x_wconf 88' lang='lat' dir='ltr'><strong>Domino</strong></span> <span class='ocrx_word' id='word_1_500' title='bbox 1634 373 1787 409; x_wconf 73' lang='lat' dir='ltr'><strong>obtulit?</strong></span> <span class='ocrx_word' id='word_1_501' title='bbox 1822 373 1967 412; x_wconf 79' lang='lat' dir='ltr'><strong>Jurasse</strong></span> <span class='ocrx_word' id='word_1_502' title='bbox 1995 379 2091 416; x_wconf 78' lang='lat' dir='ltr'><strong>euim</strong></span> <span class='ocrx_word' id='word_1_503' title='bbox 2109 381 2211 421; x_wconf 68' lang='lat' dir='ltr'><strong>Patri</strong></span> 
     </span>
     <span class='ocr_line' id='line_1_68' title="bbox 1180 426 2210 479; baseline 0.009 -10"><span class='ocrx_word' id='word_1_504' title='bbox 1180 431 1391 469; x_wconf 85' lang='lat' dir='ltr'><strong>occubuisse</strong></span> <span class='ocrx_word' id='word_1_505' title='bbox 1421 433 1645 479; x_wconf 82' lang='lat' dir='ltr'><strong>unigenitum</strong></span> <span class='ocrx_word' id='word_1_506' title='bbox 1675 432 1846 479; x_wconf 75' lang='lat' dir='ltr'><strong>legimus,</strong></span> <span class='ocrx_word' id='word_1_507' title='bbox 1868 426 2010 472; x_wconf 78' lang='lat' dir='ltr'><strong>Psalmo</strong></span> <span class='ocrx_word' id='word_1_508' title='bbox 2047 438 2184 478; x_wconf 69' lang='lat' dir='ltr'><strong>dicente</strong></span> <span class='ocrx_word' id='word_1_509' title='bbox 2198 454 2210 478; x_wconf 75' lang='lat' dir='ltr'><strong>t</strong></span> 
     </span>
     <span class='ocr_line' id='line_1_69' title="bbox 1182 490 2212 544; baseline 0.008 -17"><span class='ocrx_word' id='word_1_510' title='bbox 1182 490 1281 527; x_wconf 81' lang='lat' dir='ltr'><strong>Sicut</strong></span> <span class='ocrx_word' id='word_1_511' title='bbox 1298 491 1430 536; x_wconf 80' lang='lat' dir='ltr'><strong>J&#39;uravit</strong></span> <span class='ocrx_word' id='word_1_512' title='bbox 1454 491 1615 534; x_wconf 86' lang='lat' dir='ltr'><strong>Domino,</strong></span> <span class='ocrx_word' id='word_1_513' title='bbox 1628 496 1744 527; x_wconf 79' lang='lat' dir='ltr'><strong>votum</strong></span> <span class='ocrx_word' id='word_1_514' title='bbox 1766 492 1857 527; x_wconf 82' lang='lat' dir='ltr'><strong>vovit</strong></span> <span class='ocrx_word' id='word_1_515' title='bbox 1875 492 1949 529; x_wconf 77' lang='lat' dir='ltr'><strong>Deo</strong></span> <span class='ocrx_word' id='word_1_516' title='bbox 1974 494 2083 531; x_wconf 77' lang='lat' dir='ltr'><strong>Jacob</strong></span> <span class='ocrx_word' id='word_1_517' title='bbox 2098 496 2212 544; x_wconf 70' lang='lat' dir='ltr'><strong>(Paul.</strong></span> 
     </span>
    </p>
   </div>
   <div class='ocr_carea' id='block_1_23' title="bbox 1180 549 2234 598">
    <p class='ocr_par' dir='ltr' id='par_1_23' title="bbox 1180 549 2234 598">
     <span class='ocr_line' id='line_1_70' title="bbox 1180 549 2234 598; baseline 0.007 -11"><span class='ocrx_word' id='word_1_518' title='bbox 1180 549 1305 597; x_wconf 82' lang='lat' dir='ltr'><strong>cxxxi)</strong></span> <span class='ocrx_word' id='word_1_519' title='bbox 1323 562 1332 584; x_wconf 90' lang='lat'>:</span> <span class='ocrx_word' id='word_1_520' title='bbox 1350 549 1488 586; x_wconf 87' lang='lat' dir='ltr'><strong>scilicet</strong></span> <span class='ocrx_word' id='word_1_521' title='bbox 1514 555 1554 585; x_wconf 92' lang='lat' dir='ltr'><strong>ut</strong></span> <span class='ocrx_word' id='word_1_522' title='bbox 1569 555 1834 586; x_wconf 85' lang='lat' dir='ltr'><strong>sacramentum</strong></span> <span class='ocrx_word' id='word_1_523' title='bbox 1853 551 2089 598; x_wconf 66' lang='lat' dir='ltr'><strong>religionish</strong></span> <span class='ocrx_word' id='word_1_524' title='bbox 2102 558 2234 594; x_wconf 54' lang='lat' dir='ltr'><strong>carnis*</strong></span> 
     </span>
    </p>
   </div>
   <div class='ocr_carea' id='block_1_24' title="bbox 1182 610 2225 1134">
    <p class='ocr_par' dir='ltr' id='par_1_24' title="bbox 1182 610 2225 1134">
     <span class='ocr_line' id='line_1_71' title="bbox 1183 610 2216 660; baseline 0.006 -14"><span class='ocrx_word' id='word_1_525' title='bbox 1183 621 1255 647; x_wconf 82' lang='lat' dir='ltr'><strong>suae</strong></span> <span class='ocrx_word' id='word_1_526' title='bbox 1273 610 1438 656; x_wconf 86' lang='lat' dir='ltr'><strong>passione</strong></span> <span class='ocrx_word' id='word_1_527' title='bbox 1477 620 1543 656; x_wconf 86' lang='lat' dir='ltr'><strong>pro</strong></span> <span class='ocrx_word' id='word_1_528' title='bbox 1563 610 1678 646; x_wconf 88' lang='lat' dir='ltr'><strong>salute</strong></span> <span class='ocrx_word' id='word_1_529' title='bbox 1707 611 1847 656; x_wconf 83' lang='lat' dir='ltr'><strong>generis</strong></span> <span class='ocrx_word' id='word_1_530' title='bbox 1866 612 2014 648; x_wconf 84' lang='lat' dir='ltr'><strong>humani</strong></span> <span class='ocrx_word' id='word_1_531' title='bbox 2048 614 2216 660; x_wconf 81' lang='lat' dir='ltr'><strong>expleret.</strong></span> 
     </span>
     <span class='ocr_line' id='line_1_72' title="bbox 1182 670 2221 719; baseline 0.002 -11"><span class='ocrx_word' id='word_1_532' title='bbox 1182 672 1266 708; x_wconf 84' lang='lat' dir='ltr'><strong>Haec</strong></span> <span class='ocrx_word' id='word_1_533' title='bbox 1289 681 1374 717; x_wconf 88' lang='lat' dir='ltr'><strong>ergo</strong></span> <span class='ocrx_word' id='word_1_534' title='bbox 1411 670 1604 706; x_wconf 87' lang='lat' dir='ltr'><strong>secuudum</strong></span> <span class='ocrx_word' id='word_1_535' title='bbox 1633 675 1812 716; x_wconf 85' lang='lat' dir='ltr'><strong>gestorum</strong></span> <span class='ocrx_word' id='word_1_536' title='bbox 1841 671 2049 715; x_wconf 90' lang='lat' dir='ltr'><strong>historiam,</strong></span> <span class='ocrx_word' id='word_1_537' title='bbox 2078 673 2127 708; x_wconf 90' lang='lat' dir='ltr'><strong>ita</strong></span> <span class='ocrx_word' id='word_1_538' title='bbox 2159 684 2221 719; x_wconf 85' lang='lat' dir='ltr'><strong>per</strong></span> 
     </span>
     <span class='ocr_line' id='line_1_73' title="bbox 1182 731 2219 778; baseline 0 -9"><span class='ocrx_word' id='word_1_539' title='bbox 1182 732 1366 770; x_wconf 87' lang='lat' dir='ltr'><strong>Christum</strong></span> <span class='ocrx_word' id='word_1_540' title='bbox 1384 737 1465 767; x_wconf 89' lang='lat' dir='ltr'><strong>acta</strong></span> <span class='ocrx_word' id='word_1_541' title='bbox 1489 736 1582 773; x_wconf 90' lang='lat' dir='ltr'><strong>sunt,</strong></span> <span class='ocrx_word' id='word_1_542' title='bbox 1603 737 1642 766; x_wconf 92' lang='lat' dir='ltr'><strong>ut</strong></span> <span class='ocrx_word' id='word_1_543' title='bbox 1674 731 1860 767; x_wconf 89' lang='lat' dir='ltr'><strong>videantur</strong></span> <span class='ocrx_word' id='word_1_544' title='bbox 1893 742 1958 777; x_wconf 86' lang='lat' dir='ltr'><strong>per</strong></span> <span class='ocrx_word' id='word_1_545' title='bbox 1992 732 2219 778; x_wconf 84' lang='lat' dir='ltr'><strong>religionem,</strong></span> 
     </span>
     <span class='ocr_line' id='line_1_74' title="bbox 1183 790 2219 838; baseline 0.003 -12"><span class='ocrx_word' id='word_1_546' title='bbox 1183 801 1250 837; x_wconf 89' lang='lat' dir='ltr'><strong>qua</strong></span> <span class='ocrx_word' id='word_1_547' title='bbox 1264 790 1460 835; x_wconf 81' lang='lat' dir='ltr'><strong>juraverat,</strong></span> <span class='ocrx_word' id='word_1_548' title='bbox 1477 801 1555 826; x_wconf 91' lang='lat' dir='ltr'><strong>esse</strong></span> <span class='ocrx_word' id='word_1_549' title='bbox 1571 790 1756 836; x_wconf 88' lang='lat' dir='ltr'><strong>completa.</strong></span> <span class='ocrx_word' id='word_1_550' title='bbox 1776 790 1871 826; x_wconf 89' lang='lat' dir='ltr'><strong>Inter</strong></span> <span class='ocrx_word' id='word_1_551' title='bbox 1887 795 2016 827; x_wconf 67' lang='lat' dir='ltr'><strong>oetera</strong></span> <span class='ocrx_word' id='word_1_552' title='bbox 2041 801 2125 827; x_wconf 88' lang='lat' dir='ltr'><strong>vero</strong></span> <span class='ocrx_word' id='word_1_553' title='bbox 2142 803 2219 838; x_wconf 85' lang='lat' dir='ltr'><strong>quae</strong></span> 
     </span>
     <span class='ocr_line' id='line_1_75' title="bbox 1182 850 2222 898; baseline -0.001 -10"><span class='ocrx_word' id='word_1_554' title='bbox 1182 852 1309 898; x_wconf 81' lang='lat' dir='ltr'><strong>lephte</strong></span> <span class='ocrx_word' id='word_1_555' title='bbox 1328 852 1472 887; x_wconf 89' lang='lat' dir='ltr'><strong>mandat</strong></span> <span class='ocrx_word' id='word_1_556' title='bbox 1509 862 1572 897; x_wconf 91' lang='lat' dir='ltr'><strong>per</strong></span> <span class='ocrx_word' id='word_1_557' title='bbox 1607 852 1750 887; x_wconf 90' lang='lat' dir='ltr'><strong>nuutios</strong></span> <span class='ocrx_word' id='word_1_558' title='bbox 1769 851 1841 896; x_wconf 84' lang='lat' dir='ltr'><strong>regi</strong></span> <span class='ocrx_word' id='word_1_559' title='bbox 1879 850 2032 887; x_wconf 85' lang='lat' dir='ltr'><strong>filiorum</strong></span> <span class='ocrx_word' id='word_1_560' title='bbox 2048 851 2198 887; x_wconf 83' lang='lat' dir='ltr'><strong>Ammon</strong></span> <span class='ocrx_word' id='word_1_561' title='bbox 2212 878 2222 894; x_wconf 92' lang='lat'><strong>,</strong></span> 
     </span>
     <span class='ocr_line' id='line_1_76' title="bbox 1183 910 2223 957; baseline -0.005 -8"><span class='ocrx_word' id='word_1_562' title='bbox 1183 915 1291 950; x_wconf 88' lang='lat' dir='ltr'><strong>etiam</strong></span> <span class='ocrx_word' id='word_1_563' title='bbox 1309 914 1377 949; x_wconf 91' lang='lat' dir='ltr'><strong>hoc</strong></span> <span class='ocrx_word' id='word_1_564' title='bbox 1396 912 1507 948; x_wconf 90' lang='lat' dir='ltr'><strong>dicit:</strong></span> <span class='ocrx_word' id='word_1_565' title='bbox 1530 911 1655 947; x_wconf 86' lang='lat' dir='ltr'><strong>Nonne</strong></span> <span class='ocrx_word' id='word_1_566' title='bbox 1687 922 1894 957; x_wconf 69' lang='lat' dir='ltr'><strong>quaecunque</strong></span> <span class='ocrx_word' id='word_1_567' title='bbox 1920 910 2134 946; x_wconf 67' lang='lat' dir='ltr'><strong>haereditabit</strong></span> <span class='ocrx_word' id='word_1_568' title='bbox 2163 910 2223 945; x_wconf 83' lang='lat' dir='ltr'><strong>tibi</strong></span> 
     </span>
     <span class='ocr_line' id='line_1_77' title="bbox 1183 971 2223 1017; baseline -0.004 -8"><span class='ocrx_word' id='word_1_569' title='bbox 1183 974 1331 1010; x_wconf 86' lang='lat' dir='ltr'><strong>Ghamos</strong></span> <span class='ocrx_word' id='word_1_570' title='bbox 1347 973 1440 1008; x_wconf 86' lang='lat' dir='ltr'><strong>Deus</strong></span> <span class='ocrx_word' id='word_1_571' title='bbox 1466 979 1560 1015; x_wconf 82' lang='lat' dir='ltr'><strong>tuus,</strong></span> <span class='ocrx_word' id='word_1_572' title='bbox 1579 973 1650 1007; x_wconf 81' lang='lat' dir='ltr'><strong>hoec</strong></span> <span class='ocrx_word' id='word_1_573' title='bbox 1668 971 1914 1007; x_wconf 79' lang='lat' dir='ltr'><strong>ltoereditabis?</strong></span> <span class='ocrx_word' id='word_1_574' title='bbox 1937 971 1983 1006; x_wconf 89' lang='lat' dir='ltr'><strong>Et</strong></span> <span class='ocrx_word' id='word_1_575' title='bbox 2002 971 2116 1006; x_wconf 88' lang='lat' dir='ltr'><strong>omnia</strong></span> <span class='ocrx_word' id='word_1_576' title='bbox 2130 982 2223 1017; x_wconf 80' lang='lat' dir='ltr'><strong>qua:-</strong></span> 
     </span>
     <span class='ocr_line' id='line_1_78' title="bbox 1184 1031 2222 1078; baseline -0.002 -10"><span class='ocrx_word' id='word_1_577' title='bbox 1184 1044 1315 1078; x_wconf 90' lang='lat' dir='ltr'><strong>cunque</strong></span> <span class='ocrx_word' id='word_1_578' title='bbox 1332 1032 1548 1068; x_wconf 71' lang='lat' dir='ltr'><strong>heereditabit</strong></span> <span class='ocrx_word' id='word_1_579' title='bbox 1568 1031 1738 1066; x_wconf 84' lang='lat' dir='ltr'><strong>Dominus</strong></span> <span class='ocrx_word' id='word_1_580' title='bbox 1768 1031 1861 1066; x_wconf 87' lang='lat' dir='ltr'><strong>Deus</strong></span> <span class='ocrx_word' id='word_1_581' title='bbox 1886 1038 2000 1066; x_wconf 81' lang='lat' dir='ltr'><strong>noster</strong></span> <span class='ocrx_word' id='word_1_582' title='bbox 2023 1042 2043 1065; x_wconf 89' lang='lat' dir='ltr'><strong>a</strong></span> <span class='ocrx_word' id='word_1_583' title='bbox 2064 1032 2152 1076; x_wconf 70' lang='lat' dir='ltr'><strong>[acie</strong></span> <span class='ocrx_word' id='word_1_584' title='bbox 2165 1042 2222 1066; x_wconf 81' lang='lat' dir='ltr'><strong>ve-</strong></span> 
     </span>
     <span class='ocr_line' id='line_1_79' title="bbox 1185 1089 2225 1134; baseline 0 -8"><span class='ocrx_word' id='word_1_585' title='bbox 1185 1091 1362 1134; x_wconf 81' lang='lat' dir='ltr'><strong>stra‚hcec</strong></span> <span class='ocrx_word' id='word_1_586' title='bbox 1393 1089 1699 1124; x_wconf 67' lang='lat' dir='ltr'><strong>haereditabimus?</strong></span> <span class='ocrx_word' id='word_1_587' title='bbox 1727 1089 1828 1131; x_wconf 86' lang='lat' dir='ltr'><strong>Quod</strong></span> <span class='ocrx_word' id='word_1_588' title='bbox 1861 1091 2004 1134; x_wconf 89' lang='lat' dir='ltr'><strong>quidam</strong></span> <span class='ocrx_word' id='word_1_589' title='bbox 2023 1090 2139 1125; x_wconf 87' lang='lat' dir='ltr'><strong>Latini</strong></span> <span class='ocrx_word' id='word_1_590' title='bbox 2175 1091 2225 1126; x_wconf 90' lang='lat' dir='ltr'><strong>sic</strong></span> 
     </span>
    </p>
   </div>
   <div class='ocr_carea' id='block_1_25' title="bbox 1136 1139 2226 1198">
    <p class='ocr_par' dir='ltr' id='par_1_25' title="bbox 1136 1139 2226 1198">
     <span class='ocr_line' id='line_1_80' title="bbox 1136 1139 2226 1198; baseline -0.004 -9"><span class='ocrx_word' id='word_1_591' title='bbox 1136 1139 1167 1177; x_wconf 83' lang='grc' dir='ltr'>Β</span> <span class='ocrx_word' id='word_1_592' title='bbox 1187 1151 1494 1198; x_wconf 87' lang='lat' dir='ltr'><strong>interpretandum</strong></span> <span class='ocrx_word' id='word_1_593' title='bbox 1537 1153 1776 1195; x_wconf 85' lang='lat' dir='ltr'><strong>putaverunt,</strong></span> <span class='ocrx_word' id='word_1_594' title='bbox 1810 1153 1850 1183; x_wconf 92' lang='lat' dir='ltr'><strong>ut</strong></span> <span class='ocrx_word' id='word_1_595' title='bbox 1888 1149 2076 1185; x_wconf 88' lang='lat' dir='ltr'><strong>dicerent:</strong></span> <span class='ocrx_word' id='word_1_596' title='bbox 2105 1148 2226 1188; x_wconf 81' lang='lat' dir='ltr'><strong>Nonne</strong></span> 
     </span>
    </p>
   </div>
   <div class='ocr_carea' id='block_1_26' title="bbox 1183 1207 2237 3118">
    <p class='ocr_par' dir='ltr' id='par_1_26' title="bbox 1183 1207 2237 2694">
     <span class='ocr_line' id='line_1_81' title="bbox 1184 1207 2223 1258; baseline -0.004 -11"><span class='ocrx_word' id='word_1_597' title='bbox 1184 1222 1395 1258; x_wconf 81' lang='lat' dir='ltr'><strong>quoecnnque</strong></span> <span class='ocrx_word' id='word_1_598' title='bbox 1416 1210 1510 1244; x_wconf 87' lang='lat' dir='ltr'><strong>dedit</strong></span> <span class='ocrx_word' id='word_1_599' title='bbox 1528 1209 1589 1243; x_wconf 88' lang='lat' dir='ltr'><strong>tibi</strong></span> <span class='ocrx_word' id='word_1_600' title='bbox 1609 1209 1844 1244; x_wconf 79' lang='lat' dir='ltr'><strong>ha‘reditatem</strong></span> <span class='ocrx_word' id='word_1_601' title='bbox 1861 1207 2008 1243; x_wconf 86' lang='lat' dir='ltr'><strong>Chamos</strong></span> <span class='ocrx_word' id='word_1_602' title='bbox 2027 1208 2118 1243; x_wconf 85' lang='lat' dir='ltr'><strong>Deus</strong></span> <span class='ocrx_word' id='word_1_603' title='bbox 2133 1214 2223 1250; x_wconf 83' lang='lat' dir='ltr'><strong>tuus,</strong></span> 
     </span>
     <span class='ocr_line' id='line_1_82' title="bbox 1184 1268 2226 1318; baseline -0.003 -10"><span class='ocrx_word' id='word_1_604' title='bbox 1184 1275 1257 1309; x_wconf 79' lang='lat' dir='ltr'><strong>hcec</strong></span> <span class='ocrx_word' id='word_1_605' title='bbox 1283 1271 1496 1318; x_wconf 81' lang='lat' dir='ltr'><strong>possidebis?</strong></span> <span class='ocrx_word' id='word_1_606' title='bbox 1526 1270 1592 1306; x_wconf 85' lang='lat' dir='ltr'><strong>Ubi</strong></span> <span class='ocrx_word' id='word_1_607' title='bbox 1630 1270 1743 1304; x_wconf 90' lang='lat' dir='ltr'><strong>videri</strong></span> <span class='ocrx_word' id='word_1_608' title='bbox 1772 1275 1889 1314; x_wconf 90' lang='lat' dir='ltr'><strong>potest</strong></span> <span class='ocrx_word' id='word_1_609' title='bbox 1917 1269 2146 1304; x_wconf 72' lang='lat' dir='ltr'><strong>confirmasse</strong></span> <span class='ocrx_word' id='word_1_610' title='bbox 2169 1268 2226 1305; x_wconf 80' lang='lat' dir='ltr'><strong>Je-</strong></span> 
     </span>
     <span class='ocr_line' id='line_1_83' title="bbox 1183 1327 2225 1378; baseline -0.006 -11"><span class='ocrx_word' id='word_1_611' title='bbox 1183 1333 1279 1378; x_wconf 89' lang='lat' dir='ltr'><strong>phte,</strong></span> <span class='ocrx_word' id='word_1_612' title='bbox 1304 1331 1412 1365; x_wconf 87' lang='lat' dir='ltr'><strong>Deum</strong></span> <span class='ocrx_word' id='word_1_613' title='bbox 1431 1330 1538 1365; x_wconf 86' lang='lat' dir='ltr'><strong>istum</strong></span> <span class='ocrx_word' id='word_1_614' title='bbox 1556 1329 1616 1373; x_wconf 88' lang='lat' dir='ltr'><strong>qui</strong></span> <span class='ocrx_word' id='word_1_615' title='bbox 1635 1334 1782 1364; x_wconf 79' lang='lat' dir='ltr'><strong>vocatur</strong></span> <span class='ocrx_word' id='word_1_616' title='bbox 1801 1328 1966 1369; x_wconf 88' lang='lat' dir='ltr'><strong>Chamos,</strong></span> <span class='ocrx_word' id='word_1_617' title='bbox 1985 1327 2142 1373; x_wconf 87' lang='lat' dir='ltr'><strong>potuisse</strong></span> <span class='ocrx_word' id='word_1_618' title='bbox 2162 1327 2225 1363; x_wconf 87' lang='lat' dir='ltr'><strong>ali-</strong></span> 
     </span>
     <span class='ocr_line' id='line_1_84' title="bbox 1184 1387 2225 1436; baseline -0.004 -10"><span class='ocrx_word' id='word_1_619' title='bbox 1184 1391 1269 1436; x_wconf 90' lang='lat' dir='ltr'><strong>quid</strong></span> <span class='ocrx_word' id='word_1_620' title='bbox 1288 1391 1374 1426; x_wconf 89' lang='lat' dir='ltr'><strong>dare</strong></span> <span class='ocrx_word' id='word_1_621' title='bbox 1391 1390 1428 1424; x_wconf 91' lang='lat' dir='ltr'><strong>in</strong></span> <span class='ocrx_word' id='word_1_622' title='bbox 1457 1389 1702 1424; x_wconf 76' lang='lat' dir='ltr'><strong>haereditatem</strong></span> <span class='ocrx_word' id='word_1_623' title='bbox 1738 1388 1933 1423; x_wconf 85' lang='lat' dir='ltr'><strong>cultoribus</strong></span> <span class='ocrx_word' id='word_1_624' title='bbox 1964 1388 2050 1423; x_wconf 88' lang='lat' dir='ltr'><strong>suis.</strong></span> <span class='ocrx_word' id='word_1_625' title='bbox 2075 1387 2225 1430; x_wconf 87' lang='lat' dir='ltr'><strong>Quidam</strong></span> 
     </span>
     <span class='ocr_line' id='line_1_85' title="bbox 1185 1446 2227 1494; baseline -0.005 -8"><span class='ocrx_word' id='word_1_626' title='bbox 1185 1461 1269 1487; x_wconf 84' lang='lat' dir='ltr'><strong>vero</strong></span> <span class='ocrx_word' id='word_1_627' title='bbox 1289 1450 1340 1486; x_wconf 91' lang='lat' dir='ltr'><strong>sic</strong></span> <span class='ocrx_word' id='word_1_628' title='bbox 1367 1449 1500 1484; x_wconf 84' lang='lat' dir='ltr'><strong>babent</strong></span> <span class='ocrx_word' id='word_1_629' title='bbox 1519 1459 1529 1484; x_wconf 73' lang='lat' dir='ltr'><strong>t</strong></span> <span class='ocrx_word' id='word_1_630' title='bbox 1559 1448 1682 1483; x_wconf 89' lang='lat' dir='ltr'><strong>Nonne</strong></span> <span class='ocrx_word' id='word_1_631' title='bbox 1705 1459 1915 1494; x_wconf 68' lang='lat' dir='ltr'><strong>quincunque</strong></span> <span class='ocrx_word' id='word_1_632' title='bbox 1936 1448 2121 1493; x_wconf 80' lang='lat' dir='ltr'><strong>possidebit</strong></span> <span class='ocrx_word' id='word_1_633' title='bbox 2139 1446 2227 1482; x_wconf 87' lang='lat' dir='ltr'><strong>Cha-</strong></span> 
     </span>
     <span class='ocr_line' id='line_1_86' title="bbox 1185 1508 2224 1554; baseline -0.003 -9"><span class='ocrx_word' id='word_1_634' title='bbox 1185 1521 1257 1546; x_wconf 87' lang='lat' dir='ltr'><strong>mos</strong></span> <span class='ocrx_word' id='word_1_635' title='bbox 1277 1510 1370 1544; x_wconf 87' lang='lat' dir='ltr'><strong>Deus</strong></span> <span class='ocrx_word' id='word_1_636' title='bbox 1387 1515 1465 1544; x_wconf 83' lang='lat' dir='ltr'><strong>tuus</strong></span> <span class='ocrx_word' id='word_1_637' title='bbox 1484 1535 1494 1551; x_wconf 93' lang='lat'><strong>,</strong></span> <span class='ocrx_word' id='word_1_638' title='bbox 1526 1508 1597 1543; x_wconf 80' lang='lat' dir='ltr'><strong>ha‘c</strong></span> <span class='ocrx_word' id='word_1_639' title='bbox 1622 1508 1833 1554; x_wconf 85' lang='lat' dir='ltr'><strong>possidebis?</strong></span> <span class='ocrx_word' id='word_1_640' title='bbox 1868 1508 1910 1543; x_wconf 90' lang='lat' dir='ltr'><strong>Et</strong></span> <span class='ocrx_word' id='word_1_641' title='bbox 1933 1509 2000 1543; x_wconf 90' lang='lat' dir='ltr'><strong>hoc</strong></span> <span class='ocrx_word' id='word_1_642' title='bbox 2034 1508 2081 1543; x_wconf 88' lang='lat' dir='ltr'><strong>ita</strong></span> <span class='ocrx_word' id='word_1_643' title='bbox 2102 1512 2224 1550; x_wconf 88' lang='lat' dir='ltr'><strong>sonat,</strong></span> 
     </span>
     <span class='ocr_line' id='line_1_87' title="bbox 1186 1568 2223 1618; baseline -0.005 -11"><span class='ocrx_word' id='word_1_644' title='bbox 1186 1572 1288 1618; x_wconf 88' lang='lat' dir='ltr'><strong>quasi</strong></span> <span class='ocrx_word' id='word_1_645' title='bbox 1307 1571 1441 1615; x_wconf 87' lang='lat' dir='ltr'><strong>aliquid</strong></span> <span class='ocrx_word' id='word_1_646' title='bbox 1457 1570 1613 1615; x_wconf 89' lang='lat' dir='ltr'><strong>potuerit</strong></span> <span class='ocrx_word' id='word_1_647' title='bbox 1630 1569 1826 1614; x_wconf 83' lang='lat' dir='ltr'><strong>possidere.</strong></span> <span class='ocrx_word' id='word_1_648' title='bbox 1842 1569 1894 1603; x_wconf 91' lang='lat' dir='ltr'><strong>Au</strong></span> <span class='ocrx_word' id='word_1_649' title='bbox 1916 1568 2007 1604; x_wconf 82' lang='lat' dir='ltr'><strong>sorte</strong></span> <span class='ocrx_word' id='word_1_650' title='bbox 2032 1568 2223 1604; x_wconf 89' lang='lat' dir='ltr'><strong>secundum</strong></span> 
     </span>
     <span class='ocr_line' id='line_1_88' title="bbox 1187 1628 2230 1674; baseline -0.005 -7"><span class='ocrx_word' id='word_1_651' title='bbox 1187 1634 1255 1668; x_wconf 90' lang='lat' dir='ltr'><strong>hoc</strong></span> <span class='ocrx_word' id='word_1_652' title='bbox 1281 1632 1415 1667; x_wconf 89' lang='lat' dir='ltr'><strong>dictum</strong></span> <span class='ocrx_word' id='word_1_653' title='bbox 1438 1636 1505 1673; x_wconf 88' lang='lat' dir='ltr'><strong>est,</strong></span> <span class='ocrx_word' id='word_1_654' title='bbox 1529 1629 1622 1674; x_wconf 90' lang='lat' dir='ltr'><strong>quod</strong></span> <span class='ocrx_word' id='word_1_655' title='bbox 1653 1630 1716 1665; x_wconf 77' lang='lat' dir='ltr'><strong>sub</strong></span> <span class='ocrx_word' id='word_1_656' title='bbox 1747 1628 1882 1674; x_wconf 87' lang='lat' dir='ltr'><strong>angelis</strong></span> <span class='ocrx_word' id='word_1_657' title='bbox 1914 1628 2114 1663; x_wconf 77' lang='lat' dir='ltr'><strong>constitutae</strong></span> <span class='ocrx_word' id='word_1_658' title='bbox 2147 1633 2230 1662; x_wconf 91' lang='lat' dir='ltr'><strong>sunt</strong></span> 
     </span>
     <span class='ocr_line' id='line_1_89' title="bbox 1187 1688 2229 1741; baseline -0.009 -10"><span class='ocrx_word' id='word_1_659' title='bbox 1187 1700 1310 1741; x_wconf 81' lang='lat' dir='ltr'><strong>gentes</strong></span> <span class='ocrx_word' id='word_1_660' title='bbox 1327 1694 1430 1739; x_wconf 83' lang='lat' dir='ltr'><strong>juxta</strong></span> <span class='ocrx_word' id='word_1_661' title='bbox 1450 1692 1630 1728; x_wconf 88' lang='lat' dir='ltr'><strong>canticum</strong></span> <span class='ocrx_word' id='word_1_662' title='bbox 1659 1691 1768 1737; x_wconf 81' lang='lat' dir='ltr'><strong>Moysi</strong></span> <span class='ocrx_word' id='word_1_663' title='bbox 1793 1690 1913 1725; x_wconf 82' lang='lat' dir='ltr'><strong>famuli</strong></span> <span class='ocrx_word' id='word_1_664' title='bbox 1931 1689 2022 1724; x_wconf 82' lang='lat' dir='ltr'><strong>Dei?</strong></span> <span class='ocrx_word' id='word_1_665' title='bbox 2049 1688 2229 1733; x_wconf 87' lang='lat' dir='ltr'><strong>Nunquid-</strong></span> 
     </span>
     <span class='ocr_line' id='line_1_90' title="bbox 1187 1748 2226 1800; baseline -0.009 -10"><span class='ocrx_word' id='word_1_666' title='bbox 1187 1765 1269 1790; x_wconf 89' lang='lat' dir='ltr'><strong>nam</strong></span> <span class='ocrx_word' id='word_1_667' title='bbox 1295 1764 1378 1800; x_wconf 87' lang='lat' dir='ltr'><strong>ergo</strong></span> <span class='ocrx_word' id='word_1_668' title='bbox 1412 1754 1470 1788; x_wconf 91' lang='lat' dir='ltr'><strong>ille</strong></span> <span class='ocrx_word' id='word_1_669' title='bbox 1488 1753 1644 1798; x_wconf 84' lang='lat' dir='ltr'><strong>angelus,</strong></span> <span class='ocrx_word' id='word_1_670' title='bbox 1669 1753 1734 1787; x_wconf 89' lang='lat' dir='ltr'><strong>suh</strong></span> <span class='ocrx_word' id='word_1_671' title='bbox 1767 1761 1838 1795; x_wconf 89' lang='lat' dir='ltr'><strong>quo</strong></span> <span class='ocrx_word' id='word_1_672' title='bbox 1855 1755 1956 1785; x_wconf 89' lang='lat' dir='ltr'><strong>erant</strong></span> <span class='ocrx_word' id='word_1_673' title='bbox 1975 1749 2036 1784; x_wconf 84' lang='lat' dir='ltr'><strong>filii</strong></span> <span class='ocrx_word' id='word_1_674' title='bbox 2054 1748 2226 1790; x_wconf 86' lang='lat' dir='ltr'><strong>Ammon,</strong></span> 
     </span>
     <span class='ocr_line' id='line_1_91' title="bbox 1189 1807 2226 1859; baseline -0.008 -10"><span class='ocrx_word' id='word_1_675' title='bbox 1189 1815 1340 1850; x_wconf 88' lang='lat' dir='ltr'><strong>Chamos</strong></span> <span class='ocrx_word' id='word_1_676' title='bbox 1366 1814 1562 1859; x_wconf 89' lang='lat' dir='ltr'><strong>appellatus</strong></span> <span class='ocrx_word' id='word_1_677' title='bbox 1580 1813 1655 1848; x_wconf 80' lang='lat' dir='ltr'><strong>est?</strong></span> <span class='ocrx_word' id='word_1_678' title='bbox 1676 1811 1762 1855; x_wconf 86' lang='lat' dir='ltr'><strong>Quis</strong></span> <span class='ocrx_word' id='word_1_679' title='bbox 1788 1812 1855 1846; x_wconf 89' lang='lat' dir='ltr'><strong>hoc</strong></span> <span class='ocrx_word' id='word_1_680' title='bbox 1889 1810 2018 1846; x_wconf 85' lang='lat' dir='ltr'><strong>audeat</strong></span> <span class='ocrx_word' id='word_1_681' title='bbox 2038 1807 2226 1848; x_wconf 85' lang='lat' dir='ltr'><strong>affirmare,</strong></span> 
     </span>
     <span class='ocr_line' id='line_1_92' title="bbox 1190 1866 2230 1918; baseline -0.009 -9"><span class='ocrx_word' id='word_1_682' title='bbox 1190 1880 1264 1910; x_wconf 83' lang='lat' dir='ltr'><strong>tum</strong></span> <span class='ocrx_word' id='word_1_683' title='bbox 1295 1874 1406 1918; x_wconf 84' lang='lat' dir='ltr'><strong>possit</strong></span> <span class='ocrx_word' id='word_1_684' title='bbox 1436 1873 1583 1917; x_wconf 82' lang='lat' dir='ltr'><strong>intelligi</strong></span> <span class='ocrx_word' id='word_1_685' title='bbox 1616 1872 1808 1907; x_wconf 87' lang='lat' dir='ltr'><strong>secundum</strong></span> <span class='ocrx_word' id='word_1_686' title='bbox 1841 1869 1916 1914; x_wconf 86' lang='lat' dir='ltr'><strong>ejus</strong></span> <span class='ocrx_word' id='word_1_687' title='bbox 1946 1868 2146 1913; x_wconf 87' lang='lat' dir='ltr'><strong>opinionem</strong></span> <span class='ocrx_word' id='word_1_688' title='bbox 2178 1866 2230 1900; x_wconf 89' lang='lat' dir='ltr'><strong>di-</strong></span> 
     </span>
     <span class='ocr_line' id='line_1_93' title="bbox 1191 1924 2229 1978; baseline -0.01 -9"><span class='ocrx_word' id='word_1_689' title='bbox 1191 1939 1302 1976; x_wconf 89' lang='lat' dir='ltr'><strong>ctum,</strong></span> <span class='ocrx_word' id='word_1_690' title='bbox 1316 1934 1398 1978; x_wconf 83' lang='lat' dir='ltr'><strong>quia</strong></span> <span class='ocrx_word' id='word_1_691' title='bbox 1418 1933 1565 1977; x_wconf 89' lang='lat' dir='ltr'><strong>putabat</strong></span> <span class='ocrx_word' id='word_1_692' title='bbox 1582 1933 1692 1967; x_wconf 85' lang='lat' dir='ltr'><strong>Deum</strong></span> <span class='ocrx_word' id='word_1_693' title='bbox 1713 1940 1814 1967; x_wconf 90' lang='lat' dir='ltr'><strong>suum</strong></span> <span class='ocrx_word' id='word_1_694' title='bbox 1850 1930 1917 1964; x_wconf 88' lang='lat' dir='ltr'><strong>hoc</strong></span> <span class='ocrx_word' id='word_1_695' title='bbox 1946 1927 2126 1973; x_wconf 89' lang='lat' dir='ltr'><strong>possidere</strong></span> <span class='ocrx_word' id='word_1_696' title='bbox 2141 1953 2149 1966; x_wconf 90' lang='lat'><strong>,</strong></span> <span class='ocrx_word' id='word_1_697' title='bbox 2174 1924 2229 1959; x_wconf 73' lang='lat' dir='ltr'><strong>vet</strong></span> 
     </span>
     <span class='ocr_line' id='line_1_94' title="bbox 1192 1987 2231 2040; baseline -0.012 -10"><span class='ocrx_word' id='word_1_698' title='bbox 1192 1995 1227 2030; x_wconf 95' lang='lat' dir='ltr'><strong>in</strong></span> <span class='ocrx_word' id='word_1_699' title='bbox 1243 1994 1506 2040; x_wconf 90' lang='lat' dir='ltr'><strong>possessionem</strong></span> <span class='ocrx_word' id='word_1_700' title='bbox 1535 1993 1601 2027; x_wconf 84' lang='lat' dir='ltr'><strong>sibi</strong></span> <span class='ocrx_word' id='word_1_701' title='bbox 1621 1991 1780 2027; x_wconf 82' lang='lat' dir='ltr'><strong>dedisse?</strong></span> <span class='ocrx_word' id='word_1_702' title='bbox 1800 1989 1909 2034; x_wconf 82' lang='lat' dir='ltr'><strong>Magis</strong></span> <span class='ocrx_word' id='word_1_703' title='bbox 1929 1994 2047 2022; x_wconf 83' lang='lat' dir='ltr'><strong>autem</strong></span> <span class='ocrx_word' id='word_1_704' title='bbox 2067 1987 2132 2021; x_wconf 86' lang='lat' dir='ltr'><strong>iste</strong></span> <span class='ocrx_word' id='word_1_705' title='bbox 2149 1994 2231 2019; x_wconf 90' lang='lat' dir='ltr'><strong>scn-</strong></span> 
     </span>
     <span class='ocr_line' id='line_1_95' title="bbox 1192 2043 2233 2095; baseline -0.012 -5"><span class='ocrx_word' id='word_1_706' title='bbox 1192 2065 1252 2091; x_wconf 87' lang='lat' dir='ltr'><strong>sus</strong></span> <span class='ocrx_word' id='word_1_707' title='bbox 1272 2054 1386 2090; x_wconf 87' lang='lat' dir='ltr'><strong>elucet</strong></span> <span class='ocrx_word' id='word_1_708' title='bbox 1402 2054 1435 2088; x_wconf 92' lang='lat' dir='ltr'><strong>in</strong></span> <span class='ocrx_word' id='word_1_709' title='bbox 1454 2054 1511 2088; x_wconf 90' lang='lat' dir='ltr'><strong>his</strong></span> <span class='ocrx_word' id='word_1_710' title='bbox 1525 2052 1657 2093; x_wconf 72' lang='lat' dir='ltr'><strong>verbis,</strong></span> <span class='ocrx_word' id='word_1_711' title='bbox 1676 2062 1753 2095; x_wconf 84' lang='lat' dir='ltr'><strong>quae</strong></span> <span class='ocrx_word' id='word_1_712' title='bbox 1776 2043 1927 2085; x_wconf 62' lang='lat' dir='ltr'><strong>‘Graecus</strong></span> <span class='ocrx_word' id='word_1_713' title='bbox 1954 2048 2061 2083; x_wconf 88' lang='lat' dir='ltr'><strong>habet</strong></span> <span class='ocrx_word' id='word_1_714' title='bbox 2078 2058 2087 2081; x_wconf 88' lang='lat'>:</span> <span class='ocrx_word' id='word_1_715' title='bbox 2110 2045 2233 2080; x_wconf 84' lang='lat' dir='ltr'><strong>Nonne</strong></span> 
     </span>
     <span class='ocr_line' id='line_1_96' title="bbox 1192 2104 2235 2159; baseline -0.011 -11"><span class='ocrx_word' id='word_1_716' title='bbox 1192 2124 1403 2159; x_wconf 76' lang='lat' dir='ltr'><strong>qua’cunqne</strong></span> <span class='ocrx_word' id='word_1_717' title='bbox 1437 2111 1650 2146; x_wconf 75' lang='lat' dir='ltr'><strong>hoereditnbit</strong></span> <span class='ocrx_word' id='word_1_718' title='bbox 1681 2110 1741 2144; x_wconf 86' lang='lat' dir='ltr'><strong>tibi</strong></span> <span class='ocrx_word' id='word_1_719' title='bbox 1767 2108 1914 2143; x_wconf 87' lang='lat' dir='ltr'><strong>Chamos</strong></span> <span class='ocrx_word' id='word_1_720' title='bbox 1931 2107 2023 2142; x_wconf 84' lang='lat' dir='ltr'><strong>Deus</strong></span> <span class='ocrx_word' id='word_1_721' title='bbox 2051 2113 2145 2146; x_wconf 71' lang='lat' dir='ltr'><strong>tuuS,</strong></span> <span class='ocrx_word' id='word_1_722' title='bbox 2163 2104 2235 2138; x_wconf 77' lang='lat' dir='ltr'><strong>hoec</strong></span> 
     </span>
     <span class='ocr_line' id='line_1_97' title="bbox 1193 2162 2235 2213; baseline -0.01 -6"><span class='ocrx_word' id='word_1_723' title='bbox 1193 2171 1439 2208; x_wconf 71' lang='lat' dir='ltr'><strong>haereditabis?</strong></span> <span class='ocrx_word' id='word_1_724' title='bbox 1468 2176 1507 2204; x_wconf 89' lang='lat' dir='ltr'><strong>ut</strong></span> <span class='ocrx_word' id='word_1_725' title='bbox 1533 2170 1570 2204; x_wconf 90' lang='lat' dir='ltr'><strong>in</strong></span> <span class='ocrx_word' id='word_1_726' title='bbox 1591 2179 1635 2205; x_wconf 90' lang='lat' dir='ltr'><strong>eo</strong></span> <span class='ocrx_word' id='word_1_727' title='bbox 1651 2168 1746 2213; x_wconf 89' lang='lat' dir='ltr'><strong>quod</strong></span> <span class='ocrx_word' id='word_1_728' title='bbox 1763 2167 1918 2212; x_wconf 87' lang='lat' dir='ltr'><strong>positum</strong></span> <span class='ocrx_word' id='word_1_729' title='bbox 1951 2172 2017 2206; x_wconf 88' lang='lat' dir='ltr'><strong>est,</strong></span> <span class='ocrx_word' id='word_1_730' title='bbox 2039 2165 2112 2206; x_wconf 83' lang='lat' dir='ltr'><strong>tibi,</strong></span> <span class='ocrx_word' id='word_1_731' title='bbox 2133 2162 2235 2198; x_wconf 85' lang='lat' dir='ltr'><strong>intel-</strong></span> 
     </span>
     <span class='ocr_line' id='line_1_98' title="bbox 1195 2222 2237 2276; baseline -0.011 -10"><span class='ocrx_word' id='word_1_732' title='bbox 1195 2233 1326 2276; x_wconf 83' lang='lat' dir='ltr'><strong>ligatur</strong></span> <span class='ocrx_word' id='word_1_733' title='bbox 1352 2232 1401 2264; x_wconf 88' lang='lat' dir='ltr'><strong>ita</strong></span> <span class='ocrx_word' id='word_1_734' title='bbox 1438 2230 1593 2270; x_wconf 89' lang='lat' dir='ltr'><strong>dictum,</strong></span> <span class='ocrx_word' id='word_1_735' title='bbox 1619 2238 1661 2263; x_wconf 86' lang='lat' dir='ltr'><strong>ac</strong></span> <span class='ocrx_word' id='word_1_736' title='bbox 1684 2228 1714 2263; x_wconf 90' lang='lat' dir='ltr'><strong>si</strong></span> <span class='ocrx_word' id='word_1_737' title='bbox 1746 2227 1925 2261; x_wconf 84' lang='lat' dir='ltr'><strong>diceretur</strong></span> <span class='ocrx_word' id='word_1_738' title='bbox 1951 2237 1959 2259; x_wconf 72' lang='grc' dir='ltr'>ε</span> <span class='ocrx_word' id='word_1_739' title='bbox 1981 2224 2078 2259; x_wconf 84' lang='lat' dir='ltr'><strong>Sicut</strong></span> <span class='ocrx_word' id='word_1_740' title='bbox 2104 2222 2237 2257; x_wconf 77' lang='lat' dir='ltr'><strong>videtur</strong></span> 
     </span>
     <span class='ocr_line' id='line_1_99' title="bbox 1194 2280 2235 2329; baseline -0.01 -5"><span class='ocrx_word' id='word_1_741' title='bbox 1194 2290 1266 2325; x_wconf 78' lang='lat' dir='ltr'><strong>tibi.</strong></span> <span class='ocrx_word' id='word_1_742' title='bbox 1289 2288 1364 2322; x_wconf 87' lang='lat' dir='ltr'><strong>Tibi</strong></span> <span class='ocrx_word' id='word_1_743' title='bbox 1379 2289 1468 2322; x_wconf 86' lang='lat' dir='ltr'><strong>enim</strong></span> <span class='ocrx_word' id='word_1_744' title='bbox 1487 2286 1715 2326; x_wconf 79' lang='lat' dir='ltr'><strong>hoereditabit,</strong></span> <span class='ocrx_word' id='word_1_745' title='bbox 1743 2285 1801 2329; x_wconf 87' lang='lat' dir='ltr'><strong>qui</strong></span> <span class='ocrx_word' id='word_1_746' title='bbox 1820 2285 1883 2318; x_wconf 82' lang='lat' dir='ltr'><strong>hoc</strong></span> <span class='ocrx_word' id='word_1_747' title='bbox 1907 2288 2021 2327; x_wconf 85' lang='lat' dir='ltr'><strong>putas,</strong></span> <span class='ocrx_word' id='word_1_748' title='bbox 2045 2291 2113 2316; x_wconf 91' lang='lat' dir='ltr'><strong>non</strong></span> <span class='ocrx_word' id='word_1_749' title='bbox 2141 2280 2235 2324; x_wconf 85' lang='lat' dir='ltr'><strong>quod</strong></span> 
     </span>
     <span class='ocr_line' id='line_1_100' title="bbox 1193 2339 2235 2392; baseline -0.01 -9"><span class='ocrx_word' id='word_1_750' title='bbox 1193 2349 1251 2385; x_wconf 91' lang='lat' dir='ltr'><strong>illc</strong></span> <span class='ocrx_word' id='word_1_751' title='bbox 1270 2347 1400 2392; x_wconf 87' lang='lat' dir='ltr'><strong>aliquid</strong></span> <span class='ocrx_word' id='word_1_752' title='bbox 1418 2351 1539 2391; x_wconf 89' lang='lat' dir='ltr'><strong>posset</strong></span> <span class='ocrx_word' id='word_1_753' title='bbox 1570 2344 1797 2380; x_wconf 81' lang='lat' dir='ltr'><strong>haereditare.</strong></span> <span class='ocrx_word' id='word_1_754' title='bbox 1834 2343 1991 2387; x_wconf 88' lang='lat' dir='ltr'><strong>Denique</strong></span> <span class='ocrx_word' id='word_1_755' title='bbox 2010 2341 2045 2375; x_wconf 92' lang='lat' dir='ltr'><strong>in</strong></span> <span class='ocrx_word' id='word_1_756' title='bbox 2066 2349 2109 2375; x_wconf 90' lang='lat' dir='ltr'><strong>eo</strong></span> <span class='ocrx_word' id='word_1_757' title='bbox 2141 2339 2235 2384; x_wconf 87' lang='lat' dir='ltr'><strong>quod</strong></span> 
     </span>
     <span class='ocr_line' id='line_1_101' title="bbox 1195 2399 2233 2453; baseline -0.011 -9"><span class='ocrx_word' id='word_1_758' title='bbox 1195 2408 1353 2453; x_wconf 84' lang='lat' dir='ltr'><strong>sequitur</strong></span> <span class='ocrx_word' id='word_1_759' title='bbox 1373 2419 1380 2442; x_wconf 81' lang='lat' dir='ltr'>z</span> <span class='ocrx_word' id='word_1_760' title='bbox 1403 2406 1447 2440; x_wconf 87' lang='lat' dir='ltr'><strong>Et</strong></span> <span class='ocrx_word' id='word_1_761' title='bbox 1469 2406 1583 2440; x_wconf 86' lang='lat' dir='ltr'><strong>omnia</strong></span> <span class='ocrx_word' id='word_1_762' title='bbox 1597 2415 1806 2450; x_wconf 73' lang='lat' dir='ltr'><strong>qna’cunque</strong></span> <span class='ocrx_word' id='word_1_763' title='bbox 1830 2401 2043 2438; x_wconf 82' lang='lat' dir='ltr'><strong>hoereditabit</strong></span> <span class='ocrx_word' id='word_1_764' title='bbox 2064 2399 2233 2434; x_wconf 77' lang='lat' dir='ltr'><strong>Dominus</strong></span> 
     </span>
     <span class='ocr_line' id='line_1_102' title="bbox 1194 2460 2232 2508; baseline -0.012 -5"><span class='ocrx_word' id='word_1_765' title='bbox 1194 2468 1286 2504; x_wconf 87' lang='lat' dir='ltr'><strong>Deus</strong></span> <span class='ocrx_word' id='word_1_766' title='bbox 1320 2473 1447 2508; x_wconf 83' lang='lat' dir='ltr'><strong>noster,</strong></span> <span class='ocrx_word' id='word_1_767' title='bbox 1470 2476 1540 2501; x_wconf 89' lang='lat' dir='ltr'><strong>nou</strong></span> <span class='ocrx_word' id='word_1_768' title='bbox 1562 2465 1663 2505; x_wconf 86' lang='lat' dir='ltr'><strong>dixit,</strong></span> <span class='ocrx_word' id='word_1_769' title='bbox 1683 2462 1899 2498; x_wconf 78' lang='lat' dir='ltr'><strong>luereditabit</strong></span> <span class='ocrx_word' id='word_1_770' title='bbox 1932 2460 2043 2502; x_wconf 85' lang='lat' dir='ltr'><strong>nobis,</strong></span> <span class='ocrx_word' id='word_1_771' title='bbox 2065 2465 2232 2503; x_wconf 85' lang='lat' dir='ltr'><strong>tanquam</strong></span> 
     </span>
     <span class='ocr_line' id='line_1_103' title="bbox 1196 2519 2233 2570; baseline -0.014 -5"><span class='ocrx_word' id='word_1_772' title='bbox 1196 2531 1339 2570; x_wconf 87' lang='lat' dir='ltr'><strong>diceret,</strong></span> <span class='ocrx_word' id='word_1_773' title='bbox 1359 2527 1456 2563; x_wconf 82' lang='lat' dir='ltr'><strong>Sicut</strong></span> <span class='ocrx_word' id='word_1_774' title='bbox 1477 2526 1608 2562; x_wconf 87' lang='lat' dir='ltr'><strong>videtur</strong></span> <span class='ocrx_word' id='word_1_775' title='bbox 1626 2525 1743 2566; x_wconf 83' lang='lat' dir='ltr'><strong>nobis,</strong></span> <span class='ocrx_word' id='word_1_776' title='bbox 1768 2524 1840 2564; x_wconf 83' lang='lat' dir='ltr'><strong>sed,</strong></span> <span class='ocrx_word' id='word_1_777' title='bbox 1866 2533 1940 2558; x_wconf 80' lang='lat' dir='ltr'><strong>vere</strong></span> <span class='ocrx_word' id='word_1_778' title='bbox 1975 2519 2187 2555; x_wconf 77' lang='lat' dir='ltr'><strong>[hereditabit</strong></span> <span class='ocrx_word' id='word_1_779' title='bbox 2212 2529 2233 2552; x_wconf 88' lang='lat' dir='ltr'><strong>a</strong></span> 
     </span>
     <span class='ocr_line' id='line_1_104' title="bbox 1196 2577 2231 2636; baseline -0.013 -11"><span class='ocrx_word' id='word_1_780' title='bbox 1196 2590 1283 2636; x_wconf 73' lang='lat' dir='ltr'><strong>facie</strong></span> <span class='ocrx_word' id='word_1_781' title='bbox 1307 2595 1416 2624; x_wconf 80' lang='lat' dir='ltr'><strong>vestra</strong></span> <span class='ocrx_word' id='word_1_782' title='bbox 1435 2615 1443 2631; x_wconf 95' lang='lat'>‚</span> <span class='ocrx_word' id='word_1_783' title='bbox 1475 2586 1642 2631; x_wconf 90' lang='lat' dir='ltr'><strong>quoniam</strong></span> <span class='ocrx_word' id='word_1_784' title='bbox 1667 2585 1752 2630; x_wconf 89' lang='lat' dir='ltr'><strong>ipsis</strong></span> <span class='ocrx_word' id='word_1_785' title='bbox 1786 2582 1957 2624; x_wconf 88' lang='lat' dir='ltr'><strong>abstulit,</strong></span> <span class='ocrx_word' id='word_1_786' title='bbox 1983 2580 2092 2616; x_wconf 87' lang='lat' dir='ltr'><strong>ethis</strong></span> <span class='ocrx_word' id='word_1_787' title='bbox 2111 2577 2231 2614; x_wconf 84' lang='lat' dir='ltr'><strong>dedit:</strong></span> 
     </span>
     <span class='ocr_line' id='line_1_105' title="bbox 1196 2645 1735 2694; baseline -0.013 -9"><span class='ocrx_word' id='word_1_788' title='bbox 1196 2651 1283 2691; x_wconf 77' lang='lat' dir='ltr'><strong>ltaec,</strong></span> <span class='ocrx_word' id='word_1_789' title='bbox 1296 2649 1420 2694; x_wconf 87' lang='lat' dir='ltr'><strong>inquit,</strong></span> <span class='ocrx_word' id='word_1_790' title='bbox 1442 2645 1735 2682; x_wconf 77' lang='lat' dir='ltr'><strong>hcereditabimus.</strong></span> 
     </span>
    </p>

    <p class='ocr_par' dir='ltr' id='par_1_27' title="bbox 1198 2696 2236 3118">
     <span class='ocr_line' id='line_1_106' title="bbox 1243 2696 2235 2751; baseline -0.015 -6"><span class='ocrx_word' id='word_1_791' title='bbox 1243 2711 1292 2745; x_wconf 90' lang='lat' dir='ltr'><strong>De</strong></span> <span class='ocrx_word' id='word_1_792' title='bbox 1312 2709 1383 2744; x_wconf 84' lang='lat' dir='ltr'><strong>lilia</strong></span> <span class='ocrx_word' id='word_1_793' title='bbox 1398 2712 1518 2742; x_wconf 88' lang='lat' dir='ltr'><strong>autem</strong></span> <span class='ocrx_word' id='word_1_794' title='bbox 1536 2705 1676 2751; x_wconf 87' lang='lat' dir='ltr'><strong>Jephtc,</strong></span> <span class='ocrx_word' id='word_1_795' title='bbox 1693 2703 1787 2749; x_wconf 87' lang='lat' dir='ltr'><strong>quod</strong></span> <span class='ocrx_word' id='word_1_796' title='bbox 1806 2711 1885 2737; x_wconf 87' lang='lat' dir='ltr'><strong>eam</strong></span> <span class='ocrx_word' id='word_1_797' title='bbox 1900 2705 1999 2746; x_wconf 81' lang='lat' dir='ltr'><strong>pater</strong></span> <span class='ocrx_word' id='word_1_798' title='bbox 2016 2698 2051 2733; x_wconf 91' lang='lat' dir='ltr'><strong>in</strong></span> <span class='ocrx_word' id='word_1_799' title='bbox 2069 2696 2235 2733; x_wconf 90' lang='lat' dir='ltr'><strong>holocau-</strong></span> 
     </span>
     <span class='ocr_line' id='line_1_107' title="bbox 1198 2759 2234 2811; baseline -0.014 -5"><span class='ocrx_word' id='word_1_800' title='bbox 1198 2776 1313 2806; x_wconf 86' lang='lat' dir='ltr'><strong>stoma</strong></span> <span class='ocrx_word' id='word_1_801' title='bbox 1332 2769 1458 2804; x_wconf 87' lang='lat' dir='ltr'><strong>obtulit</strong></span> <span class='ocrx_word' id='word_1_802' title='bbox 1479 2768 1566 2809; x_wconf 91' lang='lat' dir='ltr'><strong>Deo,</strong></span> <span class='ocrx_word' id='word_1_803' title='bbox 1585 2766 1750 2811; x_wconf 87' lang='lat' dir='ltr'><strong>quoniam</strong></span> <span class='ocrx_word' id='word_1_804' title='bbox 1776 2764 1811 2799; x_wconf 91' lang='lat' dir='ltr'><strong>in</strong></span> <span class='ocrx_word' id='word_1_805' title='bbox 1831 2762 1922 2798; x_wconf 82' lang='lat' dir='ltr'><strong>bello</strong></span> <span class='ocrx_word' id='word_1_806' title='bbox 1947 2766 2103 2801; x_wconf 79' lang='lat' dir='ltr'><strong>voverat,</strong></span> <span class='ocrx_word' id='word_1_807' title='bbox 2122 2759 2151 2793; x_wconf 90' lang='lat' dir='ltr'><strong>si</strong></span> <span class='ocrx_word' id='word_1_808' title='bbox 2180 2759 2234 2792; x_wconf 88' lang='lat' dir='ltr'><strong>vi-</strong></span> 
     </span>
     <span class='ocr_line' id='line_1_108' title="bbox 1198 2817 2236 2872; baseline -0.015 -5"><span class='ocrx_word' id='word_1_809' title='bbox 1198 2833 1318 2872; x_wconf 89' lang='lat' dir='ltr'><strong>cisset,</strong></span> <span class='ocrx_word' id='word_1_810' title='bbox 1338 2839 1417 2865; x_wconf 89' lang='lat' dir='ltr'><strong>eum</strong></span> <span class='ocrx_word' id='word_1_811' title='bbox 1443 2838 1481 2864; x_wconf 91' lang='lat' dir='ltr'><strong>se</strong></span> <span class='ocrx_word' id='word_1_812' title='bbox 1511 2827 1777 2862; x_wconf 86' lang='lat' dir='ltr'><strong>holocaustoma</strong></span> <span class='ocrx_word' id='word_1_813' title='bbox 1797 2823 1994 2859; x_wconf 86' lang='lat' dir='ltr'><strong>oblaturum</strong></span> <span class='ocrx_word' id='word_1_814' title='bbox 2025 2820 2082 2864; x_wconf 84' lang='lat' dir='ltr'><strong>qui</strong></span> <span class='ocrx_word' id='word_1_815' title='bbox 2104 2817 2170 2853; x_wconf 91' lang='lat' dir='ltr'><strong>sibi</strong></span> <span class='ocrx_word' id='word_1_816' title='bbox 2192 2817 2236 2852; x_wconf 90' lang='lat' dir='ltr'><strong>de</strong></span> 
     </span>
     <span class='ocr_line' id='line_1_109' title="bbox 1200 2878 2235 2931; baseline -0.015 -3"><span class='ocrx_word' id='word_1_817' title='bbox 1200 2893 1305 2929; x_wconf 91' lang='lat' dir='ltr'><strong>domo</strong></span> <span class='ocrx_word' id='word_1_818' title='bbox 1321 2891 1444 2926; x_wconf 85' lang='lat' dir='ltr'><strong>exiens</strong></span> <span class='ocrx_word' id='word_1_819' title='bbox 1460 2889 1695 2929; x_wconf 88' lang='lat' dir='ltr'><strong>occurrisset;</strong></span> <span class='ocrx_word' id='word_1_820' title='bbox 1727 2885 1820 2931; x_wconf 89' lang='lat' dir='ltr'><strong>quod</strong></span> <span class='ocrx_word' id='word_1_821' title='bbox 1842 2892 1924 2919; x_wconf 89' lang='lat' dir='ltr'><strong>cum</strong></span> <span class='ocrx_word' id='word_1_822' title='bbox 1938 2881 2106 2920; x_wconf 82' lang='lat' dir='ltr'><strong>vovisset,</strong></span> <span class='ocrx_word' id='word_1_823' title='bbox 2131 2878 2235 2919; x_wconf 81' lang='lat' dir='ltr'><strong>vicit:</strong></span> 
     </span>
     <span class='ocr_line' id='line_1_110' title="bbox 1200 2936 2236 2991; baseline -0.018 -2"><span class='ocrx_word' id='word_1_824' title='bbox 1200 2959 1236 2990; x_wconf 88' lang='lat' dir='ltr'><strong>et</strong></span> <span class='ocrx_word' id='word_1_825' title='bbox 1253 2956 1463 2988; x_wconf 88' lang='lat' dir='ltr'><strong>occurrente</strong></span> <span class='ocrx_word' id='word_1_826' title='bbox 1481 2949 1549 2984; x_wconf 87' lang='lat' dir='ltr'><strong>sihi</strong></span> <span class='ocrx_word' id='word_1_827' title='bbox 1570 2948 1652 2988; x_wconf 82' lang='lat' dir='ltr'><strong>iilia,</strong></span> <span class='ocrx_word' id='word_1_828' title='bbox 1675 2945 1769 2991; x_wconf 90' lang='lat' dir='ltr'><strong>quod</strong></span> <span class='ocrx_word' id='word_1_829' title='bbox 1788 2947 1935 2979; x_wconf 84' lang='lat' dir='ltr'><strong>voverat</strong></span> <span class='ocrx_word' id='word_1_830' title='bbox 1966 2939 2131 2980; x_wconf 88' lang='lat' dir='ltr'><strong>reddidit,</strong></span> <span class='ocrx_word' id='word_1_831' title='bbox 2148 2936 2236 2971; x_wconf 82' lang='lat' dir='ltr'><strong>solet</strong></span> 
     </span>
     <span class='ocr_line' id='line_1_111' title="bbox 1201 2996 2236 3057; baseline -0.019 -8"><span class='ocrx_word' id='word_1_832' title='bbox 1201 3023 1281 3050; x_wconf 90' lang='lat' dir='ltr'><strong>esse</strong></span> <span class='ocrx_word' id='word_1_833' title='bbox 1299 3021 1428 3057; x_wconf 85' lang='lat' dir='ltr'><strong>magna</strong></span> <span class='ocrx_word' id='word_1_834' title='bbox 1445 3014 1481 3045; x_wconf 89' lang='lat' dir='ltr'><strong>et</strong></span> <span class='ocrx_word' id='word_1_835' title='bbox 1497 3009 1542 3043; x_wconf 86' lang='lat' dir='ltr'><strong>ad</strong></span> <span class='ocrx_word' id='word_1_836' title='bbox 1556 3004 1820 3052; x_wconf 85' lang='lat' dir='ltr'><strong>dijudicandum</strong></span> <span class='ocrx_word' id='word_1_837' title='bbox 1840 2999 2042 3036; x_wconf 82' lang='lat' dir='ltr'><strong>difficillima</strong></span> <span class='ocrx_word' id='word_1_838' title='bbox 2063 2996 2208 3042; x_wconf 67' lang='lat' dir='ltr'><strong>quaestio</strong></span> <span class='ocrx_word' id='word_1_839' title='bbox 2227 3005 2236 3029; x_wconf 91' lang='lat'><strong>:</strong></span> 
     </span>
     <span class='ocr_line' id='line_1_112' title="bbox 1202 3055 2235 3118; baseline -0.021 -10"><span class='ocrx_word' id='word_1_840' title='bbox 1202 3072 1413 3118; x_wconf 89' lang='lat' dir='ltr'><strong>quibusdam</strong></span> <span class='ocrx_word' id='word_1_841' title='bbox 1432 3068 1517 3114; x_wconf 88' lang='lat' dir='ltr'><strong>quid</strong></span> <span class='ocrx_word' id='word_1_842' title='bbox 1536 3066 1603 3103; x_wconf 87' lang='lat' dir='ltr'><strong>sibi</strong></span> <span class='ocrx_word' id='word_1_843' title='bbox 1623 3066 1690 3101; x_wconf 88' lang='lat' dir='ltr'><strong>hoc</strong></span> <span class='ocrx_word' id='word_1_844' title='bbox 1706 3063 1789 3099; x_wconf 84' lang='lat' dir='ltr'><strong>velit</strong></span> <span class='ocrx_word' id='word_1_845' title='bbox 1823 3069 1926 3096; x_wconf 90' lang='lat' dir='ltr'><strong>nosse</strong></span> <span class='ocrx_word' id='word_1_846' title='bbox 1946 3055 2169 3102; x_wconf 86' lang='lat' dir='ltr'><strong>cupientibus</strong></span> <span class='ocrx_word' id='word_1_847' title='bbox 2199 3059 2235 3088; x_wconf 84' lang='lat' dir='ltr'><strong>et</strong></span> 
     </span>
    </p>
   </div>
   <div class='ocr_carea' id='block_1_27' title="bbox 1203 3113 2236 3773">
    <p class='ocr_par' dir='ltr' id='par_1_28' title="bbox 1203 3113 2236 3773">
     <span class='ocr_line' id='line_1_113' title="bbox 1203 3113 2236 3178; baseline -0.021 -10"><span class='ocrx_word' id='word_1_848' title='bbox 1203 3133 1259 3178; x_wconf 89' lang='lat' dir='ltr'><strong>pie</strong></span> <span class='ocrx_word' id='word_1_849' title='bbox 1275 3129 1536 3177; x_wconf 83' lang='lat' dir='ltr'><strong>quaerentibus3</strong></span> <span class='ocrx_word' id='word_1_850' title='bbox 1576 3123 1783 3171; x_wconf 86' lang='lat' dir='ltr'><strong>quibusdam</strong></span> <span class='ocrx_word' id='word_1_851' title='bbox 1810 3128 1916 3160; x_wconf 78' lang='lat' dir='ltr'><strong>vero,</strong></span> <span class='ocrx_word' id='word_1_852' title='bbox 1948 3116 2007 3160; x_wconf 86' lang='lat' dir='ltr'><strong>qui</strong></span> <span class='ocrx_word' id='word_1_853' title='bbox 2043 3113 2236 3158; x_wconf 79' lang='lat' dir='ltr'><strong>scripturis</strong></span> 
     </span>
     <span class='ocr_line' id='line_1_114' title="bbox 1205 3171 2234 3232; baseline -0.024 -3"><span class='ocrx_word' id='word_1_854' title='bbox 1205 3193 1261 3228; x_wconf 89' lang='lat' dir='ltr'><strong>his</strong></span> <span class='ocrx_word' id='word_1_855' title='bbox 1293 3190 1426 3227; x_wconf 88' lang='lat' dir='ltr'><strong>sanctis</strong></span> <span class='ocrx_word' id='word_1_856' title='bbox 1459 3187 1619 3232; x_wconf 89' lang='lat' dir='ltr'><strong>imperita</strong></span> <span class='ocrx_word' id='word_1_857' title='bbox 1656 3181 1835 3226; x_wconf 87' lang='lat' dir='ltr'><strong>impietate</strong></span> <span class='ocrx_word' id='word_1_858' title='bbox 1872 3176 2123 3215; x_wconf 84' lang='lat' dir='ltr'><strong>adversantur,</strong></span> <span class='ocrx_word' id='word_1_859' title='bbox 2166 3171 2234 3206; x_wconf 88' lang='lat' dir='ltr'><strong>hoc</strong></span> 
     </span>
     <span class='ocr_line' id='line_1_115' title="bbox 1206 3230 2236 3287; baseline -0.025 2"><span class='ocrx_word' id='word_1_860' title='bbox 1206 3251 1361 3287; x_wconf 86' lang='lat' dir='ltr'><strong>maxime</strong></span> <span class='ocrx_word' id='word_1_861' title='bbox 1384 3249 1418 3284; x_wconf 91' lang='lat' dir='ltr'><strong>in</strong></span> <span class='ocrx_word' id='word_1_862' title='bbox 1434 3247 1567 3282; x_wconf 88' lang='lat' dir='ltr'><strong>crimen</strong></span> <span class='ocrx_word' id='word_1_863' title='bbox 1589 3239 1794 3277; x_wconf 85' lang='lat' dir='ltr'><strong>vocantibus</strong></span> <span class='ocrx_word' id='word_1_864' title='bbox 1816 3235 1908 3280; x_wconf 88' lang='lat' dir='ltr'><strong>quod</strong></span> <span class='ocrx_word' id='word_1_865' title='bbox 1926 3233 2011 3278; x_wconf 83' lang='lat' dir='ltr'><strong>legis</strong></span> <span class='ocrx_word' id='word_1_866' title='bbox 2028 3236 2063 3267; x_wconf 87' lang='lat' dir='ltr'><strong>et</strong></span> <span class='ocrx_word' id='word_1_867' title='bbox 2084 3230 2236 3276; x_wconf 84' lang='lat' dir='ltr'><strong>prophe-</strong></span> 
     </span>
     <span class='ocr_line' id='line_1_116' title="bbox 1209 3289 2234 3347; baseline -0.023 0"><span class='ocrx_word' id='word_1_868' title='bbox 1209 3317 1324 3347; x_wconf 89' lang='lat' dir='ltr'><strong>tarum</strong></span> <span class='ocrx_word' id='word_1_869' title='bbox 1349 3308 1442 3342; x_wconf 91' lang='lat' dir='ltr'><strong>Deus</strong></span> <span class='ocrx_word' id='word_1_870' title='bbox 1460 3303 1567 3338; x_wconf 89' lang='lat' dir='ltr'><strong>etiam</strong></span> <span class='ocrx_word' id='word_1_871' title='bbox 1586 3297 1748 3335; x_wconf 88' lang='lat' dir='ltr'><strong>humanis</strong></span> <span class='ocrx_word' id='word_1_872' title='bbox 1768 3293 1951 3331; x_wconf 84' lang='lat' dir='ltr'><strong>sacrifieiis</strong></span> <span class='ocrx_word' id='word_1_873' title='bbox 1964 3289 2234 3327; x_wconf 83' lang='lat' dir='ltr'><strong>sueritdeleeta-</strong></span> 
     </span>
     <span class='ocr_line' id='line_1_117' title="bbox 1208 3349 2232 3410; baseline -0.023 -4"><span class='ocrx_word' id='word_1_874' title='bbox 1208 3377 1278 3406; x_wconf 88' lang='lat' dir='ltr'><strong>tus.</strong></span> <span class='ocrx_word' id='word_1_875' title='bbox 1301 3367 1455 3410; x_wconf 85' lang='lat' dir='ltr'><strong>Quorum</strong></span> <span class='ocrx_word' id='word_1_876' title='bbox 1471 3359 1657 3397; x_wconf 90' lang='lat' dir='ltr'><strong>calumniis</strong></span> <span class='ocrx_word' id='word_1_877' title='bbox 1677 3357 1728 3393; x_wconf 91' lang='lat' dir='ltr'><strong>sic</strong></span> <span class='ocrx_word' id='word_1_878' title='bbox 1762 3353 1926 3401; x_wconf 88' lang='lat' dir='ltr'><strong>primitus</strong></span> <span class='ocrx_word' id='word_1_879' title='bbox 1955 3349 2208 3396; x_wconf 85' lang='lat' dir='ltr'><strong>respondemus</strong></span> <span class='ocrx_word' id='word_1_880' title='bbox 2222 3375 2232 3390; x_wconf 93' lang='lat'><strong>,</strong></span> 
     </span>
     <span class='ocr_line' id='line_1_118' title="bbox 1207 3415 2235 3467; baseline -0.019 -4"><span class='ocrx_word' id='word_1_881' title='bbox 1207 3434 1247 3464; x_wconf 90' lang='lat' dir='ltr'><strong>ut</strong></span> <span class='ocrx_word' id='word_1_882' title='bbox 1266 3425 1453 3462; x_wconf 88' lang='lat' dir='ltr'><strong>Dominum</strong></span> <span class='ocrx_word' id='word_1_883' title='bbox 1466 3421 1554 3467; x_wconf 86' lang='lat' dir='ltr'><strong>legis</strong></span> <span class='ocrx_word' id='word_1_884' title='bbox 1570 3425 1606 3455; x_wconf 90' lang='lat' dir='ltr'><strong>et</strong></span> <span class='ocrx_word' id='word_1_885' title='bbox 1626 3417 1889 3464; x_wconf 81' lang='lat' dir='ltr'><strong>prophetarum,</strong></span> <span class='ocrx_word' id='word_1_886' title='bbox 1906 3419 2012 3458; x_wconf 88' lang='lat' dir='ltr'><strong>atque</strong></span> <span class='ocrx_word' id='word_1_887' title='bbox 2036 3415 2075 3446; x_wconf 90' lang='lat' dir='ltr'><strong>ut</strong></span> <span class='ocrx_word' id='word_1_888' title='bbox 2097 3419 2235 3454; x_wconf 86' lang='lat' dir='ltr'><strong>expres·</strong></span> 
     </span>
     <span class='ocr_line' id='line_1_119' title="bbox 1207 3468 2234 3523; baseline -0.019 -1"><span class='ocrx_word' id='word_1_889' title='bbox 1207 3487 1281 3523; x_wconf 91' lang='lat' dir='ltr'><strong>sius</strong></span> <span class='ocrx_word' id='word_1_890' title='bbox 1300 3484 1415 3520; x_wconf 87' lang='lat' dir='ltr'><strong>dicam</strong></span> <span class='ocrx_word' id='word_1_891' title='bbox 1433 3482 1543 3517; x_wconf 87' lang='lat' dir='ltr'><strong>Deum</strong></span> <span class='ocrx_word' id='word_1_892' title='bbox 1558 3477 1748 3517; x_wconf 83' lang='lat' dir='ltr'><strong>Abraham,</strong></span> <span class='ocrx_word' id='word_1_893' title='bbox 1762 3481 1798 3511; x_wconf 89' lang='lat' dir='ltr'><strong>et</strong></span> <span class='ocrx_word' id='word_1_894' title='bbox 1814 3474 1924 3510; x_wconf 87' lang='lat' dir='ltr'><strong>Deum</strong></span> <span class='ocrx_word' id='word_1_895' title='bbox 1942 3471 2053 3514; x_wconf 82' lang='lat' dir='ltr'><strong>Isaac,</strong></span> <span class='ocrx_word' id='word_1_896' title='bbox 2071 3475 2107 3505; x_wconf 90' lang='lat' dir='ltr'><strong>et</strong></span> <span class='ocrx_word' id='word_1_897' title='bbox 2123 3468 2234 3504; x_wconf 89' lang='lat' dir='ltr'><strong>Deum</strong></span> 
     </span>
     <span class='ocr_line' id='line_1_120' title="bbox 1205 3529 2235 3587; baseline -0.02 -5"><span class='ocrx_word' id='word_1_898' title='bbox 1205 3544 1328 3587; x_wconf 86' lang='lat' dir='ltr'><strong>Jacob,</strong></span> <span class='ocrx_word' id='word_1_899' title='bbox 1347 3551 1413 3578; x_wconf 90' lang='lat' dir='ltr'><strong>nec</strong></span> <span class='ocrx_word' id='word_1_900' title='bbox 1434 3540 1494 3576; x_wconf 86' lang='lat' dir='ltr'><strong>illa</strong></span> <span class='ocrx_word' id='word_1_901' title='bbox 1518 3536 1692 3575; x_wconf 78' lang='lat' dir='ltr'><strong>sacrificia</strong></span> <span class='ocrx_word' id='word_1_902' title='bbox 1713 3530 1976 3573; x_wconf 84' lang='lat' dir='ltr'><strong>delectaverint,</strong></span> <span class='ocrx_word' id='word_1_903' title='bbox 1992 3529 2051 3566; x_wconf 91' lang='lat' dir='ltr'><strong>ubi</strong></span> <span class='ocrx_word' id='word_1_904' title='bbox 2067 3535 2235 3574; x_wconf 82' lang='lat' dir='ltr'><strong>pecorum</strong></span> 
     </span>
     <span class='ocr_line' id='line_1_121' title="bbox 1207 3584 2235 3641; baseline -0.02 -1"><span class='ocrx_word' id='word_1_905' title='bbox 1207 3603 1412 3641; x_wconf 87' lang='lat' dir='ltr'><strong>holocausta</strong></span> <span class='ocrx_word' id='word_1_906' title='bbox 1434 3597 1693 3638; x_wconf 70' lang='lat' dir='ltr'><strong>offerebantur-3</strong></span> <span class='ocrx_word' id='word_1_907' title='bbox 1714 3593 1776 3630; x_wconf 77' lang='lat' dir='ltr'><strong>sed</strong></span> <span class='ocrx_word' id='word_1_908' title='bbox 1792 3590 1886 3638; x_wconf 86' lang='lat' dir='ltr'><strong>quod</strong></span> <span class='ocrx_word' id='word_1_909' title='bbox 1908 3586 2139 3635; x_wconf 77' lang='lat' dir='ltr'><strong>significativa</strong></span> <span class='ocrx_word' id='word_1_910' title='bbox 2156 3584 2235 3621; x_wconf 76' lang='lat' dir='ltr'><strong>fue-</strong></span> 
     </span>
     <span class='ocr_line' id='line_1_122' title="bbox 1207 3644 2236 3708; baseline -0.02 -7"><span class='ocrx_word' id='word_1_911' title='bbox 1207 3665 1292 3707; x_wconf 87' lang='lat' dir='ltr'><strong>rint,</strong></span> <span class='ocrx_word' id='word_1_912' title='bbox 1310 3667 1348 3699; x_wconf 87' lang='lat' dir='ltr'><strong>et</strong></span> <span class='ocrx_word' id='word_1_913' title='bbox 1357 3659 1519 3708; x_wconf 83' lang='lat' dir='ltr'><strong>quaedam</strong></span> <span class='ocrx_word' id='word_1_914' title='bbox 1537 3655 1672 3693; x_wconf 81' lang='lat' dir='ltr'><strong>umbrae</strong></span> <span class='ocrx_word' id='word_1_915' title='bbox 1694 3652 1906 3692; x_wconf 74' lang='lat' dir='ltr'><strong>futurorum,</strong></span> <span class='ocrx_word' id='word_1_916' title='bbox 1929 3657 1988 3684; x_wconf 76' lang='lat' dir='ltr'><strong>res</strong></span> <span class='ocrx_word' id='word_1_917' title='bbox 2008 3646 2105 3698; x_wconf 49' lang='lat' dir='ltr'><strong>ipsas</strong></span> <span class='ocrx_word' id='word_1_918' title='bbox 2133 3644 2236 3682; x_wconf 76' lang='lat' dir='ltr'><strong>uobis</strong></span> 
     </span>
     <span class='ocr_line' id='line_1_123' title="bbox 1207 3705 2236 3773; baseline -0.021 -10"><span class='ocrx_word' id='word_1_919' title='bbox 1207 3734 1286 3773; x_wconf 86' lang='lat' dir='ltr'><strong>quae</strong></span> <span class='ocrx_word' id='word_1_920' title='bbox 1303 3722 1360 3761; x_wconf 81' lang='lat' dir='ltr'><strong>bis</strong></span> <span class='ocrx_word' id='word_1_921' title='bbox 1375 3717 1563 3759; x_wconf 76' lang='lat' dir='ltr'><strong>sacrifieiis</strong></span> <span class='ocrx_word' id='word_1_922' title='bbox 1580 3713 1883 3763; x_wconf 71' lang='lat' dir='ltr'><strong>significabantur,</strong></span> <span class='ocrx_word' id='word_1_923' title='bbox 1899 3705 2148 3748; x_wconf 76' lang='lat' dir='ltr'><strong>commendare</strong></span> <span class='ocrx_word' id='word_1_924' title='bbox 2171 3714 2236 3742; x_wconf 77' lang='lat' dir='ltr'><strong>vo-</strong></span> 
     </span>
    </p>
   </div>
   <div class='ocr_carea' id='block_1_28' title="bbox 2117 158 2229 230">
    <p class='ocr_par' dir='ltr' id='par_1_29' title="bbox 2117 158 2229 230">
     <span class='ocr_line' id='line_1_124' title="bbox 2117 158 2229 230; baseline 0.027 -5"><span class='ocrx_word' id='word_1_925' title='bbox 2117 158 2229 230; x_wconf 63' lang='grc' dir='ltr'><strong>41τῖ</strong></span> 
     </span>
    </p>
   </div>
   <div class='ocr_carea' id='block_1_29' title="bbox 2530 9 2540 59">
    <p class='ocr_par' dir='ltr' id='par_1_30' title="bbox 2530 9 2540 59">
     <span class='ocr_line' id='line_1_125' title="bbox 2530 9 2540 59; textangle 90"><span class='ocrx_word' id='word_1_926' title='bbox 2530 9 2540 59; x_wconf 51' lang='lat'><strong>1-—</strong></span> 
     </span>
    </p>
   </div>
  </div>
 </body>
</html>
