2540 4016
203 331 215 365 ;
231 319 296 358 ubi
311 319 476 369 gehenna
494 322 591 369 ignis
605 326 642 360 et
654 331 766 370 poena
788 324 846 363 eis
861 326 1071 373 praedicitur
1088 340 1171 377 per-

221 407 232 418 .
250 377 324 430 (Ex
353 380 598 432 adamantio.)
617 382 692 422 Hoc
721 395 808 434 ergo
827 386 935 424 modo
957 386 1063 426 &esus
1088 400 1170 428 cum

47 460 53 472 1
182 441 263 479 ibus
283 446 324 480 ‘et
338 440 533 481 virtutibus
551 445 627 483 suis
647 447 750 485 adest
781 449 840 486 his
854 450 918 496 qui
933 461 1001 498 pro
1025 453 1170 490 nomine

77 529 98 546 „
203 503 402 542 ‘contrariis
423 504 620 545 virtutibus
647 516 928 557 oppugnantur:
949 517 986 548 et
1012 521 1086 550 non
1109 524 1170 551 so-

42 545 184 605 ssfftum
201 560 378 603 auxilium
405 571 555 613 praestat
583 568 620 604 in
649 569 757 615 bello,
783 581 909 608 verum
937 577 975 609 et
999 572 1172 620 produxit

72 611 97 645 Ὦ
106 625 252 672 tempus
272 625 356 672 diei,
374 631 410 664 et
429 628 547 675 spatia
567 629 660 667 lucis
678 632 876 679 protelans,
904 633 1100 683 adventum
1118 635 1170 673 di·

81 684 222 724 'Seut'it
239 687 383 733 noctis;
411 690 508 727 unde
525 691 686 737 sequitur
707 704 715 728 :

50 792 58 796 -
81 738 99 767 Ἀ
157 745 276 796 (lain.)
296 761 308 781 ‹
332 749 433 786 Tune
451 750 593 788 loeutus
610 757 666 789 est
683 752 791 791 Josue
804 754 958 793 Domino
970 756 1006 792 in
1024 756 1082 793 die
1098 767 1169 803 qua

46 828 51 829 ν
80 795 94 825 ²
113 818 126 842 ι
150 807 565 850 tradiditAmorrhaeum
587 815 623 851 in
644 822 841 863 conspeetu
866 817 1024 854 filiorum
1040 817 1168 864 lsrael,

53 869 59 873 ’
78 863 85 872 ’
113 880 126 903 «
148 867 312 918 dixitque
328 882 450 909 coram
466 875 519 912 eis
536 888 545 911 ε
561 874 634 919 Sol,
653 882 780 914 eontra
797 878 946 915 Gabaon
962 889 1008 916 ne
1027 891 1170 918 movea-

79 928 82 937 '
111 941 125 964 ‹
146 930 211 975 ris,
236 937 273 968 et
291 933 391 979 luna,
415 940 542 971 eontra
567 937 697 974 vallem
715 938 881 975 Ahialon.
911 938 1171 988 steteruntque

111 1001 124 1024 ι
148 991 202 1026 sol
220 992 376 1042 etsluna.
394 994 521 1032 Nonne
538 998 711 1043 scriptum
728 1004 784 1035 est
800 999 869 1036 hoc
895 999 931 1036 in
947 1000 1039 1038 libro
1055 1001 1170 1048 justo-

80 1060 84 1066 *
110 1061 124 1086 e
147 1051 254 1087 rum?
278 1051 388 1090 Stetit
407 1055 530 1101 itaque
547 1057 602 1094 sol
618 1058 653 1093 in
670 1059 788 1096 medio
809 1060 904 1104 coeli,
926 1067 961 1097 et
979 1073 1051 1099 non
1068 1063 1170 1101 festi-

48 1160 52 1161 ?
109 1119 124 1145 ι
146 1111 248 1147 navit
264 1113 480 1150 occumbere
506 1116 623 1162 spatio
644 1118 751 1160 unius
775 1119 860 1155 diei.
892 1120 970 1157 Non
992 1121 1060 1158 snit
1086 1128 1170 1160 ante

40 1232 49 1233 ’
108 1246 122 1269 «
145 1234 314 1281 hominis,
338 1243 578 1288 etpugnante
611 1251 676 1287 pro
697 1242 820 1279 Israel.
843 1243 1096 1292 Reversusque
1113 1253 1170 1283 est

106 1305 120 1330 ι
145 1294 254 1333 Josue
284 1308 367 1334 cum
400 1300 499 1336 omni
517 1301 627 1337 Israel
648 1303 684 1338 in
717 1309 834 1340 castra
866 1304 1034 1351 Galgalae.
1057 1319 1070 1340 ι
1097 1306 1168 1353 (Ex

78 1364 81 1367 ·
106 1357 257 1406 eodem.)
278 1359 453 1398 Volumus
480 1373 580 1410 ergo,
603 1364 633 1400 si
649 1375 856 1410 possumus,
873 1368 1064 1404 ostendere
1078 1379 1167 1415 quo-

102 1419 212 1455 modo
232 1419 408 1458 Dominus
428 1428 552 1460 noster
578 1423 683 1461 Jcsus
717 1427 950 1473 protelaverit
976 1428 1107 1473 lucem,
1131 1435 1168 1467 et

102 1481 278 1527 majorem
294 1484 423 1522 fecerit
445 1486 556 1530 diem,
578 1488 633 1524 vel
659 1499 725 1535 pro
743 1489 858 1527 salute
886 1491 1086 1536 hominum,
1109 1493 1167 1530 vel

103 1553 169 1589 pro
187 1543 337 1581 interitu
356 1548 625 1585 contrariarum
643 1550 832 1588 virtutum.
855 1553 908 1588 Ex
926 1564 996 1599 quo
1020 1555 1166 1591 advenit

102 1599 285 1649 Salvator,
315 1606 399 1644 finis
428 1614 507 1644 erat
526 1610 673 1654 mundi;
692 1610 766 1657 jam
787 1612 942 1659 denique
970 1615 1047 1661 ipsc
1069 1615 1166 1653 diee-

99 1665 165 1703 bat
186 1677 195 1703 :
222 1680 233 1702 a
257 1667 514 1709 Paenitentiam
548 1674 656 1721 agite,
677 1677 977 1723 appropinquavit
1014 1689 1165 1725 regnum

101 1727 275 1764 coelorum
297 1729 442 1778 (Maem.
462 1732 532 1781 ιιι).
559 1747 571 1768 1>
596 1734 641 1770 Et
676 1736 791 1772 tenuit
814 1742 849 1773 et
874 1739 1048 1784 repressit
1069 1739 1164 1776 diem

101 1792 438 1836 consummationis,
465 1800 502 1830 et
522 1795 649 1832 adesse
670 1797 868 1842 prohibuit.
905 1799 1031 1836 videns
1067 1800 1164 1837 enim

98 1848 197 1889 Deus
213 1852 324 1890 Pater
339 1855 490 1891 salutem
517 1857 677 1903 gentium
693 1867 758 1903 per
774 1857 891 1904 ipsum
913 1859 1027 1896 solum
1057 1870 1165 1906 posse

101 1920 284 1959 constare,
313 1915 401 1952 dicit
435 1917 480 1953 ad
499 1928 579 1954 cum
604 1931 611 1953 :
635 1931 646 1951 a
672 1919 758 1956 Pete
783 1930 803 1955 a
830 1931 900 1964 me,
919 1927 956 1957 et
982 1921 1075 1958 dabo
1099 1922 1164 1958 tibi

99 1978 226 2021 gentes
243 1975 493 2014 haereditatem
512 1985 626 2024 tuam,
643 1986 678 2017 et
691 1983 960 2026 possessionem
980 1988 1080 2019 tuam
1094 1990 1166 2020 ter-

100 2035 219 2071 minos
238 2041 345 2073 terrae
365 2036 480 2085 (Psal.
507 2039 562 2086 ιι).
590 2053 602 2074 ι
627 2040 748 2077 Donec
779 2052 864 2089 ergo
883 2048 1034 2089 paterna
1057 2044 1162 2090 polli-

101 2096 226 2134 citatio
255 2099 480 2146 compleatur
508 2101 694 2146 Ecelesiae,
715 2108 751 2138 et
771 2103 923 2140 diversis
957 2105 1162 2142 nationibus

100 2164 255 2202 creseat,
276 2164 384 2205 atque
403 2160 560 2196 introeat
578 2167 653 2197 tota
673 2163 835 2208 gentium
854 2163 1062 2207 multitudo,
1078 2170 1163 2201 tune

99 2218 246 2255 demum
278 2221 398 2259 omnis
431 2222 544 2259 Israel
570 2223 730 2260 salvetur
752 2237 759 2260 ε
779 2225 856 2261 dies
881 2226 1105 2271 producitur,
1128 2232 1164 2263 ct

99 2278 266 2317 differtur
280 2293 434 2321 occasus
447 2296 456 2329 ;
474 2295 542 2321 nee
555 2296 715 2331 unquam
730 2286 782 2322 sol
797 2287 980 2330 occubuit,
993 2288 1055 2324 sed
1069 2298 1163 2324 sem-

98 2350 165 2390 per
187 2341 317 2387 oritur,
337 2344 420 2380 dum
441 2345 666 2381 credentium
685 2346 857 2383 cordibus
875 2347 928 2382 sol
944 2346 1094 2392 justitiae
1108 2347 1161 2383 lu-

94 2411 183 2438 ·men
199 2404 366 2441 veritatis
384 2405 553 2443 infundit.
569 2406 659 2443 Cum
678 2418 764 2444 vero
782 2407 917 2454 repleta
936 2407 1044 2444 fuerit
1058 2419 1161 2445 menss

77 2471 185 2499 sura
215 2465 457 2511 credentium,
486 2473 523 2503 et
549 2467 708 2505 deterior
733 2469 809 2515 Jam
829 2479 872 2505 ae
907 2469 1052 2505 decolor
1073 2475 1159 2507 aetas

98 2522 234 2561 ultimae
248 2527 493 2573 generationis
515 2529 717 2572 advenerit,
738 2539 820 2564 cum
847 2529 1073 2564 increscente
1092 2530 1159 2565 ini-

97 2586 237 2633 quitate
266 2587 475 2635 refrigescet
501 2590 662 2626 charitas
688 2589 897 2632 multorum,
927 2595 963 2625 et
986 2592 1158 2636 perpauci

98 2649 339 2685 remanserint
375 2650 412 2686 in
447 2650 579 2696 quibus
597 2651 686 2687 fides
719 2650 936 2694 inveniatur,
971 2655 1056 2687 tunc
1082 2652 1157 2698 jam

96 2708 360 2746 breviabuntur
388 2710 478 2748 dies.
496 2711 595 2748 Idem
622 2711 733 2757 igitur
763 2717 871 2756 atque
891 2711 967 2756 ipse
985 2711 1158 2749 Dominus

94 2769 197 2806 novit
215 2775 251 2806 et
277 2772 473 2808 extendere
489 2772 585 2808 diem
609 2782 692 2808 eum
717 2771 845 2808 salutis
876 2777 930 2807 est
950 2776 1105 2817 tempus,
1121 2777 1158 2808 et

93 2830 262 2870 breviare
272 2831 380 2879 diem,
393 2839 431 2870 et
443 2834 654 2881 producitur
672 2834 776 2871 nohis
795 2833 949 2881 spatium
967 2832 1071 2877 lueis,
1088 2833 1157 2870 sic-

95 2897 135 2928 ut
168 2893 206 2929 in
226 2894 285 2931 die
304 2896 456 2933 honeste
476 2896 703 2933 ambulemus
723 2902 759 2933 et
786 2906 898 2944 opera
918 2896 1009 2932 lucis
1032 2906 1157 2943 opere-

91 2961 189 2989 mur.
222 2953 295 2991 Sed
312 2961 349 2992 et
367 2956 455 2993 illud
470 2957 657 2994 videamus
675 2957 762 3004 quid
793 2958 842 2994 sit
867 2958 1027 3004 quinque
1052 2968 1156 3005 reges

94 3083 177 3110 mus
203 3075 386 3122 duplicem
412 3086 495 3114 esse
520 3077 807 3115 Christianorum
830 3079 987 3125 pugnam
1010 3078 1155 3124 :perfe-

94 3134 163 3172 ctis
182 3135 327 3182 quidem
356 3142 393 3174 et
425 3138 557 3176 talibus
575 3139 694 3188 qualis
715 3145 795 3175 erat
808 3138 941 3176 Paulus
970 3139 1154 3186 apostolus

91 3196 155 3244 qui
171 3197 284 3235 dicit:
305 3210 319 3233 c
341 3199 422 3237 Non
435 3207 516 3238 erat
528 3201 583 3239 eis
612 3211 735 3249 pugna
754 3202 928 3239 adversus
952 3211 1100 3238 carnem
1118 3206 1155 3239 et

92 3259 322 3308 sanguinem,
341 3263 406 3300 sed
435 3264 610 3302 adversus
636 3264 862 3311 principatus
879 3269 917 3300 et
940 3268 1151 3311 potestates,

94 3323 268 3362 adversus
285 3326 536 3375 mundibujus
554 3333 713 3364 rectores
746 3326 992 3371 tenebrarum,
1013 3331 1050 3363 et
1077 3326 1152 3373 spi-

14 3395 22 3406 2
88 3382 212 3421 titana
221 3386 398 3434 nequitiae
416 3387 683 3427 in-ooelestibus
713 3387 820 3436 (ΕρΙι.
839 3386 905 3434 vi).
930 3399 944 3422 ι
967 3385 1153 3423 Inferiori-

0 3441 2 3452 ᾖ
40 3487 49 3493 ,Ἰ
91 3443 164 3484 hus
177 3456 266 3485 ⁷cero
289 3453 334 3486 -et
353 3448 514 3486 nondum
541 3449 729 3497 perfectis,
743 3457 867 3495 pugna
887 3447 1004 3484 adhue
1021 3446 1150 3482 adver-

14 3527 21 3532 ·
43 3496 51 3513 '
75 3513 323 3546 mnemon
338 3510 604 3558 etsaufflaeinom
613 3509 764 3557 geritur,
786 3508 843 3544 his
862 3506 924 3553 qui
940 3505 1058 3542 adhuc
1069 3514 1151 3552 cag-

0 3562 21 3598 'F‘
45 3581 50 3591 ·
84 3567 236 3608 Qun
267 3570 371 3609 §uiis
396 3575 435 3608 et
455 3570 721 3618 *amittentibus
743 3569 1018 3616 impugnantur,
1050 3565 1149 3612 (111οᾶ

0 3602 22 3668 2}
75 3628 346 3670 namuro·
367 3631 454 3671 ιοω
475 3631 636 3670 ιιιιιιωη
653 3636 754 3679 pum.
770 3629 917 3667 *amam
937 3625 1149 3664 canaonas

0 3689 21 3785 ἱ
78 3687 272 3730 *dietam
286 3702 388 3732 -osse
410 3701 433 3731 a
463 3694 624 3741 quinque
649 3692 801 3740 regimus
821 3689 977 3759 diximus
1000 3687 1148 3757 bellum,

0 3773 23 3825 :f
62 3751 817 3801 ‘mnndiximinhisqui
837 3749 1039 3806 imperfecti
1050 3752 1147 3786 sunt.

12 3868 18 3885 i

9 3901 19 3929 ζ
57 3909 62 3924 ι

0 3923 22 4016 i

626 177 629 180 ’
683 177 690 180 ’
724 178 966 226 comm.
989 182 1039 226 {N
1061 184 1415 232 montosus.
1438 212 1490 223 -·
1511 194 1598 234 ΗΒ.
1622 197 1669 236 Π.
2179 251 2190 254 ,
2223 251 2228 253 α

166 250 375 308 '‘sulpturis
404 260 524 298 sacris
539 263 670 299 eontra
692 259 881 310 improbos
897 263 1068 312 teguntur·
1085 279 1168 315 pm·
1186 273 1223 314 Α
1237 276 1359 308 aurem
1376 271 1652 320 regesqutuque
1665 277 2001 322 sen-ahmein
2022 282 2183 324 indie-nt
2198 296 2211 323 t
2225 288 2284 326 vi-

1181 2086 1211 2128 C

2182 203 2279 250 ’ἰαῦ

1236 339 1332 376 sum,
1348 333 1525 379 audium,
1544 337 1705 381 gustum,
1725 336 2110 388 mmcd-mmm
2127 355 2194 392 pen
2219 347 2286 390 311.

1234 396 1347 439 q'uem
1359 395 1496 430 etenim
1512 395 1644 432 horum
1660 405 1955 443 uun-quemque
1977 408 2126 440 necem
2148 412 2208 444 σοι
2220 409 2281 446 de.

1236 452 1362 488 cidere
1377 453 1415 489 in
1430 461 1632 511 peceamm.
1649 456 1816 503 Quinque
1834 467 1963 495 sensnm
1974 461 2134 508 quinque
2145 463 2217 502 illie
2229 477 2286 505 re-

1238 514 1343 561 gibus
1356 519 1627 561 comparantur,
1645 519 1710 564 qui
1733 518 1969 566 Gabaonitas,
1987 521 2026 559 id
2041 528 2111 567 est,
2124 526 2287 565 camales

1238 573 1417 618 homines,
1432 574 1656 624 impugnant.

1287 636 1406 685 (lem.)
1429 650 1442 671 ‹
1463 637 1648 686 Fugerunt
1666 642 1762 678 enim
1779 644 1937 690 quinque
1960 653 2080 691 reges,
2099 650 2136 681 et
2151 655 2190 682 se
2207 647 2288 684 abs-

1244 708 1256 730 «
1281 696 1481 734 conderunt
1500 699 1535 734 in
1569 700 1736 746 spelunca
1772 703 1872 738 urbis
1887 702 2048 740 Maceda.
2063 703 2287 742 Nuntiatum-

1243 769 1255 790 ‹
1278 767 1348 803 que
1378 763 1433 794 est
1450 757 1557 795 Josue
1578 762 1672 805 quod
1698 762 1834 798 inventi
1866 768 1986 799 essent
2005 764 2163 810 quinque
2187 776 2288 812 reges

1242 828 1255 852 ε
1278 818 1430 856 latentes
1448 821 1486 857 in
1508 821 1678 866 spelunca
1710 822 1867 860 Maceda.
1889 824 1957 868 Qui
1975 826 2144 871 praecepit
2166 826 2288 870 sociis,

1243 890 1254 912 t
1280 884 1318 915 et
1335 880 1385 915 ait
1405 890 1414 915 :
1435 881 1574 918 Volvite
1608 893 1695 919 saxa
1717 883 1873 930 ingentia
1901 885 1946 920 ad
1962 895 2004 921 os
2034 885 2224 930 speluncae,
2254 892 2290 922 et

1243 951 1255 972 ‹
1279 940 1401 986 ponite
1426 942 1523 978 viros
1549 943 1745 979 industrios
1780 945 1842 990 qui
1871 944 2010 982 clausos
2034 946 2249 990 custodiant,
2272 959 2284 980 ι

1237 1006 1274 1036 et
1303 1006 1448 1051 caetera.
1479 1002 1583 1046 Quod
1613 1010 1732 1040 autem
1750 1004 1916 1040 dicuntur
1949 1006 1987 1041 in
2012 1007 2191 1052 speluncae
2209 1007 2288 1044 loco

1238 1059 1457 1106 confugisse,
1475 1067 1595 1108 potest
1623 1064 1693 1099 hoc
1721 1063 1875 1100 fortasse
1908 1065 2070 1109 indicari,
2101 1068 2184 1112 quia
2204 1078 2286 1114 spe-

1237 1119 1344 1157 lunca
1362 1121 1462 1158 locus
1479 1129 1534 1159 est
1562 1123 1598 1158 in
1615 1124 1832 1170 profundum
1851 1130 1956 1162 terrae
1978 1127 2153 1163 defossus.
2178 1128 2290 1174 Igitur

110 1182 122 1206 ι
147 1177 184 1209 et
203 1177 329 1219 postea
353 1179 428 1211 tam
462 1175 569 1224 longa
596 1178 896 1223 dies,·0bediente
920 1182 1072 1220 Domino
1089 1185 1170 1221 voci
1188 1181 1221 1221 B
1239 1182 1351 1219 etiam
1381 1183 1439 1219 isti
1469 1194 1559 1230 quos
1594 1195 1701 1231 supra
1734 1187 1966 1232 exposuimus
1993 1197 2132 1230 sensus,
2153 1197 2234 1224 eum
2253 1198 2291 1225 SC

1238 1244 1396 1280 terrenis
1429 1245 1569 1281 actibus
1601 1246 1637 1282 in
1670 1257 1818 1293 corpore
1853 1248 1959 1293 positi
1987 1248 2236 1291 demerserint,
2256 1254 2292 1285 et

1237 1305 1327 1340 nihil
1348 1304 1391 1339 ad
1411 1314 1501 1351 opus
1522 1306 1598 1349 Dci,
1618 1307 1680 1342 sed
1694 1312 1809 1342 totum
1829 1307 1873 1343 ad
1904 1307 2146 1344 ministerium
2165 1318 2290 1354 corpo-

1237 1365 1288 1401 ris
1307 1366 1460 1412 egerint,
1477 1367 1512 1402 in
1534 1367 1724 1413 speluncas
1742 1367 1948 1415 confugisse
1967 1369 2145 1405 dicuntur.
2167 1369 2288 1406 Scien-

1237 1425 1322 1461 dum
1347 1430 1469 1462 t-amen
1488 1431 1544 1463 est
1563 1430 1658 1473 quod
1686 1428 1754 1464 ista
1786 1429 1862 1475 ipsa
1879 1440 2002 1476 regna,
2025 1441 2176 1476 quorum
2194 1441 2289 1467 nunc

1236 1497 1338 1533 reges
1357 1488 1548 1524 vincuntur
1565 1489 1610 1525 ab
1628 1489 1712 1526 Jesu
1742 1495 1778 1526 et
1793 1490 2003 1538 confugiunt
2021 1492 2066 1528 ad
2084 1493 2285 1539 speluncas,

1234 1549 1464 1594 postmodum
1485 1550 1522 1585 in
1552 1555 1684 1587 sortem
1716 1550 1863 1586 veniunt
1884 1557 2105 1595 sanctorum,
2140 1558 2175 1588 et
2203 1563 2288 1599 pars

1234 1610 1378 1646 Domini
1413 1610 1651 1656 appellantur,
1683 1611 1776 1647 sieut
1807 1622 1955 1658 regnum
1988 1612 2200 1656 Jerusalem,
2232 1613 2287 1649 vel

1234 1669 1357 1714 Aehis,
1377 1671 1430 1706 vel
1448 1671 1580 1708 Ebron.
1600 1672 1638 1707 In
1656 1681 1727 1718 quo
1754 1672 1822 1709 hoc
1839 1673 1998 1710 arbitror
2024 1673 2178 1708 vindicari
2194 1673 2288 1718 quod

1234 1733 1343 1769 etiam
1362 1733 1420 1768 isti
1442 1734 1600 1779 quinque
1630 1743 1757 1775 sensus
1786 1744 1877 1780 quos
1909 1744 2015 1780 supra
2041 1733 2285 1779 exposuimus,

1230 1793 1270 1830 in
1305 1805 1455 1841 corpore
1483 1795 1604 1841 positi,
1625 1804 1705 1832 cum
1741 1806 1806 1842 per
1826 1795 1948 1831 Jesum
1975 1796 2109 1832 fuerint
2141 1795 2286 1838 devicti,

1233 1854 1284 1892 ita
1303 1862 1343 1892 ut
1371 1855 1564 1892 infidelitas
1599 1857 1643 1893 ab
1671 1856 1724 1892 eis
1756 1862 1791 1892 et
1825 1857 2055 1893 incredulitas
2075 1856 2283 1901 depellatur,

1234 1921 1271 1953 et
1305 1916 1588 1952 commoriantur
1615 1922 1778 1962 peceato,
1801 1917 1836 1952 in
1862 1926 1906 1952 eo
1936 1917 2031 1962 quod
2065 1917 2231 1953 desinunt
2267 1926 2286 1951 a

1232 1975 1434 2012 ministerio
1455 2003 1463 2019 ‚
1507 1977 1667 2022 peccatis
1710 1976 1796 2021 ipsis
1841 1976 2069 2022 postmodum
2115 1975 2286 2011 ministris

1232 2038 1347 2074 utitur
1386 2036 1503 2072 anima
1538 2038 1583 2073 ad
1608 2037 1827 2082 operandam
1852 2036 2029 2082 justitiam
2058 2035 2133 2071 Dei.
2167 2035 2219 2071 Ita
2248 2035 2287 2070 tit

1232 2104 1272 2135 ut
1298 2096 1509 2141 Jerusalem,
1541 2098 1577 2133 in
1608 2107 1679 2142 qua
1708 2098 1811 2143 prius
1829 2106 1891 2132 rex
1920 2104 2076 2142 nequam
2113 2095 2287 2141 regnabat

1233 2166 1269 2197 et
1289 2161 1480 2206 pessimus,
1499 2159 1727 2205 postmodum
1749 2159 1786 2195 in
1809 2169 1851 2195 ea
1884 2163 2008 2204 regnet
2029 2156 2139 2193 David
2161 2163 2286 2203 potens

1232 2232 1355 2264 manu,
1377 2226 1412 2258 et
1431 2220 1605 2266 pacificus
1639 2220 1821 2256 Salomon.
1840 2219 2010 2273 Assiqent
2036 2218 2168 2254 etenim
2198 2218 2284 2264 ipsis

1230 2282 1354 2323 etiam,
1385 2290 1475 2325 qnos
1499 2290 1605 2326 supra
1634 2280 1803 2322 diximus,
1823 2273 2069 2324 cot-porffihus
2106 2279 2281 2322 sensibus,

1230 2341 1417 2378 hominum
1431 2341 1595 2386 malignae
1608 2339 1772 2381 virtutes,
1789 2349 1868 2384 quae
1883 2348 1946 2374 eos
1957 2338 2001 2374 ad
2021 2338 2132 2374 malas
2147 2347 2281 2375 concu-

1229 2400 1424 2446 piscentias
1438 2406 1472 2435 et
1490 2399 1586 2435 foeda
1606 2398 1807 2435 ministeria
1825 2398 1952 2434 animae
1978 2398 2168 2443 praebendo
2186 2398 2282 2434 solli-

1230 2461 1342 2497 citent
1359 2470 1368 2495 :
1385 2470 1475 2506 quas
1502 2458 1680 2506 malignas
1695 2458 1847 2494 virtutes
1861 2458 1890 2494 si
1918 2457 2007 2494 tides
2028 2455 2162 2494 Christi
2176 2467 2282 2504 supe·

1228 2521 1378 2564 raverit,
1395 2525 1432 2557 ct
1458 2520 1496 2556 in
1523 2519 1620 2566 ligno
1639 2519 1757 2556 crucis
1787 2517 1863 2563 ejus
1879 2518 2017 2555 fuerint
2045 2518 2223 2564 suspensi,
2237 2523 2280 2553 ut

1228 2583 1273 2619 de
1293 2582 1380 2628 ipsis
1405 2581 1602 2628 triumphet
1629 2581 1665 2615 in
1687 2579 1802 2627 ligno;
1822 2582 1859 2615 e't
1883 2579 1920 2614 in
1940 2578 2034 2625 ligno
2066 2578 2183 2614 crucis
2204 2588 2278 2615 suae

1228 2642 1455 2688 interemptis
1488 2642 1559 2685 his,
1586 2649 1769 2688 regnoque
1805 2639 1975 2686 depulsis,
2014 2644 2099 2675 tune
2129 2638 2279 2675 efficitur

1228 2705 1346 2741 anima
1372 2703 1407 2739 in
1423 2707 1525 2751 parte
1539 2701 1618 2746 Dei,
1635 2707 1722 2738 tunc
1739 2699 1938 2736 Jerusalem
1957 2709 2105 2746 regnum
2120 2697 2183 2735 Dei
2207 2698 2279 2734 elli-

1228 2765 1335 2808 eitur,
1352 2770 1388 2800 et
1413 2763 1582 2810 templum
1604 2759 1639 2798 in
1659 2772 1702 2798 ca
1715 2761 1867 2797 Domino
1885 2760 2116 2797 conen-uitur.
2138 2760 2278 2796 Annon

1227 2825 1296 2861 hoe
1316 2824 1359 2860 dc
1385 2824 1576 2870 semetipso
1614 2821 1791 2859 sentiebat
1810 2821 1870 2858 ille
1897 2821 1956 2867 qui
1983 2821 2136 2864 dicebat,
2156 2832 2167 2853 ‹
2192 2821 2277 2866 quia

1227 2897 1373 2923 cramus
1392 2893 1430 2923 et
1445 2892 1511 2922 nos
1530 2884 1720 2932 aliquando
1743 2882 1930 2926 insensati,
1947 2881 2136 2925 increduli,
2154 2890 2280 2918 erran-

1226 2952 1295 2992 tes,
1321 2953 1356 2984 et
1386 2947 1584 2984 servientes
1609 2944 1794 2983 desideriis
1825 2951 1862 2982 et
1888 2943 2130 2990 voluptatibus
2148 2943 2278 2979 variis?

93 3011 245 3060 fugisse,
266 3020 303 3051 et
321 3016 389 3053 hos
407 3017 444 3053 in
465 3018 676 3064 speluncam
695 3017 915 3065 confugisse,
941 3017 1045 3064 Saepe
1062 3018 1156 3055 dixi-
1172 3007 1209 3047 D
1227 3008 1313 3057 (Tic.
1334 3008 1406 3057 ιιι.)
1426 3022 1438 3043 ι
1459 3007 1538 3044 Νοιι
1556 3007 1652 3044 enim
1687 3005 1783 3042 aliud
1802 3010 1857 3042 est
1878 3005 1946 3041 hoc
1968 3002 2062 3050 quod
2078 3002 2274 3039 Jerusalem

1227 3070 1420 3119 aliquando
1438 3069 1505 3107 sub
1527 3079 1611 3116 rege
1629 3068 1738 3106 fuisse
1754 3065 1999 3105 Adonibezeth
2023 3065 2201 3107 scribitur,
2222 3065 2275 3099 vel

1227 3133 1306 3172 alia:
1325 3133 1489 3170 civitates
1518 3132 1584 3169 sub
1604 3130 1705 3174 aliis;
1725 3129 1787 3166 sed
1807 3127 1948 3164 interim
1977 3125 2079 3162 Jesus
2104 3123 2273 3160 interficit

1225 3194 1417 3240 inimicos,
1438 3203 1511 3230 non
1541 3190 1785 3228 crudelitatem
1820 3186 1949 3222 docens
1972 3192 2038 3230 per
2065 3183 2146 3224 hoc,
2180 3182 2272 3219 sicut

1225 3254 1386 3294 haeretici
1399 3258 1538 3302 putant,
1559 3250 1622 3288 sed
1641 3249 1761 3284 sutura
1775 3246 1811 3282 tn
1830 3245 1887 3282 his
1906 3253 1985 3290 quae
2007 3247 2136 3289 gerunt
2150 3251 2271 3278 sacra-

1225 3323 1347 3356 menta
1367 3315 1556 3361 designans
1573 3324 1581 3347 :
1597 3314 1638 3346 ut
1669 3318 1750 3344 cum
1766 3306 1988 3343 interimeret
2005 3302 2109 3340 Jesus
2127 3312 2189 3339 eos
2209 3312 2268 3338 re-

1220 3388 1287 3428 ges
1309 3377 1371 3423 qui
1390 3381 1537 3420 regnum
1554 3366 1692 3416 peceati
1710 3364 1884 3402 tenentia
1902 3362 2019 3406 nobis,
2034 3360 2213 3409 possimus
2227 3362 2270 3398 ll·

1180 3440 1183 3442 ’
1221 3440 1284 3477 iud
1304 3436 1450 3483 implere
1481 3430 1575 3478 quod
1596 3428 1687 3466 dixit
1702 3425 1895 3473 Apostolus
1914 3437 1922 3460 :
1944 3435 1958 3458 ι
1980 3422 2081 3462 Sicut
2099 3420 2264 3460 exhibui-

7 3831 20 3851 γ’
67 3851 70 3854 ,
96 3809 163 3854 lati
188 3796 276 3862 ergo
294 3823 317 3854 a
341 3813 503 3864 quinque
528 3813 674 3862 regibus
698 3812 967 3861 impugnantur.
985 3808 1190 3885 Quinque*

1218 3509 1301 3538 mus
1325 3495 1486 3534 membra
1504 3497 1628 3530 nostra
1659 3488 1794 3527 servire
1826 3485 2006 3534 iniquitati
2027 3482 2266 3538 adtiniqulta-

1219 3563 1306 3601 tem,
1331 3556 1382 3592 ita
1412 3564 1508 3591 nunc
1526 3537 1759 3589 exhibeamus
1790 3546 1953 3583 membra
1981 3548 2102 3582 nostra
2130 3541 2265 3580 servire

1211 3617 1362 3667 „iustitiae
1380 3612 1732 3662 adjustiticauonem
1746 3605 1864 3658 (Rom.
1881 3607 1946 3656 vi).
1970 3619 1983 3642 ι
2001 3603 2094 3652 Quid
2109 3610 2197 3652 ergo
2208 3609 2265 3641 est

1219 3679 1315 3728 quod
1336 3679 1381 3715 ab
1409 3676 1462 3713 eis
1480 3673 1647 3712 hocloco
1663 3669 1761 3708 velut
1793 3666 1938 3707 credule
1962 3664 2148 3713 culpatur?
2170 3661 2262 3708 Hoc,

1219 3739 1349 3788 iuquit,
1383 3736 1556 3783 seriptum
1589 3737 1645 3770 est
1665 3728 1816 3767 :Ponite
1847 3727 1956 3776 pedes
1986 3730 2126 3764 vestros
2156 3732 2264 3771 super

1219 3803 1350 3844 collum
1368 3808 1505 3847 corum,
1539 3799 1576 3839 et
1606 3789 1891 3850 hiterssciteeos,
1909 3798 2064 3843 namque
2084 3786 2156 3830 hoc
2190 3795 2262 3840 non

1816 3881 1854 3910 ..⁸
