2540 4016
103 144 148 184 ¹3
747 145 1083 193 COMMENTARLA
1106 145 1153 192 ΙΝ
1175 146 1385 198 monum.
1410 167 1458 174 -
1477 147 1564 186 Lus.
1590 148 1617 189 1.
2230 155 2276 192 it

96 225 344 277 philosophos¹
377 235 440 265 seu
466 223 575 269 falsos
609 221 851 277 Christianos,
883 228 924 269 ut
948 222 1150 270 affligamur
1166 225 1204 273 A
1219 223 1363 259 licando
1398 222 1557 259 infantes
1577 223 1751 274 parvulo;
1773 224 1872 263 aliud
1897 226 2079 266 Pharaoni
2096 230 2279 268 mentien-

97 289 269 325 oneribus
283 287 469 332 scelerum,
491 294 537 323 ne
554 285 782 332 egrediamur
805 279 911 330 liberi
938 294 959 330 a
979 284 1152 321 servitute

96 355 327 396 peccatorum
357 351 393 390 et
417 345 601 383 vitiorum.
634 345 809 391 Quodque
833 345 976 388 dicitur,
1010 344 1151 388 Quanto

98 408 332 457 opprimebant
365 405 467 449 illos,
499 412 595 442 tanto
623 406 734 452 maqis
763 405 1090 453 multiplicabantur
1120 412 1153 441 et

98 470 312 514 crescebant,
343 466 524 514 significat
558 466 655 513 quod
687 472 821 512 quanto
855 467 956 514 saevit
988 466 1152 510 diabolus

97 529 343 580 persequendo
360 527 597 573 Christianos,
629 532 666 563 et
681 526 843 574 augendo
866 528 1080 572 tentationes
1099 533 1153 564 at-

97 602 167 638 que
183 594 378 633 tormenta,
417 593 518 624 tanto
548 587 662 634 magis
681 592 851 623 crescunt
880 587 987 623 electi
1005 588 1041 623 in
1062 597 1151 642 aug-

97 655 217 689 mento
239 649 465 695 meritorum,
483 654 519 684 et
549 647 833 694 multiplicantur
856 648 892 685 in
915 648 1152 692 retributione

95 711 336 759 praemiorum.
358 709 532 757 Sequitur
551 721 559 744 :

505 782 656 819 CAPUT
681 782 724 822 11.

96 858 149 897 De
171 859 409 896 obstetricibus
437 858 665 893 Hebraeorum
693 863 723 892 et
750 855 950 893 Pharaonis
977 863 1149 904 proecepto

333 906 375 942 de
396 905 632 951 intersectione
655 903 908 939 masculorum.

142 980 242 1016 Dixit
255 986 369 1016 autem
388 989 450 1014 rea:
476 978 622 1025 AEqypti
642 978 885 1014 obstetricibus
899 978 1147 1023 Hebraeorum,

95 1052 243 1090 quorum
271 1053 342 1077 una
361 1042 548 1077 vocabatur
567 1040 719 1086 Sephra,
745 1039 855 1076 altera
882 1041 1000 1084 Phua,
1020 1042 1148 1088 praeci-

93 1103 190 1150 piens
208 1104 285 1139 eis:
305 1102 454 1145 Quando
486 1101 752 1137 obstetricabitis
772 1101 955 1145 flebraeas,
978 1109 1008 1138 et
1026 1109 1147 1149 partus

94 1170 227 1211 tempus
242 1164 432 1207 advenerit,
448 1164 477 1199 si
494 1163 669 1198 masculus
685 1163 801 1208 fuerit,
821 1164 1006 1209 interficite
1019 1164 1119 1199 illum
1135 1174 1147 1199 .·

93 1226 124 1262 si
150 1226 279 1271 femina
315 1230 485 1260 reservate
512 1223 642 1271 (Esou.
672 1223 713 1269 ι).
743 1223 835 1260 Istas
858 1225 1091 1268 obstetrices,
1113 1226 1150 1261 id

93 1290 161 1329 est,
189 1285 341 1328 phuam,
363 1295 442 1330 quae
471 1283 566 1330 apud
597 1294 664 1320 nos
696 1284 828 1320 rubens
855 1284 912 1321 vel
943 1287 1149 1322 verecunda

93 1346 163 1383 dici
183 1351 313 1392 potest,
331 1351 367 1381 et
386 1345 580 1391 Sephram,
602 1355 682 1390 quae
704 1345 782 1381 avis
814 1345 892 1390 ejus
912 1347 970 1383 vel
991 1347 1150 1392 pulchri-

94 1409 178 1446 tudo
193 1409 268 1444 sive
282 1408 428 1454 placens
448 1408 720 1454 interpretatur,
741 1408 887 1454 quidam
905 1409 1076 1446 dixerunt
1091 1420 1148 1446 ra-

93 1470 275 1506 tionabilis
302 1469 518 1506 eruditionis
541 1469 696 1506 sormam
722 1476 867 1513 tenere,
885 1481 965 1516 quae
991 1472 1146 1514 subtilis,

92 1531 242 1576 pulchra
256 1536 293 1566 et
311 1531 515 1566 verecunda
535 1536 603 1573 est,
619 1536 655 1566 et
674 1535 749 1566 tam
770 1532 1020 1576 spiritualibus
1040 1543 1147 1577 quam

94 1591 340 1638 corporalibus
356 1591 488 1627 habilis
508 1598 615 1637 atque
631 1592 820 1627 commoda
844 1591 1055 1637 disciplinis.
1075 1592 1148 1628 Ob-

93 1653 260 1689 stetrices
280 1652 375 1688 enim
401 1652 563 1698 quaedam
584 1651 710 1690 media}
730 1656 828 1695 suut,
856 1657 893 1688 et
913 1657 984 1689 tam
1005 1663 1148 1690 mascu-

93 1713 147 1750 los
164 1723 273 1759 quam
293 1712 446 1748 seminas
476 1710 599 1747 fovent
623 1721 632 1746 ε
650 1711 703 1747 sic
722 1712 878 1748 eruditio
899 1712 967 1748 ista
986 1723 1148 1749 cominu-

92 1775 149 1811 nis
168 1773 392 1810 rationabilis
409 1771 569 1808 scientiae
586 1773 631 1807 ad
649 1782 773 1807 omncs
794 1773 1054 1818 propemodum
1066 1784 1149 1819 per-

94 1833 198 1880 tingit
216 1842 343 1869 sensus
366 1844 373 1866 ι
392 1842 518 1868 omnes
538 1826 699 1874 iustruit,
729 1842 856 1868 omnes
873 1832 989 1876 fovet;
1018 1840 1053 1869 et
1071 1835 1147 1870 sive

91 1895 252 1932 coelestia
282 1894 462 1936 meditari,
485 1894 560 1930 sive
588 1894 768 1930 mundana
788 1894 943 1939 disponi,
966 1894 1040 1931 suis
1058 1906 1144 1941 pos-

91 1958 291 1994 sessoribus
307 1957 523 2002 inpromptu
543 1961 610 1992 est.
633 1955 669 1991 Si
695 1957 776 2002 quis
805 1956 922 1993 virilis
950 1957 986 1992 in
1008 1967 1050 1993 ea
1066 1958 1145 1994 ani-

91 2020 139 2056 mi
160 2019 282 2060 suerit,
300 2023 336 2054 et
356 2018 511 2054 voluerit
539 2017 699 2054 coelcstia
730 2028 906 2064 quaerere,
927 2029 993 2065 per
1018 2019 1144 2065 hujus-

90 2080 185 2116 modi
206 2079 443 2115 eruditionem
462 2078 505 2113 ad
528 2078 731 2114 divinorum
746 2078 1019 2125 intelligentiam
1039 2091 1144 2127 para-

91 2140 160 2176 tior
178 2140 311 2176 veniet.
337 2138 375 2175 Si
414 2145 534 2174 autem
573 2139 760 2175 saecularia
798 2141 880 2185 quis
916 2141 1061 2187 negotia
1080 2151 1145 2188 per

89 2211 169 2238 eam
186 2210 292 2247 agere
311 2199 479 2243 voluerit,
501 2199 546 2236 ad
564 2200 631 2235 hoc
646 2200 759 2245 ipsam
780 2200 1012 2237 utilissimam
1029 2202 1143 2239 habe-

89 2261 154 2299 bit.
173 2260 244 2308 (Ex
260 2260 429 2308 Isidoro.)
446 2261 552 2297 subet
566 2271 707 2308 quoque
726 2262 906 2299 masculos
918 2263 1035 2299 occidi
1051 2263 1144 2300 Pha-

90 2332 167 2366 rao,
187 2327 224 2358 et
257 2321 410 2359 feminas
427 2322 548 2359 vivere
577 2335 584 2358 :
608 2323 661 2359 sic
692 2328 728 2358 et
761 2323 939 2367 diabolus,
961 2334 1007 2360 ne
1033 2325 1144 2362 robur

90 2382 171 2419 fidei
196 2383 399 2429 praevaleat,
424 2389 574 2419 conatur
587 2389 626 2419 ut
642 2384 843 2420 interiectis
856 2385 1063 2428 virtutibus,
1089 2386 1144 2421 vi-

90 2445 140 2480 tia
159 2450 327 2482 maneant
365 2457 373 2480 ε
403 2444 691 2491 fortissimosque
722 2451 758 2483 et
785 2447 909 2483 viriles
932 2448 1044 2482 aniini
1064 2457 1143 2484 sen-

89 2515 164 2549 sus,
183 2507 278 2543 unde
308 2505 470 2543 coelestia
495 2507 656 2552 rapimus
676 2513 712 2543 et
741 2508 877 2551 divina,
903 2509 939 2544 id
958 2514 1013 2544 est
1029 2508 1143 2544 ratio-

88 2577 184 2611 nem,
205 2568 449 2613 prudentiam,
482 2568 726 2605 innocentiam
753 2575 789 2606 ct
815 2570 921 2606 fidem
940 2571 976 2606 in
996 2571 1142 2608 homine

89 2627 255 2663 occidere
273 2627 439 2672 festinat;
459 2634 496 2664 et
519 2629 605 2665 illud
638 2630 674 2665 iu
692 2640 735 2664 eo
758 2630 957 2673 vivificare,
974 2630 1069 2676 quod
1088 2630 1141 2667 se-

89 2687 263 2730 mineum,
282 2689 378 2733 quod
399 2688 616 2724 imbecillum
636 2694 673 2724 et
695 2688 834 2735 fragile,
859 2694 894 2725 et
911 2700 1067 2736 pronum
1093 2691 1140 2726 ad

88 2747 175 2785 vitia
190 2748 369 2790 cernitur3
390 2747 424 2783 id
439 2752 507 2790 est,
529 2747 772 2790 ambitionem,
791 2748 1041 2793 vinolentiam,
1059 2749 1140 2789 libi-

87 2807 221 2850 dinem,
239 2807 476 2851 iracundiam,
490 2807 753 2851 crudelitatem,
769 2807 943 2852 surorem,
960 2813 996 2845 et
1008 2814 1139 2845 caetera

86 2869 143 2905 his
161 2868 307 2912 similia,
329 2879 408 2914 quae
431 2868 468 2904 in
496 2868 711 2904 seminarum
737 2868 850 2915 ligura
871 2875 967 2906 sunt.
996 2870 1023 2906 T
1025 2871 1136 2908 imae-

87 2935 167 2965 runt
184 2935 300 2966 autem
331 2929 526 2965 obstetrices
554 2929 678 2972 Deum,
696 2935 728 2965 et
757 2941 824 2965 non
850 2930 1007 2976 fecerunt
1028 2932 1137 2978 juxta

86 2996 294 3037 praeceptum
325 2991 414 3036 reqis
446 2989 606 3036 AEqypd,
639 2990 699 3026 sed
733 2991 981 3028 conservabant
1006 3004 1133 3035 mares.

89 3048 220 3092 Quibus
251 3050 295 3086 ad
317 3062 352 3086 se
377 3051 567 3094 accersitis,
588 3062 650 3087 rex
666 3052 716 3087 ait
737 3060 748 3084 :
769 3050 947 3094 Quidnam
977 3059 1027 3089 est
1056 3054 1134 3098 hoc,

85 3112 176 3160 quod
195 3113 310 3159 {acere
329 3112 496 3156 voluistis,
521 3119 557 3148 ut
580 3124 705 3160 pueros
733 3115 945 3150 servaretis?
965 3114 1052 3161 Quae
1082 3127 1137 3152 re-

86 3171 311 3218 sponderunt:
322 3171 359 3212 N
361 3183 406 3209 on
414 3179 494 3208 sunt
504 3172 537 3208 H
542 3172 663 3217 ebraeae
671 3174 762 3209 sicut
770 3170 949 3220 AEqyptioe
958 3173 1133 3219 mulieres.

80 3230 178 3278 511⁸oe
194 3233 286 3278 enim
311 3233 557 3276 obstetricandi
580 3234 707 3277 habent
728 3234 910 3270 scientiam
935 3244 947 3270 :
967 3239 999 3277 et
1017 3235 1134 3280 prius-

66 3300 189 3342 ῥαίσῃ
209 3293 386 3334 tertianus
405 3293 452 3330 ad
469 3305 542 3338 eas,
557 3294 713 3341 pariunt.
733 3294 828 3331 Bene
843 3306 923 3342 erqo
939 3295 1021 3342 [ecit
1038 3295 1135 3333 Deus

175 3391 177 3394 ,
194 3354 337 3399 νίςίὺιιε,
365 3361 399 3391 et
421 3355 526 3392 creuit
545 3355 695 3404 populus
715 3355 1000 3404 confortatusque
1019 3363 1069 3400 est
1084 3358 1137 3400 ni-

109 3423 129 3467 ‘24
154 3422 183 3455 -ἕ
198 3420 232 3457 ot
249 3415 334 3462 quia
351 3417 544 3458 timuerunt
573 3415 774 3457 obstetrices
803 3416 932 3461 Qum,
950 3417 1137 3463 aedificavit

81 3478 96 3523 ᾖ
127 3472 147 3483 “
165 3473 303 3519 mas.
325 3475 398 3524 (Ex
410 3475 636 3525 Augustino.)
651 3477 771 3522 Quaeri
790 3477 894 3522 solet,
910 3484 1032 3520 utrum
1051 3478 1138 3525 talla

86 3527 90 3532 ’
149 3535 165 3538 ’
211 3579 214 3582 ,
228 3535 488 3583 'vsfflffl'ssha‘ss
502 3537 574 3575 sint
587 3537 808 3578 auctoritate
817 3537 954 3582 divina,
975 3539 1139 3584 quand&

178 3596 179 3600 *
196 3599 210 3607 ”
425 3595 603 3644 defusum
618 3597 842 3641 hwetessisse
857 3601 1135 3647 obstetricium

138 3653 144 3660 ‘
224 3661 239 3664 ’“
690 3661 900 3708 &noscebat
927 3663 1135 3708 annuncio,

195 3764 206 3772 .
331 3759 421 3779 ι
441 3736 445 3741 ’
606 3721 754 3770 dismm
771 3722 1136 3771 rraemioiudieahat,

356 3812 358 3814 -
412 3792 458 3830 -·,
500 3779 1140 3835 :swebsmnmtivi-

1221 283 1281 320 do.
1293 282 1384 327 Nam
1401 283 1438 320 in
1458 277 1528 320 illis
1544 283 1784 329 vivificandis,
1802 295 1892 331 opus
1909 287 2167 332 misericordiae
2184 291 2276 340 filit}

1220 347 1412 385 mendacio
1431 357 1518 384 vero
1533 347 1594 383 illo
1609 357 1676 396 pro
1699 358 1738 385 se
1754 348 1963 393 utebantur,
1980 360 2026 386 ne
2043 360 2190 391 noceret
2208 355 2282 393 illis

1220 407 1362 444 Pharao
1383 421 1390 444 :
1413 408 1509 459 quod
1525 400 1642 455 poluit
1659 419 1732 446 non
1753 409 1798 446 ad
1815 409 1975 454 laudem,
1997 410 2060 453 sed
2079 411 2124 446 ad
2139 415 2281 451 veniam

1219 470 1416 516 pertinere.
1434 469 1558 517 Neque
1577 469 1663 507 hinc
1691 471 1945 508 auctoritatem
1971 471 2017 508 ad
2036 472 2282 511 mentiendum

1219 540 1300 566 esse
1318 530 1542 576 propositam
1561 530 1651 566 mihi
1672 530 1830 575 videtur,
1848 531 1886 568 in
1903 542 1983 579 «qua
2008 532 2124 579 magis
2142 542 2282 569 recom-

1218 591 1434 637 pensatione
1465 591 1630 628 noscitur
1649 591 1735 638 quid
1759 592 1940 628 mendacii
1958 591 2064 639 culpa
2081 598 2279 629 mereatur.

1219 649 1311 685 Nam
1332 649 1568 698 benignitatis
1593 661 1718 687 eorum
1752 661 1893 687 merces
1916 662 1996 698 quae
2011 658 2066 689 est
2090 653 2126 689 in
2146 659 2283 690 aeterna

1219 710 1294 746 vita
1309 711 1428 758 potuit
1449 711 1614 755 retribui,
1636 722 1701 758 pro
1726 711 1884 747 admissa
1920 711 2025 760 culpa
2045 714 2225 751 mendacii
2244 715 2281 750 in

1219 776 1365 807 terrena
1393 776 1449 808 est
1480 772 1816 819 recompensatione
1851 773 2051 816 declinata;
2082 779 2122 811 ut
2152 775 2189 811 in
2208 776 2282 813 vita

1219 842 1284 867 sua
1297 842 1405 878 quam
1423 833 1612 869 mendacio
1627 834 1719 870 tueri
1739 834 1943 879 voluerunt,
1963 846 2007 872 ea
2022 847 2102 883 quae
2115 837 2282 875 feceruut

1218 891 1312 927 bona
1355 899 1587 939 receperunt,
1622 900 1658 930 et
1700 894 1855 932 ulterius
1888 898 1983 942 quod
2026 905 2281 950 exspectarent

1219 952 1397 988 mercedis
1435 963 1510 989 suae
1537 955 1739 1000 praemium,
1773 965 1846 991 non
1876 957 2067 994 haberent.
2107 959 2279 1007 Proecepit

1218 1018 1336 1047 autem
1369 1011 1510 1048 Pharao
1532 1014 1626 1048 omni
1658 1014 1786 1060 populo
1815 1026 1880 1051 suo
1914 1017 2032 1054 dicens
2054 1031 2066 1053 .·
2100 1019 2279 1067 Quidquid

1217 1070 1405 1107 masculini
1427 1083 1531 1107 sexus
1567 1079 1690 1109 natum
1707 1074 1828 1119 suerit,
1855 1075 1891 1110 in
1926 1077 2057 1122 flumen
2088 1080 2279 1125 projicite;

1167 1133 1388 1180 Bquidquid
1421 1133 1564 1180 feminei
1598 1143 1782 1172 reservate.
1820 1137 1946 1175 Videte
1982 1140 2077 1185 quod
2111 1142 2279 1190 princeps

1220 1193 1326 1239 hujus
1352 1195 1477 1230 mundi
1498 1196 1631 1242 populo
1650 1207 1715 1233 suo
1736 1200 1965 1246 praeceperit,
1985 1202 2122 1239 scilicet
2151 1210 2190 1240 ut
2217 1216 2278 1241 no-

1218 1260 1313 1290 stros
1335 1254 1491 1291 infantes
1510 1257 1665 1303 rapiant,
1688 1263 1724 1294 et
1745 1259 1781 1294 in
1795 1258 1928 1297 flumen
1949 1263 2155 1308 proficiant.
2178 1265 2279 1303 Unde

1217 1315 1420 1358 considera,
1441 1327 1462 1351 o
1481 1317 1602 1361 homo,
1615 1318 1702 1364 quid
1721 1319 1784 1355 tihi
1802 1320 1990 1358 immineat
2003 1330 2195 1370 postquam
2213 1336 2279 1362 na-

1217 1379 1274 1411 tus
1298 1375 1423 1420 fueris,
1443 1376 1515 1413 imo
1536 1383 1695 1414 renatus.
1719 1379 1809 1416 lllud
1829 1382 1966 1428 utique,
1988 1385 2084 1430 quod
2109 1386 2144 1421 in
2162 1387 2278 1423 Evan-

1217 1436 1309 1483 gelio
1328 1437 1460 1483 legitur
1480 1450 1488 1472 :
1510 1439 1572 1474 ubi
1591 1439 1635 1475 de
1648 1440 1830 1485 baptismo
1850 1442 1992 1479 Domini
2016 1455 2278 1484 commemora-

1217 1501 1289 1531 tur.
1311 1497 1429 1541 Jesus,
1447 1498 1577 1544 inquit,
1595 1506 1632 1534 ut
1650 1501 1806 1536 ascendit
1825 1502 1868 1538 de
1887 1502 2211 1550 baptismo,ductus
2227 1515 2278 1544 est

1216 1556 1259 1591 ab
1270 1555 1404 1603 Spiritu
1419 1558 1456 1593 in
1470 1558 1660 1602 desertum,
1675 1567 1711 1595 ut
1727 1566 1922 1598 tentaretur
1937 1575 1957 1599 a
1972 1565 2112 1602 diabolo
2129 1568 2275 1614 (Matth.

1216 1617 1279 1662 iv).
1298 1616 1373 1653 lloc
1390 1627 1476 1664 ergo
1486 1619 1549 1655 tibi
1568 1620 1744 1663 imminet,
1765 1627 1805 1657 ut
1821 1623 1925 1669 aquis
1941 1625 2158 1665 salutaribus
2173 1639 2279 1666 mun-

1216 1677 1322 1712 datus
1347 1683 1383 1713 et
1398 1689 1512 1715 novus
1530 1679 1638 1716 homo
1658 1680 1821 1726 effectus,
1839 1684 1989 1722 insidias
2008 1693 2044 1724 et
2058 1691 2278 1729 tentationes

1216 1738 1377 1784 perieras
1396 1739 1530 1776 diaboli
1558 1747 1595 1777 et
1627 1743 1878 1782 ministrorum
1906 1746 2004 1793 ejus;
2039 1752 2170 1797 quibus
2207 1756 2278 1792 hoc

1214 1799 1290 1835 voti
1310 1806 1383 1844 est,
1401 1807 1440 1836 ut
1456 1802 1630 1849 quidquid
1654 1806 1844 1843 masculini
1875 1819 1918 1845 ac
1949 1813 2121 1860 praecipui
2151 1817 2279 1863 gignas

1215 1859 1349 1903 operis,
1369 1860 1473 1905 aquis
1493 1862 1738 1908 submergant.
1762 1865 1811 1901 De
1826 1867 1955 1912 quibus
1971 1872 2075 1916 aquis
2096 1873 2278 1920 Propheta

1215 1921 1305 1957 dicit
1331 1933 1340 1956 ι
1370 1921 1462 1965 Quia
1500 1924 1718 1962 intraverunt
1756 1939 1857 1975 aquae
1895 1941 2004 1977 usque
2040 1934 2086 1969 ad
2122 1937 2277 1973 animam

1215 1994 1328 2019 meam
1354 1982 1470 2031 (Psal.
1491 1986 1634 2035 vaui).
1654 1988 1747 2033 Quid
1767 2000 1853 2038 ergo
1873 1991 2039 2031 dabimus
2068 1996 2132 2032 tibi
2158 2000 2278 2036 cousi-

1163 2043 1193 2085 C
1213 2044 1266 2090 lii,
1284 2046 1355 2083 nisi
1374 2052 1414 2083 ut
1440 2049 1642 2086 masculum
1672 2057 1813 2097 uatum,
1836 2054 1954 2092 tribus
1974 2059 2160 2096 mensibus
2176 2072 2277 2099 more

1212 2106 1348 2145 Levitae
1373 2109 1577 2156 elegantem
1601 2114 1761 2151 occultes
1795 2115 1970 2154 infantem
1991 2131 1999 2154 :
2023 2129 2069 2155 ne
2090 2121 2206 2159 hostis
2236 2125 2277 2159 il-

1212 2169 1287 2204 lum
1320 2170 1438 2217 rapiat
1470 2177 1506 2208 et
1544 2173 1762 2213 interficiat?
1797 2177 1905 2215 Verbi
1934 2181 2069 2227 gratia,
2105 2184 2134 2220 si
2161 2184 2276 2223 facias

1212 2229 1495 2279 eleemosynam,
1513 2235 1597 2281 quia
1613 2245 1703 2284 opus
1719 2238 1782 2274 Dei
1797 2244 1867 2284 est,
1886 2243 2087 2281 masculum
2107 2255 2271 2294 generas,

1212 2291 1276 2327 sed
1299 2293 1329 2328 si
1356 2293 1407 2330 ita
1437 2293 1529 2332 lacis
1557 2303 1598 2333 ut
1627 2298 1834 2337 hominibus
1864 2302 2082 2349 innotescas,
2100 2308 2145 2344 ab
2163 2308 2276 2358 AEgy-

1210 2354 1295 2398 ptiis
1323 2356 1461 2402 rapitur
1486 2357 1719 2407 eleemosyna
1742 2367 1815 2407 tua,
1839 2370 1875 2400 et
1905 2367 2009 2412 aquis
2026 2369 2275 2414 spiritualibus

1211 2416 1475 2463 submergetur.
1510 2419 1601 2456 Vide
1628 2431 1715 2468 ergo
1754 2434 1800 2460 ne
1835 2425 2061 2464 obliviscaris
2101 2434 2273 2477 praecepti

1210 2473 1403 2519 Domhnici,
1420 2478 1515 2522 quod
1534 2480 1599 2515 tibi
1615 2483 1785 2518 mandat:
1803 2482 1891 2518 Cum
1903 2486 1992 2530 sacis
2003 2487 2271 2537 eleemosynam,

1211 2536 1341 2571 nesciat
1359 2537 1504 2575 sinistra
1535 2546 1596 2575 tua
1624 2542 1709 2588 quid
1743 2544 1852 2588 faciat
1881 2545 2026 2583 dextera
2047 2555 2130 2593 tua‚·
2162 2560 2200 2588 ut
2227 2556 2274 2590 sit

1210 2595 1427 2644 eleemosyna
1443 2606 1504 2635 tua
1520 2601 1555 2636 in
1577 2602 1802 2646 abscondito‚·
1820 2612 1851 2642 et
1870 2606 1979 2644 Pater
1996 2615 2092 2656 tuus,
2108 2615 2167 2660 qui
2182 2616 2274 2652 videt

1209 2657 1246 2691 in
1260 2658 1477 2704 abscondito,
1489 2662 1609 2698 reddet
1624 2665 1687 2700 tibi
1702 2664 1845 2712 (Matth.
1859 2668 1923 2716 vi).
1944 2670 2006 2708 Sic
2021 2678 2058 2709 et
2076 2675 2119 2710 de
2135 2675 2272 2723 JeJunio

1210 2723 1246 2754 et
1265 2719 1309 2755 de
1333 2722 1511 2767 oratione,
1528 2729 1565 2760 et
1579 2727 1722 2763 caeteris
1745 2729 1993 2775 spiritualibus
2011 2737 2149 2774 artibus
2167 2742 2272 2778 nobis

1207 2777 1414 2816 faciendum
1436 2788 1505 2826 est,
1534 2795 1580 2821 ne
1607 2784 1700 2822 sorte
1727 2790 1922 2834 perdamus
1950 2791 2107 2831 fructum
2136 2797 2272 2838 laboris

1208 2841 1334 2884 nostri,
1373 2848 1409 2878 et
1443 2844 1540 2881 dicat
1574 2847 1618 2883 de
1654 2849 1758 2885 nobis
1790 2850 1964 2890 Dominus
1984 2867 1992 2890 :
2011 2857 2136 2904 Amen,
2168 2872 2271 2899 amen

1208 2899 1286 2936 dico
1305 2902 1412 2947 vobis,
1435 2914 1638 2953 receperunt
1656 2911 1849 2947 mercedem
1866 2924 1968 2950 suam
1984 2915 2127 2968 (Ibid.).

1623 2984 1775 3023 CAPUT
1799 2988 1855 3025 111.

1232 3037 1284 3074 De
1300 3041 1479 3078 nativitate
1498 3042 1626 3091 Moysi,
1650 3052 1682 3082 et
1706 3048 1783 3094 ejus
1807 3053 2020 3099 expositione
2035 3057 2242 3106 influmine.
2302 3051 2304 3056 Ι

1256 3114 1428 3160 Egressus
1444 3124 1494 3154 est
1516 3125 1592 3165 post
1613 3121 1689 3157 hoec
1713 3123 1765 3159 vir
1782 3125 1825 3161 de
1847 3126 1952 3164 domo
1971 3129 2070 3176 Levi,
2086 3140 2119 3169 et
2136 3138 2268 3183 accepit

1209 3185 1353 3212 uxorem
1371 3178 1490 3225 stirpis
1508 3191 1604 3224 suae,
1625 3194 1702 3229 quae
1725 3188 1880 3234 concepit
1915 3196 1948 3225 et
1977 3194 2109 3239 peperit
2126 3195 2240 3239 silium
2252 3209 2266 3241 ,-

1209 3242 1241 3273 et
1256 3236 1374 3272 videns
1389 3248 1469 3274 eum
1488 3239 1693 3287 elegantem,
1722 3245 1903 3284 abscondit
1938 3252 2051 3287 tribus
2071 3255 2262 3294 mensibus.

1208 3293 1365 3344 Cumque
1391 3299 1472 3345 jam
1498 3301 1613 3339 celare
1649 3315 1719 3341 non
1753 3313 1867 3352 posset
1879 3334 1890 3351 ,
1919 3311 2066 3356 sumpsit
2095 3311 2265 3356 fiscellam

1203 3357 1389 3404 scirpeam,
1408 3366 1441 3396 et
1467 3360 1581 3399 linivit
1599 3375 1678 3401 eam
1695 3365 1866 3405 bitumine
1895 3381 1937 3416 ac
1955 3371 2044 3416 pice,
2082 3376 2265 3424 posuitque

1204 3420 1299 3463 intus
1319 3420 1553 3468 infantulum,
1571 3429 1604 3460 et
1618 3427 1779 3471 exposuit
1791 3438 1870 3462 eum
1890 3429 1927 3464 in
1943 3438 2079 3470 carecto
2093 3435 2178 3482 ripoe
2194 3439 2265 3485 flu-

1206 3481 1325 3524 minis,
1345 3487 1459 3519 nante
1472 3485 1728 3530 procultorem
1749 3487 1842 3532 ejus,
1855 3494 1889 3525 ct
1901 3486 2145 3534 considerante
2161 3510 2264 3537 even-

1207 3545 1283 3580 tum
1298 3542 1364 3578 rei.
1386 3542 1480 3589 Ecce
1501 3549 1619 3581 autem
1639 3545 1868 3585 descendebat
1885 3551 1963 3597 filia
1987 3552 2204 3604 Pharaonis,
2222 3568 2265 3598 ut

1205 3599 1384 3642 lavaretur
1399 3601 1414 3641 i
1456 3603 1603 3649 flumine
1620 3612 1634 3639 .·
1656 3611 1689 3642 et
1701 3606 1828 3654 puelloe
1842 3611 1920 3657 qius
1934 3615 2187 3660 qradiebantur
2202 3632 2266 3670 per

1205 3661 1337 3708 crepidi
1355 3700 1360 3702 ⁷
1475 3664 1541 3702 uei.
1568 3663 1658 3709 Quoe
1674 3678 1753 3704 cum
1773 3669 1915 3714 uidisset
1939 3674 2112 3720 fiscellam
2130 3680 2172 3718 iu
2196 3675 2265 3730 pa-

1206 3721 1365 3768 pyrione,
1387 3723 1486 3764 misit
1501 3734 1611 3765 unam
1638 3739 1657 3764 e
1679 3728 1825 3774 ramulis
1852 3734 1957 3779 cuttu
1973 3737 2164 3779 asili-mn
2177 3754 2263 3791 ape-

1207 3784 1301 3825 riom
1318 3795 1530 3835 cernensque
1551 3788 1590 3827 in
1615 3801 1658 3827 ea
1673 3791 1862 3838 parvulum
1884 3797 2091 3849 capim,
2116 3802 2262 3845 „mv-m
