2540 4016
326 273 505 317 mittatjn
532 272 714 319 abyssum.
740 268 810 305 Sed
847 274 883 304 et
917 265 1024 303 alium
1052 273 1096 300 cx
1115 262 1171 299 his
1197 260 1359 305 accipere
1377 256 1412 298 A

325 343 512 386 posmmns
535 331 768 370 intellectum.
791 329 828 365 Si
848 327 1040 375 AEgyptum
1060 323 1189 369 fugias,
1210 321 1239 357 si
1260 320 1360 366 igno-

326 396 451 435 tentia
481 393 647 430 tenebras
673 390 851 436 relinquas
870 414 879 431 ,
908 393 944 423 01
964 384 1124 430 5011110115
1155 382 1267 429 legem
1294 379 1359 416 Dei

326 457 486 505 Uolsca,
504 455 625 494 obviet
636 460 752 493 autem
772 451 831 486 tibi
853 459 962 490 mare,
983 452 1019 483 et
1037 443 1360 482 contradicentium

326 518 456 555 fluctus
472 519 659 556 occurrat,
674 516 816 559 percute
834 515 869 545 ιιι
887 507 1109 544 obluctantes
1125 505 1239 542 undas
1259 504 1360 549 virga

327 577 452 624 Moysi,
472 576 506 612 id
523 580 589 617 cst,
605 571 712 609 verbo
728 571 815 616 legis
831 574 866 604 et
882 566 1065 612 vigilantia
1075 564 1356 612 Scripturarum;

327 637 396 675 iter
411 637 472 674 tibi
491 636 554 683 ipsi
573 631 780 679 disputando
810 639 872 676 per
891 627 1116 664 adversarios
1140 625 1279 672 pande,
1299 634 1359 659 cc-

329 696 413 732 dent
431 695 531 730 undat
548 691 712 728 continuo
735 695 768 725 ct
787 687 942 734 superati
964 686 1092 723 fluctus
1114 686 1230 721 locum
1250 684 1361 719 victo-

330 757 440 799 ribus,
458 754 667 792 mirantibus
682 757 717 787 ct
731 750 893 786 attonitis
911 759 952 785 ac
972 754 1118 795 stupore
1145 746 1272 783 defixis
1306 745 1362 780 bis

328 818 387 864 qui
407 816 509 863 paulo
529 821 609 850 ante
630 812 919 849 adversabantur.
940 809 1128 856 Legitimis
1146 814 1187 844 tu
1200 807 1363 852 disputa-

329 877 461 913 tionum
482 874 582 911 lincis
602 878 734 909 rectum
754 871 832 906 fidei
857 871 924 906 iter
938 869 1090 912 secabis,
1112 873 1148 903 et
1166 867 1200 903 in
1221 872 1361 902 tantum

327 938 496 974 doctrina}
522 934 628 971 vcrbo
650 933 825 979 proficies,
846 938 884 967 ut
911 931 1093 967 auditores
1113 930 1187 972 tui,
1211 939 1300 975 quos
1325 929 1361 964 in

324 1000 422 1044 virga
439 996 523 1046 legis
543 994 692 1030 erudisti
710 1021 719 1036 ,
740 993 804 1039 ipsi
818 992 893 1038 jam
911 998 1035 1028 contra
1055 990 1242 1037 AEgyptios
1267 989 1363 1025 velut

324 1056 448 1092 fluctus
481 1055 590 1091 maris
621 1054 827 1097 insurgant,
852 1057 886 1088 et
911 1062 981 1087 non
1006 1051 1119 1086 solum
1156 1050 1365 1095 impugnent

323 1125 398 1158 005,
411 1113 474 1149 sed
487 1118 522 1148 et
537 1117 705 1157 superent
721 1117 755 1146 et
765 1110 1005 1155 exstinguant.
1017 1110 1254 1156 Exstinguunt
1265 1119 1363 1144 nam-

327 1187 395 1223 que
411 1174 616 1221 AEgyptum,
633 1173 691 1218 qui
711 1183 778 1209 non
801 1178 907 1219 agunt
922 1182 1028 1218 opera
1045 1172 1282 1207 tenebrarum.
1299 1170 1368 1206 Ex·
1383 1159 1416 1199 B

329 1235 511 1280 stinguunt
524 1231 728 1278 AEgyptutm
746 1232 804 1277 qui
816 1242 884 1266 non
899 1231 1105 1271 carnaliter,
1121 1230 1180 1266 sed
1197 1229 1364 1275 spiritua-

327 1295 408 1330 liter
428 1295 563 1329 vivunt.
575 1293 811 1338 Exstinguunt
828 1292 1033 1339 AEgyptum,
1050 1292 1110 1338 qui
1129 1292 1364 1338 cogitationes

326 1353 488 1390 sordidas
508 1358 543 1388 et
565 1354 721 1398 impuras
741 1353 795 1387 vel
812 1352 993 1398 depellunt
1007 1363 1050 1387 ex
1071 1354 1192 1394 corde,
1214 1352 1269 1387 vel
1291 1362 1366 1387 om-

326 1415 409 1451 nino
444 1424 514 1450 non
556 1413 731 1459 recipiunt
747 1440 755 1455 ‚
805 1413 896 1449 sicut
925 1418 961 1448 ct
1000 1412 1188 1458 Apostolus
1230 1412 1317 1447 dicit
1353 1425 1361 1447 ι

325 1477 543 1511 &eumentes
561 1480 695 1509 scutum
718 1474 799 1518 fidei
819 1500 827 1515 ‚
853 1480 888 1508 ut
914 1474 1052 1519 possitis
1076 1473 1192 1508 omnia
1220 1472 1364 1518 nuzliqni

318 1535 441 1584 jacula
461 1537 568 1582 iqnita
586 1535 800 1580 exstinquere
816 1533 957 1581 (Ephes.
979 1534 1042 1581 vt).
1063 1534 1137 1570 Hoc
1154 1543 1238 1580 ergo
1259 1534 1364 1570 modo

323 1605 510 1641 possumus
529 1594 635 1629 etiam
657 1594 761 1629 bodie
781 1593 968 1639 AEgyptios
988 1594 1109 1629 videre
1138 1599 1300 1629 mortuos
1330 1599 1366 1630 et

322 1656 481 1702 iacentes
515 1653 558 1688 ad
588 1654 703 1697 littus,
733 1654 911 1699 submergi
947 1654 1139 1699 quadrigas
1176 1664 1299 1688 eorum
1330 1658 1366 1689 et

325 1721 449 1759 equos.
481 1712 671 1748 Possumus
701 1712 807 1747 etiam
841 1712 954 1758 ipsum
987 1712 1209 1747 Pharaonem
1244 1713 1366 1750 videre

326 1773 520 1819 submergi,
550 1772 579 1807 si
614 1777 714 1808 tanta
747 1771 814 1807 lide
834 1772 1006 1814 vivamus,
1033 1779 1070 1808 ut
1090 1774 1183 1809 Deus
1204 1778 1367 1808 conterat

330 1834 499 1871 Satanam
535 1833 600 1868 sub
630 1833 779 1879 pedibus
804 1834 934 1869 nostris
955 1834 1138 1878 velociter,
1159 1845 1222 1881 per
1242 1833 1366 1871 Jcsum

327 1893 509 1931 Christum
532 1892 719 1929 Dominum
739 1899 915 1929 nostrum.

719 1967 869 2004 CAPUT
895 1967 955 2003 lv.

324 2028 374 2065 De
392 2028 524 2064 cantico
545 2027 635 2074 1111011
657 2028 776 2063 cecinit
805 2027 940 2073 Moyses
960 2034 991 2062 et
1034 2026 1071 2062 lii
1087 2026 1199 2063 lsrael
1216 2027 1364 2064 Domino

570 2081 643 2119 post
668 2074 852 2108 transitum
876 2074 982 2108 maris
1033 2074 1121 2109 ubri.

373 2132 467 2168 Tunc
488 2134 607 2168 cecinit
632 2132 765 2179 Moyses
782 2139 812 2167 et
840 2134 903 2178 111ὶί
922 2133 1034 2168 Israel
1051 2145 1191 2169 carmen
1208 2134 1272 2170 hoc
1296 2134 1369 2171 Do-

324 2195 431 2236 mino,
451 2201 481 2229 et
502 2194 662 2229 dixerunt
680 2204 691 2228 .·
708 2194 894 2229 Cantemus
920 2195 1068 2230 Domino
1084 2223 1092 2238 ,
1114 2196 1261 2242 91011050
1276 2198 1366 2232 0111111

324 2255 565 2301 magnificatus
596 2262 644 2290 est
676 2265 830 2301 :equum
865 2262 895 2291 et
931 2267 1145 2292 ascensorem
1177 2259 1300 2304 dejecit
1330 2260 1366 2294 in

325 2325 420 2349 marc
436 2314 565 2362 (Exod.
577 2315 650 2361 xv).
665 2315 735 2363 [Ex
755 2314 932 2364 Oriyene]
944 2317 1051 2352 Multa
1068 2318 1209 2363 quidem
1226 2320 1365 2355 cantica

324 2372 410 2408 l'brri
443 2373 592 2420 legimus
627 2375 662 2410 in
691 2375 889 2421 Scripturis
908 2377 1048 2412 divinis.
1071 2377 1204 2413 1111111111
1246 2384 1364 2414 tamen

320 2432 479 2469 omnium
501 2435 655 2480 primum
676 2435 771 2471 istud
789 2442 844 2471 est
861 2438 1039 2473 canticum
1058 2439 1166 2484 quod,
1188 2439 1365 2486 AEgyptiis

320 2499 358 2531 et
378 2494 564 2530 Pharaone
587 2496 784 2538 submerso,
813 2498 965 2543 populus
991 2499 1051 2534 Dei
1079 2506 1159 2545 post
1175 2500 1364 2536 victoriam

320 2554 462 2590 cecinit.
499 2553 609 2590 Moris
636 2556 767 2602 quippe
798 2563 1002 2593 sanctorum
1037 2564 1121 2601 est,
1146 2560 1206 2595 ubi
1237 2560 1364 2596 adver-

319 2613 436 2649 sarius
454 2613 620 2656 vincitur,
643 2620 812 2660 tanquam
829 2616 889 2662 qui
907 2616 1022 2653 sciant
1044 2627 1114 2653 non
1131 2629 1195 2654 sua
1213 2620 1359 2663 virtute,

318 2674 380 2709 sed
404 2673 466 2708 Dei
494 2674 606 2719 gratia
640 2675 827 2712 victoriam
854 2683 1015 2722 paratam
1037 2705 1047 2722 ,
1082 2679 1255 2726 hymnum
1288 2681 1362 2718 neo

320 2732 568 2779 gratulationis
611 2732 739 2769 offerre
772 2746 780 2769 :
814 2736 994 2781 accipiunt.
1032 2745 1151 2775 tamen
1189 2742 1361 2789 hymnum

320 2797 504 2829 cantantes
544 2793 653 2829 etiam
688 2800 854 2840 tympana
885 2796 919 2831 in
950 2798 1118 2834 manibus
1148 2802 1235 2843 suis,
1269 2803 1363 2839 sicut

318 2851 362 2886 de
396 2851 506 2887 Maria
532 2861 654 2888 sorore
685 2851 796 2899 Moysi
826 2859 859 2890 et
899 2854 1018 2891 Aaron
1048 2857 1214 2894 retertur.
1243 2861 1288 2895 Et
1323 2867 1361 2896 tu

318 2919 406 2955 crgo
421 2910 451 2945 si
471 2920 570 2946 mare
586 2910 744 2947 Rubrum
766 2914 971 2958 transieris,
1001 2916 1031 2951 si
1066 2916 1252 2966 AEgyptios
1283 2921 1362 2956 sub-

320 2969 434 3015 mergi
462 2969 595 3006 videris
612 2997 622 3013 ‚
655 2976 692 3007 et
713 2972 888 3019 exstingui
921 2974 1164 3021 Pharaonem,
1201 2985 1306 3025 atquc
1326 2981 1361 3016 in

319 3029 438 3076 abyssi
465 3030 678 3077 protundum
702 3034 939 3079 praecipitari,
961 3043 1064 3083 potes
1084 3039 1257 3085 hymnum
1274 3051 1361 3077 can-

318 3093 396 3126 tare
417 3089 503 3133 Deo,
525 3096 627 3136 potes
643 3102 773 3128 vocem
793 3095 1043 3139 gratulationis
1069 3100 1235 3136 emittere
1252 3107 1288 3137 et
1305 3102 1359 3137 di-

316 3157 424 3185 cere:
443 3147 630 3186 cantemus
656 3150 817 3196 Domino,
838 3153 986 3200 gloriose
1004 3158 1095 3194 eni'm
1110 3159 1361 3207 honorificatus

315 3213 397 3243 est:
414 3218 539 3255 0111111111
573 3215 606 3245 et
637 3221 852 3248 ascensorem
882 3214 1026 3261 projecit
1043 3217 1080 3252 in
1098 3228 1206 3254 mare.
1235 3219 1361 3257 Melius

315 3273 436 3304 antem
453 3274 492 3304 et
507 3268 651 3318 dignius
666 3271 743 3308 haec
761 3271 853 3310 dicis
867 3300 878 3317 ,
909 3274 939 3310 si
967 3275 1137 3314 habueris
1154 3283 1361 3327 tympanum

316 3327 354 3364 iu
369 3338 476 3366 manu
493 3334 569 3374 tua,
586 3329 712 3376 idest,
728 3331 759 3369 si
773 3342 919 3373 carnem
935 3340 1030 3373 tuam
1044 3338 1267 3378 crucifixeris
1279 3351 1361 3378 011111

315 3387 413 3426 vittis
423 3394 460 3426 et
470 3391 791 3440 concupiscentiis,
807 3401 844 3433 et
858 3396 888 3433 si
904 3398 1180 3438 mortificaveris
1197 3404 1359 3442 membra

317 3450 476 3503 tuaque
494 3456 578 3488 sunt
609 3462 719 3500 super
749 3459 884 3492 terram
914 3468 924 3493 ι
959 3463 998 3494 et
1025 3464 1148 3497 tamen
1176 3461 1362 3501 videamus

316 3505 515 3562 qnstdidt,
532 3507 720 3557 &nemus
730 3512 896 3561 nme-0,
916 3516 1067 3568 gloriose
1078 3521 1170 3558 enim
1183 3521 1362 3570 glorifica-

316 3568 375 3605 m
396 3572 462 3603 ηε.
487 3566 535 3604 Bt
557 3570 724 3616 qutdem,
745 3579 919 3620 quantum
937 3586 1131 3627 possumus
1164 3581 1358 3633 conficere,

316 3626 460 3674 neom
474 3629 571 3668 nun
586 3632 674 3670 1111111
693 3636 788 3685 quon
807 3636 904 3675 utne
934 3639 983 3677 an
1009 3639 1229 3692 glot-mean,
1261 3645 1362 3695 une

319 3685 476 3804 Q
527 3740 529 3743 ⁴
636 3691 1359 3774 fl·⁸⁸·¹¹³⁰-·1·z⁰÷.¹e·mc¹.·r¹.·.·u=·,9he

323 3788 353 3816 s
390 3790 404 3797 -
499 3747 1026 3823 dmum-,wem
1337 3788 1358 3800 -

1385 2057 1415 2100 C

742 190 783 228 B.
811 187 980 226 RABAN!
1004 184 1150 224 mum
1173 179 1386 220 ARCHOEP.
1410 177 1618 218 MOGUNT.
1645 176 1840 217 orntum
1864 176 1986 215 PARS
2007 175 2037 214 1.

2421 175 2486 221 ,68

1429 260 1532 292 catus
1545 260 1603 292 est
1627 255 1788 302 quidem,
1805 255 1891 302 quia
1909 255 2010 292 venit
2028 262 2192 301 quaerere
2203 253 2301 302 quod
2310 253 2487 302 perierat,

1429 327 1500 354 non
1540 323 1659 354 tamen
1691 317 1847 364 gloriose
1879 316 2100 364 glorificatus
2127 321 2195 354 est.
2216 315 2358 354 Dicitur
2386 317 2488 368 enim
2523 329 2540 373 f:

1427 379 1472 418 de
1502 381 1607 428 ipso:
1629 380 1713 428 quia
1732 380 1884 416 vidimus
1899 390 1992 423 eum,
2025 386 2061 416 et
2082 390 2151 416 non
2173 378 2326 416 habetat
2338 378 2489 427 speeiem
2523 381 2534 427 “,·“

1428 452 1537 488 neque
1558 441 1732 484 decorem,
1750 445 1786 476 et
1801 437 1918 476 vultus
1936 438 2014 486 ejus
2026 439 2188 486 ignobilis
2203 450 2310 486 super
2322 437 2492 486 minelu-
2521 431 2534 493 1

1429 501 1562 536 minum
1588 500 1679 549 (lea.
1699 499 1821 548 xxm).
1839 499 2081 546 Gloristcat-s,
2105 506 2142 538 et
2169 510 2252 538 cum
2279 501 2325 537 ad
2343 510 2492 542 erucem
2519 500 2533 576 1·

1427 561 1542 605 venit,
1576 566 1613 597 et
1634 560 1783 607 pertulit
1800 565 1957 596 mortem
1975 570 1986 604 ;
2005 561 2083 603 sed,
2113 566 2155 597 ut
2177 561 2228 598 ita
2255 561 2372 598 dicam
2390 587 2402 605 ,
2421 560 2490 598 111-
2527 579 2540 613 ’⁷

1428 621 1565 657 militer
1578 631 1649 658 non
1665 621 1822 668 gloriose
1838 620 2060 669 glorificatus
2077 627 2146 659 est.
2159 621 2294 660 Verum
2313 622 2400 669 quia>
2412 622 2494 662 haee

1428 681 1618 727 oportebat
1636 682 1709 728 pati
1735 680 1936 726 Christum,
1966 687 2003 718 et
2030 682 2085 719 sic
2116 682 2254 720 intrare
2274 683 2317 719 in
2339 682 2493 731 gloriam

1430 753 1547 785 suam,
1565 751 1647 777 011111
1665 742 1807 778 venerit
1823 741 1858 777 in
1877 742 1990 790 gloria
2010 742 2130 779 Patris
2147 747 2186 779 et
2201 749 2410 782 sanctiorum
2428 753 2494 781 an·

1430 805 1615 851 gelormn‚
1639 814 1722 840 cum
1754 803 1900 839 venerit
1931 804 1969 839 in
2001 805 2194 852 majestate
2229 816 2294 842 sua
2324 805 2492 852 iudicare

1430 870 1591 909 terram,
1627 865 1770 911 quando
1801 870 1838 901 et
1874 874 2000 900 verum
2042 863 2301 911 Pharaonem,
2335 865 2373 903 id
2407 871 2493 912 est,

1430 926 1612 962 diabolum
1630 954 1640 970 ‚
1663 926 1857 963 11110111οῑοῐ
1875 926 2005 972 spiritu
2028 927 2103 963 oris
2122 928 2191 963 sui.
2223 927 2313 964 Cum
2331 938 2420 977 ergo
2434 938 2494 966 re-

1430 985 1581 1033 fulgebit
1600 986 1634 1021 in
1656 985 1845 1031 majestate
1871 987 1990 1023 Patris
2016 988 2071 1023 sui
2094 1015 2103 1032 ,
2126 994 2163 1025 et
2180 993 2263 1035 post
2296 989 2493 1027 adventum

1430 1048 1659 1091 humilitatis,
1684 1049 1879 1085 secundum
1904 1049 1939 1084 in
1963 1049 2068 1085 nohis
2094 1049 2217 1097 gloriae
2245 1051 2406 1088 ostendit
2430 1051 2495 1090 atl-

1432 1113 1580 1144 ventum
1602 1136 1611 1152 ,
1647 1113 1733 1143 tunc
1751 1118 1820 1144 non
1841 1108 1958 1145 solum
1978 1109 2201 1155 glorificatur
2224 1109 2414 1155 Dominus,
2430 1111 2496 1150 sed

1435 1169 1590 1217 gloriose
1628 1170 1852 1216 glorificatur
1867 1198 1877 1214 ,
1913 1181 1994 1206 cum
2030 1176 2157 1208 01111105
2201 1172 2251 1208 ita
2289 1173 2496 1220 glorificant

1435 1229 1565 1266 Filium
1590 1231 1682 1267 sicut
1702 1231 1945 1268 honorificant
1971 1232 2130 1268 Patrem.
2152 1232 2292 1281 Equum
2313 1240 2345 1269 et
2369 1245 2493 1271 ascen-

1433 1303 1547 1328 sorem
1578 1293 1724 1339 projecit
1759 1294 1796 1329 in
1816 1305 1926 1330 mare.
1953 1293 2144 1330 Fortitudo
2170 1301 2203 1331 et
2222 1295 2302 1332 laus
2320 1307 2398 1332 mea
2418 1295 2495 1332 Do-

1432 1354 1571 1396 minus,
1595 1361 1627 1389 et
1658 1355 1774 1400 sactus
1799 1362 1848 1391 est
1871 1355 1959 1390 mihi
1983 1356 2017 1391 in
2043 1356 2204 1392 salutem.
2239 1356 2414 1394 Homines
2433 1357 2496 1404 qui

1434 1423 1500 1450 nos
1523 1414 1763 1461 insequuntur
1780 1415 1863 1461 equi
1884 1421 1969 1451 sunt
1991 1427 1999 1450 :
2019 1422 2066 1458 et,
2088 1422 2127 1452 ut
2144 1417 2194 1453 ita
2217 1417 2350 1463 dicam,
2368 1429 2496 1457 omncs

1433 1473 1495 1518 qui
1527 1473 1564 1508 in
1594 1483 1703 1510 carne
1735 1474 1810 1509 nati
1831 1479 1926 1515 sunt,
1953 1474 2154 1521 figuraliter
2173 1477 2256 1522 equi
2289 1484 2372 1513 sunt
2395 1505 2405 1522 ,
2431 1478 2496 1516 sed

1432 1533 1471 1569 hi
1491 1534 1624 1570 babent
1644 1544 1858 1571 ascensores
1875 1546 1971 1571 suos.
1997 1535 2089 1572 S'unt
2108 1538 2191 1583 equi
2211 1549 2302 1585 quos
2321 1539 2497 1579 Dominus

1434 1594 1617 1637 ascendit,
1638 1600 1674 1630 et
1700 1596 1928 1631 circumeunt
1956 1607 2099 1633 omnem
2121 1603 2268 1634 terram.
2295 1601 2346 1637 De
2363 1601 2496 1648 quibus

1434 1654 1564 1689 dicitur
1585 1666 1594 1688 ε
1619 1654 1664 1689 Et
1686 1656 1859 1702 equitatus
1882 1661 1963 1691 tuus
1984 1657 2095 1692 salus.
2136 1657 2228 1694 Sunt
2257 1666 2379 1697 autem
2409 1661 2496 1709 equi

1434 1715 1494 1759 qui
1532 1724 1741 1751 ascensores
1775 1717 1911 1752 habent
1944 1717 2126 1753 diabolum
2156 1724 2192 1755 et
2225 1721 2373 1767 angelos
2400 1721 2493 1768 ejus.

1431 1774 1542 1812 Judas
1564 1787 1677 1823 equus
1696 1783 1776 1813 erat
1795 1789 1805 1820 3
1826 1779 1888 1814 sed
1906 1779 2022 1815 donec
2037 1790 2268 1818 ascensorem
2283 1783 2495 1822 1111111111Βο-

1433 1838 1585 1880 minum,
1602 1838 1645 1873 de
1665 1839 1827 1883 equitatu
1847 1839 1974 1875 salutis
1995 1840 2077 1876 suit.
2091 1842 2182 1878 Cum
2198 1846 2340 1882 caeteris
2358 1848 2494 1886 etenim

1434 1898 1606 1942 apostolis
1646 1898 1777 1934 missus
1797 1926 1806 1941 ,
1845 1900 1990 1946 aegrotis
2033 1902 2187 1939 salutem
2224 1911 2262 1941 et
2300 1909 2495 1948 sanitatem

1435 1955 1688 2002 languentibus
1705 1959 1887 2004 praestitit.
1911 1959 1983 1996 Scd
2008 1962 2067 1998 ubi
2091 1972 2130 1999 se
2157 1963 2299 2002 diabolo
2330 1969 2495 2007 substra-

1435 2018 1485 2052 vit
1504 2018 1600 2064 (post
1626 2018 1823 2055 buccellam
1840 2021 1936 2056 enim
1954 2022 2118 2059 introivit
2147 2025 2182 2061 in
2209 2037 2292 2064 eum
2309 2028 2495 2083 Satanas),

1437 2089 1612 2115 ascensor
1625 2079 1736 2126 ipsius
1749 2080 1896 2117 effectus
1910 2087 1966 2118 est
1985 2083 2160 2130 Satanas;
2178 2088 2323 2127 01111105
2344 2091 2496 2133 habenis

1436 2141 1578 2185 ductus,
1597 2142 1788 2178 adversum
1805 2143 1997 2182 Dominum
2020 2152 2056 2182 01
2078 2146 2303 2189 Salvatorem
2327 2158 2495 2194 nostrum

1435 2202 1546 2248 eoepit
1575 2203 1752 2250 equitare.
1774 2204 1906 2243 Omnes
1923 2208 2019 2246 enim
2038 2210 2098 2255 qui
2115 2220 2385 2260 persequuntur
2410 2227 2496 2256 san-

1435 2267 1527 2306 ctos,
1550 2263 1631 2310 equi
1652 2270 1738 2300 sunt
1755 2265 1961 2304 hinnientes
1979 2280 1988 2312 ;
2010 2271 2071 2305 sed
2093 2271 2229 2308 babent
2248 2283 2463 2315 ascensores
2480 2303 2492 2323 ,

1433 2321 1564 2366 quibus
1599 2330 1779 2369 aguntur,
1818 2327 1963 2373 angelos
1988 2329 2100 2366 malos
2117 2358 2126 2374 ,
2163 2338 2196 2368 01
2228 2333 2310 2371 ideo
2334 2334 2491 2376 seroces.

1434 2379 1604 2416 Dominus
1635 2393 1718 2430 ergo
1737 2395 1861 2431 equum
1876 2393 1906 2421 et
1927 2398 2144 2426 ascensorem
2159 2393 2307 2438 projecit
2324 2395 2361 2431 in
2379 2408 2492 2442 mare,

1433 2447 1464 2475 et
1485 2442 1598 2486 sactus
1614 2450 1663 2478 est
1684 2445 1770 2480 1111111·
1789 2446 1823 2481 in
1841 2447 2005 2485 salutem.
2023 2450 2092 2487 Hic
2110 2452 2204 2490 Deus
2220 2466 2316 2493 meus
2333 2463 2364 2494 et
2382 2460 2495 2498 liono-

1433 2502 1578 2547 rificabo
1611 2515 1686 2540 eum
1719 2515 1730 2539 .·
1754 2506 1848 2543 Deus
1876 2508 1997 2546 Patris
2028 2513 2110 2557 mei,
2139 2520 2171 2550 et
2206 2517 2369 2556 exaltabo
2395 2531 2490 2559 eum.

1433 2560 1500 2599 Hic
1528 2573 1614 2610 ergo
1635 2571 1792 2604 01111005
1813 2574 1869 2604 est
1897 2569 2014 2614 Deus,
2050 2578 2086 2610 et
2118 2574 2238 2614 Patris
2266 2579 2352 2616 mei.
2383 2581 2494 2622 Pater
2533 2578 2540 2582 ⁴

1434 2628 1581 2666 noster,
1613 2625 1674 2670 qui
1703 2636 1767 2663 nos
1800 2627 1885 2664 fecit
1916 2636 1952 2666 et
1985 2634 2130 2678 genuit,
2167 2635 2334 2676 Christus
2349 2646 2432 2687 est;
2453 2647 2494 2681 et

1431 2683 1506 2730 ipse
1537 2685 1650 2722 dicit:
1681 2686 1779 2724 Vade
1804 2690 1851 2725 ad
1872 2691 2017 2729 Patrem
2042 2706 2159 2733 meum
2195 2705 2228 2734 et
2263 2698 2408 2741 Patrem
2437 2714 2494 2743 110-
2536 2740 2540 2743 .

1429 2750 1554 2788 strum,
1581 2746 1692 2783 Deum
1719 2760 1833 2785 meum
1861 2757 1892 2787 et
1929 2753 2042 2789 Deum
2073 2763 2226 2794 vestrum
2256 2760 2379 2801 (Jotm-
2397 2765 2490 2815 xvi).
2523 2756 2540 2794 ζ

1430 2803 1468 2839 Si
1490 2815 1576 2851 ergo
1596 2815 1788 2853 agnoscam
1803 2810 1898 2856 quod
1919 2811 2014 2848 Deus
2033 2823 2136 2851 meus
2161 2816 2209 2852 sit
2225 2819 2334 2864 Deus,
2350 2812 2488 2870 glorifiss-

1430 2864 1520 2901 cabo
1538 2875 1636 2902 eum.
1668 2866 1707 2902 Si
1727 2878 1814 2905 vcro
1837 2871 1948 2907 etiam
1968 2873 2063 2910 istud
2086 2886 2279 2923 agnoscam
2307 2887 2489 2930 quomodo
2516 2904 2530 2909 ’-

1430 2922 1549 2961 Patris
1585 2926 1655 2962 mei
1684 2926 1850 2966 Christus
1881 2932 1928 2967 sit
1957 2933 2053 2971 Deus
2071 2962 2082 2979 ‚
2101 2936 2266 2982 exaltabo
2297 2938 2396 2989 euin„
2413 2949 2488 2991 Do..

1431 2984 1549 3019 minus
1568 2993 1746 3023 conterens
1773 2989 1876 3035 betta,
1900 2991 2072 3032 Dominus
2090 3008 2221 3037 nomen.
2235 3011 2286 3040 eet
2306 3006 2371 3044 illi.
2394 2991 2486 3051 Nolo

1431 3049 1537 3090 putes
1556 3045 1640 3091 quia
1663 3052 1802 3087 tantum
1823 3051 1985 3090 visibiles
2019 3066 2158 3106 pugnas
2180 3066 2338 3103 conterit
2363 3070 2488 3118 Domi·-

1433 3115 1527 3149 nus,
1558 3107 1619 3143 scd
1645 3114 1682 3144 et
1700 3109 1781 3147 illas
1797 3114 1953 3154 conterit
1975 3127 2054 3164 quae
2073 3121 2176 3160 nobis
2204 3132 2289 3166 sunt
2314 3140 2387 3170 non
2417 3133 2502 3178 adr'

1432 3175 1576 3203 versum
1607 3179 1753 3208 carnem
1779 3178 1816 3209 et
1843 3178 2069 3226 sauguinem,

1784 3422 1818 3453 et
1834 3421 2022 3462 exercitum
2040 3426 2127 3474 ejus.
2134 3432 2282 3484 projenie
2290 3436 2343 3481 ἢ..
2351 3449 2484 3490 m?

1426 3470 1552 3511 eleetos
1567 3485 1781 3524 ememtes,
1797 3485 1916 3524 ternos
1928 3490 2320 3545 mariamnis„
