2540 4016
47 97 167 168 *isso

702 131 1033 172 ExposrrloNES
1058 133 1106 170 nv
1130 123 1466 172 anmcunj'ss
1487 137 1572 176 Lm.
1600 141 1659 178 vi.

2193 158 2264 196 490

95 201 239 239 dotibus
254 201 311 239 bis
328 203 365 239 in
381 204 439 240 die
453 204 590 241 solebat
607 203 758 251 imponi,
786 215 892 242 mane
910 212 948 243 et
962 216 1114 253 vespere
1131 220 1140 243 ε
1160 213 1196 251 A
1211 207 1262 255 ι.)-
1296 208 1336 245 In
1351 210 1408 246 his
1423 215 1546 247 autem
1569 223 1656 249 vera
1685 215 1816 254 animae
1832 221 1985 264 perditio
2002 227 2078 266 sive
2093 206 2262 272 {aelimi-

92 261 380 308 quandoquidem
399 267 482 310 post
510 262 643 298 coitum
673 262 910 311 conjugalem*
931 265 1039 301 etiam
1067 266 1143 303 loto

91 332 242 368 corpore
262 323 467 359 immundus
487 327 567 360 erat
584 334 700 370 usque
727 325 774 361 ad
794 335 998 371 vesperam,
1029 337 1050 362 a
1070 338 1142 373 quo

89 381 127 417 id
145 392 293 419 necesse
309 388 388 419 erat
401 383 551 429 imponi.
571 383 672 427 Quod
687 389 808 422 autem
827 386 890 430 ait,
918 397 996 433 quoe
1012 388 1142 423 sancti-

89 441 198 487 ficant
216 443 282 488 filii
298 442 425 488 Israel,
445 443 716 491 intelligendum
733 451 800 490 est,
818 446 1000 484 offerendo
1018 457 1142 484 sacer-

89 503 231 540 dotibus
249 504 472 542 offerendum
499 516 566 552 per
594 516 656 542 eos
675 507 842 545 Domino.
873 507 918 544 Et
941 510 1140 546 notandum

87 565 383 603 sanctificationis
407 577 536 614 genus,
559 567 655 614 quod
671 568 713 604 fit
730 572 865 605 voto'et
884 569 1073 607 devotione
1091 570 1142 607 of-

85 623 247 661 ferentis.
270 625 341 662 Sed
357 632 480 663 utrum
498 628 590 665 sieut
606 629 676 665 isto
690 621 797 666 modo
812 630 1084 667 sanctificantur
1098 641 1141 668 ea

61 694 164 733 ,quae
181 683 380 720 offeruntur
407 686 452 722 ab
483 687 689 725 hominibus
705 715 715 732 ‚
742 690 792 725 ita
818 694 856 726 et
877 690 947 736 ipsi
975 690 1140 727 homines

84 744 211 781 eodem
231 745 337 781 modo
360 746 498 791 seipsos
527 748 757 786 sanctificare
776 749 943 786 dicantur
959 775 969 793 ,
998 759 1080 785 eum
1100 750 1138 786 in

83 803 201 850 aliqua
211 815 251 841 re
261 805 398 851 seipsos
408 813 553 844 vovent.
566 808 637 855 (Ex
647 809 850 857 Hesychia).
865 809 1138 847 Observandum

83 868 138 900 est
164 863 202 899 in
242 863 440 911 Scripturis
455 894 465 911 ‚
498 877 570 903 non
603 868 863 914 qualiscunque
898 868 1053 914 dignitas
1081 879 1139 904 sa-

82 925 245 961 cerdotii.
267 925 359 962 Huic
377 927 474 963 enim
494 934 592 964 sorte
610 928 734 963 datum
755 932 810 964 est
827 933 867 963 ut
897 928 1075 964 mediator
1090 929 1137 965 sit

81 984 176 1020 inter
191 985 302 1021 Deum
321 993 356 1021 et
374 986 539 1022 homines
551 1011 560 1029 ,
585 992 622 1022 et
637 997 703 1031 per
724 987 819 1022 hanc
839 997 952 1033 genus
970 993 1136 1024 nostrum

80 1045 233 1080 creatori
253 1045 520 1081 reconciliatur.
554 1046 592 1082 In
623 1046 744 1093 lingua
764 1047 992 1084 sacerdotum
1021 1059 1135 1086 nexus

79 1108 115 1140 et
133 1104 310 1140 absolutio
332 1110 538 1142 nostrorum
560 1111 794 1152 peccatorum
810 1107 988 1143 consistit.
1010 1108 1137 1145 Osten-
1151 1114 1183 1152 Β

78 1164 131 1200 dit
154 1170 274 1200 autem
303 1165 499 1202 Malachias
519 1171 662 1212 quantae
678 1167 863 1213 dignitatis
882 1168 929 1204 sit
946 1169 1130 1212 sacerdos,

78 1229 113 1260 et
136 1235 216 1271 quae
241 1226 286 1262 ab
304 1235 347 1262 eo
364 1231 554 1272 oporteant
572 1227 774 1272 exspectari
791 1241 801 1263 2
819 1227 922 1273 {Quia
943 1228 1050 1272 labia,
1073 1228 1130 1264 in-

77 1285 168 1332 quit,
187 1287 376 1322 sacerdotis
390 1287 588 1323 custodiunt
605 1289 801 1331 scientiam,
826 1295 858 1324 et
885 1289 992 1335 leyem
1012 1291 1132 1337 exqui-

78 1350 156 1380 runt
175 1356 217 1380 ex
235 1357 293 1381 ore
311 1347 402 1392 ejus,
421 1348 503 1393 quia
518 1347 661 1394 angelus
677 1348 820 1384 Domini
847 1351 1062 1385 excercituum
1081 1357 1130 1386 est

78 1403 245 1450 (Malcwh.
276 1405 332 1451 11).
366 1405 560 1452 Propterea
588 1418 671 1443 cum
703 1409 760 1444 his
780 1419 859 1455 quae
887 1415 973 1445 ante
990 1411 1130 1447 sancita

77 1469 161 1498 sunt
189 1463 232 1498 de
252 1465 498 1501 sacerdotibus
524 1467 633 1502 etiam
661 1467 738 1503 haec
756 1468 951 1513 praecepit:
978 1468 1131 1505 caveant

77 1523 120 1557 ab
149 1524 202 1559 his
220 1535 298 1570 quoe
325 1532 526 1562 consecrata
558 1534 639 1562 sunt
670 1527 825 1572 filiorum
847 1528 975 1572 Israel,
1009 1536 1041 1564 et
1061 1541 1130 1565 non

77 1586 309 1621 contaminent
341 1597 465 1623 nomen
492 1589 789 1634 sanctificatorum
821 1589 934 1633 mihi,
959 1601 1036 1636 quie
1063 1591 1129 1637 ipsi

78 1646 241 1691 offerunt.
276 1647 313 1683 Si
333 1654 453 1684 autem
472 1649 530 1685 isti
549 1649 836 1686 abominabiliter
856 1655 892 1685 et
910 1650 1126 1695 inordinate,

78 1710 114 1742 et
147 1711 248 1742 extra
272 1717 414 1744 omnem
445 1708 713 1755 religiositatem
733 1709 853 1754 populi
872 1709 1127 1753 oblationibus,

77 1770 113 1802 et
132 1766 187 1802 his
204 1777 282 1812 quae
299 1777 513 1813 quoeunque
533 1768 639 1804 modo
670 1768 894 1804 sanctificata
911 1769 1125 1813 offeruntur,

77 1827 321 1863 contaminant
339 1838 470 1864 nomen
487 1829 789 1869 sanctificatorum
806 1840 816 1872 ;
834 1830 909 1865 sive
929 1831 1127 1866 secundum

78 1885 311 1933 Septuaginta
342 1899 465 1923 nomen
495 1894 654 1923 sanctum
685 1888 764 1923 Dei.
790 1887 951 1924 Primum
981 1889 1126 1934 quidem

75 1945 205 1991 ipsum,
225 1947 342 1992 utqui
362 1956 424 1982 eos
448 1947 536 1982 tales
553 1947 701 1993 elegerit
723 1947 973 1994 blasphemare
999 1947 1121 1985 saciet.

76 2005 208 2042 Deinde
238 2011 275 2042 et
301 2006 471 2053 populum
491 2006 671 2044 offendere
691 2007 728 2043 in
745 2007 881 2044 sanctis
900 1990 1053 2054 coffinss
1089 2013 1126 2044 et
1144 2015 1173 2056 C

74 2070 200 2111 putare
214 2065 312 2112 quod
329 2065 546 2112 superfluum
562 2066 609 2102 sit
627 2066 692 2103 Dei
712 2066 953 2108 ministerium
970 2072 1006 2102 et
1019 2068 1125 2114 justi-

76 2125 123 2160 tia
152 2131 187 2161 et
204 2125 391 2170 iudicium.
422 2126 601 2170 Quantum
626 2136 711 2163 vero
739 2127 846 2171 Deus,
879 2128 909 2164 si
938 2130 1123 2174 sacerdos,

75 2187 150 2221 sive
175 2185 238 2222 filii
269 2187 359 2232 eJus,
384 2188 421 2224 id
446 2193 516 2232 est,
541 2188 705 2235 discipuli
722 2190 952 2235 peccaverint
975 2191 1013 2226 in
1041 2202 1125 2227 san-

74 2251 144 2289 cta,
170 2246 362 2291 irascatur,
394 2248 587 2284 ostendunt
619 2259 662 2285 ea
681 2260 760 2295 quae
780 2249 858 2286 Heli
878 2255 914 2286 et
942 2250 1025 2286 filiis
1047 2251 1125 2297 ejus

73 2307 310 2353 contigerunt;
331 2313 521 2354 propterea
547 2309 820 2356 subdidit:qu
845 2310 1042 2346 Dominus:
1060 2311 1124 2346 Di-

73 2377 126 2401 ces
145 2366 189 2401 ad
208 2376 287 2402 eos:
302 2367 377 2414 qu
387 2367 571 2412 Dominus,
590 2369 651 2414 qui
668 2370 805 2406 irascor
824 2369 990 2406 videlicet
1003 2370 1122 2407 etvin-

72 2425 165 2461 dico.
188 2425 280 2470 Quid
300 2432 419 2463 autem
437 2428 526 2464 dixit
541 2428 557 2463 ?
572 2428 674 2464 Dices
691 2429 736 2464 ad
756 2440 814 2465 eos
826 2456 836 2473 ,
857 2435 890 2465 et
907 2430 953 2466 ad
967 2436 1122 2477 posteros

70 2494 217 2520 eorum:
249 2486 369 2522 Omnis
397 2489 456 2534 qui
476 2489 655 2524 accesserit
678 2489 720 2524 de
751 2490 856 2535 stirpe
874 2496 986 2526 vestra
1005 2491 1051 2526 ad
1079 2501 1122 2526 ea

72 2555 148 2591 quw
167 2553 363 2581 consecrata
389 2553 484 2590 sunt,
514 2559 591 2594 quae
608 2548 806 2584 obtulerunt
834 2549 899 2594 filii
919 2549 1032 2585 Israel
1048 2549 1121 2584 Do-

72 2604 178 2646 mino,
199 2605 236 2638 in
253 2615 321 2651 quo
335 2611 385 2640 est
414 2606 650 2650 immunditia,
678 2608 803 2653 peribit
820 2619 938 2643 coram
953 2608 1118 2645 Domino.

71 2661 147 2708 qu
167 2674 243 2698 sum
270 2663 454 2700 Dominus.
488 2665 649 2702 Primum
666 2667 810 2712 quidem
830 2668 978 2705 seminis
998 2679 1120 2705 sacer-

73 2723 201 2759 dotalis
219 2725 430 2760 memoriam
450 2725 600 2769 faciens,
638 2732 762 2772 aperte
786 2727 871 2763 illud
890 2728 1119 2775 significavit,

73 2781 156 2827 quia
172 2792 243 2818 non
261 2782 375 2818 solum
397 2784 633 2828 sacerdotem,
667 2785 730 2821 sed
748 2796 892 2821 omnem
913 2793 1120 2822 sanctorum

74 2844 275 2880 ministrum
295 2845 435 2882 etiamsi
458 2852 589 2882 sortem
614 2847 650 2882 in
670 2847 722 2883 eis
740 2847 902 2883 ultimam
922 2848 1063 2889 habeat,
1085 2853 1122 2884 et

1211 269 1312 304 natio
1332 274 1402 313 est,
1434 271 1471 307 id
1484 276 1551 314 est,
1572 272 1633 308 illa
1652 274 1696 310 de
1711 285 1781 320 qua
1801 277 1974 316 Dominus
1997 282 2036 318 in
2059 286 2263 337 Evangeliis

1210 325 1377 362 dicebat:
1404 328 1535 365 Timete
1551 342 1643 375 eum,
1663 333 1724 378 qui
1739 340 1849 379 potest
1873 343 1905 372 et
1923 339 2077 377 animam
2091 351 2123 380 et
2137 358 2262 396 corpu,

1206 386 1351 432 perdere
1380 389 1418 423 in
1447 390 1652 435 qehennam.
1681 392 1776 438 Ergo
1807 404 1880 431 non
1912 395 2046 435 frustra
2077 403 2259 446 subdidiu

1207 446 1285 493 qu
1314 446 1486 484 Dominus
1504 459 1517 482 :
1542 451 1605 486 sed
1625 452 1832 498 ostendens,
1860 455 1945 500 quia
1974 458 2037 503 qui
2069 459 2147 498 haec
2162 462 2263 510 dicit,

1207 507 1286 553 ipse
1303 511 1360 543 est
1378 507 1439 553 qui
1457 509 1557 546 solus
1577 511 1736 547 animam
1749 514 1902 559 perdere
1914 521 2046 561 potest.

1585 604 1739 642 CAPUT
1763 605 1884 644 XVIII.

1206 675 1378 723 Leprosus
1401 684 1463 714 aut
1480 680 1615 725 patiens
1642 682 1778 727 fluxum
1799 683 1940 720 seminis
1956 684 2000 720 de
2017 686 2124 733 stirpe
2145 688 2266 726 Aaron

1467 737 1536 762 non
1554 734 1707 763 vescetur
1727 729 1769 764 de
1783 731 2022 775 sanctificatis.

1256 798 1355 845 (Cae.
1378 800 1484 848 xxn.)
1512 800 1627 837 Homo
1645 802 1687 837 de
1715 804 1843 839 semine
1857 804 1998 849 Aaron,
2020 808 2079 853 qui
2094 807 2200 854 suerit
2216 809 2265 846 le-

1204 868 1343 902 prosus,
1375 866 1436 895 aut
1454 861 1588 906 patiens
1605 862 1742 907 fluxum
1758 863 1919 906 seminis,
1943 875 2013 900 non
2037 873 2191 903 vescetur
2220 869 2264 906 de

1204 916 1258 952 nis
1272 929 1350 963 quae
1367 921 1660 980 santificatasunt
1681 923 1778 966 milti,
1793 923 1902 959 donec
1916 931 2071 961 sanetur.
2098 926 2167 970 Qui
2183 930 2263 964 teti-

1204 978 1292 1023 gerit
1310 979 1529 1015 immundum
1558 993 1663 1027 super
1690 988 1844 1026 mortuo,
1873 990 1904 1019 et
1925 995 1968 1020 ex
1993 997 2061 1032 quo
2086 989 2264 1034 eqreditur

1204 1047 1319 1072 semen
1338 1039 1440 1084 quasi
1461 1040 1587 1083 coitus,
1611 1046 1644 1075 et
1658 1041 1717 1086 qui
1735 1042 1847 1087 tanqit
1871 1038 2003 1089 female,
2039 1051 2071 1080 et
2089 1047 2263 1093 quodlibet

1204 1098 1423 1134 immundum
1443 1099 1544 1145 cujus
1570 1106 1683 1136 tactus
1706 1107 1757 1137 est
1774 1102 1952 1146 sordidus,
1973 1105 2174 1142 immundus
2198 1109 2264 1144 erit

1201 1167 1309 1204 usque
1326 1157 1372 1193 ad
1387 1169 1581 1205 vesperum,
1599 1166 1631 1195 et
1656 1171 1725 1195 non
1739 1167 1895 1197 vescetur
1911 1163 1954 1198 de
1967 1164 2020 1199 his
2033 1175 2112 1211 quae
2133 1167 2264 1202 sancti-

1201 1218 1308 1262 ficata
1325 1225 1404 1254 sunt
1419 1230 1432 1262 ;
1459 1220 1519 1255 sed
1535 1232 1615 1256 cum
1632 1221 1755 1257 laverit
1770 1233 1909 1258 curnem
1927 1234 2027 1259 suam
2043 1236 2135 1271 aqua
2152 1232 2184 1261 et
2202 1237 2260 1262 oc-

1199 1278 1357 1314 cubuerit
1377 1279 1430 1315 sol
1442 1308 1451 1322 ,
1479 1287 1561 1316 tunc
1577 1282 1768 1318 mundatus
1784 1290 1941 1319 vescetur
1956 1285 1998 1320 de
2017 1287 2260 1332 sanctificatis,

1198 1340 1280 1386 quia
1300 1339 1408 1382 ¹cibus
1422 1340 1517 1376 illius
1547 1347 1609 1377 est.
1635 1341 1861 1378 Morticinum
1879 1351 1911 1379 et
1936 1350 2074 1391 captum
2098 1359 2119 1382 a
2138 1347 2260 1392 bestia,

1199 1409 1269 1434 non
1292 1400 1469 1435 comedent
1494 1412 1555 1436 nec
1581 1401 1780 1447 polluentur
1810 1404 1846 1439 in
1874 1405 1923 1440 eis
1939 1418 1950 1442 .·
1980 1416 2041 1451 eqo
2073 1406 2258 1443 Dominus.

1199 1458 1271 1505 (Ex
1287 1458 1490 1508 Hesychio.)
1507 1460 1704 1498 Comedere
1726 1468 1851 1499 sancta
1870 1464 2024 1510 pollutos
2043 1476 2156 1513 usque
2175 1468 2259 1503 dum

1197 1520 1416 1555 mundentur
1435 1531 1507 1556 non
1528 1521 1616 1564 vult,
1651 1522 1714 1558 sed
1733 1533 1801 1559 nee
1820 1524 1967 1560 omnino
1982 1535 2044 1560 eos
2064 1535 2128 1570 per
2146 1526 2260 1562 absti-

1196 1579 1357 1615 nentiam
1375 1579 1568 1626 prohibere
1581 1608 1591 1624 ,
1619 1587 1808 1627 propterea
1826 1592 1909 1618 eum
1929 1583 1990 1628 qui
2012 1594 2083 1620 uno
2098 1585 2258 1629 quolibet

1195 1638 1326 1674 borum
1346 1640 1503 1685 pollutus
1522 1646 1577 1677 est
1599 1641 1659 1677 hie
1676 1642 1904 1678 enumeravit
1932 1643 2155 1679 immundum
2177 1654 2258 1682 esse

1196 1710 1310 1746 usque
1324 1702 1369 1737 ad
1392 1712 1583 1749 vesperum
1599 1703 1722 1739 dicens
1739 1714 1747 1738 :
1777 1702 1860 1738 Non
1874 1709 2026 1739 vescetur
2051 1705 2093 1739 de
2110 1705 2256 1752 hisquoe

1195 1763 1415 1807 sanctificata
1455 1769 1534 1798 sunt
1554 1791 1562 1807 ,
1605 1764 1664 1799 sed
1702 1775 1782 1799 cum
1824 1763 1946 1799 laverit
1979 1775 2119 1800 carnem
2155 1776 2258 1801 sunm

1196 1831 1308 1865 aqua,
1339 1827 1371 1856 et
1410 1822 1608 1857 occubuerit
1633 1822 1697 1857 sol.
1723 1823 1917 1868 Vesperum
1950 1829 1986 1858 et
2013 1833 2180 1860 occasum
2202 1835 2258 1861 so·

1193 1878 1238 1915 lis
1270 1881 1544 1925 poenitentiam;
1582 1892 1712 1927 aquam
1743 1875 1830 1918 vero
1865 1893 1935 1928 qua
1971 1883 2007 1918 in
2033 1894 2111 1919 eam
2140 1884 2254 1928 lavat,

1194 1939 1392 1986 lacrymam
1414 1940 1553 1983 dicens,
1587 1941 1631 1976 de
1650 1951 1722 1986 qua
1751 1942 1862 1977 David
1895 1943 2010 1978 dixit:
2033 1943 2171 1980 Lavabo
2194 1957 2258 1991 per

1195 2001 1351 2047 sinqulas
1368 2008 1483 2036 noctes
1514 2002 1640 2036 lectum
1669 2013 1799 2046 meum,
1821 2003 1985 2049 lacrymis
2002 2005 2086 2039 meis
2106 2010 2255 2041 stratum

1195 2071 1308 2095 meum
1331 2051 1588 2107 riyabo'(Psal.
1606 2059 1671 2108 vi).
1710 2061 1807 2096 Idem
1834 2067 1953 2096 autem
1986 2071 2173 2108 vesperam
2204 2065 2257 2101 sic

1193 2119 1298 2155 nob1s
1322 2119 1543 2165 poenitentia>
1572 2125 1608 2155 et
1627 2119 1796 2166 gaudium
1829 2130 1874 2155 ex
1892 2130 1934 2155 ea
1957 2120 2183 2168 significavit,
2203 2123 2257 2159 di-

1194 2190 1303 2216 cens:
1328 2180 1383 2215 Ad
1401 2192 1579 2227 vesperum
1600 2180 1839 2216 demorabitur
1861 2170 1964 2228 fletus
1978 2209 1987 2226 ,
2017 2189 2049 2218 et
2072 2183 2118 2218 ad
2141 2190 2257 2220 utatu-

1192 2238 1304 2274 tinum
1327 2239 1450 2274 lceticia
1484 2239 1598 2286 (Psal.
1634 2239 1750 2287 xxix).
1788 2239 1937 2284 Quando
1973 2251 2059 2288 ergo
2084 2242 2255 2290 lacrymis

1193 2297 1272 2345 quis
1289 2298 1511 2344 poenitentiae
1537 2299 1680 2335 ablutus
1712 2298 1835 2342 fuerit,
1870 2304 1956 2335 tune
1977 2305 2104 2336 sancta
2130 2310 2252 2337 come-

1192 2359 1265 2401 det,
1296 2359 1381 2403 quia
1408 2359 1512 2404 panis
1538 2357 1615 2403 ejus
1644 2364 1699 2394 est
1721 2359 1794 2403 ille,
1833 2358 1876 2394 de
1909 2369 1979 2404 quo
2012 2359 2186 2394 Dominus
2215 2359 2254 2395 in

1191 2418 1393 2464 Evangeliis
1421 2418 1587 2454 dicebat:
1622 2418 1668 2453 Et
1689 2419 1790 2464 panis
1821 2428 1922 2463 quem
1957 2428 2018 2463 eqo
2048 2417 2137 2452 dabo
2167 2428 2252 2454 caro

1190 2489 1267 2513 mea
1285 2484 1334 2512 est
1356 2476 1478 2524 (Joan.
1506 2477 1571 2524 vi).
1606 2476 1708 2520 Quod
1725 2482 1775 2512 'et
1790 2486 1886 2511 nune
1915 2476 2017 2521 panis
2037 2476 2251 2512 memoriam

1189 2537 1341 2581 faciens,
1362 2543 1398 2572 et
1412 2547 1501 2583 quos
1518 2540 1683 2582 oporteat
1705 2536 1748 2571 de
1763 2545 1806 2572 eo
1819 2535 2008 2571 comedere
2025 2535 2250 2580 distinguens

1190 2597 1352 2633 addidit:
1382 2596 1610 2631 Morticinum
1629 2591 1660 2630 e't
1689 2601 1828 2641 captum
1851 2606 1872 2630 a
1899 2594 2006 2629 bestia
2036 2605 2105 2629 non
2134 2605 2250 2630 come-

1190 2663 1285 2706 dent,
1319 2672 1379 2697 nec
1408 2659 1608 2708 polluentur
1633 2660 1670 2694 in
1701 2659 1750 2694 eis
1765 2670 1777 2701 ;
1803 2668 1864 2704 eqo
1885 2668 1963 2692 sitm
1987 2656 2186 2693 Dominus:
2208 2662 2250 2692 ut

1190 2723 1258 2759 hoe
1275 2722 1370 2768 quod
1394 2722 1529 2757 dictum
1556 2725 1624 2763 est,
1657 2730 1718 2766 eqo
1735 2718 1922 2760 Dominus,
1948 2717 2098 2753 audiens
2118 2717 2250 2754 intelli-

1190 2794 1253 2830 gas
1269 2784 1363 2819 hunc
1383 2783 1589 2818 dicentem:
1616 2781 1692 2827 Epo
1706 2791 1784 2816 sum
1801 2780 1918 2826 panis,
1943 2780 2002 2825 qui
2027 2780 2068 2815 de
2083 2779 2166 2815 coelo
2189 2780 2248 2815 de—

1190 2844 1321 2879 scendi.
1351 2843 1422 2878 Per
1444 2842 1716 2878 morticinorum
1740 2846 1860 2876 autem
1887 2845 1923 2875 et
1946 2849 1966 2874 a
1990 2839 2106 2875 bestia
2124 2844 2248 2885 capto-

73 2905 670 2953 novissimam,praesentemjubeat
686 2908 907 2944 sanctionem
921 2909 1117 2944 custodire.
1136 2911 1172 2949 D
1190 2915 1270 2940 rum
1291 2903 1570 2950 prohibitionem
1586 2914 1658 2939 non
1676 2907 1842 2949 oportere
1856 2910 1989 2937 mensae
2010 2900 2151 2936 Domini
2166 2910 2248 2946 par-

74 2965 202 3002 Dicens
218 2971 338 3002 autem
353 2967 396 3003 de
419 2968 529 3014 stirpe
547 2973 687 3010 vestra,
723 2968 880 3005 ostendit
906 2969 1000 3013 quod
1028 2978 1122 3004 sem-

72 3033 137 3070 per
152 3025 332 3061 custodire
363 3026 432 3061 hoe
450 3032 614 3072 oporteat
643 3032 859 3073 praeceptum
873 3053 883 3070 ‚
914 3033 956 3063 ut
972 3028 1034 3074 qui
1054 3028 1121 3065 im-

73 3085 283 3121 munditiam
303 3085 341 3121 in
359 3087 552 3133 semetipso
570 3088 678 3124 habet
695 3089 838 3124 animae.
861 3088 921 3125 Sic
940 3090 1038 3125 enim
1058 3089 1122 3126 Se-

72 3143 258 3191 ptuaginta
287 3145 423 3181 edunt:
449 3145 532 3182 Non
558 3146 671 3183 solum
702 3148 893 3184 ministerio
919 3155 951 3184 et
979 3151 1122 3196 mystico

74 3203 182 3250 officio
199 3215 236 3240 se
251 3204 433 3249 abstineat,
453 3206 513 3241 sed
527 3217 588 3242 nec
603 3212 723 3253 tanqat
744 3219 784 3243 ea
803 3219 880 3254 quoe
892 3207 1010 3244 oblata
1023 3214 1118 3253 sunt,

75 3274 180 3312 neque
194 3266 236 3301 de
249 3267 298 3302 eis
310 3272 438 3302 sumat.
460 3267 612 3303 Mundus
627 3269 719 3304 enim
739 3269 784 3303 ad
798 3269 928 3304 munda
948 3269 1046 3304 debet
1063 3281 1121 3305 ac-

75 3324 205 3362 cedere.
231 3325 271 3363 Si
292 3327 369 3372 quis
392 3333 508 3363 autem
530 3339 600 3364 non
624 3329 674 3364 sic
689 3329 833 3374 accedit,
862 3330 984 3376 peribit
1001 3341 1119 3366 coram

72 3382 245 3430 Domino,
274 3395 486 3434 semperque
514 3388 612 3424 hunc
646 3389 741 3425 Deus
769 3395 978 3433 aversatur,
1011 3395 1047 3426 et
1074 3390 1119 3426 ab

75 3444 174 3480 omni
197 3446 336 3493 repellit
369 3447 658 3494 participatione,
693 3454 729 3485 et
746 3450 996 3487 communione
1017 3450 1123 3495 spiri-

75 3502 162 3539 tus?
180 3502 256 3541 Hoc
282 3510 400 3542 autem
426 3507 604 3543 aversatio
632 3508 777 3554 proprie
805 3508 864 3544 bie
883 3507 1119 3554 intelligitur;

78 3562 172 3607 quod
198 3562 432 3612 Septuaginta
449 3566 572 3603 dicunt
584 3568 697 3613 perire
721 3579 839 3614 coram
863 3567 1026 3603 Domino.
1054 3566 1122 3602 Te-

79 3624 135 3655 ste
149 3621 274 3668 David,
292 3626 354 3671 qui
369 3627 419 3662 ait
437 3639 446 3662 :
469 3625 553 3663 Non
575 3634 709 3664 avertas
733 3628 857 3674 faciem
874 3634 971 3664 tuam
997 3638 1018 3662 a
1039 3635 1120 3662 me:

80 3688 113 3717 et
137 3680 305 3727 Spiritum
330 3693 487 3723 sanctum
514 3694 631 3734 tuum,
665 3701 707 3726 ne
724 3690 867 3736 auferas
891 3702 913 3726 a
932 3701 986 3726 me
1005 3688 1119 3736 (Psal.

207 3746 210 3747 ⁷
239 3758 420 3809 Pernen.
448 3762 592 3804 CVIII.

1190 2965 1332 3011 ticipari
1364 2970 1401 3000 et
1436 2974 1570 2999 mensae
1607 2963 1866 2999 ‹izemoniorum
1898 2960 2082 3006 praecepit.
2119 2959 2159 2994 ln
2192 2959 2249 2995 his

1189 3027 1286 3063 enim
1303 3031 1387 3062 sunt
1407 3035 1494 3062 vere
1522 3025 1713 3061 morticina
1744 3029 1780 3060 et
1800 3035 1820 3059 a
1850 3023 1976 3059 bestiis
1993 3027 2109 3068 capta.
2147 3021 2247 3065 Quod

1190 3092 1311 3123 autem
1332 3087 1539 3132 frequenter
1560 3086 1604 3121 de
1626 3086 1695 3121 hac
1716 3083 1902 3120 sanctione
1923 3083 2099 3124 diximus,
2122 3080 2191 3116 diei
2210 3085 2248 3116 et

1189 3156 1285 3182 nunc
1309 3145 1553 3182 necessarium
1567 3150 1623 3181 est
1639 3155 1649 3188 ;
1667 3144 1814 3190 prodest
1830 3142 1925 3177 enim
1948 3140 2189 3181 audientibus,
2209 3140 2245 3175 id

1190 3212 1258 3249 est,
1281 3207 1364 3252 quia
1383 3206 1546 3251 leprosos
1561 3211 1598 3240 et
1622 3203 1770 3240 seminis
1787 3201 1922 3236 fluxum
1940 3199 2115 3244 patientes
2127 3224 2137 3239 ,
2171 3207 2244 3233 non

1191 3267 1379 3304 sensibiles
1410 3266 1594 3312 legislator
1619 3263 1866 3302 abominatur,
1887 3268 2004 3304 neque
2025 3256 2242 3300 voluntarie,

1190 3329 1254 3365 sed
1270 3328 1374 3365 inviti
1391 3328 1484 3363 hane
1502 3317 1703 3372 passionem
1724 3321 1914 3362 sustinent,
1935 3317 1997 3354 sed
2010 3326 2072 3353 eos
2088 3316 2150 3362 qui
2168 3317 2243 3353 ani-

1189 3399 1286 3424 mam
1312 3389 1490 3434 leprosam
1508 3413 1517 3429 ,
1543 3391 1604 3421 aut
1621 3383 1754 3418 fluxum
1773 3379 1921 3417 seminis
1949 3378 2145 3424 patientem
2172 3378 2240 3414 ba-

1190 3452 1295 3494 bent,
1325 3454 1516 3495 propterea
1537 3447 1673 3486 dicens,
1694 3443 1849 3488 leprosus
1878 3446 1910 3475 et
1935 3440 2070 3485 fluxum
2099 3438 2241 3474 seminis

1190 3511 1336 3557 patiens,
1354 3519 1424 3544 non
1439 3513 1592 3544 vescetur
1605 3505 1712 3539 donec
1730 3507 1886 3544 sanetur,
1906 3501 2084 3548 quomodo
2097 3505 2241 3547 oporte-

1191 3576 1246 3606 ret
1266 3571 1336 3606 hoc
1352 3567 1500 3612 intelligi
1532 3567 1774 3611 interpretans
1803 3562 1964 3599 addidit:
2000 3561 2069 3605 Qui
2091 3560 2240 3606 tetiqerit

1190 3627 1407 3665 immundum
1430 3636 1532 3670 super
1553 3630 1740 3666 mortuum,
1762 3622 1838 3658 sive
1868 3621 2065 3658 secundum
2088 3619 2240 3664 Septua-

1192 3689 1300 3735 ginta,
1325 3697 1461 3723 omnem
1474 3685 1731 3722 immunditiam
1748 3683 1887 3720 animoe.
1924 3680 2151 3718 {inmunditia
2176 3689 2238 3734 au-

1255 3734 1273 3747 .

1895 3758 1943 3797 16
