2540 4016
338 226 407 265 505
440 252 443 255 ι

781 218 824 253 B.
850 215 1020 253 RABANt
1045 215 1192 256 MAURI
1215 212 1429 252 ARCfflEP.
1455 213 1661 252 MOGUNT.
1685 213 1874 256 OPERUM
1895 217 2016 255 PARS
2038 217 2067 256 1.

2415 221 2488 260 501

335 306 371 337 et
387 307 472 336 vere
489 297 663 338 volumus,
690 292 805 339 azymi
825 291 871 328 ab
891 291 991 327 omni
1010 291 1148 327 malitia
1166 299 1247 326 esse
1263 289 1372 326 debe-
1388 290 1425 330 A
1440 299 1518 324 cum
1541 300 1604 335 pro
1634 296 1796 336 peccato,
1827 291 1986 338 duosque*
2011 279 2120 338 agnos
2146 292 2330 331 anniculos
2357 295 2491 334 hostias

1439 351 1679 397 pacificorum.
1699 352 1854 400 Cumque
1875 353 2057 389 elevaverit
2075 363 2117 389 ea
2134 353 2297 390 sacerdos
2322 365 2401 392 cum
2427 368 2492 404 pa·
2515 383 2520 391 .

1439 410 1540 446 nibus
1565 411 1802 458 primitiarum
1829 422 1949 447 coram
1977 412 2141 455 Domino,
2170 412 2291 448 cedent
2316 412 2355 448 in
2387 424 2490 451 usum
2516 407 2522 428 ³

333 369 427 403 mus,
446 362 483 395 et
499 346 611 393 multo
631 351 742 398 magis
764 360 786 385 a
805 348 952 386 Judaico
975 358 1100 386 errore
1116 352 1153 383 et
1171 353 1371 392 vetustate;

332 419 427 455 unde
442 422 478 455 et
493 421 677 464 postquam
693 409 825 446 Paulus
841 409 956 444 dixit:
975 408 1116 444 Pascha
1135 414 1292 444 nostrum
1307 410 1372 444 im-

331 478 480 514 molatus
496 480 546 511 est
563 473 730 513 Christus,
761 468 943 505 subdidit:
969 468 1064 515 Erqo
1088 468 1279 515 epulemur,
1301 480 1371 505 non

330 538 367 572 in
384 537 547 581 fermento
570 531 687 573 veteri,
713 539 821 574 neque
839 529 876 563 in
903 526 1070 572 fermento
1089 527 1233 565 malitiae
1258 533 1291 564 et
1312 539 1371 564 ne-

327 596 463 641 quitioe,
481 592 541 628 sed
567 593 605 627 in
629 589 759 636 azymis
778 588 987 624 sinceritatis
1006 594 1039 624 et
1062 589 1214 625 veritatis
1233 588 1268 636 (I
1287 588 1367 625 Cor.

324 654 374 700 v).
405 653 450 689 Et
476 662 548 688 non
583 651 825 706 ad-tempus,
863 648 926 685 sed
954 649 1052 685 omni
1090 654 1214 686 nostra
1245 650 1318 685 vita
1347 659 1368 685 a

324 713 498 749 fermento
519 710 663 747 malitiae
681 709 805 746 mundi
823 718 902 745 esse
917 709 1104 754 debemus,
1123 714 1160 745 et
1175 714 1367 756 propterea

324 773 400 809 ait:
435 771 569 819 Septem
595 771 713 806 diebus
732 769 916 805 comedetis
941 780 1066 816 azyma
1090 777 1184 815 :per
1203 776 1367 815 septena-

324 834 416 868 rium
440 840 625 868 numerum
655 829 698 865 de
724 829 822 865 omni
842 829 946 865 nobis
973 829 1048 865 vita
1067 829 1293 875 praecipiens.
1319 828 1366 863 Et

323 896 394 931 dies
412 895 540 941 primus
558 893 622 928 erit
640 892 732 927 vobis
752 891 1007 935 celeberrimus,
1032 898 1065 928 et
1081 897 1247 935 sanctus‚·
1265 902 1366 927 omne

321 965 404 999 opus
425 951 542 988 servile
559 962 628 986 non
645 951 780 996 facietis
804 952 842 986 in
862 962 915 987 eo.
939 951 1030 988 lllud
1046 952 1143 987 enim
1157 951 1364 988 omnimodo

319 1013 446 1048 servile
462 1022 542 1048 esse
567 1022 668 1057 opus,
692 1012 839 1058 spiritus
865 1012 994 1054 innuit,
1023 1012 1066 1048 de
1083 1022 1154 1058 quo
1168 1012 1218 1047 ait
1243 1011 1365 1047 Domi-

317 1084 408 1109 nus:
433 1073 553 1115 Amen,
584 1083 684 1108 amen
717 1072 794 1107 dico
829 1072 939 1115 vobis,
973 1073 1032 1118 qui
1065 1072 1147 1117 facit
1167 1076 1361 1117 peccatum,

316 1143 429 1167 servus
453 1137 502 1167 est
522 1131 653 1176 peccati
668 1130 788 1177 (Joan.
811 1131 852 1178 ι).
870 1131 907 1167 Si
931 1131 1027 1167 enim
1051 1141 1176 1166 verum
1202 1130 1361 1167 celebra-

1437 469 1527 514 ejus.
1543 467 1590 505 Et
1607 469 1772 506 vocabitis
1789 471 1880 506 hunc
1899 471 1990 507 diem
2006 471 2267 507 celeberrimum
2287 478 2389 511 atoue
2413 484 2492 510 san-
2518 475 2519 478 ’

1439 529 1633 564 ctissimum
1651 538 1664 563 .·
1683 529 1794 565 Omne
1811 541 1897 575 opus
1917 531 2039 567 servile
2056 543 2126 567 non
2145 532 2280 577 facietis
2296 532 2334 568 in
2349 544 2404 569 eo.
2421 533 2490 569 Le-

1435 589 1596 634 qitimum
1617 590 1864 635 sempiternum
1891 591 1956 625 erit
1984 591 2023 625 in
2051 593 2187 627 cunctis
2219 592 2428 629 habitaculis
2457 600 2490 630 et
2536 596 2540 626 ἲ

1435 649 1715 694 yenerationibus
1733 650 1868 685 vestris.
1897 650 2051 694 Quidam
2069 656 2191 688 autem
2207 651 2412 691 Judaeorum
2432 655 2489 692 in-

1434 708 1628 744 veniuntur
1669 709 1900 746 Pentecostes
1943 709 2179 748 festivitatem
2221 713 2406 751 celebrare
2421 741 2431 759 ,
2467 726 2488 752 a

1433 769 1550 815 prima
1581 769 1677 805 enim
1698 780 1922 816 azymorum,
1946 781 2020 808 non
2051 776 2172 810 autem
2202 783 2224 809 a
2256 774 2314 811 die
2348 775 2385 811 in
2417 786 2488 822 qua

1432 829 1636 876 manipulus
1671 831 1934 876 primitiarum,
1979 832 2016 867 in
2058 833 2280 878 crastinum,
2311 836 2486 872 secunda

1431 889 1599 926 videlicet
1633 890 1703 934 die,
1731 896 1994 937 computantes,
2014 892 2191 929 celebrari
2217 894 2361 929 sibimet
2389 895 2486 931 Pen-

1433 955 1591 987 tecosten
1616 951 1825 996 praedicant.
1853 951 2007 998 Propter
2033 953 2128 998 quod
2156 952 2209 988 eis
2231 953 2404 989 Dominus
2421 954 2487 989 im-

1429 1020 1628 1057 properans
1657 1013 1752 1058 quod
1770 1013 1880 1048 etiam
1901 1014 2096 1049 secundum
2125 1014 2283 1051 litteram
2315 1025 2387 1051 non
2419 1015 2484 1051 im-

1429 1071 1568 1116 plerent
1598 1072 1731 1117 legem,
1753 1072 1919 1108 dicebat:
1944 1073 1989 1108 Et
2014 1085 2112 1109 nemo
2139 1085 2181 1110 ex
2208 1075 2301 1110 vobis
2325 1076 2412 1121 facit
2431 1075 2480 1112 le-

1429 1143 1517 1178 qem.
1549 1133 1710 1169 Ecclesia
1741 1139 1861 1169 autem
1893 1133 2111 1178 facit,'sicut
2135 1145 2231 1171 nunc
2263 1136 2483 1177 ostenditur,

316 1203 394 1227 inus
412 1192 563 1235 Pascha,
580 1193 719 1237 peccati
740 1192 927 1228 servitium
948 1191 1140 1238 fugiamus,
1162 1191 1245 1236 quia
1260 1190 1364 1227 Chri·
1382 1192 1415 1231 B
1433 1192 1652 1240 Locutusque
1675 1199 1725 1229 est
1751 1194 1923 1230 Dominus
1942 1194 1987 1230 ad
2009 1194 2156 1240 Moysen
2172 1195 2315 1231 dicens:
2331 1196 2486 1243 Loquere

314 1258 401 1294 stus,
421 1253 479 1297 qui
497 1263 561 1298 pro
572 1253 676 1289 nobis
691 1263 819 1299 passus
835 1258 904 1296 est,
921 1263 940 1288 a
955 1258 1104 1298 peccato
1119 1262 1184 1288 nos
1200 1256 1236 1287 et
1250 1251 1361 1287 servi-

314 1318 388 1348 tute
405 1312 480 1358 ejus
501 1312 680 1349 liberavit.
705 1313 782 1349 Non
811 1314 894 1359 quia
914 1314 1030 1359 prima
1060 1314 1117 1349 die
1143 1323 1250 1349 omne
1270 1322 1359 1358 opus

313 1374 439 1410 servile
475 1384 546 1410 non
588 1373 667 1410 fieri
701 1374 871 1420 praecepit
889 1401 898 1416 ,
942 1374 1021 1409 aliis
1071 1379 1190 1409 autem
1235 1373 1359 1409 diebus

314 1434 393 1471 ideo
412 1445 516 1480 opera
534 1435 590 1481 agi
607 1435 748 1471 servilia
762 1435 952 1480 praecepit3
969 1435 1049 1470 vide
1065 1434 1161 1469 enim
1177 1433 1262 1478 quid
1278 1433 1360 1469 sub-

313 1495 400 1530 didit
419 1507 425 1530 :
453 1494 519 1531 Sed
547 1496 697 1541 offeretis
718 1495 928 1540 sacrificium
945 1495 980 1529 in
1000 1495 1077 1540 iqne
1096 1493 1262 1535 Domino,
1285 1493 1359 1529 sive

312 1562 350 1590 ut
364 1555 614 1602 Septuaginta:
637 1557 796 1602 Offeretis
811 1556 1108 1592 holocaustomata
1122 1555 1271 1590 Domino
1287 1566 1359 1601 sep-

313 1622 379 1651 tem
408 1616 557 1651 diebus:
585 1618 660 1652 dies
691 1622 810 1652 autem
840 1618 1004 1663 septimus
1043 1617 1109 1652 erit
1135 1615 1301 1652 celebrior
1325 1620 1358 1651 et

314 1678 479 1718 sanctior,
498 1678 698 1724 nullumque
715 1690 798 1725 opus
816 1679 936 1714 servile
954 1679 1088 1724 facietis
1107 1679 1144 1714 in
1162 1689 1214 1714 eo.

359 1736 671 1774 Holocaustomata
687 1749 770 1786 ergo
789 1744 923 1785 septem
945 1740 1070 1776 diebus
1089 1738 1211 1774 offerri
1231 1739 1358 1785 praeci-

312 1797 427 1843 piens,
446 1799 618 1835 abstineri
640 1800 748 1836 etiam
772 1802 816 1837 ab
846 1801 1010 1837 omnibus
1030 1801 1198 1847 operibus
1222 1800 1357 1837 servili-

311 1859 378 1895 bus
398 1860 435 1895 in
466 1861 518 1897 eis
539 1863 720 1908 praecepit.
741 1862 927 1907 Quomodo
956 1862 1053 1899 enim
1084 1863 1164 1908 quis
1184 1862 1356 1898 holocau-

311 1923 403 1954 stum
421 1919 494 1956 Deo
508 1921 647 1965 offerat,
668 1923 809 1959 diabolo
825 1923 966 1969 dignus,
985 1927 1047 1957 aut
1062 1922 1206 1957 servilia
1220 1921 1357 1967 agens?

310 1979 443 2016 Deinde
465 1991 537 2017 non
565 1982 677 2017 solum
697 1983 865 2028 primam,
895 1982 959 2017 sed
979 1986 1015 2016 et
1034 1981 1224 2025 septimam
1250 1990 1358 2026 prop-

309 2046 410 2076 terea
443 2042 666 2085 nominavit,
698 2048 737 2077 ut
768 2043 805 2077 in
828 2042 944 2088 prima
974 2047 1010 2077 et
1042 2042 1192 2086 septima
1205 2068 1214 2084 ,
1245 2046 1357 2076 totam

1431 1254 1513 1299 filiis
1532 1254 1662 1299 Israel,
1679 1261 1711 1291 et
1726 1255 1818 1291 dices
1842 1256 1888 1291 ad
1907 1267 1987 1292 eos:
2005 1255 2092 1292 Cum
2105 1257 2252 1303 inqressi
2266 1258 2404 1304 fueritis
2417 1264 2485 1294 ter-

1431 1325 1522 1358 ram,
1537 1321 1574 1351 et
1587 1321 1730 1352 caetera.

1478 1375 1628 1412 Terram
1649 1387 1669 1412 a
1693 1376 1768 1412 Deo
1793 1377 1916 1413 datam
1947 1379 2194 1425 evangelicam
2218 1380 2422 1417 doctrinam
2449 1386 2485 1418 et

1430 1437 1742 1472 conversationem
1776 1436 1984 1483 frequenter
2024 1438 2213 1475 docuimus
2240 1439 2352 1485 :ipsa
2386 1440 2484 1477 enim

1429 1500 1526 1531 terra
1561 1495 1692 1531 dicitur
1724 1502 1874 1542 propter
1898 1497 2036 1533 fructus
2068 1498 2242 1533 virtutum
2266 1510 2346 1544 quae
2365 1510 2411 1536 ex
2441 1511 2485 1537 ca

1429 1555 1613 1598 oriuntur,
1632 1556 1675 1591 ab
1703 1555 1781 1601 ipso
1801 1560 1922 1591 autem
1951 1557 2036 1592 data
2054 1562 2130 1600 est;
2148 1567 2264 1604 neque
2286 1560 2383 1594 enim
2409 1570 2485 1596 me-

1429 1615 1568 1652 diatore
1594 1617 1639 1652 ad
1670 1617 1764 1652 hanc
1784 1627 1870 1653 usus
1891 1622 1966 1660 cst,
1996 1618 2060 1654 sed
2077 1619 2224 1665 proprio
2244 1630 2325 1656 eam
2345 1630 2484 1657 annun-

1428 1677 1532 1712 tiavit
1555 1687 1630 1713 ore.
1656 1677 1806 1721 Quando
1839 1688 1923 1724 ergo
1959 1678 2114 1726 ingressi
2150 1684 2233 1715 sunt
2257 1685 2292 1716 et
2317 1690 2483 1717 messue-

1427 1745 1512 1774 runt
1532 1745 1672 1786 segetes
1691 1740 1783 1786 ejus,
1814 1740 1851 1775 hi
1878 1741 1937 1786 qui
1964 1748 2201 1787 susceperunt
2221 1743 2378 1780 salutare
2395 1754 2478 1780 ver-

1426 1799 1538 1835 bum:
1560 1799 1611 1834 illi
1640 1800 1736 1835 enim
1757 1806 1840 1836 sunt
1866 1807 1901 1838 et
1924 1811 2104 1838 messores
2123 1802 2358 1850 intelligibilis
2379 1816 2480 1853 sege-

1428 1861 1486 1903 tis,
1503 1861 1547 1897 ad
1568 1872 1658 1907 quos
1678 1861 1851 1898 Dominus
1866 1862 2031 1899 dicebat:
2053 1862 2177 1900 Messis
2194 1865 2335 1911 quidem
2356 1866 2480 1912 multa,

1427 1922 1578 1967 operarii
1602 1928 1718 1957 autem
1742 1924 1860 1968 pauci.
1883 1921 2016 1969 Roqate
2045 1933 2130 1970 erqo
2144 1924 2334 1961 Dominum
2361 1928 2483 1963 messis

1426 1987 1464 2015 ut
1485 1981 1599 2017 mittat
1619 1983 1847 2028 operarios-in
1865 1994 2009 2019 messem
2031 1995 2130 2019 suam
2153 1984 2253 2032 (Luc.
2271 1986 2323 2033 x).
2347 1987 2482 2031 Quibus

1426 2042 1534 2077 etiam
1556 2044 1657 2080 verbi
1686 2045 1897 2091 mysterium
1924 2046 2091 2088 credidit,
2113 2052 2199 2083 tunc
2227 2049 2324 2084 enim
2351 2051 2481 2087 messis

310 2101 628 2144 comprehenderet
644 2101 756 2136 vitam
770 2102 964 2137 humanam
981 2113 988 2136 ε
1006 2102 1063 2137 illa
1082 2102 1178 2137 enim
1199 2102 1355 2146 initium,
1376 2111 1405 2152 C
1426 2104 1479 2140 sic
1499 2110 1638 2142 matura
1657 2112 1750 2150 erat,
1771 2112 1811 2143 ut
1829 2107 2002 2144 Dominus
2020 2108 2182 2144 diceret:
2209 2108 2335 2144 Levate
2361 2109 2481 2146 oculos

310 2157 378 2193 ista
410 2164 529 2195 autem
558 2159 665 2196 finem
684 2160 803 2202 hahet,
824 2161 860 2195 in
881 2171 949 2206 qua
975 2162 1095 2196 onmia
1122 2162 1358 2206 comprehen-

310 2219 455 2255 duntur.
479 2220 674 2267 Sequitur:

306 2289 313 2306 P-
355 2278 575 2326 Locutusque
593 2287 643 2316 est
662 2280 832 2316 Dominus
853 2281 898 2315 ad
928 2280 1095 2326 Moysen,
1114 2280 1231 2315 dicens
1260 2289 1271 2314 :
1292 2279 1359 2315 Lo-

308 2349 412 2384 quere
429 2339 512 2379 filiis
532 2339 658 2384 Israel,
680 2347 711 2376 et
737 2341 827 2376 dices
848 2341 893 2376 ad
910 2350 991 2376 eos:
1014 2340 1100 2376 Cum
1119 2341 1265 2387 inqressi
1284 2341 1359 2387 sue-

305 2400 383 2434 ritis
411 2400 596 2437 interram
623 2413 727 2448 quam
752 2413 812 2448 eqo
836 2402 925 2437 dabo
956 2402 1061 2445 vobis,
1089 2407 1120 2437 et
1146 2402 1358 2438 messueritis

306 2463 433 2504 seqetes
451 2465 554 2495 terroe
572 2467 707 2504 vestroe,
730 2461 847 2507 seretis
873 2460 1068 2507 manipulos
1092 2461 1268 2508 spicarum
1287 2462 1359 2508 pri-

306 2518 424 2554 mitias
437 2520 557 2555 messis
577 2527 696 2556 vestroe
717 2521 762 2556 ad
783 2521 1017 2564 sacerdotem,
1037 2521 1097 2567 qui
1117 2520 1358 2567 levabitfasci-

306 2580 422 2617 culum
447 2593 564 2618 coram
590 2583 752 2627 Domino,
779 2590 815 2618 ut
845 2583 1064 2629 acceptabilis
1091 2584 1135 2619 sit
1158 2594 1220 2629 pro
1240 2583 1356 2626 vobis,-

304 2641 414 2677 altero
433 2642 488 2677 die
517 2643 656 2678 sabbato
684 2644 914 2689 sanctificabit
934 2643 1033 2693 illum
1063 2650 1165 2691 atque
1182 2645 1220 2679 in
1237 2644 1356 2679 eodem

305 2702 361 2736 die
385 2713 452 2747 quo
476 2704 675 2749 ntanipulus
695 2711 916 2740 consecratur
933 2706 1085 2740 caedetur
1103 2716 1214 2751 aquus
1232 2705 1356 2740 imma-

305 2763 443 2798 culatus
465 2764 648 2799 anniculus
676 2766 713 2800 in
740 2765 980 2802 holocaustum
1007 2766 1171 2802 Domino.
1191 2767 1238 2802 Et
1265 2767 1354 2803 liba-

303 2828 419 2858 menta
455 2824 644 2869 offerentur
665 2835 743 2859 cum
772 2836 825 2869 90,
847 2827 925 2862 duce
958 2826 1099 2862 decima:
1123 2827 1247 2862 similae
1274 2838 1355 2862 con-

306 2894 431 2928 spersae
448 2884 522 2919 oleo
547 2885 584 2919 in
603 2885 780 2920 incensum
803 2886 967 2930 Domino,
998 2887 1203 2933 odoremque
1223 2889 1356 2923 suavis-

304 2943 430 2978 simum
454 2952 466 2976 .·
489 2944 559 2979 liba
578 2955 710 2990 quoque
730 2945 799 2980 vini
819 2951 943 2991 quarta
969 2956 1051 2991 pars
1070 2946 1151 2989 hin,
1178 2957 1303 2991 panem
1322 2953 1355 2981 et

1428 2172 1555 2202 vestros
1571 2173 1603 2202 et
1619 2168 1727 2204 videte
1743 2170 1911 2216 reqiones,
1927 2171 2009 2217 quia
2025 2170 2112 2206 albae
2127 2176 2208 2206 sunt
2225 2170 2270 2205 ad
2286 2172 2482 2207 metendum

1428 2225 1522 2261 olim.

1473 2286 1691 2333 Manipulum
1720 2295 1840 2326 autem
1865 2291 2132 2337 primitiarum,
2156 2290 2393 2338 intelligibilis
2422 2301 2480 2328 sa-

1426 2347 1553 2383 cerdos
1585 2347 1750 2386 Christus
1784 2360 1915 2395 corpus
1947 2351 2136 2396 proprium
2166 2350 2340 2386 offerebat
2366 2362 2375 2385 :
2398 2350 2482 2396 quia

1426 2406 1524 2442 enim
1541 2408 1740 2452 capitulum
1761 2409 1836 2444 sive
1866 2419 2008 2445 summa
2032 2410 2164 2445 messis
2181 2409 2283 2445 verbi
2314 2409 2482 2446 videlicet

1427 2465 1638 2510 Salvatoris,
1657 2471 1694 2502 et
1713 2467 1844 2503 divinae
1862 2468 2142 2513 praedicationis,
2159 2473 2387 2503 mortuorum
2403 2474 2482 2504 erat

1424 2527 1656 2569 resurrectio,
1675 2536 1783 2563 verus
1806 2527 2012 2572 manipulus
2032 2533 2068 2562 et
2097 2535 2192 2562 verae
2220 2526 2391 2572 primitiae
2416 2537 2482 2563 no-

1424 2589 1508 2621 strae
1543 2586 1672 2622 messis
1711 2591 1797 2621 tune
1830 2585 2077 2635 intelligibilis>
2104 2586 2275 2621 sacerdos
2315 2584 2480 2623 Christus

1424 2656 1555 2691 corpus
1580 2646 1766 2692 proprium
1781 2655 1802 2680 a
1822 2645 1974 2681 mortuis
1992 2644 2195 2681 suscitavit.
2221 2645 2272 2681 De
2292 2656 2363 2691 quo
2385 2646 2480 2682 Pau-

1423 2707 1478 2742 lus
1498 2707 1664 2742 dicebat:
1687 2705 1792 2740 Nunc
1814 2712 1930 2740 autem
1951 2704 2110 2740 Christus
2140 2706 2328 2740 resurrexit
2346 2716 2368 2740 a
2386 2716 2478 2741 mor-

1424 2769 1492 2803 tuis
1513 2767 1676 2814 primitiae
1695 2767 1942 2812 dormientium
1973 2765 2009 2813 (Ι
2027 2765 2107 2801 Cor.
2124 2765 2214 2813 xvi).
2236 2765 2308 2802 Sed
2331 2767 2475 2814 quando

1422 2829 1492 2864 hoc
1509 2827 1644 2863 sactum
1663 2827 1741 2862 est?
1756 2826 1876 2861 Altera
1897 2826 1953 2861 die
1971 2827 2096 2872 primoe
2115 2826 2235 2871 offeret
2253 2825 2477 2862 illud‚sacer-

1422 2888 1498 2922 dos.
1529 2887 1618 2922 Esse
1645 2891 1765 2922 autem
1782 2886 1939 2932 primam
1965 2886 2060 2922 diem
2091 2885 2280 2922 dominicae
2299 2886 2477 2932 passionis

1421 2957 1464 2982 ea
1491 2957 1571 2992 quae
1592 2951 1674 2982 ante
1694 2947 1765 2982 hoc·
1789 2947 1947 2982 diximus
1977 2946 2226 2989 ostenderunt,
2249 2946 2285 2981 in
2313 2956 2385 2992 qua
2407 2947 2476 2982 Do-

303 3002 479 3049 polentam
500 3010 531 3039 et
557 3005 690 3051 pultes,
721 3017 791 3042 non
822 3006 1006 3041 comedetis
1035 3018 1078 3042 ex
1107 3012 1217 3052 seqete
1245 3006 1405 3053 usqueD
1422 3006 1542 3042 minus
1561 3015 1663 3041 suam
1683 3006 1842 3042 hostiam
1874 3016 1946 3041 non
1968 3005 2046 3041 sine
2069 3005 2209 3041 ratione
2237 3005 2472 3052 dispensavit.

304 3064 350 3098 ad
374 3064 464 3100 diem
486 3077 552 3111 quo
580 3067 735 3111 offeratis
764 3078 807 3102 ea:
830 3078 870 3102 ea
889 3067 962 3102 Deo
986 3073 1112 3110 vestro,
1143 3074 1353 3114 praeceptum

301 3132 352 3161 est
376 3127 623 3173 sempiternum
642 3128 679 3162 in
697 3127 976 3174 qenerationibus
1002 3128 1199 3174 cunctisque
1218 3128 1354 3163 habita-

302 3184 389 3220 culis
419 3187 553 3221 vestris.
574 3186 815 3221 Numerabitis
834 3197 914 3232 erqo
936 3187 978 3221 ab
1002 3186 1109 3221 altero
1134 3187 1190 3223 die
1217 3187 1352 3222 sabbati

299 3246 336 3280 in
367 3257 434 3292 quo
470 3245 688 3293 manipulum
727 3246 900 3282 obtulistis
931 3246 1164 3292 primitiarum
1180 3273 1190 3290 ‚
1223 3252 1350 3292 septem

300 3306 533 3343 hebdomadas
554 3307 686 3354 plenas,
709 3319 817 3354 usque
833 3308 879 3343 ad
905 3307 1052 3343 alteram
1071 3307 1163 3343 diem
1185 3307 1351 3353 expletio-

301 3368 354 3402 nis
369 3368 594 3404 hebdomadae
615 3370 784 3415 septimoe,
807 3368 844 3403 id
863 3374 928 3413 est,
945 3367 1198 3415 quinquaqinta
1215 3367 1301 3410 dies,
1317 3372 1350 3403 et

301 3430 350 3463 sic
373 3430 523 3474 offeretis
553 3430 769 3476 sacrificium
793 3440 920 3466 novum
945 3428 1096 3464 Domino
1125 3439 1167 3463 ex
1191 3427 1350 3463 omnibus

302 3488 509 3524 habitaculis
523 3491 656 3533 vestris,
675 3500 782 3536 panes
799 3489 1035 3537 primitiarum
1055 3487 1142 3523 duos
1157 3487 1200 3523 de
1213 3487 1349 3523 duabus

301 3549 443 3585 decimis
467 3549 591 3586 similoe
609 3551 823 3597 fernientatoe
845 3560 930 3598 quos
947 3550 1100 3596 coquetis
1119 3548 1156 3583 in
1177 3549 1350 3595 primitias

300 3610 452 3653 Domini,
470 3612 686 3659 offeretisque
700 3624 778 3648 cum
793 3612 940 3659 panibus
956 3616 1084 3658 septem
1099 3621 1207 3658 aqnos
1223 3611 1349 3647 imma·

302 3669 433 3706 culatos
465 3671 659 3715 anniculos,
680 3678 713 3707 ct
733 3671 878 3707 vitulum
905 3671 947 3706 dc
973 3677 1130 3706 armento
1155 3682 1284 3713 unum,
1315 3677 1348 3706 et

303 3729 425 3763 arietes
441 3730 541 3765 duos.
562 3731 606 3765 Et
625 3737 725 3766 erunt
741 3732 779 3767 in
798 3730 1038 3766 holocaustum
1055 3741 1134 3765 cum
1150 3730 1348 3766 libamentis

304 3786 376 3820 suis
398 3787 434 3823 in
452 3788 590 3830 odorem
609 3791 852 3828 suavissimum
871 3790 1033 3827 Domino.
1051 3790 1207 3829 Fal-tetis
1223 3796 1255 3827 ct
1273 3791 1350 3842 '‘²''ssss

506 3890 557 3907 ’ἓν-μ

1423 3066 1495 3103 Sed
1513 3067 1597 3113 quia
1623 3068 1740 3113 prima
1760 3077 1971 3114 azymorum
1989 3068 2068 3103 haec
2083 3071 2121 3102 et
2151 3067 2267 3113 prima
2293 3067 2476 3113 paschalis

1420 3126 1628 3163 festivitatis
1658 3127 1861 3168 dicebatur,
1892 3125 2007 3162 altera
2035 3131 2157 3162 autem
2185 3126 2264 3162 dies
2281 3125 2472 3172 passionis,

1419 3188 1638 3224 resurrectio
1657 3188 1737 3224 suit.
1757 3188 1918 3223 Primum
1938 3188 2036 3224 enim
2058 3187 2282 3234 manipulum
2297 3187 2475 3233 primitia-

1419 3259 1501 3284 rum
1522 3248 1747 3284 sacerdotem
1769 3247 1930 3283 ostendit
1959 3246 2186 3291 offerentem,
2205 3252 2288 3294 post
2309 3248 2379 3284 hoc
2405 3257 2472 3283 au-

1419 3312 1494 3342 tem
1513 3307 1589 3341 ait:
1610 3305 1721 3351 Atque
1746 3306 1783 3340 in
1808 3306 1928 3340 eodem
1954 3306 2010 3340 die
2033 3317 2100 3352 quo
2125 3306 2328 3353 manipulus
2355 3318 2474 3343 consc-

1419 3370 1552 3407 cratur‚
1574 3363 1726 3399 coedetur
1745 3374 1855 3409 aquus
1873 3363 2122 3399 immaculatus
2147 3365 2334 3400 anniculus
2351 3366 2389 3400 in
2411 3367 2474 3401 ho-

1419 3426 1617 3462 locaustum
1630 3425 1780 3460 Domino
1788 3435 1801 3467 ,·
1815 3423 1941 3460 volens
1955 3434 2021 3460 nos
2035 3424 2074 3459 in
2089 3424 2147 3460 die
2161 3434 2232 3470 qua
2247 3424 2472 3463 celebramus

1419 3485 1564 3522 Domini
1592 3483 1912 3525 resurrectionem,
1946 3490 1983 3518 et
2009 3482 2184 3528 manipuli
2212 3483 2472 3531 intelligibilem

1418 3546 1637 3583 oblationem
1663 3544 1902 3587 celebramus,
1924 3552 1999 3579 non
2025 3542 2190 3579 oblivisci
2216 3542 2394 3580 Dominici
2413 3553 2471 3580 sa-

1418 3608 1559 3652 crificii,
1579 3618 1625 3644 ex
1649 3616 1722 3653 quo
1736 3605 1841 3641 nobis
1865 3609 1922 3640 est
1945 3603 2079 3640 oblatio
2098 3603 2272 3649 manipuli
2292 3615 2301 3638 ε
2318 3603 2382 3640 sed
2399 3612 2470 3639 cae-
2493 3631 2499 3640 ,

1418 3670 1504 3706 dere
1518 3677 1648 3715 agnum
1661 3664 1930 3701 immaculatum
1945 3663 2150 3700 anniculum
2165 3664 2202 3699 in
2219 3662 2468 3700 holocaustum

1417 3727 1582 3769 Domino,
1610 3724 1873 3771 intelligibilem
1905 3733 2036 3769 agnum
2064 3722 2206 3759 Domini
2236 3719 2468 3758 traditionem

1419 3788 1646 3829 immolantes
1673 3785 1824 3836 mystice
1843 3789 1880 3822 ct
1907 3783 2112 3822 offerentes.
2139 3783 2255 3830 ipsius
2274 3786 2394 3820 autem
2425 3782 2466 3821 ut

2491 3684 2508 3755 l·

2520 3490 2540 3618 ῬΛ-ηπ
