<?xml version="1.0" encoding="UTF-8"?>
<!DOCTYPE html PUBLIC "-//W3C//DTD XHTML 1.0 Transitional//EN"
    "http://www.w3.org/TR/xhtml1/DTD/xhtml1-transitional.dtd">
<html xmlns="http://www.w3.org/1999/xhtml" xml:lang="en" lang="en">
 <head>
  <title>
</title>
<meta http-equiv="Content-Type" content="text/html;charset=utf-8" />
  <meta name='ocr-system' content='tesseract 3.04.00' />
  <meta name='ocr-capabilities' content='ocr_page ocr_carea ocr_par ocr_line ocrx_word'/>
</head>
<body>
  <div class='ocr_page' id='page_1' title='image "./patrologiae00unknuoft_0286.png"; bbox 0 0 2540 4016; ppageno 0'>
   <div class='ocr_carea' id='block_1_1' title="bbox 309 174 379 208">
    <p class='ocr_par' dir='ltr' id='par_1_1' title="bbox 309 174 379 208">
     <span class='ocr_line' id='line_1_1' title="bbox 309 174 379 208; baseline 0 0"><span class='ocrx_word' id='word_1_1' title='bbox 309 174 379 208; x_wconf 79' lang='lat'>559</span> 
     </span>
    </p>
   </div>
   <div class='ocr_carea' id='block_1_2' title="bbox 732 152 2021 195">
    <p class='ocr_par' dir='ltr' id='par_1_2' title="bbox 732 152 2021 195">
     <span class='ocr_line' id='line_1_2' title="bbox 732 152 2021 195; baseline -0.005 0"><span class='ocrx_word' id='word_1_2' title='bbox 732 161 771 195; x_wconf 90' lang='lat' dir='ltr'>B.</span> <span class='ocrx_word' id='word_1_3' title='bbox 800 157 967 194; x_wconf 69' lang='lat' dir='ltr'>RABANI</span> <span class='ocrx_word' id='word_1_4' title='bbox 994 156 1140 193; x_wconf 77' lang='lat' dir='ltr'>MAum</span> <span class='ocrx_word' id='word_1_5' title='bbox 1166 153 1378 190; x_wconf 72' lang='lat' dir='ltr'>Auctltnt’.</span> <span class='ocrx_word' id='word_1_6' title='bbox 1407 152 1612 190; x_wconf 83' lang='lat' dir='ltr'><strong>MOGUNT.</strong></span> <span class='ocrx_word' id='word_1_7' title='bbox 1641 153 1828 190; x_wconf 78' lang='lat' dir='ltr'>OPERUM</span> <span class='ocrx_word' id='word_1_8' title='bbox 1852 152 1971 190; x_wconf 77' lang='lat' dir='ltr'>PARS</span> <span class='ocrx_word' id='word_1_9' title='bbox 1994 153 2021 188; x_wconf 91' lang='lat'>1.</span> 
     </span>
    </p>
   </div>
   <div class='ocr_carea' id='block_1_3' title="bbox 2391 153 2462 192">
    <p class='ocr_par' dir='ltr' id='par_1_3' title="bbox 2391 153 2462 192">
     <span class='ocr_line' id='line_1_3' title="bbox 2391 153 2462 192; baseline -0.014 0"><span class='ocrx_word' id='word_1_10' title='bbox 2391 153 2462 192; x_wconf 76' lang='lat'>560</span> 
     </span>
    </p>
   </div>
   <div class='ocr_carea' id='block_1_4' title="bbox 309 228 2464 282">
    <p class='ocr_par' dir='ltr' id='par_1_4' title="bbox 309 228 2464 282">
     <span class='ocr_line' id='line_1_4' title="bbox 309 228 2464 282; baseline -0.005 -5"><span class='ocrx_word' id='word_1_11' title='bbox 309 256 383 282; x_wconf 78' lang='lat' dir='ltr'>rum</span> <span class='ocrx_word' id='word_1_12' title='bbox 403 242 497 276; x_wconf 80' lang='lat' dir='ltr'>salus</span> <span class='ocrx_word' id='word_1_13' title='bbox 519 238 637 275; x_wconf 75' lang='lat' dir='ltr'>mnndi</span> <span class='ocrx_word' id='word_1_14' title='bbox 656 235 772 282; x_wconf 71' lang='lat' dir='ltr'>(Hom.</span> <span class='ocrx_word' id='word_1_15' title='bbox 794 231 859 278; x_wconf 79' lang='lat' dir='ltr'>xi).</span> <span class='ocrx_word' id='word_1_16' title='bbox 890 231 935 266; x_wconf 83' lang='lat' dir='ltr'>ni</span> <span class='ocrx_word' id='word_1_17' title='bbox 954 236 1075 266; x_wconf 85' lang='lat' dir='ltr'>autem</span> <span class='ocrx_word' id='word_1_18' title='bbox 1097 230 1238 274; x_wconf 73' lang='lat' dir='ltr'>fugiunt</span> <span class='ocrx_word' id='word_1_19' title='bbox 1257 228 1354 263; x_wconf 89' lang='lat' dir='ltr'>nullo</span> <span class='ocrx_word' id='word_1_20' title='bbox 1370 234 1401 271; x_wconf 83' lang='lat' dir='ltr'>A</span> <span class='ocrx_word' id='word_1_21' title='bbox 1422 239 1542 264; x_wconf 87' lang='lat' dir='ltr'>eorum</span> <span class='ocrx_word' id='word_1_22' title='bbox 1558 229 1690 275; x_wconf 78' lang='lat' dir='ltr'>pariter</span> <span class='ocrx_word' id='word_1_23' title='bbox 1707 229 1901 275; x_wconf 75' lang='lat' dir='ltr'><strong><em>potamium</em></strong></span> <span class='ocrx_word' id='word_1_24' title='bbox 1921 234 2176 264; x_wconf 86' lang='lat' dir='ltr'>consumentur.</span> <span class='ocrx_word' id='word_1_25' title='bbox 2205 228 2315 271; x_wconf 83' lang='lat' dir='ltr'>Quasi</span> <span class='ocrx_word' id='word_1_26' title='bbox 2333 229 2464 277; x_wconf 82' lang='lat' dir='ltr'>stipula</span> 
     </span>
    </p>
   </div>
   <div class='ocr_carea' id='block_1_5' title="bbox 252 284 1352 1117">
    <p class='ocr_par' dir='ltr' id='par_1_5' title="bbox 261 284 1352 699">
     <span class='ocr_line' id='line_1_5' title="bbox 304 284 1352 349; baseline -0.015 -11"><span class='ocrx_word' id='word_1_27' title='bbox 304 306 554 349; x_wconf 71' lang='lat' dir='ltr'>persequente.</span> <span class='ocrx_word' id='word_1_28' title='bbox 589 296 665 331; x_wconf 86' lang='lat' dir='ltr'>Non</span> <span class='ocrx_word' id='word_1_29' title='bbox 694 292 788 327; x_wconf 82' lang='lat' dir='ltr'>euim</span> <span class='ocrx_word' id='word_1_30' title='bbox 815 284 1119 335; x_wconf 77' lang='lat' dir='ltr'>quemadmodum</span> <span class='ocrx_word' id='word_1_31' title='bbox 1143 288 1194 323; x_wconf 91' lang='lat' dir='ltr'>illi</span> <span class='ocrx_word' id='word_1_32' title='bbox 1217 292 1352 324; x_wconf 63' lang='lat' dir='ltr'>nostrat</span> 
     </span>
     <span class='ocr_line' id='line_1_6' title="bbox 305 349 1352 396; baseline -0.011 -1"><span class='ocrx_word' id='word_1_33' title='bbox 305 359 410 396; x_wconf 82' lang='lat' dir='ltr'>saluti</span> <span class='ocrx_word' id='word_1_34' title='bbox 437 357 616 396; x_wconf 88' lang='lat' dir='ltr'>invident,</span> <span class='ocrx_word' id='word_1_35' title='bbox 647 352 698 388; x_wconf 89' lang='lat' dir='ltr'>sic</span> <span class='ocrx_word' id='word_1_36' title='bbox 722 357 758 386; x_wconf 90' lang='lat' dir='ltr'>et</span> <span class='ocrx_word' id='word_1_37' title='bbox 782 360 848 385; x_wconf 90' lang='lat' dir='ltr'>nos</span> <span class='ocrx_word' id='word_1_38' title='bbox 870 349 1039 385; x_wconf 90' lang='lat' dir='ltr'>illorum:</span> <span class='ocrx_word' id='word_1_39' title='bbox 1070 349 1164 383; x_wconf 89' lang='lat' dir='ltr'>unde</span> <span class='ocrx_word' id='word_1_40' title='bbox 1195 357 1256 384; x_wconf 86' lang='lat' dir='ltr'>eos</span> <span class='ocrx_word' id='word_1_41' title='bbox 1285 358 1352 384; x_wconf 90' lang='lat' dir='ltr'>nec</span> 
     </span>
     <span class='ocr_line' id='line_1_7' title="bbox 302 412 1349 465; baseline -0.013 -9"><span class='ocrx_word' id='word_1_42' title='bbox 302 418 565 465; x_wconf 80' lang='lat' dir='ltr'>persequimur,</span> <span class='ocrx_word' id='word_1_43' title='bbox 587 421 653 448; x_wconf 88' lang='lat' dir='ltr'>nec</span> <span class='ocrx_word' id='word_1_44' title='bbox 678 420 759 446; x_wconf 90' lang='lat' dir='ltr'>cum</span> <span class='ocrx_word' id='word_1_45' title='bbox 785 419 851 445; x_wconf 90' lang='lat' dir='ltr'>nos</span> <span class='ocrx_word' id='word_1_46' title='bbox 877 412 1105 451; x_wconf 81' lang='lat' dir='ltr'>aversantur,</span> <span class='ocrx_word' id='word_1_47' title='bbox 1126 417 1349 450; x_wconf 79' lang='lat' dir='ltr'>aversamur,</span> 
     </span>
     <span class='ocr_line' id='line_1_8' title="bbox 304 467 1352 523; baseline -0.011 -7"><span class='ocrx_word' id='word_1_48' title='bbox 304 480 367 515; x_wconf 89' lang='lat' dir='ltr'>sed</span> <span class='ocrx_word' id='word_1_49' title='bbox 400 476 585 523; x_wconf 83' lang='lat' dir='ltr'>implemus</span> <span class='ocrx_word' id='word_1_50' title='bbox 615 471 711 516; x_wconf 89' lang='lat' dir='ltr'>quod</span> <span class='ocrx_word' id='word_1_51' title='bbox 740 469 853 506; x_wconf 78' lang='lat' dir='ltr'>isaias</span> <span class='ocrx_word' id='word_1_52' title='bbox 884 470 1062 515; x_wconf 89' lang='lat' dir='ltr'>propheta</span> <span class='ocrx_word' id='word_1_53' title='bbox 1090 468 1207 504; x_wconf 82' lang='lat' dir='ltr'>dixit:</span> <span class='ocrx_word' id='word_1_54' title='bbox 1237 467 1352 504; x_wconf 79' lang='lat' dir='ltr'><strong><em>Dicite</em></strong></span> 
     </span>
     <span class='ocr_line' id='line_1_9' title="bbox 267 530 1351 578; baseline -0.011 -2"><span class='ocrx_word' id='word_1_55' title='bbox 267 556 270 578; x_wconf 69' lang='grc' dir='ltr'>ς</span> <span class='ocrx_word' id='word_1_56' title='bbox 304 538 494 575; x_wconf 83' lang='lat' dir='ltr'>odientibus</span> <span class='ocrx_word' id='word_1_57' title='bbox 515 534 633 570; x_wconf 85' lang='lat' dir='ltr'>vobis:</span> <span class='ocrx_word' id='word_1_58' title='bbox 655 531 782 577; x_wconf 74' lang='lat' dir='ltr'>fratres</span> <span class='ocrx_word' id='word_1_59' title='bbox 801 531 933 574; x_wconf 85' lang='lat' dir='ltr'>nostri;</span> <span class='ocrx_word' id='word_1_60' title='bbox 953 536 985 565; x_wconf 90' lang='lat' dir='ltr'>et</span> <span class='ocrx_word' id='word_1_61' title='bbox 1003 530 1295 571; x_wconf 80' lang='lat' dir='ltr'>abominantibus,</span> <span class='ocrx_word' id='word_1_62' title='bbox 1313 534 1351 564; x_wconf 90' lang='lat' dir='ltr'>ut</span> 
     </span>
     <span class='ocr_line' id='line_1_10' title="bbox 266 588 1351 638; baseline -0.01 -5"><span class='ocrx_word' id='word_1_63' title='bbox 266 598 270 609; x_wconf 92' lang='lat'>&#39;</span> <span class='ocrx_word' id='word_1_64' title='bbox 304 607 424 634; x_wconf 86' lang='lat' dir='ltr'>nomen</span> <span class='ocrx_word' id='word_1_65' title='bbox 443 593 581 628; x_wconf 81' lang='lat' dir='ltr'><strong><em>Domini</em></strong></span> <span class='ocrx_word' id='word_1_66' title='bbox 600 591 826 638; x_wconf 63' lang='lat' dir='ltr'>glorificetur,</span> <span class='ocrx_word' id='word_1_67' title='bbox 841 596 873 626; x_wconf 92' lang='lat' dir='ltr'>et</span> <span class='ocrx_word' id='word_1_68' title='bbox 890 590 1051 625; x_wconf 85' lang='lat' dir='ltr'>videatur</span> <span class='ocrx_word' id='word_1_69' title='bbox 1066 590 1102 625; x_wconf 87' lang='lat' dir='ltr'>in</span> <span class='ocrx_word' id='word_1_70' title='bbox 1121 588 1351 624; x_wconf 72' lang='lat' dir='ltr'>exsultatione</span> 
     </span>
     <span class='ocr_line' id='line_1_11' title="bbox 261 644 1222 699; baseline -0.008 -6"><span class='ocrx_word' id='word_1_71' title='bbox 261 644 266 679; x_wconf 69' lang='lat'>·¹</span> <span class='ocrx_word' id='word_1_72' title='bbox 301 668 420 693; x_wconf 88' lang='lat' dir='ltr'>eorum</span> <span class='ocrx_word' id='word_1_73' title='bbox 438 661 469 691; x_wconf 86' lang='lat' dir='ltr'>et</span> <span class='ocrx_word' id='word_1_74' title='bbox 487 653 541 689; x_wconf 85' lang='lat' dir='ltr'>illi</span> <span class='ocrx_word' id='word_1_75' title='bbox 557 653 759 689; x_wconf 85' lang='lat' dir='ltr'>erubescant</span> <span class='ocrx_word' id='word_1_76' title='bbox 779 651 870 699; x_wconf 87' lang='lat' dir='ltr'>(lsa.</span> <span class='ocrx_word' id='word_1_77' title='bbox 890 650 1000 698; x_wconf 81' lang='lat' dir='ltr'>val).</span> <span class='ocrx_word' id='word_1_78' title='bbox 1028 650 1222 696; x_wconf 81' lang='lat' dir='ltr'>Sequitur:</span> 
     </span>
    </p>

    <p class='ocr_par' dir='ltr' id='par_1_6' title="bbox 252 707 1352 1117">
     <span class='ocr_line' id='line_1_12' title="bbox 254 707 1351 761; baseline -0.009 -10"><span class='ocrx_word' id='word_1_79' title='bbox 254 753 259 761; x_wconf 70' lang='grc'><em>,</em></span> <span class='ocrx_word' id='word_1_80' title='bbox 349 713 466 761; x_wconf 73' lang='lat' dir='ltr'>(lom.)</span> <span class='ocrx_word' id='word_1_81' title='bbox 493 711 556 748; x_wconf 89' lang='lat' dir='ltr'>Sin</span> <span class='ocrx_word' id='word_1_82' title='bbox 575 716 692 746; x_wconf 88' lang='lat' dir='ltr'>autem</span> <span class='ocrx_word' id='word_1_83' title='bbox 718 722 779 746; x_wconf 88' lang='lat' dir='ltr'>nec</span> <span class='ocrx_word' id='word_1_84' title='bbox 804 711 853 746; x_wconf 89' lang='lat' dir='ltr'>sic</span> <span class='ocrx_word' id='word_1_85' title='bbox 880 710 1077 746; x_wconf 86' lang='lat' dir='ltr'>obedieritis</span> <span class='ocrx_word' id='word_1_86' title='bbox 1103 709 1202 751; x_wconf 85' lang='lat' dir='ltr'>mihi,</span> <span class='ocrx_word' id='word_1_87' title='bbox 1221 707 1351 742; x_wconf 80' lang='lat' dir='ltr'>addam</span> 
     </span>
     <span class='ocr_line' id='line_1_13' title="bbox 252 767 1350 820; baseline -0.008 -10"><span class='ocrx_word' id='word_1_88' title='bbox 252 767 257 774; x_wconf 44' lang='lat'><strong><em>³</em></strong></span> <span class='ocrx_word' id='word_1_89' title='bbox 301 773 532 820; x_wconf 82' lang='lat' dir='ltr'>correptiones</span> <span class='ocrx_word' id='word_1_90' title='bbox 551 777 682 806; x_wconf 87' lang='lat' dir='ltr'>vestras</span> <span class='ocrx_word' id='word_1_91' title='bbox 699 770 892 816; x_wconf 86' lang='lat' dir='ltr'>septuplum</span> <span class='ocrx_word' id='word_1_92' title='bbox 908 775 1048 816; x_wconf 88' lang='lat' dir='ltr'>propter</span> <span class='ocrx_word' id='word_1_93' title='bbox 1063 774 1204 815; x_wconf 86' lang='lat' dir='ltr'>peccatu</span> <span class='ocrx_word' id='word_1_94' title='bbox 1223 773 1350 809; x_wconf 89' lang='lat' dir='ltr'>vestra,</span> 
     </span>
     <span class='ocr_line' id='line_1_14' title="bbox 252 829 1352 879; baseline -0.009 -6"><span class='ocrx_word' id='word_1_95' title='bbox 252 848 253 851; x_wconf 51' lang='lat'>¹</span> <span class='ocrx_word' id='word_1_96' title='bbox 302 844 333 873; x_wconf 88' lang='lat' dir='ltr'>et</span> <span class='ocrx_word' id='word_1_97' title='bbox 349 842 522 872; x_wconf 86' lang='lat' dir='ltr'>conteram</span> <span class='ocrx_word' id='word_1_98' title='bbox 538 834 705 869; x_wconf 89' lang='lat' dir='ltr'>duritiam</span> <span class='ocrx_word' id='word_1_99' title='bbox 722 833 890 879; x_wconf 69' lang='lat' dir='ltr'>superbiae</span> <span class='ocrx_word' id='word_1_100' title='bbox 906 837 1042 874; x_wconf 75' lang='lat' dir='ltr'>vestrm,</span> <span class='ocrx_word' id='word_1_101' title='bbox 1059 830 1215 876; x_wconf 80' lang='lat' dir='ltr'>daboque</span> <span class='ocrx_word' id='word_1_102' title='bbox 1229 829 1352 864; x_wconf 89' lang='lat' dir='ltr'>coelum</span> 
     </span>
     <span class='ocr_line' id='line_1_15' title="bbox 303 887 1352 943; baseline -0.01 -9"><span class='ocrx_word' id='word_1_103' title='bbox 303 898 394 934; x_wconf 87' lang='lat' dir='ltr'>vobis</span> <span class='ocrx_word' id='word_1_104' title='bbox 413 897 558 943; x_wconf 81' lang='lat' dir='ltr'>desuper</span> <span class='ocrx_word' id='word_1_105' title='bbox 575 895 663 930; x_wconf 87' lang='lat' dir='ltr'>sicut</span> <span class='ocrx_word' id='word_1_106' title='bbox 682 894 829 940; x_wconf 73' lang='lat' dir='ltr'>serrum,</span> <span class='ocrx_word' id='word_1_107' title='bbox 849 899 881 928; x_wconf 92' lang='lat' dir='ltr'>et</span> <span class='ocrx_word' id='word_1_108' title='bbox 899 898 1028 927; x_wconf 90' lang='lat' dir='ltr'>terram</span> <span class='ocrx_word' id='word_1_109' title='bbox 1046 901 1192 926; x_wconf 86' lang='lat' dir='ltr'>oeneam.</span> <span class='ocrx_word' id='word_1_110' title='bbox 1217 887 1352 924; x_wconf 89' lang='lat' dir='ltr'>Consu-</span> 
     </span>
     <span class='ocr_line' id='line_1_16' title="bbox 303 951 1351 999; baseline -0.009 -5"><span class='ocrx_word' id='word_1_111' title='bbox 303 966 415 994; x_wconf 86' lang='lat' dir='ltr'>metur</span> <span class='ocrx_word' id='word_1_112' title='bbox 431 959 607 993; x_wconf 86' lang='lat' dir='ltr'>incassum</span> <span class='ocrx_word' id='word_1_113' title='bbox 624 955 722 990; x_wconf 89' lang='lat' dir='ltr'>labor</span> <span class='ocrx_word' id='word_1_114' title='bbox 739 960 873 996; x_wconf 86' lang='lat' dir='ltr'>vester,·</span> <span class='ocrx_word' id='word_1_115' title='bbox 898 964 967 988; x_wconf 88' lang='lat' dir='ltr'>non</span> <span class='ocrx_word' id='word_1_116' title='bbox 989 951 1139 999; x_wconf 75' lang='lat' dir='ltr'>proferet</span> <span class='ocrx_word' id='word_1_117' title='bbox 1162 956 1256 987; x_wconf 87' lang='lat' dir='ltr'>terra</span> <span class='ocrx_word' id='word_1_118' title='bbox 1274 961 1351 997; x_wconf 72' lang='lat' dir='ltr'>yer-</span> 
     </span>
     <span class='ocr_line' id='line_1_17' title="bbox 301 1008 1351 1061; baseline -0.01 -7"><span class='ocrx_word' id='word_1_119' title='bbox 301 1029 395 1061; x_wconf 87' lang='lat' dir='ltr'>men,</span> <span class='ocrx_word' id='word_1_120' title='bbox 421 1028 482 1052; x_wconf 84' lang='lat' dir='ltr'>nec</span> <span class='ocrx_word' id='word_1_121' title='bbox 502 1016 642 1051; x_wconf 85' lang='lat' dir='ltr'>arbores</span> <span class='ocrx_word' id='word_1_122' title='bbox 666 1025 769 1060; x_wconf 88' lang='lat' dir='ltr'>poma</span> <span class='ocrx_word' id='word_1_123' title='bbox 792 1012 1003 1059; x_wconf 82' lang='lat' dir='ltr'>proebebunt.</span> <span class='ocrx_word' id='word_1_124' title='bbox 1034 1010 1074 1047; x_wconf 90' lang='lat' dir='ltr'>Si</span> <span class='ocrx_word' id='word_1_125' title='bbox 1094 1008 1351 1045; x_wconf 81' lang='lat' dir='ltr'>ambulaveritis</span> 
     </span>
     <span class='ocr_line' id='line_1_18' title="bbox 301 1067 1351 1117; baseline -0.01 -4"><span class='ocrx_word' id='word_1_126' title='bbox 301 1088 344 1113; x_wconf 76' lang='lat' dir='ltr'>ea:</span> <span class='ocrx_word' id='word_1_127' title='bbox 370 1077 513 1112; x_wconf 89' lang='lat' dir='ltr'>adverso</span> <span class='ocrx_word' id='word_1_128' title='bbox 539 1074 648 1117; x_wconf 82' lang='lat' dir='ltr'>mihi,</span> <span class='ocrx_word' id='word_1_129' title='bbox 674 1067 739 1108; x_wconf 77' lang='lat' dir='ltr'>nec</span> <span class='ocrx_word' id='word_1_130' title='bbox 766 1071 942 1107; x_wconf 85' lang='lat' dir='ltr'>volueritis</span> <span class='ocrx_word' id='word_1_131' title='bbox 971 1070 1094 1106; x_wconf 89' lang='lat' dir='ltr'>audire</span> <span class='ocrx_word' id='word_1_132' title='bbox 1121 1081 1195 1112; x_wconf 90' lang='lat' dir='ltr'>me,</span> <span class='ocrx_word' id='word_1_133' title='bbox 1222 1068 1351 1103; x_wconf 86' lang='lat' dir='ltr'>addam</span> 
     </span>
    </p>
   </div>
   <div class='ocr_carea' id='block_1_6' title="bbox 301 1190 1354 2022">
    <p class='ocr_par' dir='ltr' id='par_1_7' title="bbox 301 1190 1354 2022">
     <span class='ocr_line' id='line_1_19' title="bbox 301 1190 1350 1242; baseline -0.01 -9"><span class='ocrx_word' id='word_1_134' title='bbox 301 1197 553 1242; x_wconf 75' lang='lat' dir='ltr'>immittamque</span> <span class='ocrx_word' id='word_1_135' title='bbox 568 1195 604 1230; x_wconf 88' lang='lat' dir='ltr'>in</span> <span class='ocrx_word' id='word_1_136' title='bbox 618 1205 674 1229; x_wconf 90' lang='lat' dir='ltr'>vos</span> <span class='ocrx_word' id='word_1_137' title='bbox 690 1191 800 1227; x_wconf 87' lang='lat' dir='ltr'>malas</span> <span class='ocrx_word' id='word_1_138' title='bbox 813 1191 937 1226; x_wconf 85' lang='lat' dir='ltr'>bestias</span> <span class='ocrx_word' id='word_1_139' title='bbox 952 1190 1042 1236; x_wconf 78' lang='lat' dir='ltr'>aqri,</span> <span class='ocrx_word' id='word_1_140' title='bbox 1055 1200 1131 1236; x_wconf 85' lang='lat' dir='ltr'>quae</span> <span class='ocrx_word' id='word_1_141' title='bbox 1145 1192 1350 1224; x_wconf 86' lang='lat' dir='ltr'>consumant</span> 
     </span>
     <span class='ocr_line' id='line_1_20' title="bbox 303 1246 1352 1297; baseline -0.01 -5"><span class='ocrx_word' id='word_1_142' title='bbox 303 1263 334 1292; x_wconf 90' lang='lat' dir='ltr'>et</span> <span class='ocrx_word' id='word_1_143' title='bbox 354 1268 410 1292; x_wconf 84' lang='lat' dir='ltr'>vos</span> <span class='ocrx_word' id='word_1_144' title='bbox 430 1262 460 1291; x_wconf 87' lang='lat' dir='ltr'>et</span> <span class='ocrx_word' id='word_1_145' title='bbox 479 1266 605 1292; x_wconf 73' lang='lat' dir='ltr'>pecora</span> <span class='ocrx_word' id='word_1_146' title='bbox 625 1260 748 1289; x_wconf 86' lang='lat' dir='ltr'>vestra.</span> <span class='ocrx_word' id='word_1_147' title='bbox 771 1258 802 1287; x_wconf 91' lang='lat' dir='ltr'>et</span> <span class='ocrx_word' id='word_1_148' title='bbox 822 1251 867 1286; x_wconf 91' lang='lat' dir='ltr'>ad</span> <span class='ocrx_word' id='word_1_149' title='bbox 887 1251 1096 1297; x_wconf 87' lang='lat' dir='ltr'>paucitatem</span> <span class='ocrx_word' id='word_1_150' title='bbox 1115 1254 1239 1283; x_wconf 89' lang='lat' dir='ltr'>cuncta</span> <span class='ocrx_word' id='word_1_151' title='bbox 1260 1246 1352 1282; x_wconf 90' lang='lat' dir='ltr'>redi-</span> 
     </span>
     <span class='ocr_line' id='line_1_21' title="bbox 301 1307 1350 1365; baseline -0.011 -11"><span class='ocrx_word' id='word_1_152' title='bbox 301 1325 407 1365; x_wconf 77' lang='lat' dir='ltr'>9ant,</span> <span class='ocrx_word' id='word_1_153' title='bbox 431 1317 640 1361; x_wconf 76' lang='lat' dir='ltr'>deserta’que</span> <span class='ocrx_word' id='word_1_154' title='bbox 664 1314 750 1359; x_wconf 85' lang='lat' dir='ltr'>fiant</span> <span class='ocrx_word' id='word_1_155' title='bbox 777 1313 839 1347; x_wconf 83' lang='lat' dir='ltr'>vice</span> <span class='ocrx_word' id='word_1_156' title='bbox 864 1317 997 1346; x_wconf 84' lang='lat' dir='ltr'>vestroe.</span> <span class='ocrx_word' id='word_1_157' title='bbox 1034 1309 1135 1352; x_wconf 84' lang='lat' dir='ltr'>Quod</span> <span class='ocrx_word' id='word_1_158' title='bbox 1161 1310 1191 1344; x_wconf 87' lang='lat' dir='ltr'>si</span> <span class='ocrx_word' id='word_1_159' title='bbox 1217 1319 1277 1343; x_wconf 84' lang='lat' dir='ltr'>nec</span> <span class='ocrx_word' id='word_1_160' title='bbox 1301 1307 1350 1343; x_wconf 88' lang='lat' dir='ltr'>sic</span> 
     </span>
     <span class='ocr_line' id='line_1_22' title="bbox 303 1369 1353 1421; baseline -0.011 -7"><span class='ocrx_word' id='word_1_161' title='bbox 303 1378 481 1414; x_wconf 89' lang='lat' dir='ltr'>volueritis</span> <span class='ocrx_word' id='word_1_162' title='bbox 508 1376 656 1421; x_wconf 83' lang='lat' dir='ltr'>recipere</span> <span class='ocrx_word' id='word_1_163' title='bbox 681 1373 914 1419; x_wconf 80' lang='lat' dir='ltr'>disciplinam,</span> <span class='ocrx_word' id='word_1_164' title='bbox 942 1371 1000 1406; x_wconf 86' lang='lat' dir='ltr'>sed</span> <span class='ocrx_word' id='word_1_165' title='bbox 1026 1369 1284 1404; x_wconf 85' lang='lat' dir='ltr'>ambulaveritis</span> <span class='ocrx_word' id='word_1_166' title='bbox 1309 1379 1353 1404; x_wconf 76' lang='lat' dir='ltr'>ex</span> 
     </span>
     <span class='ocr_line' id='line_1_23' title="bbox 303 1427 1350 1480; baseline -0.013 -6"><span class='ocrx_word' id='word_1_167' title='bbox 303 1439 445 1474; x_wconf 87' lang='lat' dir='ltr'>adverso</span> <span class='ocrx_word' id='word_1_168' title='bbox 458 1437 556 1478; x_wconf 83' lang='lat' dir='ltr'>milti,</span> <span class='ocrx_word' id='word_1_169' title='bbox 570 1445 629 1480; x_wconf 77' lang='lat' dir='ltr'>eqo</span> <span class='ocrx_word' id='word_1_170' title='bbox 643 1444 777 1479; x_wconf 87' lang='lat' dir='ltr'>quoque</span> <span class='ocrx_word' id='word_1_171' title='bbox 792 1438 911 1466; x_wconf 90' lang='lat' dir='ltr'>contra</span> <span class='ocrx_word' id='word_1_172' title='bbox 926 1441 984 1466; x_wconf 88' lang='lat' dir='ltr'>vos</span> <span class='ocrx_word' id='word_1_173' title='bbox 999 1429 1162 1463; x_wconf 87' lang='lat' dir='ltr'>adversus</span> <span class='ocrx_word' id='word_1_174' title='bbox 1177 1427 1350 1470; x_wconf 78' lang='lat' dir='ltr'>incedam,</span> 
     </span>
     <span class='ocr_line' id='line_1_24' title="bbox 302 1488 1353 1544; baseline -0.012 -10"><span class='ocrx_word' id='word_1_175' title='bbox 302 1504 334 1534; x_wconf 85' lang='lat' dir='ltr'>ct</span> <span class='ocrx_word' id='word_1_176' title='bbox 359 1497 550 1544; x_wconf 83' lang='lat' dir='ltr'>percutiam</span> <span class='ocrx_word' id='word_1_177' title='bbox 567 1506 625 1530; x_wconf 88' lang='lat' dir='ltr'>vos</span> <span class='ocrx_word' id='word_1_178' title='bbox 647 1494 770 1538; x_wconf 86' lang='lat' dir='ltr'>septies</span> <span class='ocrx_word' id='word_1_179' title='bbox 789 1497 927 1538; x_wconf 80' lang='lat' dir='ltr'>propter</span> <span class='ocrx_word' id='word_1_180' title='bbox 945 1497 1085 1536; x_wconf 87' lang='lat' dir='ltr'>peccata</span> <span class='ocrx_word' id='word_1_181' title='bbox 1103 1495 1228 1531; x_wconf 85' lang='lat' dir='ltr'>vestra,</span> <span class='ocrx_word' id='word_1_182' title='bbox 1250 1488 1353 1523; x_wconf 83' lang='lat' dir='ltr'>indu-</span> 
     </span>
     <span class='ocr_line' id='line_1_25' title="bbox 304 1546 1354 1604; baseline -0.01 -11"><span class='ocrx_word' id='word_1_183' title='bbox 304 1569 446 1604; x_wconf 86' lang='lat' dir='ltr'>camque</span> <span class='ocrx_word' id='word_1_184' title='bbox 465 1567 566 1602; x_wconf 85' lang='lat' dir='ltr'>super</span> <span class='ocrx_word' id='word_1_185' title='bbox 581 1566 637 1591; x_wconf 90' lang='lat' dir='ltr'>vos</span> <span class='ocrx_word' id='word_1_186' title='bbox 652 1553 807 1600; x_wconf 71' lang='lat' dir='ltr'>⁴qladium</span> <span class='ocrx_word' id='word_1_187' title='bbox 827 1551 974 1587; x_wconf 85' lang='lat' dir='ltr'>ultorem</span> <span class='ocrx_word' id='word_1_188' title='bbox 991 1550 1128 1594; x_wconf 72' lang='lat' dir='ltr'>foederis</span> <span class='ocrx_word' id='word_1_189' title='bbox 1145 1549 1224 1583; x_wconf 90' lang='lat' dir='ltr'>mei.</span> <span class='ocrx_word' id='word_1_190' title='bbox 1248 1546 1354 1584; x_wconf 84' lang='lat' dir='ltr'>Cum-</span> 
     </span>
     <span class='ocr_line' id='line_1_26' title="bbox 303 1610 1354 1665; baseline -0.01 -11"><span class='ocrx_word' id='word_1_191' title='bbox 303 1631 368 1665; x_wconf 87' lang='lat' dir='ltr'>que</span> <span class='ocrx_word' id='word_1_192' title='bbox 386 1617 607 1662; x_wconf 70' lang='lat' dir='ltr'>consuqeritis</span> <span class='ocrx_word' id='word_1_193' title='bbox 629 1616 672 1650; x_wconf 83' lang='lat' dir='ltr'>ad</span> <span class='ocrx_word' id='word_1_194' title='bbox 691 1615 805 1655; x_wconf 83' lang='lat' dir='ltr'>urbes,</span> <span class='ocrx_word' id='word_1_195' title='bbox 823 1614 958 1647; x_wconf 84' lang='lat' dir='ltr'>mittam</span> <span class='ocrx_word' id='word_1_196' title='bbox 976 1611 1207 1658; x_wconf 82' lang='lat' dir='ltr'>pestilentiam</span> <span class='ocrx_word' id='word_1_197' title='bbox 1227 1610 1263 1644; x_wconf 85' lang='lat' dir='ltr'>in</span> <span class='ocrx_word' id='word_1_198' title='bbox 1283 1620 1354 1644; x_wconf 88' lang='lat' dir='ltr'>me-</span> 
     </span>
     <span class='ocr_line' id='line_1_27' title="bbox 306 1670 1353 1719; baseline -0.009 -6"><span class='ocrx_word' id='word_1_199' title='bbox 306 1680 363 1714; x_wconf 87' lang='lat' dir='ltr'>dio</span> <span class='ocrx_word' id='word_1_200' title='bbox 381 1678 503 1719; x_wconf 72' lang='lat' dir='ltr'>vestri,</span> <span class='ocrx_word' id='word_1_201' title='bbox 531 1683 562 1711; x_wconf 89' lang='lat' dir='ltr'>et</span> <span class='ocrx_word' id='word_1_202' title='bbox 587 1675 771 1710; x_wconf 79' lang='lat' dir='ltr'>trademini</span> <span class='ocrx_word' id='word_1_203' title='bbox 791 1675 940 1708; x_wconf 84' lang='lat' dir='ltr'>hostium</span> <span class='ocrx_word' id='word_1_204' title='bbox 962 1672 1134 1707; x_wconf 84' lang='lat' dir='ltr'>manibus.</span> <span class='ocrx_word' id='word_1_205' title='bbox 1161 1670 1353 1717; x_wconf 86' lang='lat' dir='ltr'>Postquam</span> 
     </span>
     <span class='ocr_line' id='line_1_28' title="bbox 306 1730 1353 1782; baseline -0.007 -10"><span class='ocrx_word' id='word_1_206' title='bbox 306 1737 504 1782; x_wconf 64' lang='lat' dir='ltr'>confregero</span> <span class='ocrx_word' id='word_1_207' title='bbox 524 1734 682 1769; x_wconf 83' lang='lat' dir='ltr'>baculum</span> <span class='ocrx_word' id='word_1_208' title='bbox 698 1735 795 1779; x_wconf 86' lang='lat' dir='ltr'>panis</span> <span class='ocrx_word' id='word_1_209' title='bbox 811 1734 926 1775; x_wconf 80' lang='lat' dir='ltr'>vestri,</span> <span class='ocrx_word' id='word_1_210' title='bbox 942 1733 990 1767; x_wconf 87' lang='lat' dir='ltr'>ita</span> <span class='ocrx_word' id='word_1_211' title='bbox 1005 1739 1040 1767; x_wconf 91' lang='lat' dir='ltr'>ut</span> <span class='ocrx_word' id='word_1_212' title='bbox 1058 1732 1174 1767; x_wconf 89' lang='lat' dir='ltr'>decem</span> <span class='ocrx_word' id='word_1_213' title='bbox 1191 1730 1353 1766; x_wconf 78' lang='lat' dir='ltr'>mulieres</span> 
     </span>
     <span class='ocr_line' id='line_1_29' title="bbox 305 1791 1351 1840; baseline -0.005 -9"><span class='ocrx_word' id='word_1_214' title='bbox 305 1798 342 1831; x_wconf 89' lang='lat' dir='ltr'>in</span> <span class='ocrx_word' id='word_1_215' title='bbox 363 1796 496 1831; x_wconf 89' lang='lat' dir='ltr'>clibano</span> <span class='ocrx_word' id='word_1_216' title='bbox 524 1800 670 1840; x_wconf 85' lang='lat' dir='ltr'>coquant</span> <span class='ocrx_word' id='word_1_217' title='bbox 697 1805 815 1836; x_wconf 84' lang='lat' dir='ltr'>panes,</span> <span class='ocrx_word' id='word_1_218' title='bbox 841 1800 870 1828; x_wconf 86' lang='lat' dir='ltr'>et</span> <span class='ocrx_word' id='word_1_219' title='bbox 900 1793 1045 1828; x_wconf 87' lang='lat' dir='ltr'>reddant</span> <span class='ocrx_word' id='word_1_220' title='bbox 1065 1804 1121 1828; x_wconf 89' lang='lat' dir='ltr'>eos</span> <span class='ocrx_word' id='word_1_221' title='bbox 1140 1792 1184 1827; x_wconf 90' lang='lat' dir='ltr'>ad</span> <span class='ocrx_word' id='word_1_222' title='bbox 1203 1791 1351 1838; x_wconf 88' lang='lat' dir='ltr'>pondus,</span> 
     </span>
     <span class='ocr_line' id='line_1_30' title="bbox 306 1852 1354 1892; baseline -0.004 0"><span class='ocrx_word' id='word_1_223' title='bbox 306 1863 337 1892; x_wconf 90' lang='lat' dir='ltr'>et</span> <span class='ocrx_word' id='word_1_224' title='bbox 362 1856 543 1891; x_wconf 86' lang='lat' dir='ltr'>comedetis</span> <span class='ocrx_word' id='word_1_225' title='bbox 562 1861 592 1890; x_wconf 90' lang='lat' dir='ltr'>et</span> <span class='ocrx_word' id='word_1_226' title='bbox 614 1866 681 1889; x_wconf 85' lang='lat' dir='ltr'>non</span> <span class='ocrx_word' id='word_1_227' title='bbox 706 1854 963 1889; x_wconf 83' lang='lat' dir='ltr'>saturabimini.</span> <span class='ocrx_word' id='word_1_228' title='bbox 990 1853 1136 1889; x_wconf 78' lang='lat' dir='ltr'>Talibus</span> <span class='ocrx_word' id='word_1_229' title='bbox 1155 1852 1354 1888; x_wconf 79' lang='lat' dir='ltr'>distinctio-</span> 
     </span>
     <span class='ocr_line' id='line_1_31' title="bbox 306 1909 1354 1959; baseline -0.005 -8"><span class='ocrx_word' id='word_1_230' title='bbox 306 1917 412 1951; x_wconf 87' lang='lat' dir='ltr'>nibus</span> <span class='ocrx_word' id='word_1_231' title='bbox 441 1925 511 1950; x_wconf 92' lang='lat' dir='ltr'>non</span> <span class='ocrx_word' id='word_1_232' title='bbox 540 1914 674 1949; x_wconf 79' lang='lat' dir='ltr'>frustra</span> <span class='ocrx_word' id='word_1_233' title='bbox 703 1913 886 1959; x_wconf 80' lang='lat' dir='ltr'>legislator</span> <span class='ocrx_word' id='word_1_234' title='bbox 914 1923 1001 1947; x_wconf 90' lang='lat' dir='ltr'>usus</span> <span class='ocrx_word' id='word_1_235' title='bbox 1032 1917 1098 1947; x_wconf 88' lang='lat' dir='ltr'>est.</span> <span class='ocrx_word' id='word_1_236' title='bbox 1139 1911 1228 1946; x_wconf 86' lang='lat' dir='ltr'>Nam</span> <span class='ocrx_word' id='word_1_237' title='bbox 1258 1909 1354 1947; x_wconf 87' lang='lat' dir='ltr'>nunc</span> 
     </span>
     <span class='ocr_line' id='line_1_32' title="bbox 306 1973 1350 2022; baseline -0.004 -10"><span class='ocrx_word' id='word_1_238' title='bbox 306 1977 449 2022; x_wconf 87' lang='lat' dir='ltr'>quidem</span> <span class='ocrx_word' id='word_1_239' title='bbox 484 1976 531 2011; x_wconf 90' lang='lat' dir='ltr'>ait</span> <span class='ocrx_word' id='word_1_240' title='bbox 556 1988 563 2010; x_wconf 93' lang='lat'>:</span> <span class='ocrx_word' id='word_1_241' title='bbox 602 1974 663 2010; x_wconf 82' lang='lat' dir='ltr'>Sin</span> <span class='ocrx_word' id='word_1_242' title='bbox 697 1983 810 2008; x_wconf 87' lang='lat' dir='ltr'>autem</span> <span class='ocrx_word' id='word_1_243' title='bbox 844 1985 903 2008; x_wconf 85' lang='lat' dir='ltr'>nec</span> <span class='ocrx_word' id='word_1_244' title='bbox 934 1974 982 2007; x_wconf 90' lang='lat' dir='ltr'>sic</span> <span class='ocrx_word' id='word_1_245' title='bbox 1014 1973 1206 2007; x_wconf 86' lang='lat' dir='ltr'>obedieritis</span> <span class='ocrx_word' id='word_1_246' title='bbox 1239 1973 1350 2015; x_wconf 76' lang='lat' dir='ltr'>mitn·;</span> 
     </span>
    </p>
   </div>
   <div class='ocr_carea' id='block_1_7' title="bbox 308 2018 1400 2079">
    <p class='ocr_par' dir='ltr' id='par_1_8' title="bbox 308 2018 1400 2079">
     <span class='ocr_line' id='line_1_33' title="bbox 308 2018 1400 2079; baseline -0.003 -8"><span class='ocrx_word' id='word_1_247' title='bbox 308 2037 435 2071; x_wconf 88' lang='lat' dir='ltr'>deinde</span> <span class='ocrx_word' id='word_1_248' title='bbox 447 2035 620 2079; x_wconf 85' lang='lat' dir='ltr'>quasdam</span> <span class='ocrx_word' id='word_1_249' title='bbox 633 2034 876 2078; x_wconf 82' lang='lat' dir='ltr'>correptiones</span> <span class='ocrx_word' id='word_1_250' title='bbox 890 2032 1143 2075; x_wconf 81' lang='lat' dir='ltr'>denumerans,</span> <span class='ocrx_word' id='word_1_251' title='bbox 1156 2032 1350 2069; x_wconf 83' lang='lat' dir='ltr'>subinfert:</span> <span class='ocrx_word' id='word_1_252' title='bbox 1372 2018 1400 2059; x_wconf 82' lang='lat' dir='ltr'>C</span> 
     </span>
    </p>
   </div>
   <div class='ocr_carea' id='block_1_8' title="bbox 308 2093 1356 3758">
    <p class='ocr_par' dir='ltr' id='par_1_9' title="bbox 308 2093 1356 3758">
     <span class='ocr_line' id='line_1_34' title="bbox 309 2093 1353 2137; baseline 0 -8"><span class='ocrx_word' id='word_1_253' title='bbox 309 2094 351 2130; x_wconf 88' lang='lat' dir='ltr'>Si</span> <span class='ocrx_word' id='word_1_254' title='bbox 376 2094 630 2128; x_wconf 85' lang='lat' dir='ltr'>ambulaveritis</span> <span class='ocrx_word' id='word_1_255' title='bbox 662 2104 702 2127; x_wconf 71' lang='lat' dir='ltr'>em</span> <span class='ocrx_word' id='word_1_256' title='bbox 732 2093 873 2127; x_wconf 85' lang='lat' dir='ltr'>adverso</span> <span class='ocrx_word' id='word_1_257' title='bbox 894 2094 1004 2135; x_wconf 72' lang='lat' dir='ltr'>milti,·</span> <span class='ocrx_word' id='word_1_258' title='bbox 1036 2099 1070 2128; x_wconf 85' lang='lat' dir='ltr'>et</span> <span class='ocrx_word' id='word_1_259' title='bbox 1090 2104 1236 2137; x_wconf 90' lang='lat' dir='ltr'>rursus,</span> <span class='ocrx_word' id='word_1_260' title='bbox 1265 2094 1353 2130; x_wconf 90' lang='lat' dir='ltr'>alias</span> 
     </span>
     <span class='ocr_line' id='line_1_35' title="bbox 309 2151 1354 2199; baseline 0.002 -12"><span class='ocrx_word' id='word_1_261' title='bbox 309 2153 432 2199; x_wconf 83' lang='lat' dir='ltr'>plagas</span> <span class='ocrx_word' id='word_1_262' title='bbox 457 2162 637 2197; x_wconf 85' lang='lat' dir='ltr'>exponens</span> <span class='ocrx_word' id='word_1_263' title='bbox 657 2152 790 2186; x_wconf 78' lang='lat' dir='ltr'>addidit</span> <span class='ocrx_word' id='word_1_264' title='bbox 810 2164 817 2185; x_wconf 75' lang='grc' dir='ltr'><strong>ι</strong></span> <span class='ocrx_word' id='word_1_265' title='bbox 842 2151 941 2194; x_wconf 82' lang='lat' dir='ltr'>Quod</span> <span class='ocrx_word' id='word_1_266' title='bbox 965 2153 994 2186; x_wconf 88' lang='lat' dir='ltr'>si</span> <span class='ocrx_word' id='word_1_267' title='bbox 1020 2164 1080 2187; x_wconf 88' lang='lat' dir='ltr'>nec</span> <span class='ocrx_word' id='word_1_268' title='bbox 1105 2154 1154 2187; x_wconf 92' lang='lat' dir='ltr'>sic</span> <span class='ocrx_word' id='word_1_269' title='bbox 1179 2154 1354 2189; x_wconf 86' lang='lat' dir='ltr'>volueritis</span> 
     </span>
     <span class='ocr_line' id='line_1_36' title="bbox 309 2210 1353 2258; baseline 0.001 -12"><span class='ocrx_word' id='word_1_270' title='bbox 309 2212 460 2258; x_wconf 87' lang='lat' dir='ltr'>recipere</span> <span class='ocrx_word' id='word_1_271' title='bbox 487 2210 726 2255; x_wconf 85' lang='lat' dir='ltr'>disciplinam,</span> <span class='ocrx_word' id='word_1_272' title='bbox 760 2210 818 2244; x_wconf 88' lang='lat' dir='ltr'>sed</span> <span class='ocrx_word' id='word_1_273' title='bbox 849 2210 1106 2245; x_wconf 85' lang='lat' dir='ltr'>ambulaveritis</span> <span class='ocrx_word' id='word_1_274' title='bbox 1138 2222 1180 2245; x_wconf 76' lang='lat' dir='ltr'>ex</span> <span class='ocrx_word' id='word_1_275' title='bbox 1211 2212 1353 2247; x_wconf 87' lang='lat' dir='ltr'>adverso</span> 
     </span>
     <span class='ocr_line' id='line_1_37' title="bbox 310 2269 1354 2313; baseline 0 -7"><span class='ocrx_word' id='word_1_276' title='bbox 310 2271 409 2307; x_wconf 83' lang='lat' dir='ltr'>milti.</span> <span class='ocrx_word' id='word_1_277' title='bbox 437 2270 508 2306; x_wconf 85' lang='lat' dir='ltr'>Sed</span> <span class='ocrx_word' id='word_1_278' title='bbox 527 2271 620 2313; x_wconf 89' lang='lat' dir='ltr'>ideo,</span> <span class='ocrx_word' id='word_1_279' title='bbox 644 2276 684 2305; x_wconf 90' lang='lat' dir='ltr'>ut</span> <span class='ocrx_word' id='word_1_280' title='bbox 701 2270 866 2312; x_wconf 84' lang='lat' dir='ltr'>diximus,</span> <span class='ocrx_word' id='word_1_281' title='bbox 889 2270 944 2305; x_wconf 78' lang='lat' dir='ltr'>liis</span> <span class='ocrx_word' id='word_1_282' title='bbox 962 2269 1251 2306; x_wconf 83' lang='lat' dir='ltr'>distinctionibus</span> <span class='ocrx_word' id='word_1_283' title='bbox 1269 2282 1354 2307; x_wconf 82' lang='lat' dir='ltr'>usus</span> 
     </span>
     <span class='ocr_line' id='line_1_38' title="bbox 310 2329 1355 2377; baseline -0.001 -10"><span class='ocrx_word' id='word_1_284' title='bbox 310 2337 379 2374; x_wconf 89' lang='lat' dir='ltr'>est,</span> <span class='ocrx_word' id='word_1_285' title='bbox 398 2331 481 2377; x_wconf 88' lang='lat' dir='ltr'>quia</span> <span class='ocrx_word' id='word_1_286' title='bbox 499 2329 889 2376; x_wconf 21' lang='lat' dir='ltr'>frequenteerliristus</span> <span class='ocrx_word' id='word_1_287' title='bbox 909 2331 1089 2376; x_wconf 76' lang='lat' dir='ltr'>suscipere</span> <span class='ocrx_word' id='word_1_288' title='bbox 1106 2331 1274 2376; x_wconf 90' lang='lat' dir='ltr'>populum</span> <span class='ocrx_word' id='word_1_289' title='bbox 1293 2330 1355 2366; x_wconf 76' lang='lat' dir='ltr'>Ju-</span> 
     </span>
     <span class='ocr_line' id='line_1_39' title="bbox 310 2391 1356 2434; baseline 0.001 -7"><span class='ocrx_word' id='word_1_290' title='bbox 310 2392 469 2428; x_wconf 83' lang='lat' dir='ltr'>daeorum</span> <span class='ocrx_word' id='word_1_291' title='bbox 485 2391 610 2434; x_wconf 83' lang='lat' dir='ltr'>voluit,</span> <span class='ocrx_word' id='word_1_292' title='bbox 633 2391 681 2425; x_wconf 92' lang='lat' dir='ltr'>illi</span> <span class='ocrx_word' id='word_1_293' title='bbox 702 2395 820 2425; x_wconf 89' lang='lat' dir='ltr'>autem</span> <span class='ocrx_word' id='word_1_294' title='bbox 842 2401 912 2425; x_wconf 90' lang='lat' dir='ltr'>non</span> <span class='ocrx_word' id='word_1_295' title='bbox 932 2391 1160 2434; x_wconf 80' lang='lat' dir='ltr'>obediebant,</span> <span class='ocrx_word' id='word_1_296' title='bbox 1180 2391 1227 2426; x_wconf 92' lang='lat' dir='ltr'>ita</span> <span class='ocrx_word' id='word_1_297' title='bbox 1252 2397 1291 2426; x_wconf 90' lang='lat' dir='ltr'>ut</span> <span class='ocrx_word' id='word_1_298' title='bbox 1311 2392 1356 2428; x_wconf 91' lang='lat' dir='ltr'>ad</span> 
     </span>
     <span class='ocr_line' id='line_1_40' title="bbox 309 2449 1354 2496; baseline 0.001 -11"><span class='ocrx_word' id='word_1_299' title='bbox 309 2459 370 2485; x_wconf 89' lang='lat' dir='ltr'>eos</span> <span class='ocrx_word' id='word_1_300' title='bbox 394 2450 593 2484; x_wconf 84' lang='lat' dir='ltr'>clamaret:</span> <span class='ocrx_word' id='word_1_301' title='bbox 626 2449 843 2491; x_wconf 85' lang='lat' dir='ltr'>Jerusalem,</span> <span class='ocrx_word' id='word_1_302' title='bbox 875 2449 1094 2493; x_wconf 87' lang='lat' dir='ltr'>Jerusalem,</span> <span class='ocrx_word' id='word_1_303' title='bbox 1125 2461 1201 2496; x_wconf 81' lang='lat' dir='ltr'>quae</span> <span class='ocrx_word' id='word_1_304' title='bbox 1228 2451 1354 2487; x_wconf 87' lang='lat' dir='ltr'>occidis</span> 
     </span>
     <span class='ocr_line' id='line_1_41' title="bbox 308 2509 1355 2557; baseline 0.003 -13"><span class='ocrx_word' id='word_1_305' title='bbox 308 2511 492 2556; x_wconf 82' lang='lat' dir='ltr'>prophetas</span> <span class='ocrx_word' id='word_1_306' title='bbox 510 2515 539 2544; x_wconf 88' lang='lat' dir='ltr'>ct</span> <span class='ocrx_word' id='word_1_307' title='bbox 561 2509 696 2556; x_wconf 87' lang='lat' dir='ltr'>lapidas</span> <span class='ocrx_word' id='word_1_308' title='bbox 716 2521 772 2545; x_wconf 87' lang='lat' dir='ltr'>eos</span> <span class='ocrx_word' id='word_1_309' title='bbox 791 2511 849 2556; x_wconf 88' lang='lat' dir='ltr'>qui</span> <span class='ocrx_word' id='word_1_310' title='bbox 867 2510 912 2545; x_wconf 88' lang='lat' dir='ltr'>ad</span> <span class='ocrx_word' id='word_1_311' title='bbox 930 2517 960 2546; x_wconf 89' lang='lat' dir='ltr'>te</span> <span class='ocrx_word' id='word_1_312' title='bbox 978 2511 1074 2546; x_wconf 87' lang='lat' dir='ltr'>missi</span> <span class='ocrx_word' id='word_1_313' title='bbox 1091 2516 1184 2553; x_wconf 82' lang='lat' dir='ltr'>sunt,</span> <span class='ocrx_word' id='word_1_314' title='bbox 1201 2513 1355 2557; x_wconf 88' lang='lat' dir='ltr'>quotiens</span> 
     </span>
     <span class='ocr_line' id='line_1_42' title="bbox 308 2570 1354 2619; baseline 0.002 -13"><span class='ocrx_word' id='word_1_315' title='bbox 308 2570 401 2606; x_wconf 84' lang='lat' dir='ltr'>volui</span> <span class='ocrx_word' id='word_1_316' title='bbox 428 2582 635 2617; x_wconf 72' lang='lat' dir='ltr'>cottqreqare</span> <span class='ocrx_word' id='word_1_317' title='bbox 659 2571 750 2616; x_wconf 81' lang='lat' dir='ltr'>filios</span> <span class='ocrx_word' id='word_1_318' title='bbox 776 2578 874 2614; x_wconf 87' lang='lat' dir='ltr'>tuos,</span> <span class='ocrx_word' id='word_1_319' title='bbox 906 2573 994 2606; x_wconf 87' lang='lat' dir='ltr'>sicut</span> <span class='ocrx_word' id='word_1_320' title='bbox 1023 2572 1154 2618; x_wconf 76' lang='lat' dir='ltr'>yallina</span> <span class='ocrx_word' id='word_1_321' title='bbox 1177 2581 1354 2619; x_wconf 76' lang='lat' dir='ltr'>conqreqet</span> 
     </span>
     <span class='ocr_line' id='line_1_43' title="bbox 308 2630 1355 2678; baseline 0.003 -13"><span class='ocrx_word' id='word_1_322' title='bbox 308 2630 421 2676; x_wconf 85' lang='lat' dir='ltr'>pullos</span> <span class='ocrx_word' id='word_1_323' title='bbox 441 2642 521 2666; x_wconf 90' lang='lat' dir='ltr'>suos</span> <span class='ocrx_word' id='word_1_324' title='bbox 543 2631 605 2666; x_wconf 86' lang='lat' dir='ltr'>sub</span> <span class='ocrx_word' id='word_1_325' title='bbox 626 2631 717 2673; x_wconf 88' lang='lat' dir='ltr'>alas,</span> <span class='ocrx_word' id='word_1_326' title='bbox 743 2638 774 2666; x_wconf 85' lang='lat' dir='ltr'>et</span> <span class='ocrx_word' id='word_1_327' title='bbox 802 2631 956 2667; x_wconf 87' lang='lat' dir='ltr'>noluisti.</span> <span class='ocrx_word' id='word_1_328' title='bbox 989 2632 1078 2667; x_wconf 90' lang='lat' dir='ltr'>lllud</span> <span class='ocrx_word' id='word_1_329' title='bbox 1098 2642 1182 2678; x_wconf 83' lang='lat' dir='ltr'>ergo</span> <span class='ocrx_word' id='word_1_330' title='bbox 1200 2633 1355 2669; x_wconf 78' lang='lat' dir='ltr'>maxime</span> 
     </span>
     <span class='ocr_line' id='line_1_44' title="bbox 309 2692 1355 2739; baseline 0.005 -14"><span class='ocrx_word' id='word_1_331' title='bbox 309 2692 346 2726; x_wconf 92' lang='lat' dir='ltr'>in</span> <span class='ocrx_word' id='word_1_332' title='bbox 365 2692 421 2726; x_wconf 88' lang='lat' dir='ltr'>his</span> <span class='ocrx_word' id='word_1_333' title='bbox 438 2702 516 2736; x_wconf 81' lang='lat' dir='ltr'>quae</span> <span class='ocrx_word' id='word_1_334' title='bbox 535 2693 629 2726; x_wconf 88' lang='lat' dir='ltr'>dicta</span> <span class='ocrx_word' id='word_1_335' title='bbox 646 2698 728 2727; x_wconf 88' lang='lat' dir='ltr'>sunt</span> <span class='ocrx_word' id='word_1_336' title='bbox 743 2694 968 2729; x_wconf 84' lang='lat' dir='ltr'>attendamus</span> <span class='ocrx_word' id='word_1_337' title='bbox 986 2705 993 2728; x_wconf 92' lang='lat'>:</span> <span class='ocrx_word' id='word_1_338' title='bbox 1017 2694 1100 2739; x_wconf 86' lang='lat' dir='ltr'>quia</span> <span class='ocrx_word' id='word_1_339' title='bbox 1118 2704 1199 2730; x_wconf 90' lang='lat' dir='ltr'>cum</span> <span class='ocrx_word' id='word_1_340' title='bbox 1220 2699 1355 2739; x_wconf 88' lang='lat' dir='ltr'>septem</span> 
     </span>
     <span class='ocr_line' id='line_1_45' title="bbox 310 2752 1352 2796; baseline 0.005 -10"><span class='ocrx_word' id='word_1_341' title='bbox 310 2752 552 2796; x_wconf 76' lang='lat' dir='ltr'>correptiones</span> <span class='ocrx_word' id='word_1_342' title='bbox 581 2752 819 2787; x_wconf 88' lang='lat' dir='ltr'>comminatus</span> <span class='ocrx_word' id='word_1_343' title='bbox 844 2752 972 2796; x_wconf 82' lang='lat' dir='ltr'>fuerit,</span> <span class='ocrx_word' id='word_1_344' title='bbox 1004 2755 1055 2789; x_wconf 89' lang='lat' dir='ltr'>sic</span> <span class='ocrx_word' id='word_1_345' title='bbox 1081 2764 1143 2790; x_wconf 88' lang='lat' dir='ltr'>eas</span> <span class='ocrx_word' id='word_1_346' title='bbox 1170 2755 1352 2791; x_wconf 88' lang='lat' dir='ltr'>subdidit:</span> 
     </span>
     <span class='ocr_line' id='line_1_46' title="bbox 310 2810 1355 2857; baseline 0.004 -11"><span class='ocrx_word' id='word_1_347' title='bbox 310 2810 570 2846; x_wconf 86' lang='lat' dir='ltr'>Contritionem</span> <span class='ocrx_word' id='word_1_348' title='bbox 599 2810 695 2845; x_wconf 89' lang='lat' dir='ltr'>enim</span> <span class='ocrx_word' id='word_1_349' title='bbox 722 2811 861 2847; x_wconf 82' lang='lat' dir='ltr'>duritiae</span> <span class='ocrx_word' id='word_1_350' title='bbox 890 2813 1083 2857; x_wconf 75' lang='lat' dir='ltr'>superbiae,</span> <span class='ocrx_word' id='word_1_351' title='bbox 1114 2819 1151 2849; x_wconf 88' lang='lat' dir='ltr'>ct</span> <span class='ocrx_word' id='word_1_352' title='bbox 1177 2815 1355 2850; x_wconf 89' lang='lat' dir='ltr'>dationem</span> 
     </span>
     <span class='ocr_line' id='line_1_47' title="bbox 309 2869 1355 2912; baseline 0.006 -8"><span class='ocrx_word' id='word_1_353' title='bbox 309 2870 392 2905; x_wconf 85' lang='lat' dir='ltr'>coeli</span> <span class='ocrx_word' id='word_1_354' title='bbox 418 2869 503 2905; x_wconf 81' lang='lat' dir='ltr'>ferri</span> <span class='ocrx_word' id='word_1_355' title='bbox 532 2875 569 2905; x_wconf 92' lang='lat' dir='ltr'>et</span> <span class='ocrx_word' id='word_1_356' title='bbox 592 2875 696 2906; x_wconf 85' lang='lat' dir='ltr'>terrae</span> <span class='ocrx_word' id='word_1_357' title='bbox 720 2880 846 2912; x_wconf 82' lang='lat' dir='ltr'>aeneae,</span> <span class='ocrx_word' id='word_1_358' title='bbox 871 2876 906 2907; x_wconf 92' lang='lat' dir='ltr'>et</span> <span class='ocrx_word' id='word_1_359' title='bbox 930 2872 1108 2908; x_wconf 91' lang='lat' dir='ltr'>incassum</span> <span class='ocrx_word' id='word_1_360' title='bbox 1127 2883 1252 2908; x_wconf 89' lang='lat' dir='ltr'>eorum</span> <span class='ocrx_word' id='word_1_361' title='bbox 1271 2885 1355 2910; x_wconf 91' lang='lat' dir='ltr'>con-</span> 
     </span>
     <span class='ocr_line' id='line_1_48' title="bbox 311 2930 1350 2977; baseline 0.005 -13"><span class='ocrx_word' id='word_1_362' title='bbox 311 2930 404 2964; x_wconf 87' lang='lat' dir='ltr'>sumi</span> <span class='ocrx_word' id='word_1_363' title='bbox 422 2930 599 2972; x_wconf 88' lang='lat' dir='ltr'>laborem,</span> <span class='ocrx_word' id='word_1_364' title='bbox 624 2934 660 2966; x_wconf 90' lang='lat' dir='ltr'>et</span> <span class='ocrx_word' id='word_1_365' title='bbox 683 2935 817 2965; x_wconf 87' lang='lat' dir='ltr'>terram</span> <span class='ocrx_word' id='word_1_366' title='bbox 834 2941 906 2966; x_wconf 92' lang='lat' dir='ltr'>non</span> <span class='ocrx_word' id='word_1_367' title='bbox 923 2931 1085 2976; x_wconf 83' lang='lat' dir='ltr'>proferre</span> <span class='ocrx_word' id='word_1_368' title='bbox 1105 2942 1262 2977; x_wconf 87' lang='lat' dir='ltr'>germen,</span> <span class='ocrx_word' id='word_1_369' title='bbox 1284 2943 1350 2970; x_wconf 91' lang='lat' dir='ltr'>nec</span> 
     </span>
     <span class='ocr_line' id='line_1_49' title="bbox 311 2988 1351 3035; baseline 0.008 -14"><span class='ocrx_word' id='word_1_370' title='bbox 311 2988 459 3023; x_wconf 89' lang='lat' dir='ltr'>arbores</span> <span class='ocrx_word' id='word_1_371' title='bbox 475 2998 581 3033; x_wconf 90' lang='lat' dir='ltr'>poma</span> <span class='ocrx_word' id='word_1_372' title='bbox 603 2988 763 3035; x_wconf 79' lang='lat' dir='ltr'>praebere</span> <span class='ocrx_word' id='word_1_373' title='bbox 782 2989 939 3025; x_wconf 90' lang='lat' dir='ltr'>minatus</span> <span class='ocrx_word' id='word_1_374' title='bbox 957 2995 1024 3026; x_wconf 89' lang='lat' dir='ltr'>est.</span> <span class='ocrx_word' id='word_1_375' title='bbox 1053 2990 1136 3026; x_wconf 85' lang='lat' dir='ltr'>Haec</span> <span class='ocrx_word' id='word_1_376' title='bbox 1151 2997 1271 3027; x_wconf 91' lang='lat' dir='ltr'>autem</span> <span class='ocrx_word' id='word_1_377' title='bbox 1288 3003 1351 3029; x_wconf 80' lang='lat' dir='ltr'>sex</span> 
     </span>
     <span class='ocr_line' id='line_1_50' title="bbox 311 3047 1351 3093; baseline 0.004 -10"><span class='ocrx_word' id='word_1_378' title='bbox 311 3052 394 3083; x_wconf 89' lang='lat' dir='ltr'>sunt</span> <span class='ocrx_word' id='word_1_379' title='bbox 416 3057 486 3083; x_wconf 90' lang='lat' dir='ltr'>non</span> <span class='ocrx_word' id='word_1_380' title='bbox 507 3053 664 3093; x_wconf 87' lang='lat' dir='ltr'>septem:</span> <span class='ocrx_word' id='word_1_381' title='bbox 692 3047 767 3084; x_wconf 87' lang='lat' dir='ltr'>Hoc</span> <span class='ocrx_word' id='word_1_382' title='bbox 783 3049 878 3084; x_wconf 90' lang='lat' dir='ltr'>idem</span> <span class='ocrx_word' id='word_1_383' title='bbox 897 3055 1018 3085; x_wconf 88' lang='lat' dir='ltr'>autem</span> <span class='ocrx_word' id='word_1_384' title='bbox 1037 3051 1194 3087; x_wconf 89' lang='lat' dir='ltr'>invenies</span> <span class='ocrx_word' id='word_1_385' title='bbox 1214 3058 1250 3087; x_wconf 90' lang='lat' dir='ltr'>et</span> <span class='ocrx_word' id='word_1_386' title='bbox 1268 3051 1351 3088; x_wconf 86' lang='lat' dir='ltr'>reli-</span> 
     </span>
     <span class='ocr_line' id='line_1_51' title="bbox 311 3106 1349 3155; baseline 0.006 -14"><span class='ocrx_word' id='word_1_387' title='bbox 311 3116 400 3151; x_wconf 89' lang='lat' dir='ltr'>quas</span> <span class='ocrx_word' id='word_1_388' title='bbox 419 3106 664 3153; x_wconf 87' lang='lat' dir='ltr'>correptiones</span> <span class='ocrx_word' id='word_1_389' title='bbox 682 3116 911 3152; x_wconf 88' lang='lat' dir='ltr'>percurrens.</span> <span class='ocrx_word' id='word_1_390' title='bbox 944 3108 1037 3155; x_wconf 84' lang='lat' dir='ltr'>Ergo</span> <span class='ocrx_word' id='word_1_391' title='bbox 1059 3119 1123 3154; x_wconf 89' lang='lat' dir='ltr'>per</span> <span class='ocrx_word' id='word_1_392' title='bbox 1143 3111 1209 3146; x_wconf 90' lang='lat' dir='ltr'>boc</span> <span class='ocrx_word' id='word_1_393' title='bbox 1231 3112 1349 3147; x_wconf 90' lang='lat' dir='ltr'>mani-</span> 
     </span>
     <span class='ocr_line' id='line_1_52' title="bbox 312 3165 1351 3215; baseline 0.007 -16"><span class='ocrx_word' id='word_1_394' title='bbox 312 3165 439 3200; x_wconf 81' lang='lat' dir='ltr'>testum</span> <span class='ocrx_word' id='word_1_395' title='bbox 458 3171 515 3200; x_wconf 89' lang='lat' dir='ltr'>est</span> <span class='ocrx_word' id='word_1_396' title='bbox 531 3166 615 3210; x_wconf 91' lang='lat' dir='ltr'>quia</span> <span class='ocrx_word' id='word_1_397' title='bbox 634 3167 858 3211; x_wconf 84' lang='lat' dir='ltr'>septenarius</span> <span class='ocrx_word' id='word_1_398' title='bbox 883 3177 1053 3204; x_wconf 90' lang='lat' dir='ltr'>numerus</span> <span class='ocrx_word' id='word_1_399' title='bbox 1072 3169 1179 3204; x_wconf 91' lang='lat' dir='ltr'>totius</span> <span class='ocrx_word' id='word_1_400' title='bbox 1195 3180 1351 3215; x_wconf 79' lang='lat' dir='ltr'>praesen-</span> 
     </span>
     <span class='ocr_line' id='line_1_53' title="bbox 312 3224 1351 3275; baseline 0.005 -15"><span class='ocrx_word' id='word_1_401' title='bbox 312 3224 358 3260; x_wconf 88' lang='lat' dir='ltr'>tis</span> <span class='ocrx_word' id='word_1_402' title='bbox 375 3224 458 3260; x_wconf 81' lang='lat' dir='ltr'>vitae</span> <span class='ocrx_word' id='word_1_403' title='bbox 475 3225 589 3270; x_wconf 84' lang='lat' dir='ltr'>figura</span> <span class='ocrx_word' id='word_1_404' title='bbox 607 3230 643 3260; x_wconf 88' lang='lat' dir='ltr'>et</span> <span class='ocrx_word' id='word_1_405' title='bbox 661 3226 801 3272; x_wconf 83' lang='lat' dir='ltr'>signum</span> <span class='ocrx_word' id='word_1_406' title='bbox 820 3234 895 3271; x_wconf 90' lang='lat' dir='ltr'>est,</span> <span class='ocrx_word' id='word_1_407' title='bbox 924 3238 1003 3273; x_wconf 85' lang='lat' dir='ltr'>quae</span> <span class='ocrx_word' id='word_1_408' title='bbox 1027 3238 1093 3275; x_wconf 90' lang='lat' dir='ltr'>per</span> <span class='ocrx_word' id='word_1_409' title='bbox 1109 3230 1351 3274; x_wconf 88' lang='lat' dir='ltr'>septenarium</span> 
     </span>
     <span class='ocr_line' id='line_1_54' title="bbox 310 3287 1351 3334; baseline 0.004 -13"><span class='ocrx_word' id='word_1_410' title='bbox 310 3295 500 3322; x_wconf 88' lang='lat' dir='ltr'>numerum</span> <span class='ocrx_word' id='word_1_411' title='bbox 518 3287 685 3323; x_wconf 87' lang='lat' dir='ltr'>volvitur.</span> <span class='ocrx_word' id='word_1_412' title='bbox 723 3288 769 3324; x_wconf 88' lang='lat' dir='ltr'>Et</span> <span class='ocrx_word' id='word_1_413' title='bbox 797 3288 881 3334; x_wconf 86' lang='lat' dir='ltr'>quia</span> <span class='ocrx_word' id='word_1_414' title='bbox 913 3293 1048 3334; x_wconf 83' lang='lat' dir='ltr'>septem</span> <span class='ocrx_word' id='word_1_415' title='bbox 1077 3299 1122 3325; x_wconf 82' lang='lat' dir='ltr'>ex</span> <span class='ocrx_word' id='word_1_416' title='bbox 1151 3290 1203 3325; x_wconf 88' lang='lat' dir='ltr'>eis</span> <span class='ocrx_word' id='word_1_417' title='bbox 1230 3298 1351 3325; x_wconf 87' lang='lat' dir='ltr'>corre-</span> 
     </span>
     <span class='ocr_line' id='line_1_55' title="bbox 308 3347 1351 3395; baseline 0.003 -13"><span class='ocrx_word' id='word_1_418' title='bbox 308 3348 449 3392; x_wconf 86' lang='lat' dir='ltr'>ptiones</span> <span class='ocrx_word' id='word_1_419' title='bbox 463 3347 539 3383; x_wconf 91' lang='lat' dir='ltr'>sive</span> <span class='ocrx_word' id='word_1_420' title='bbox 552 3347 728 3384; x_wconf 86' lang='lat' dir='ltr'>vindictas</span> <span class='ocrx_word' id='word_1_421' title='bbox 740 3348 796 3384; x_wconf 87' lang='lat' dir='ltr'>vel</span> <span class='ocrx_word' id='word_1_422' title='bbox 810 3348 934 3395; x_wconf 84' lang='lat' dir='ltr'>plagas</span> <span class='ocrx_word' id='word_1_423' title='bbox 948 3348 1093 3392; x_wconf 71' lang='lat' dir='ltr'>uiserre,</span> <span class='ocrx_word' id='word_1_424' title='bbox 1109 3350 1351 3386; x_wconf 80' lang='lat' dir='ltr'>omnimodam</span> 
     </span>
     <span class='ocr_line' id='line_1_56' title="bbox 309 3409 1351 3457; baseline 0.004 -15"><span class='ocrx_word' id='word_1_425' title='bbox 309 3417 452 3453; x_wconf 89' lang='lat' dir='ltr'>poenam</span> <span class='ocrx_word' id='word_1_426' title='bbox 477 3415 514 3445; x_wconf 90' lang='lat' dir='ltr'>et</span> <span class='ocrx_word' id='word_1_427' title='bbox 538 3409 714 3456; x_wconf 85' lang='lat' dir='ltr'>integram</span> <span class='ocrx_word' id='word_1_428' title='bbox 733 3411 929 3447; x_wconf 86' lang='lat' dir='ltr'>vindictam</span> <span class='ocrx_word' id='word_1_429' title='bbox 949 3416 989 3446; x_wconf 90' lang='lat' dir='ltr'>ut</span> <span class='ocrx_word' id='word_1_430' title='bbox 1007 3416 1088 3457; x_wconf 86' lang='lat' dir='ltr'>pote</span> <span class='ocrx_word' id='word_1_431' title='bbox 1107 3421 1179 3447; x_wconf 92' lang='lat' dir='ltr'>non</span> <span class='ocrx_word' id='word_1_432' title='bbox 1199 3411 1351 3447; x_wconf 87' lang='lat' dir='ltr'>venialia</span> 
     </span>
     <span class='ocr_line' id='line_1_57' title="bbox 311 3469 1350 3517; baseline 0.005 -16"><span class='ocrx_word' id='word_1_433' title='bbox 311 3477 377 3503; x_wconf 87' lang='lat' dir='ltr'>uec</span> <span class='ocrx_word' id='word_1_434' title='bbox 389 3469 599 3513; x_wconf 87' lang='lat' dir='ltr'>poenitentia</span> <span class='ocrx_word' id='word_1_435' title='bbox 617 3471 723 3517; x_wconf 83' lang='lat' dir='ltr'>digna</span> <span class='ocrx_word' id='word_1_436' title='bbox 740 3472 971 3517; x_wconf 84' lang='lat' dir='ltr'>peccantibus</span> <span class='ocrx_word' id='word_1_437' title='bbox 989 3472 1146 3508; x_wconf 86' lang='lat' dir='ltr'>minatus</span> <span class='ocrx_word' id='word_1_438' title='bbox 1159 3476 1229 3513; x_wconf 87' lang='lat' dir='ltr'>est,</span> <span class='ocrx_word' id='word_1_439' title='bbox 1245 3471 1294 3508; x_wconf 80' lang='lat' dir='ltr'>ita</span> <span class='ocrx_word' id='word_1_440' title='bbox 1310 3477 1350 3507; x_wconf 94' lang='lat' dir='ltr'>ut</span> 
     </span>
     <span class='ocr_line' id='line_1_58' title="bbox 311 3525 1346 3579; baseline 0.006 -18"><span class='ocrx_word' id='word_1_441' title='bbox 311 3525 418 3562; x_wconf 84' lang='lat' dir='ltr'>finem</span> <span class='ocrx_word' id='word_1_442' title='bbox 439 3526 475 3562; x_wconf 90' lang='lat' dir='ltr'>in</span> <span class='ocrx_word' id='word_1_443' title='bbox 497 3529 550 3564; x_wconf 89' lang='lat' dir='ltr'>eis</span> <span class='ocrx_word' id='word_1_444' title='bbox 567 3529 652 3565; x_wconf 89' lang='lat' dir='ltr'>illud</span> <span class='ocrx_word' id='word_1_445' title='bbox 671 3531 851 3576; x_wconf 80' lang='lat' dir='ltr'>acciperet</span> <span class='ocrx_word' id='word_1_446' title='bbox 873 3532 1121 3579; x_wconf 88' lang='lat' dir='ltr'>propheticum</span> <span class='ocrx_word' id='word_1_447' title='bbox 1140 3532 1320 3578; x_wconf 88' lang='lat' dir='ltr'>eloquium</span> <span class='ocrx_word' id='word_1_448' title='bbox 1337 3544 1346 3567; x_wconf 90' lang='lat'>:</span> 
     </span>
     <span class='ocr_line' id='line_1_59' title="bbox 313 3586 1348 3634; baseline 0.008 -14"><span class='ocrx_word' id='word_1_449' title='bbox 313 3586 404 3629; x_wconf 80' lang='lat' dir='ltr'>Quid</span> <span class='ocrx_word' id='word_1_450' title='bbox 435 3588 594 3634; x_wconf 74' lang='lat' dir='ltr'>coqitatis</span> <span class='ocrx_word' id='word_1_451' title='bbox 625 3598 744 3626; x_wconf 86' lang='lat' dir='ltr'>contra</span> <span class='ocrx_word' id='word_1_452' title='bbox 773 3592 990 3628; x_wconf 88' lang='lat' dir='ltr'>Dominum?</span> <span class='ocrx_word' id='word_1_453' title='bbox 1020 3593 1348 3629; x_wconf 84' lang='lat' dir='ltr'>consummationem</span> 
     </span>
     <span class='ocr_line' id='line_1_60' title="bbox 311 3646 1351 3700; baseline 0.01 -21"><span class='ocrx_word' id='word_1_454' title='bbox 311 3646 383 3690; x_wconf 83' lang='lat' dir='ltr'>ipse</span> <span class='ocrx_word' id='word_1_455' title='bbox 407 3647 524 3691; x_wconf 80' lang='lat' dir='ltr'>saciet.</span> <span class='ocrx_word' id='word_1_456' title='bbox 561 3648 643 3686; x_wconf 79' lang='lat' dir='ltr'>Non</span> <span class='ocrx_word' id='word_1_457' title='bbox 674 3659 854 3698; x_wconf 76' lang='lat' dir='ltr'>consnrqet</span> <span class='ocrx_word' id='word_1_458' title='bbox 881 3652 1009 3699; x_wconf 79' lang='lat' dir='ltr'>duplex</span> <span class='ocrx_word' id='word_1_459' title='bbox 1034 3653 1233 3696; x_wconf 84' lang='lat' dir='ltr'>tribulatio,</span> <span class='ocrx_word' id='word_1_460' title='bbox 1268 3653 1351 3700; x_wconf 82' lang='lat' dir='ltr'>quia</span> 
     </span>
     <span class='ocr_line' id='line_1_61' title="bbox 310 3705 1352 3758; baseline 0.011 -19"><span class='ocrx_word' id='word_1_461' title='bbox 310 3705 398 3740; x_wconf 79' lang='lat' dir='ltr'>sicut</span> <span class='ocrx_word' id='word_1_462' title='bbox 421 3707 530 3743; x_wconf 77' lang='lat' dir='ltr'>svinoe</span> <span class='ocrx_word' id='word_1_463' title='bbox 553 3719 590 3745; x_wconf 82' lang='lat' dir='ltr'>se</span> <span class='ocrx_word' id='word_1_464' title='bbox 610 3710 756 3747; x_wconf 82' lang='lat' dir='ltr'>invicem</span> <span class='ocrx_word' id='word_1_465' title='bbox 778 3710 1064 3758; x_wconf 82' lang='lat' dir='ltr'>complectuntur,</span> <span class='ocrx_word' id='word_1_466' title='bbox 1088 3714 1139 3749; x_wconf 85' lang='lat' dir='ltr'>sie</span> <span class='ocrx_word' id='word_1_467' title='bbox 1161 3713 1352 3750; x_wconf 84' lang='lat' dir='ltr'>convivium</span> 
     </span>
    </p>
   </div>
   <div class='ocr_carea' id='block_1_9' title="bbox 1408 3714 2201 3764">
    <p class='ocr_par' dir='ltr' id='par_1_10' title="bbox 1408 3714 2201 3764">
     <span class='ocr_line' id='line_1_62' title="bbox 1408 3714 2201 3764; baseline 0.003 -12"><span class='ocrx_word' id='word_1_468' title='bbox 1408 3723 1516 3752; x_wconf 72' lang='lat' dir='ltr'>nens</span> <span class='ocrx_word' id='word_1_469' title='bbox 1530 3741 1540 3758; x_wconf 92' lang='lat'>,</span> <span class='ocrx_word' id='word_1_470' title='bbox 1577 3723 1683 3760; x_wconf 86' lang='lat' dir='ltr'>quam</span> <span class='ocrx_word' id='word_1_471' title='bbox 1715 3714 1841 3752; x_wconf 89' lang='lat' dir='ltr'>hanc:</span> <span class='ocrx_word' id='word_1_472' title='bbox 1874 3715 2132 3764; x_wconf 80' lang='lat' dir='ltr'>Immittatnque</span> <span class='ocrx_word' id='word_1_473' title='bbox 2163 3718 2201 3754; x_wconf 89' lang='lat' dir='ltr'>in</span> 
     </span>
    </p>
   </div>
   <div class='ocr_carea' id='block_1_10' title="bbox 1417 288 2470 1051">
    <p class='ocr_par' dir='ltr' id='par_1_11' title="bbox 1417 288 2470 1051">
     <span class='ocr_line' id='line_1_63' title="bbox 1420 288 2465 335; baseline 0.004 -12"><span class='ocrx_word' id='word_1_474' title='bbox 1420 288 1584 324; x_wconf 87' lang='lat' dir='ltr'>ariditate</span> <span class='ocrx_word' id='word_1_475' title='bbox 1609 289 1711 335; x_wconf 86' lang='lat' dir='ltr'>plena</span> <span class='ocrx_word' id='word_1_476' title='bbox 1735 300 1778 325; x_wconf 75' lang='lat' dir='ltr'>ex</span> <span class='ocrx_word' id='word_1_477' title='bbox 1803 294 1835 324; x_wconf 91' lang='lat' dir='ltr'>te</span> <span class='ocrx_word' id='word_1_478' title='bbox 1860 289 1985 331; x_wconf 78' lang='lat' dir='ltr'>exivit,</span> <span class='ocrx_word' id='word_1_479' title='bbox 2017 288 2171 334; x_wconf 71' lang='lat' dir='ltr'>coqitans</span> <span class='ocrx_word' id='word_1_480' title='bbox 2198 294 2320 324; x_wconf 85' lang='lat' dir='ltr'>contra</span> <span class='ocrx_word' id='word_1_481' title='bbox 2342 289 2465 326; x_wconf 86' lang='lat' dir='ltr'>Domi-</span> 
     </span>
     <span class='ocr_line' id='line_1_64' title="bbox 1420 339 2465 395; baseline 0.002 -11"><span class='ocrx_word' id='word_1_482' title='bbox 1420 359 1503 384; x_wconf 86' lang='lat' dir='ltr'>num</span> <span class='ocrx_word' id='word_1_483' title='bbox 1532 339 1726 392; x_wconf 77' lang='lat' dir='ltr'>malitiam,</span> <span class='ocrx_word' id='word_1_484' title='bbox 1758 354 1870 384; x_wconf 90' lang='lat' dir='ltr'>mente</span> <span class='ocrx_word' id='word_1_485' title='bbox 1900 353 2115 395; x_wconf 86' lang='lat' dir='ltr'>pertractans</span> <span class='ocrx_word' id='word_1_486' title='bbox 2146 348 2465 393; x_wconf 77' lang='lat' dir='ltr'>proevaricattonem</span> 
     </span>
     <span class='ocr_line' id='line_1_65' title="bbox 1419 405 2466 454; baseline 0 -11"><span class='ocrx_word' id='word_1_487' title='bbox 1419 407 1592 454; x_wconf 82' lang='lat' dir='ltr'>(Nahum.</span> <span class='ocrx_word' id='word_1_488' title='bbox 1612 406 1653 454; x_wconf 90' lang='lat'>1).</span> <span class='ocrx_word' id='word_1_489' title='bbox 1672 407 1702 442; x_wconf 89' lang='lat' dir='ltr'>A</span> <span class='ocrx_word' id='word_1_490' title='bbox 1722 417 1793 453; x_wconf 89' lang='lat' dir='ltr'>quo</span> <span class='ocrx_word' id='word_1_491' title='bbox 1809 412 1929 443; x_wconf 87' lang='lat' dir='ltr'>autem</span> <span class='ocrx_word' id='word_1_492' title='bbox 1945 406 2114 453; x_wconf 83' lang='lat' dir='ltr'>cogitatio</span> <span class='ocrx_word' id='word_1_493' title='bbox 2130 410 2256 442; x_wconf 88' lang='lat' dir='ltr'>contra</span> <span class='ocrx_word' id='word_1_494' title='bbox 2272 405 2466 443; x_wconf 87' lang='lat' dir='ltr'>Dominum</span> 
     </span>
     <span class='ocr_line' id='line_1_66' title="bbox 1419 466 2466 513; baseline 0.002 -11"><span class='ocrx_word' id='word_1_495' title='bbox 1419 476 1564 513; x_wconf 89' lang='lat' dir='ltr'>egressa</span> <span class='ocrx_word' id='word_1_496' title='bbox 1591 472 1646 503; x_wconf 90' lang='lat' dir='ltr'>est</span> <span class='ocrx_word' id='word_1_497' title='bbox 1676 467 1770 502; x_wconf 86' lang='lat' dir='ltr'>mala</span> <span class='ocrx_word' id='word_1_498' title='bbox 1797 466 1980 513; x_wconf 87' lang='lat' dir='ltr'>cogitans,</span> <span class='ocrx_word' id='word_1_499' title='bbox 2008 472 2046 503; x_wconf 91' lang='lat' dir='ltr'>et</span> <span class='ocrx_word' id='word_1_500' title='bbox 2070 467 2252 503; x_wconf 88' lang='lat' dir='ltr'>contraria</span> <span class='ocrx_word' id='word_1_501' title='bbox 2277 466 2466 512; x_wconf 80' lang='lat' dir='ltr'>praeceptis</span> 
     </span>
     <span class='ocr_line' id='line_1_67' title="bbox 1418 525 2463 573; baseline 0.002 -11"><span class='ocrx_word' id='word_1_502' title='bbox 1418 525 1508 571; x_wconf 84' lang='lat' dir='ltr'>ejus,</span> <span class='ocrx_word' id='word_1_503' title='bbox 1524 527 1595 563; x_wconf 88' lang='lat' dir='ltr'>nisi</span> <span class='ocrx_word' id='word_1_504' title='bbox 1609 537 1630 562; x_wconf 89' lang='lat' dir='ltr'>a</span> <span class='ocrx_word' id='word_1_505' title='bbox 1643 526 1773 572; x_wconf 89' lang='lat' dir='ltr'>populo</span> <span class='ocrx_word' id='word_1_506' title='bbox 1786 525 2015 562; x_wconf 76' lang='lat' dir='ltr'>ludaeorum?</span> <span class='ocrx_word' id='word_1_507' title='bbox 2032 527 2076 562; x_wconf 89' lang='lat' dir='ltr'>de</span> <span class='ocrx_word' id='word_1_508' title='bbox 2089 537 2160 573; x_wconf 89' lang='lat' dir='ltr'>quo</span> <span class='ocrx_word' id='word_1_509' title='bbox 2173 527 2285 563; x_wconf 90' lang='lat' dir='ltr'>lsaias</span> <span class='ocrx_word' id='word_1_510' title='bbox 2299 527 2463 564; x_wconf 88' lang='lat' dir='ltr'>dicebat:</span> 
     </span>
     <span class='ocr_line' id='line_1_68' title="bbox 1423 585 2468 632; baseline 0.002 -10"><span class='ocrx_word' id='word_1_511' title='bbox 1423 587 1485 622; x_wconf 79' lang='lat' dir='ltr'>Voe</span> <span class='ocrx_word' id='word_1_512' title='bbox 1502 586 1587 629; x_wconf 84' lang='lat' dir='ltr'>illis,</span> <span class='ocrx_word' id='word_1_513' title='bbox 1617 586 1700 632; x_wconf 87' lang='lat' dir='ltr'>quia</span> <span class='ocrx_word' id='word_1_514' title='bbox 1724 585 1908 620; x_wconf 86' lang='lat' dir='ltr'>consilium</span> <span class='ocrx_word' id='word_1_515' title='bbox 1927 585 2078 632; x_wconf 63' lang='lat' dir='ltr'>cogitant</span> <span class='ocrx_word' id='word_1_516' title='bbox 2102 585 2235 621; x_wconf 88' lang='lat' dir='ltr'>malum</span> <span class='ocrx_word' id='word_1_517' title='bbox 2264 592 2387 624; x_wconf 84' lang='lat' dir='ltr'>contra</span> <span class='ocrx_word' id='word_1_518' title='bbox 2414 599 2468 624; x_wconf 87' lang='lat' dir='ltr'>se-</span> 
     </span>
     <span class='ocr_line' id='line_1_69' title="bbox 1418 643 2468 693; baseline 0.002 -13"><span class='ocrx_word' id='word_1_519' title='bbox 1418 646 1582 691; x_wconf 87' lang='lat' dir='ltr'>metipsos</span> <span class='ocrx_word' id='word_1_520' title='bbox 1600 645 1776 680; x_wconf 88' lang='lat' dir='ltr'>dicentes:</span> <span class='ocrx_word' id='word_1_521' title='bbox 1796 643 2116 680; x_wconf 73' lang='lat' dir='ltr'>circumveniamus</span> <span class='ocrx_word' id='word_1_522' title='bbox 2133 645 2289 691; x_wconf 80' lang='lat' dir='ltr'>justum,</span> <span class='ocrx_word' id='word_1_523' title='bbox 2310 646 2392 693; x_wconf 90' lang='lat' dir='ltr'>quia</span> <span class='ocrx_word' id='word_1_524' title='bbox 2410 647 2468 683; x_wconf 88' lang='lat' dir='ltr'>in-</span> 
     </span>
     <span class='ocr_line' id='line_1_70' title="bbox 1419 703 2468 751; baseline 0.002 -11"><span class='ocrx_word' id='word_1_525' title='bbox 1419 704 1514 740; x_wconf 88' lang='lat' dir='ltr'>utilis</span> <span class='ocrx_word' id='word_1_526' title='bbox 1535 710 1585 740; x_wconf 89' lang='lat' dir='ltr'>est</span> <span class='ocrx_word' id='word_1_527' title='bbox 1605 704 1723 747; x_wconf 85' lang='lat' dir='ltr'>nobis;</span> <span class='ocrx_word' id='word_1_528' title='bbox 1751 704 1886 748; x_wconf 74' lang='lat' dir='ltr'>fructus</span> <span class='ocrx_word' id='word_1_529' title='bbox 1914 715 1995 751; x_wconf 76' lang='lat' dir='ltr'>erqo</span> <span class='ocrx_word' id='word_1_530' title='bbox 2015 703 2172 740; x_wconf 89' lang='lat' dir='ltr'>laborum</span> <span class='ocrx_word' id='word_1_531' title='bbox 2199 716 2343 740; x_wconf 92' lang='lat' dir='ltr'>suorum</span> <span class='ocrx_word' id='word_1_532' title='bbox 2367 717 2468 742; x_wconf 88' lang='lat' dir='ltr'>man-</span> 
     </span>
     <span class='ocr_line' id='line_1_71' title="bbox 1418 764 2467 814; baseline 0.003 -14"><span class='ocrx_word' id='word_1_533' title='bbox 1418 765 1593 800; x_wconf 86' lang='lat' dir='ltr'>ducabunt</span> <span class='ocrx_word' id='word_1_534' title='bbox 1613 764 1702 811; x_wconf 89' lang='lat' dir='ltr'>(Isa.</span> <span class='ocrx_word' id='word_1_535' title='bbox 1720 764 1790 811; x_wconf 89' lang='grc' dir='ltr'><strong>ιιι).</strong></span> <span class='ocrx_word' id='word_1_536' title='bbox 1813 764 1901 812; x_wconf 84' lang='grc' dir='ltr'><strong>[ΑΙ.,</strong></span> <span class='ocrx_word' id='word_1_537' title='bbox 1926 764 1987 800; x_wconf 81' lang='lat' dir='ltr'>Vte</span> <span class='ocrx_word' id='word_1_538' title='bbox 2006 765 2132 801; x_wconf 85' lang='lat' dir='ltr'>animoe</span> <span class='ocrx_word' id='word_1_539' title='bbox 2150 776 2283 809; x_wconf 89' lang='lat' dir='ltr'>eorum,</span> <span class='ocrx_word' id='word_1_540' title='bbox 2301 768 2467 814; x_wconf 87' lang='lat' dir='ltr'>quoniam</span> 
     </span>
     <span class='ocr_line' id='line_1_72' title="bbox 1419 824 2466 873; baseline 0.004 -13"><span class='ocrx_word' id='word_1_541' title='bbox 1419 825 1554 861; x_wconf 88' lang='lat' dir='ltr'>reddita</span> <span class='ocrx_word' id='word_1_542' title='bbox 1580 832 1629 861; x_wconf 85' lang='lat' dir='ltr'>est</span> <span class='ocrx_word' id='word_1_543' title='bbox 1660 825 1708 860; x_wconf 85' lang='lat' dir='ltr'>eis</span> <span class='ocrx_word' id='word_1_544' title='bbox 1740 824 1849 860; x_wconf 87' lang='lat' dir='ltr'>mala.</span> <span class='ocrx_word' id='word_1_545' title='bbox 1882 825 1996 861; x_wconf 87' lang='lat' dir='ltr'>Dicite</span> <span class='ocrx_word' id='word_1_546' title='bbox 2020 825 2132 872; x_wconf 86' lang='lat' dir='ltr'>justo,</span> <span class='ocrx_word' id='word_1_547' title='bbox 2163 827 2327 873; x_wconf 89' lang='lat' dir='ltr'>quoniam</span> <span class='ocrx_word' id='word_1_548' title='bbox 2353 828 2466 872; x_wconf 84' lang='lat' dir='ltr'>bonae,</span> 
     </span>
     <span class='ocr_line' id='line_1_73' title="bbox 1417 885 2467 935; baseline 0.002 -14"><span class='ocrx_word' id='word_1_549' title='bbox 1417 886 1582 931; x_wconf 87' lang='lat' dir='ltr'>quoniam</span> <span class='ocrx_word' id='word_1_550' title='bbox 1606 886 1763 932; x_wconf 72' lang='lat' dir='ltr'>fructum</span> <span class='ocrx_word' id='word_1_551' title='bbox 1789 885 2073 921; x_wconf 88' lang='lat' dir='ltr'>adinventionum</span> <span class='ocrx_word' id='word_1_552' title='bbox 2106 896 2252 921; x_wconf 85' lang='lat' dir='ltr'>suarum</span> <span class='ocrx_word' id='word_1_553' title='bbox 2284 887 2467 935; x_wconf 66' lang='lat' dir='ltr'>comedet]</span> 
     </span>
     <span class='ocr_line' id='line_1_74' title="bbox 1418 947 2470 995; baseline 0.002 -12"><span class='ocrx_word' id='word_1_554' title='bbox 1418 947 1566 984; x_wconf 87' lang='lat' dir='ltr'>Intende</span> <span class='ocrx_word' id='word_1_555' title='bbox 1593 952 1713 983; x_wconf 88' lang='lat' dir='ltr'>autem</span> <span class='ocrx_word' id='word_1_556' title='bbox 1745 947 1937 991; x_wconf 87' lang='lat' dir='ltr'>ordinem,</span> <span class='ocrx_word' id='word_1_557' title='bbox 1973 947 2185 993; x_wconf 80' lang='lat' dir='ltr'>quo,utitur</span> <span class='ocrx_word' id='word_1_558' title='bbox 2211 947 2394 995; x_wconf 86' lang='lat' dir='ltr'>legislator</span> <span class='ocrx_word' id='word_1_559' title='bbox 2424 949 2470 985; x_wconf 86' lang='lat' dir='ltr'>ad</span> 
     </span>
     <span class='ocr_line' id='line_1_75' title="bbox 1418 1006 2468 1051; baseline -0.001 -7"><span class='ocrx_word' id='word_1_560' title='bbox 1418 1007 1735 1044; x_wconf 88' lang='lat' dir='ltr'>comminationem</span> <span class='ocrx_word' id='word_1_561' title='bbox 1751 1018 1760 1042; x_wconf 82' lang='lat' dir='ltr'><strong><em>z</em></strong></span> <span class='ocrx_word' id='word_1_562' title='bbox 1784 1006 1849 1042; x_wconf 89' lang='lat' dir='ltr'>Sin</span> <span class='ocrx_word' id='word_1_563' title='bbox 1867 1012 1983 1042; x_wconf 89' lang='lat' dir='ltr'>autem</span> <span class='ocrx_word' id='word_1_564' title='bbox 2003 1018 2064 1042; x_wconf 89' lang='lat' dir='ltr'>nec</span> <span class='ocrx_word' id='word_1_565' title='bbox 2083 1007 2133 1042; x_wconf 86' lang='lat' dir='ltr'>sic</span> <span class='ocrx_word' id='word_1_566' title='bbox 2151 1007 2347 1044; x_wconf 87' lang='lat' dir='ltr'>obedieritis</span> <span class='ocrx_word' id='word_1_567' title='bbox 2366 1008 2468 1051; x_wconf 73' lang='lat' dir='ltr'>milti,</span> 
     </span>
    </p>
   </div>
   <div class='ocr_carea' id='block_1_11' title="bbox 301 1066 2534 1182">
    <p class='ocr_par' dir='ltr' id='par_1_12' title="bbox 301 1066 2534 1182">
     <span class='ocr_line' id='line_1_76' title="bbox 1420 1066 2525 1114; baseline 0.001 -12"><span class='ocrx_word' id='word_1_568' title='bbox 1420 1066 1549 1102; x_wconf 89' lang='lat' dir='ltr'>addam</span> <span class='ocrx_word' id='word_1_569' title='bbox 1562 1067 1792 1113; x_wconf 88' lang='lat' dir='ltr'>correptiones</span> <span class='ocrx_word' id='word_1_570' title='bbox 1808 1072 1940 1102; x_wconf 87' lang='lat' dir='ltr'>vestras</span> <span class='ocrx_word' id='word_1_571' title='bbox 1957 1066 2163 1112; x_wconf 84' lang='lat' dir='ltr'>septuplum,</span> <span class='ocrx_word' id='word_1_572' title='bbox 2177 1072 2317 1112; x_wconf 88' lang='lat' dir='ltr'>propter</span> <span class='ocrx_word' id='word_1_573' title='bbox 2329 1073 2471 1114; x_wconf 81' lang='lat' dir='ltr'>peccata</span> <span class='ocrx_word' id='word_1_574' title='bbox 2516 1086 2525 1114; x_wconf 55' lang='grc' dir='ltr'><em>γ</em></span> 
     </span>
     <span class='ocr_line' id='line_1_77' title="bbox 301 1124 2534 1182; baseline -0.003 -12"><span class='ocrx_word' id='word_1_575' title='bbox 301 1136 423 1182; x_wconf 82' lang='lat' dir='ltr'>ptaqas</span> <span class='ocrx_word' id='word_1_576' title='bbox 437 1141 566 1170; x_wconf 81' lang='lat' dir='ltr'>vestras</span> <span class='ocrx_word' id='word_1_577' title='bbox 583 1143 691 1179; x_wconf 85' lang='lat' dir='ltr'>usque</span> <span class='ocrx_word' id='word_1_578' title='bbox 705 1130 898 1177; x_wconf 87' lang='lat' dir='ltr'>septuplum</span> <span class='ocrx_word' id='word_1_579' title='bbox 913 1135 1052 1176; x_wconf 87' lang='lat' dir='ltr'>propter</span> <span class='ocrx_word' id='word_1_580' title='bbox 1069 1135 1208 1175; x_wconf 88' lang='lat' dir='ltr'>peccata</span> <span class='ocrx_word' id='word_1_581' title='bbox 1222 1133 1346 1169; x_wconf 88' lang='lat' dir='ltr'>vestra,</span> <span class='ocrx_word' id='word_1_582' title='bbox 1369 1124 1399 1163; x_wconf 92' lang='lat' dir='ltr'>B</span> <span class='ocrx_word' id='word_1_583' title='bbox 1419 1134 1530 1163; x_wconf 88' lang='lat' dir='ltr'>vestra</span> <span class='ocrx_word' id='word_1_584' title='bbox 1538 1139 1551 1170; x_wconf 92' lang='lat'><strong><em>;</em></strong></span> <span class='ocrx_word' id='word_1_585' title='bbox 1576 1127 1808 1174; x_wconf 81' lang='lat' dir='ltr'>Septuaginta</span> <span class='ocrx_word' id='word_1_586' title='bbox 1835 1132 1956 1163; x_wconf 86' lang='lat' dir='ltr'>autem</span> <span class='ocrx_word' id='word_1_587' title='bbox 1975 1127 2163 1163; x_wconf 88' lang='lat' dir='ltr'>ediderunt</span> <span class='ocrx_word' id='word_1_588' title='bbox 2191 1139 2200 1162; x_wconf 73' lang='grc' dir='ltr'><strong>ε</strong></span> <span class='ocrx_word' id='word_1_589' title='bbox 2225 1126 2266 1164; x_wconf 86' lang='lat' dir='ltr'>Si</span> <span class='ocrx_word' id='word_1_590' title='bbox 2291 1139 2398 1175; x_wconf 88' lang='lat' dir='ltr'>usque</span> <span class='ocrx_word' id='word_1_591' title='bbox 2423 1128 2470 1164; x_wconf 89' lang='lat' dir='ltr'>ad</span> <span class='ocrx_word' id='word_1_592' title='bbox 2527 1149 2534 1163; x_wconf 87' lang='lat'>.·</span> 
     </span>
    </p>
   </div>
   <div class='ocr_carea' id='block_1_12' title="bbox 1419 1188 2517 1843">
    <p class='ocr_par' dir='ltr' id='par_1_13' title="bbox 1419 1188 2517 1843">
     <span class='ocr_line' id='line_1_78' title="bbox 1419 1188 2471 1235; baseline 0.003 -12"><span class='ocrx_word' id='word_1_593' title='bbox 1419 1188 1493 1223; x_wconf 73' lang='lat' dir='ltr'>lioec</span> <span class='ocrx_word' id='word_1_594' title='bbox 1512 1199 1580 1223; x_wconf 86' lang='lat' dir='ltr'>non</span> <span class='ocrx_word' id='word_1_595' title='bbox 1597 1188 1779 1223; x_wconf 84' lang='lat' dir='ltr'>audieritis</span> <span class='ocrx_word' id='word_1_596' title='bbox 1797 1199 1862 1230; x_wconf 86' lang='lat' dir='ltr'>me,</span> <span class='ocrx_word' id='word_1_597' title='bbox 1882 1198 1997 1234; x_wconf 90' lang='lat' dir='ltr'>usque</span> <span class='ocrx_word' id='word_1_598' title='bbox 2013 1188 2057 1224; x_wconf 92' lang='lat' dir='ltr'>ad</span> <span class='ocrx_word' id='word_1_599' title='bbox 2077 1189 2146 1224; x_wconf 91' lang='lat' dir='ltr'>hoe</span> <span class='ocrx_word' id='word_1_600' title='bbox 2163 1189 2207 1225; x_wconf 92' lang='lat' dir='ltr'>ad</span> <span class='ocrx_word' id='word_1_601' title='bbox 2225 1190 2321 1234; x_wconf 90' lang='lat' dir='ltr'>quod</span> <span class='ocrx_word' id='word_1_602' title='bbox 2337 1199 2471 1235; x_wconf 82' lang='lat' dir='ltr'>praece-</span> 
     </span>
     <span class='ocr_line' id='line_1_79' title="bbox 1420 1248 2468 1295; baseline -0.001 -9"><span class='ocrx_word' id='word_1_603' title='bbox 1420 1249 1540 1286; x_wconf 90' lang='lat' dir='ltr'>dentia</span> <span class='ocrx_word' id='word_1_604' title='bbox 1554 1248 1804 1291; x_wconf 90' lang='lat' dir='ltr'>ostenderunt,</span> <span class='ocrx_word' id='word_1_605' title='bbox 1819 1248 1879 1285; x_wconf 92' lang='lat' dir='ltr'>ubi</span> <span class='ocrx_word' id='word_1_606' title='bbox 1893 1254 2090 1295; x_wconf 84' lang='lat' dir='ltr'>egestatem</span> <span class='ocrx_word' id='word_1_607' title='bbox 2106 1249 2342 1294; x_wconf 88' lang='lat' dir='ltr'>ardoremque</span> <span class='ocrx_word' id='word_1_608' title='bbox 2357 1248 2468 1285; x_wconf 82' lang='lat' dir='ltr'>dixit:</span> 
     </span>
     <span class='ocr_line' id='line_1_80' title="bbox 1419 1310 2470 1357; baseline 0.001 -12"><span class='ocrx_word' id='word_1_609' title='bbox 1419 1320 1499 1356; x_wconf 77' lang='lat' dir='ltr'>quae</span> <span class='ocrx_word' id='word_1_610' title='bbox 1515 1310 1695 1356; x_wconf 89' lang='lat' dir='ltr'>quomodo</span> <span class='ocrx_word' id='word_1_611' title='bbox 1713 1315 1878 1355; x_wconf 87' lang='lat' dir='ltr'>oporteat</span> <span class='ocrx_word' id='word_1_612' title='bbox 1895 1310 2030 1356; x_wconf 85' lang='lat' dir='ltr'>accipi,</span> <span class='ocrx_word' id='word_1_613' title='bbox 2051 1310 2087 1346; x_wconf 93' lang='lat' dir='ltr'>in</span> <span class='ocrx_word' id='word_1_614' title='bbox 2106 1310 2391 1357; x_wconf 79' lang='lat' dir='ltr'>praecedentibus</span> <span class='ocrx_word' id='word_1_615' title='bbox 2408 1321 2470 1347; x_wconf 87' lang='lat' dir='ltr'>ex-</span> 
     </span>
     <span class='ocr_line' id='line_1_81' title="bbox 1419 1369 2471 1416; baseline 0.002 -10"><span class='ocrx_word' id='word_1_616' title='bbox 1419 1371 1620 1416; x_wconf 91' lang='lat' dir='ltr'>posuimus.</span> <span class='ocrx_word' id='word_1_617' title='bbox 1655 1369 1694 1405; x_wconf 89' lang='lat' dir='ltr'>Si</span> <span class='ocrx_word' id='word_1_618' title='bbox 1715 1380 1799 1416; x_wconf 84' lang='lat' dir='ltr'>ergo</span> <span class='ocrx_word' id='word_1_619' title='bbox 1816 1380 1930 1415; x_wconf 89' lang='lat' dir='ltr'>usque</span> <span class='ocrx_word' id='word_1_620' title='bbox 1954 1370 1998 1406; x_wconf 86' lang='lat' dir='ltr'>ad</span> <span class='ocrx_word' id='word_1_621' title='bbox 2022 1372 2091 1407; x_wconf 88' lang='lat' dir='ltr'>hoc</span> <span class='ocrx_word' id='word_1_622' title='bbox 2110 1371 2356 1408; x_wconf 88' lang='lat' dir='ltr'>inobedientes</span> <span class='ocrx_word' id='word_1_623' title='bbox 2391 1371 2471 1408; x_wconf 85' lang='lat' dir='ltr'>sue-</span> 
     </span>
     <span class='ocr_line' id='line_1_82' title="bbox 1420 1431 2468 1477; baseline 0.004 -12"><span class='ocrx_word' id='word_1_624' title='bbox 1420 1431 1512 1473; x_wconf 91' lang='lat' dir='ltr'>rint,</span> <span class='ocrx_word' id='word_1_625' title='bbox 1539 1435 1579 1465; x_wconf 90' lang='lat' dir='ltr'>ut</span> <span class='ocrx_word' id='word_1_626' title='bbox 1604 1440 1722 1476; x_wconf 89' lang='lat' dir='ltr'>neque</span> <span class='ocrx_word' id='word_1_627' title='bbox 1747 1441 1791 1466; x_wconf 88' lang='lat' dir='ltr'>ex</span> <span class='ocrx_word' id='word_1_628' title='bbox 1817 1431 1875 1466; x_wconf 91' lang='lat' dir='ltr'>his</span> <span class='ocrx_word' id='word_1_629' title='bbox 1895 1441 1973 1476; x_wconf 84' lang='lat' dir='ltr'>quae</span> <span class='ocrx_word' id='word_1_630' title='bbox 1991 1431 2084 1467; x_wconf 91' lang='lat' dir='ltr'>dicta</span> <span class='ocrx_word' id='word_1_631' title='bbox 2111 1437 2195 1468; x_wconf 90' lang='lat' dir='ltr'>sunt</span> <span class='ocrx_word' id='word_1_632' title='bbox 2219 1433 2468 1477; x_wconf 79' lang='lat' dir='ltr'>emendentur,</span> 
     </span>
     <span class='ocr_line' id='line_1_83' title="bbox 1422 1491 2472 1538; baseline 0.004 -12"><span class='ocrx_word' id='word_1_633' title='bbox 1422 1491 1554 1536; x_wconf 87' lang='lat' dir='ltr'>septies</span> <span class='ocrx_word' id='word_1_634' title='bbox 1576 1491 1656 1526; x_wconf 89' lang='lat' dir='ltr'>illos</span> <span class='ocrx_word' id='word_1_635' title='bbox 1674 1491 1765 1526; x_wconf 89' lang='lat' dir='ltr'>dixit</span> <span class='ocrx_word' id='word_1_636' title='bbox 1784 1491 1937 1536; x_wconf 88' lang='lat' dir='ltr'>corripi,</span> <span class='ocrx_word' id='word_1_637' title='bbox 1966 1491 2000 1526; x_wconf 89' lang='lat' dir='ltr'>id</span> <span class='ocrx_word' id='word_1_638' title='bbox 2028 1497 2100 1534; x_wconf 89' lang='lat' dir='ltr'>est,</span> <span class='ocrx_word' id='word_1_639' title='bbox 2127 1492 2326 1538; x_wconf 79' lang='lat' dir='ltr'>perfectam</span> <span class='ocrx_word' id='word_1_640' title='bbox 2350 1504 2472 1530; x_wconf 84' lang='lat' dir='ltr'>corre·</span> 
     </span>
     <span class='ocr_line' id='line_1_84' title="bbox 1420 1550 2470 1596; baseline 0.005 -11"><span class='ocrx_word' id='word_1_641' title='bbox 1420 1550 1579 1596; x_wconf 81' lang='lat' dir='ltr'>ptionem</span> <span class='ocrx_word' id='word_1_642' title='bbox 1601 1551 1637 1586; x_wconf 94' lang='lat' dir='ltr'>in</span> <span class='ocrx_word' id='word_1_643' title='bbox 1661 1551 1819 1596; x_wconf 87' lang='lat' dir='ltr'>peccatis</span> <span class='ocrx_word' id='word_1_644' title='bbox 1838 1560 1962 1587; x_wconf 89' lang='lat' dir='ltr'>eorum</span> <span class='ocrx_word' id='word_1_645' title='bbox 1993 1551 2150 1588; x_wconf 87' lang='lat' dir='ltr'>evenire.</span> <span class='ocrx_word' id='word_1_646' title='bbox 2186 1552 2321 1596; x_wconf 80' lang='lat' dir='ltr'>Quibus</span> <span class='ocrx_word' id='word_1_647' title='bbox 2351 1559 2470 1590; x_wconf 85' lang='lat' dir='ltr'>autem</span> 
     </span>
     <span class='ocr_line' id='line_1_85' title="bbox 1424 1611 2470 1661; baseline 0.003 -13"><span class='ocrx_word' id='word_1_648' title='bbox 1424 1622 1493 1648; x_wconf 91' lang='lat' dir='ltr'>non</span> <span class='ocrx_word' id='word_1_649' title='bbox 1513 1611 1621 1654; x_wconf 91' lang='lat' dir='ltr'>dicit,</span> <span class='ocrx_word' id='word_1_650' title='bbox 1646 1616 1686 1646; x_wconf 91' lang='lat' dir='ltr'>ut</span> <span class='ocrx_word' id='word_1_651' title='bbox 1707 1621 1830 1647; x_wconf 89' lang='lat' dir='ltr'>eorum</span> <span class='ocrx_word' id='word_1_652' title='bbox 1848 1618 1995 1658; x_wconf 88' lang='lat' dir='ltr'>peccata</span> <span class='ocrx_word' id='word_1_653' title='bbox 2014 1613 2083 1649; x_wconf 88' lang='lat' dir='ltr'>hoe</span> <span class='ocrx_word' id='word_1_654' title='bbox 2102 1613 2219 1659; x_wconf 89' lang='lat' dir='ltr'>ipsum</span> <span class='ocrx_word' id='word_1_655' title='bbox 2233 1641 2242 1658; x_wconf 95' lang='lat'>,</span> <span class='ocrx_word' id='word_1_656' title='bbox 2275 1615 2370 1661; x_wconf 87' lang='lat' dir='ltr'>quod</span> <span class='ocrx_word' id='word_1_657' title='bbox 2397 1625 2470 1651; x_wconf 92' lang='lat' dir='ltr'>non</span> 
     </span>
     <span class='ocr_line' id='line_1_86' title="bbox 1422 1674 2472 1722; baseline 0.002 -12"><span class='ocrx_word' id='word_1_658' title='bbox 1422 1674 1599 1710; x_wconf 87' lang='lat' dir='ltr'>emendati</span> <span class='ocrx_word' id='word_1_659' title='bbox 1630 1678 1713 1709; x_wconf 91' lang='lat' dir='ltr'>sunt</span> <span class='ocrx_word' id='word_1_660' title='bbox 1742 1684 1787 1709; x_wconf 83' lang='lat' dir='ltr'>ex</span> <span class='ocrx_word' id='word_1_661' title='bbox 1815 1674 1996 1719; x_wconf 81' lang='lat' dir='ltr'>praedictis</span> <span class='ocrx_word' id='word_1_662' title='bbox 2020 1674 2274 1720; x_wconf 83' lang='lat' dir='ltr'>intelligamus.</span> <span class='ocrx_word' id='word_1_663' title='bbox 2307 1675 2352 1711; x_wconf 84' lang='lat' dir='ltr'>Et</span> <span class='ocrx_word' id='word_1_664' title='bbox 2376 1677 2472 1722; x_wconf 93' lang='lat' dir='ltr'>quod</span> 
     </span>
     <span class='ocr_line' id='line_1_87' title="bbox 1422 1733 2517 1781; baseline 0.003 -12"><span class='ocrx_word' id='word_1_665' title='bbox 1422 1734 1558 1769; x_wconf 86' lang='lat' dir='ltr'>addidit</span> <span class='ocrx_word' id='word_1_666' title='bbox 1576 1745 1583 1767; x_wconf 92' lang='lat'>:</span> <span class='ocrx_word' id='word_1_667' title='bbox 1611 1733 1657 1768; x_wconf 89' lang='lat' dir='ltr'>Et</span> <span class='ocrx_word' id='word_1_668' title='bbox 1676 1739 1850 1768; x_wconf 86' lang='lat' dir='ltr'>conteram</span> <span class='ocrx_word' id='word_1_669' title='bbox 1871 1734 2037 1769; x_wconf 87' lang='lat' dir='ltr'>duritiam</span> <span class='ocrx_word' id='word_1_670' title='bbox 2056 1735 2225 1781; x_wconf 66' lang='lat' dir='ltr'>superbire</span> <span class='ocrx_word' id='word_1_671' title='bbox 2242 1742 2374 1779; x_wconf 74' lang='lat' dir='ltr'>vestrm,</span> <span class='ocrx_word' id='word_1_672' title='bbox 2399 1746 2470 1772; x_wconf 92' lang='lat' dir='ltr'>non</span> <span class='ocrx_word' id='word_1_673' title='bbox 2514 1751 2517 1754; x_wconf 92' lang='lat'>·</span> 
     </span>
     <span class='ocr_line' id='line_1_88' title="bbox 1421 1795 2472 1843; baseline 0.002 -12"><span class='ocrx_word' id='word_1_674' title='bbox 1421 1795 1613 1831; x_wconf 79' lang='lat' dir='ltr'>voluerunt</span> <span class='ocrx_word' id='word_1_675' title='bbox 1629 1795 1723 1831; x_wconf 88' lang='lat' dir='ltr'>enim</span> <span class='ocrx_word' id='word_1_676' title='bbox 1743 1795 1877 1832; x_wconf 88' lang='lat' dir='ltr'>Christi</span> <span class='ocrx_word' id='word_1_677' title='bbox 1901 1795 2104 1831; x_wconf 88' lang='lat' dir='ltr'>libertatem</span> <span class='ocrx_word' id='word_1_678' title='bbox 2131 1796 2328 1843; x_wconf 89' lang='lat' dir='ltr'>suscipere,</span> <span class='ocrx_word' id='word_1_679' title='bbox 2351 1797 2472 1833; x_wconf 87' lang='lat' dir='ltr'>diceu-</span> 
     </span>
    </p>
   </div>
   <div class='ocr_carea' id='block_1_13' title="bbox 1423 1855 2536 1898">
    <p class='ocr_par' dir='ltr' id='par_1_14' title="bbox 1423 1855 2536 1898">
     <span class='ocr_line' id='line_1_89' title="bbox 1423 1855 2536 1898; baseline 0.001 -6"><span class='ocrx_word' id='word_1_680' title='bbox 1423 1862 1502 1894; x_wconf 88' lang='lat' dir='ltr'>tes:</span> <span class='ocrx_word' id='word_1_681' title='bbox 1527 1855 1652 1893; x_wconf 88' lang='lat' dir='ltr'>Semen</span> <span class='ocrx_word' id='word_1_682' title='bbox 1674 1856 1823 1892; x_wconf 79' lang='lat' dir='ltr'>Abraboe</span> <span class='ocrx_word' id='word_1_683' title='bbox 1849 1867 1989 1898; x_wconf 87' lang='lat' dir='ltr'>sumus,</span> <span class='ocrx_word' id='word_1_684' title='bbox 2017 1862 2048 1891; x_wconf 91' lang='lat' dir='ltr'>et</span> <span class='ocrx_word' id='word_1_685' title='bbox 2074 1856 2162 1892; x_wconf 87' lang='lat' dir='ltr'>nulli</span> <span class='ocrx_word' id='word_1_686' title='bbox 2184 1858 2384 1892; x_wconf 88' lang='lat' dir='ltr'>servivimus</span> <span class='ocrx_word' id='word_1_687' title='bbox 2405 1868 2471 1893; x_wconf 86' lang='lat' dir='ltr'>un·</span> <span class='ocrx_word' id='word_1_688' title='bbox 2530 1867 2536 1872; x_wconf 93' lang='grc'><em>·</em></span> 
     </span>
    </p>
   </div>
   <div class='ocr_carea' id='block_1_14' title="bbox 1421 1916 2473 3109">
    <p class='ocr_par' dir='ltr' id='par_1_15' title="bbox 1421 1916 2473 2684">
     <span class='ocr_line' id='line_1_90' title="bbox 1421 1916 2472 1965; baseline 0.002 -13"><span class='ocrx_word' id='word_1_689' title='bbox 1421 1929 1525 1964; x_wconf 89' lang='lat' dir='ltr'>quam</span> <span class='ocrx_word' id='word_1_690' title='bbox 1554 1917 1673 1965; x_wconf 85' lang='lat' dir='ltr'>(Joan.</span> <span class='ocrx_word' id='word_1_691' title='bbox 1693 1916 1787 1964; x_wconf 87' lang='lat' dir='ltr'>vm).</span> <span class='ocrx_word' id='word_1_692' title='bbox 1822 1916 1924 1952; x_wconf 88' lang='lat' dir='ltr'>Hanc</span> <span class='ocrx_word' id='word_1_693' title='bbox 1948 1925 2074 1953; x_wconf 83' lang='lat' dir='ltr'>eorum</span> <span class='ocrx_word' id='word_1_694' title='bbox 2099 1917 2268 1953; x_wconf 84' lang='lat' dir='ltr'>duritiam</span> <span class='ocrx_word' id='word_1_695' title='bbox 2294 1918 2472 1964; x_wconf 80' lang='lat' dir='ltr'>superbiae</span> 
     </span>
     <span class='ocr_line' id='line_1_91' title="bbox 1424 1976 2470 2023; baseline 0 -9"><span class='ocrx_word' id='word_1_696' title='bbox 1424 1979 1607 2021; x_wconf 85' lang='lat' dir='ltr'>contrivit,</span> <span class='ocrx_word' id='word_1_697' title='bbox 1632 1978 1766 2014; x_wconf 87' lang='lat' dir='ltr'>servire</span> <span class='ocrx_word' id='word_1_698' title='bbox 1784 1987 1846 2013; x_wconf 89' lang='lat' dir='ltr'>eos</span> <span class='ocrx_word' id='word_1_699' title='bbox 1864 1978 2030 2023; x_wconf 85' lang='lat' dir='ltr'>gentibus</span> <span class='ocrx_word' id='word_1_700' title='bbox 2048 1976 2196 2014; x_wconf 82' lang='lat' dir='ltr'>faciens.</span> <span class='ocrx_word' id='word_1_701' title='bbox 2228 1978 2327 2014; x_wconf 90' lang='lat' dir='ltr'>Dabo</span> <span class='ocrx_word' id='word_1_702' title='bbox 2348 1978 2470 2014; x_wconf 84' lang='lat' dir='ltr'>coelum</span> 
     </span>
     <span class='ocr_line' id='line_1_92' title="bbox 1423 2038 2470 2085; baseline 0.002 -11"><span class='ocrx_word' id='word_1_703' title='bbox 1423 2039 1515 2074; x_wconf 86' lang='lat' dir='ltr'>vobis</span> <span class='ocrx_word' id='word_1_704' title='bbox 1533 2040 1680 2085; x_wconf 87' lang='lat' dir='ltr'>desuper</span> <span class='ocrx_word' id='word_1_705' title='bbox 1699 2039 1787 2074; x_wconf 81' lang='lat' dir='ltr'>sicut</span> <span class='ocrx_word' id='word_1_706' title='bbox 1807 2038 1960 2084; x_wconf 79' lang='lat' dir='ltr'>serrum;</span> <span class='ocrx_word' id='word_1_707' title='bbox 1986 2038 2119 2074; x_wconf 91' lang='lat' dir='ltr'>nullam</span> <span class='ocrx_word' id='word_1_708' title='bbox 2138 2039 2234 2074; x_wconf 89' lang='lat' dir='ltr'>enim</span> <span class='ocrx_word' id='word_1_709' title='bbox 2253 2049 2297 2075; x_wconf 86' lang='lat' dir='ltr'>ex</span> <span class='ocrx_word' id='word_1_710' title='bbox 2322 2049 2364 2076; x_wconf 90' lang='lat' dir='ltr'>eo</span> <span class='ocrx_word' id='word_1_711' title='bbox 2382 2040 2470 2076; x_wconf 85' lang='lat' dir='ltr'>visi-</span> 
     </span>
     <span class='ocr_line' id='line_1_93' title="bbox 1422 2098 2470 2145; baseline 0.002 -12"><span class='ocrx_word' id='word_1_712' title='bbox 1422 2099 1593 2134; x_wconf 87' lang='lat' dir='ltr'>tationem</span> <span class='ocrx_word' id='word_1_713' title='bbox 1624 2100 1768 2145; x_wconf 88' lang='lat' dir='ltr'>penitus</span> <span class='ocrx_word' id='word_1_714' title='bbox 1800 2104 1882 2135; x_wconf 89' lang='lat' dir='ltr'>sunt</span> <span class='ocrx_word' id='word_1_715' title='bbox 1912 2098 2044 2144; x_wconf 87' lang='lat' dir='ltr'>adepti.</span> <span class='ocrx_word' id='word_1_716' title='bbox 2083 2098 2125 2133; x_wconf 83' lang='lat' dir='ltr'>Et</span> <span class='ocrx_word' id='word_1_717' title='bbox 2152 2105 2280 2134; x_wconf 88' lang='lat' dir='ltr'>terram</span> <span class='ocrx_word' id='word_1_718' title='bbox 2310 2110 2470 2142; x_wconf 75' lang='lat' dir='ltr'>oeneam:</span> 
     </span>
     <span class='ocr_line' id='line_1_94' title="bbox 1422 2159 2472 2205; baseline 0.004 -14"><span class='ocrx_word' id='word_1_719' title='bbox 1422 2163 1517 2192; x_wconf 86' lang='lat' dir='ltr'>terra</span> <span class='ocrx_word' id='word_1_720' title='bbox 1539 2159 1634 2193; x_wconf 89' lang='lat' dir='ltr'>enim</span> <span class='ocrx_word' id='word_1_721' title='bbox 1660 2159 1789 2194; x_wconf 86' lang='lat' dir='ltr'>divinae</span> <span class='ocrx_word' id='word_1_722' title='bbox 1817 2159 2013 2205; x_wconf 88' lang='lat' dir='ltr'>Scripturae</span> <span class='ocrx_word' id='word_1_723' title='bbox 2042 2168 2149 2204; x_wconf 89' lang='lat' dir='ltr'>quam</span> <span class='ocrx_word' id='word_1_724' title='bbox 2179 2159 2383 2204; x_wconf 88' lang='lat' dir='ltr'>possident,</span> <span class='ocrx_word' id='word_1_725' title='bbox 2416 2160 2472 2196; x_wconf 91' lang='lat' dir='ltr'>in-</span> 
     </span>
     <span class='ocr_line' id='line_1_95' title="bbox 1422 2215 2472 2266; baseline 0.005 -16"><span class='ocrx_word' id='word_1_726' title='bbox 1422 2215 1605 2252; x_wconf 82' lang='lat' dir='ltr'>fructuosa</span> <span class='ocrx_word' id='word_1_727' title='bbox 1633 2218 1684 2252; x_wconf 89' lang='lat' dir='ltr'>cis</span> <span class='ocrx_word' id='word_1_728' title='bbox 1712 2224 1789 2262; x_wconf 88' lang='lat' dir='ltr'>est,</span> <span class='ocrx_word' id='word_1_729' title='bbox 1820 2228 1902 2254; x_wconf 91' lang='lat' dir='ltr'>cum</span> <span class='ocrx_word' id='word_1_730' title='bbox 1929 2229 1999 2255; x_wconf 92' lang='lat' dir='ltr'>non</span> <span class='ocrx_word' id='word_1_731' title='bbox 2025 2219 2070 2254; x_wconf 92' lang='lat' dir='ltr'>ab</span> <span class='ocrx_word' id='word_1_732' title='bbox 2090 2221 2143 2255; x_wconf 92' lang='lat' dir='ltr'>eis</span> <span class='ocrx_word' id='word_1_733' title='bbox 2169 2218 2381 2265; x_wconf 88' lang='lat' dir='ltr'>intelligitur</span> <span class='ocrx_word' id='word_1_734' title='bbox 2401 2229 2472 2266; x_wconf 90' lang='lat' dir='ltr'>quo</span> 
     </span>
     <span class='ocr_line' id='line_1_96' title="bbox 1422 2278 2472 2327; baseline 0.005 -15"><span class='ocrx_word' id='word_1_735' title='bbox 1422 2282 1565 2321; x_wconf 88' lang='lat' dir='ltr'>oportet</span> <span class='ocrx_word' id='word_1_736' title='bbox 1584 2278 1717 2313; x_wconf 88' lang='lat' dir='ltr'>modo:</span> <span class='ocrx_word' id='word_1_737' title='bbox 1740 2289 1826 2325; x_wconf 84' lang='lat' dir='ltr'>ergo</span> <span class='ocrx_word' id='word_1_738' title='bbox 1853 2289 1952 2315; x_wconf 81' lang='lat' dir='ltr'>aenea</span> <span class='ocrx_word' id='word_1_739' title='bbox 1980 2285 2172 2326; x_wconf 89' lang='lat' dir='ltr'>propterea</span> <span class='ocrx_word' id='word_1_740' title='bbox 2198 2284 2265 2315; x_wconf 88' lang='lat' dir='ltr'>est.</span> <span class='ocrx_word' id='word_1_741' title='bbox 2297 2279 2351 2315; x_wconf 85' lang='lat' dir='ltr'>Ad</span> <span class='ocrx_word' id='word_1_742' title='bbox 2371 2280 2472 2327; x_wconf 73' lang='lat' dir='ltr'>quus</span> 
     </span>
     <span class='ocr_line' id='line_1_97' title="bbox 1422 2337 2473 2375; baseline 0.004 -4"><span class='ocrx_word' id='word_1_743' title='bbox 1422 2337 1475 2372; x_wconf 90' lang='lat' dir='ltr'>rei</span> <span class='ocrx_word' id='word_1_744' title='bbox 1491 2337 1732 2373; x_wconf 84' lang='lat' dir='ltr'>ostensionem</span> <span class='ocrx_word' id='word_1_745' title='bbox 1751 2339 1887 2374; x_wconf 87' lang='lat' dir='ltr'>addidit</span> <span class='ocrx_word' id='word_1_746' title='bbox 1905 2351 1912 2374; x_wconf 94' lang='lat'>:</span> <span class='ocrx_word' id='word_1_747' title='bbox 1935 2339 2163 2375; x_wconf 79' lang='lat' dir='ltr'>Consumetur</span> <span class='ocrx_word' id='word_1_748' title='bbox 2179 2339 2355 2375; x_wconf 85' lang='lat' dir='ltr'>incassum</span> <span class='ocrx_word' id='word_1_749' title='bbox 2373 2339 2473 2375; x_wconf 86' lang='lat' dir='ltr'>labor</span> 
     </span>
     <span class='ocr_line' id='line_1_98' title="bbox 1422 2398 2472 2445; baseline 0.003 -13"><span class='ocrx_word' id='word_1_750' title='bbox 1422 2403 1544 2432; x_wconf 88' lang='lat' dir='ltr'>vester.</span> <span class='ocrx_word' id='word_1_751' title='bbox 1563 2398 1681 2433; x_wconf 87' lang='lat' dir='ltr'>Labor</span> <span class='ocrx_word' id='word_1_752' title='bbox 1693 2399 1789 2433; x_wconf 90' lang='lat' dir='ltr'>enim</span> <span class='ocrx_word' id='word_1_753' title='bbox 1805 2409 1910 2444; x_wconf 91' lang='lat' dir='ltr'>quem</span> <span class='ocrx_word' id='word_1_754' title='bbox 1931 2400 1968 2434; x_wconf 89' lang='lat' dir='ltr'>in</span> <span class='ocrx_word' id='word_1_755' title='bbox 1985 2400 2117 2435; x_wconf 89' lang='lat' dir='ltr'>divinis</span> <span class='ocrx_word' id='word_1_756' title='bbox 2136 2399 2334 2445; x_wconf 88' lang='lat' dir='ltr'>Scripturis</span> <span class='ocrx_word' id='word_1_757' title='bbox 2352 2406 2472 2436; x_wconf 90' lang='lat' dir='ltr'>osten-</span> 
     </span>
     <span class='ocr_line' id='line_1_99' title="bbox 1422 2458 2473 2501; baseline 0.003 -8"><span class='ocrx_word' id='word_1_758' title='bbox 1422 2458 1528 2500; x_wconf 91' lang='lat' dir='ltr'>dunt,</span> <span class='ocrx_word' id='word_1_759' title='bbox 1549 2459 1796 2494; x_wconf 87' lang='lat' dir='ltr'>incumbentes</span> <span class='ocrx_word' id='word_1_760' title='bbox 1817 2459 2000 2494; x_wconf 85' lang='lat' dir='ltr'>traditioni</span> <span class='ocrx_word' id='word_1_761' title='bbox 2021 2459 2164 2501; x_wconf 85' lang='lat' dir='ltr'>litterae,</span> <span class='ocrx_word' id='word_1_762' title='bbox 2184 2460 2365 2495; x_wconf 90' lang='lat' dir='ltr'>incassum</span> <span class='ocrx_word' id='word_1_763' title='bbox 2385 2470 2473 2496; x_wconf 89' lang='lat' dir='ltr'>con-</span> 
     </span>
     <span class='ocr_line' id='line_1_100' title="bbox 1422 2518 2471 2565; baseline 0.001 -10"><span class='ocrx_word' id='word_1_764' title='bbox 1422 2519 1591 2561; x_wconf 88' lang='lat' dir='ltr'>sumitur,</span> <span class='ocrx_word' id='word_1_765' title='bbox 1622 2518 1683 2563; x_wconf 92' lang='lat' dir='ltr'>qui</span> <span class='ocrx_word' id='word_1_766' title='bbox 1716 2519 1820 2564; x_wconf 87' lang='lat' dir='ltr'>plene</span> <span class='ocrx_word' id='word_1_767' title='bbox 1850 2529 1922 2555; x_wconf 93' lang='lat' dir='ltr'>non</span> <span class='ocrx_word' id='word_1_768' title='bbox 1950 2524 2101 2564; x_wconf 86' lang='lat' dir='ltr'>possunt</span> <span class='ocrx_word' id='word_1_769' title='bbox 2128 2519 2245 2565; x_wconf 81' lang='lat' dir='ltr'>legem</span> <span class='ocrx_word' id='word_1_770' title='bbox 2273 2521 2471 2556; x_wconf 89' lang='lat' dir='ltr'>secundum</span> 
     </span>
     <span class='ocr_line' id='line_1_101' title="bbox 1422 2578 2472 2624; baseline 0.004 -11"><span class='ocrx_word' id='word_1_771' title='bbox 1422 2578 1578 2614; x_wconf 86' lang='lat' dir='ltr'>litteram</span> <span class='ocrx_word' id='word_1_772' title='bbox 1599 2579 1666 2620; x_wconf 89' lang='lat' dir='ltr'>uti,</span> <span class='ocrx_word' id='word_1_773' title='bbox 1687 2578 1806 2614; x_wconf 89' lang='lat' dir='ltr'>ablato</span> <span class='ocrx_word' id='word_1_774' title='bbox 1823 2579 1914 2621; x_wconf 90' lang='lat' dir='ltr'>loco,</span> <span class='ocrx_word' id='word_1_775' title='bbox 1937 2579 1973 2614; x_wconf 94' lang='lat' dir='ltr'>in</span> <span class='ocrx_word' id='word_1_776' title='bbox 1993 2589 2064 2624; x_wconf 90' lang='lat' dir='ltr'>quo</span> <span class='ocrx_word' id='word_1_777' title='bbox 2082 2579 2202 2614; x_wconf 88' lang='lat' dir='ltr'>littera</span> <span class='ocrx_word' id='word_1_778' title='bbox 2220 2589 2364 2619; x_wconf 87' lang='lat' dir='ltr'>omnem</span> <span class='ocrx_word' id='word_1_779' title='bbox 2382 2580 2472 2617; x_wconf 89' lang='lat' dir='ltr'>divi-</span> 
     </span>
     <span class='ocr_line' id='line_1_102' title="bbox 1422 2638 1977 2684; baseline 0.002 -11"><span class='ocrx_word' id='word_1_780' title='bbox 1422 2648 1506 2673; x_wconf 91' lang='lat' dir='ltr'>num</span> <span class='ocrx_word' id='word_1_781' title='bbox 1525 2638 1660 2673; x_wconf 85' lang='lat' dir='ltr'>cultum</span> <span class='ocrx_word' id='word_1_782' title='bbox 1679 2638 1767 2684; x_wconf 87' lang='lat' dir='ltr'>legis</span> <span class='ocrx_word' id='word_1_783' title='bbox 1787 2638 1977 2674; x_wconf 89' lang='lat' dir='ltr'>conclusit.</span> 
     </span>
    </p>

    <p class='ocr_par' dir='ltr' id='par_1_16' title="bbox 1421 2698 2472 3109">
     <span class='ocr_line' id='line_1_103' title="bbox 1469 2698 2472 2746; baseline 0.003 -12"><span class='ocrx_word' id='word_1_784' title='bbox 1469 2698 1584 2734; x_wconf 85' lang='lat' dir='ltr'>Nimis</span> <span class='ocrx_word' id='word_1_785' title='bbox 1609 2709 1695 2745; x_wconf 87' lang='lat' dir='ltr'>ergo</span> <span class='ocrx_word' id='word_1_786' title='bbox 1721 2700 1915 2743; x_wconf 89' lang='lat' dir='ltr'>convenit,</span> <span class='ocrx_word' id='word_1_787' title='bbox 1947 2700 2044 2746; x_wconf 87' lang='lat' dir='ltr'>quod</span> <span class='ocrx_word' id='word_1_788' title='bbox 2064 2700 2251 2746; x_wconf 88' lang='lat' dir='ltr'>sequitur:</span> <span class='ocrx_word' id='word_1_789' title='bbox 2275 2701 2358 2736; x_wconf 85' lang='lat' dir='ltr'>Non</span> <span class='ocrx_word' id='word_1_790' title='bbox 2375 2702 2472 2738; x_wconf 83' lang='lat' dir='ltr'>dabit</span> 
     </span>
     <span class='ocr_line' id='line_1_104' title="bbox 1421 2758 2468 2808; baseline 0.002 -13"><span class='ocrx_word' id='word_1_791' title='bbox 1421 2766 1514 2795; x_wconf 85' lang='lat' dir='ltr'>terra</span> <span class='ocrx_word' id='word_1_792' title='bbox 1541 2771 1679 2806; x_wconf 76' lang='lat' dir='ltr'>qermen</span> <span class='ocrx_word' id='word_1_793' title='bbox 1705 2772 1805 2795; x_wconf 84' lang='lat' dir='ltr'>suum</span> <span class='ocrx_word' id='word_1_794' title='bbox 1822 2788 1832 2803; x_wconf 94' lang='lat'>,</span> <span class='ocrx_word' id='word_1_795' title='bbox 1866 2772 1927 2796; x_wconf 86' lang='lat' dir='ltr'>nec</span> <span class='ocrx_word' id='word_1_796' title='bbox 1953 2762 2094 2797; x_wconf 86' lang='lat' dir='ltr'>arbores</span> <span class='ocrx_word' id='word_1_797' title='bbox 2124 2772 2228 2807; x_wconf 86' lang='lat' dir='ltr'>poma</span> <span class='ocrx_word' id='word_1_798' title='bbox 2256 2758 2468 2808; x_wconf 69' lang='lat' dir='ltr'>proebebunt.</span> 
     </span>
     <span class='ocr_line' id='line_1_105' title="bbox 1422 2820 2471 2867; baseline 0.003 -13"><span class='ocrx_word' id='word_1_799' title='bbox 1422 2820 1544 2865; x_wconf 83' lang='lat' dir='ltr'>Neque</span> <span class='ocrx_word' id='word_1_800' title='bbox 1572 2821 1667 2855; x_wconf 88' lang='lat' dir='ltr'>enim</span> <span class='ocrx_word' id='word_1_801' title='bbox 1697 2821 1856 2856; x_wconf 83' lang='lat' dir='ltr'>exterior</span> <span class='ocrx_word' id='word_1_802' title='bbox 1874 2831 1999 2857; x_wconf 86' lang='lat' dir='ltr'>eorum</span> <span class='ocrx_word' id='word_1_803' title='bbox 2028 2822 2150 2864; x_wconf 88' lang='lat' dir='ltr'>homo,</span> <span class='ocrx_word' id='word_1_804' title='bbox 2181 2821 2243 2867; x_wconf 92' lang='lat' dir='ltr'>qui</span> <span class='ocrx_word' id='word_1_805' title='bbox 2270 2821 2471 2867; x_wconf 89' lang='lat' dir='ltr'>appellatur</span> 
     </span>
     <span class='ocr_line' id='line_1_106' title="bbox 1423 2879 2471 2928; baseline 0.003 -14"><span class='ocrx_word' id='word_1_806' title='bbox 1423 2885 1535 2922; x_wconf 85' lang='lat' dir='ltr'>terra,</span> <span class='ocrx_word' id='word_1_807' title='bbox 1557 2879 1762 2923; x_wconf 79' lang='lat' dir='ltr'>fructificat,</span> <span class='ocrx_word' id='word_1_808' title='bbox 1784 2881 1867 2926; x_wconf 88' lang='lat' dir='ltr'>quia</span> <span class='ocrx_word' id='word_1_809' title='bbox 1888 2882 1925 2917; x_wconf 91' lang='lat' dir='ltr'>in</span> <span class='ocrx_word' id='word_1_810' title='bbox 1943 2881 2195 2928; x_wconf 86' lang='lat' dir='ltr'>gastrimargia</span> <span class='ocrx_word' id='word_1_811' title='bbox 2213 2881 2351 2924; x_wconf 89' lang='lat' dir='ltr'>vivunt,</span> <span class='ocrx_word' id='word_1_812' title='bbox 2372 2886 2410 2917; x_wconf 89' lang='lat' dir='ltr'>et</span> <span class='ocrx_word' id='word_1_813' title='bbox 2426 2881 2471 2918; x_wconf 90' lang='lat' dir='ltr'>de</span> 
     </span>
     <span class='ocr_line' id='line_1_107' title="bbox 1423 2940 2469 2988; baseline 0.002 -14"><span class='ocrx_word' id='word_1_814' title='bbox 1423 2940 1476 2975; x_wconf 88' lang='lat' dir='ltr'>eis</span> <span class='ocrx_word' id='word_1_815' title='bbox 1495 2940 1631 2975; x_wconf 89' lang='lat' dir='ltr'>dictum</span> <span class='ocrx_word' id='word_1_816' title='bbox 1651 2946 1706 2976; x_wconf 88' lang='lat' dir='ltr'>est</span> <span class='ocrx_word' id='word_1_817' title='bbox 1729 2952 1737 2975; x_wconf 90' lang='lat'>:</span> <span class='ocrx_word' id='word_1_818' title='bbox 1761 2941 1916 2984; x_wconf 84' lang='lat' dir='ltr'>Quorum</span> <span class='ocrx_word' id='word_1_819' title='bbox 1935 2942 2028 2978; x_wconf 87' lang='lat' dir='ltr'>Deus</span> <span class='ocrx_word' id='word_1_820' title='bbox 2049 2947 2177 2985; x_wconf 86' lang='lat' dir='ltr'>venter,</span> <span class='ocrx_word' id='word_1_821' title='bbox 2194 2941 2307 2988; x_wconf 76' lang='lat' dir='ltr'>qloria</span> <span class='ocrx_word' id='word_1_822' title='bbox 2333 2941 2370 2976; x_wconf 84' lang='lat' dir='ltr'>in</span> <span class='ocrx_word' id='word_1_823' title='bbox 2385 2952 2469 2976; x_wconf 85' lang='lat' dir='ltr'>con—</span> 
     </span>
     <span class='ocr_line' id='line_1_108' title="bbox 1423 2998 2472 3048; baseline 0.003 -15"><span class='ocrx_word' id='word_1_824' title='bbox 1423 2998 1558 3043; x_wconf 76' lang='lat' dir='ltr'>fusione</span> <span class='ocrx_word' id='word_1_825' title='bbox 1577 3010 1696 3035; x_wconf 89' lang='lat' dir='ltr'>eorum</span> <span class='ocrx_word' id='word_1_826' title='bbox 1714 2999 1824 3047; x_wconf 79' lang='lat' dir='ltr'>(Phil.</span> <span class='ocrx_word' id='word_1_827' title='bbox 1843 3002 1913 3048; x_wconf 87' lang='grc' dir='ltr'><strong>ιιι).</strong></span> <span class='ocrx_word' id='word_1_828' title='bbox 1940 3001 2011 3038; x_wconf 89' lang='lat' dir='ltr'>Sed</span> <span class='ocrx_word' id='word_1_829' title='bbox 2030 3012 2098 3038; x_wconf 89' lang='lat' dir='ltr'>nec</span> <span class='ocrx_word' id='word_1_830' title='bbox 2116 3007 2271 3045; x_wconf 82' lang='lat' dir='ltr'>mentes,</span> <span class='ocrx_word' id='word_1_831' title='bbox 2289 3010 2370 3047; x_wconf 81' lang='lat' dir='ltr'>quae</span> <span class='ocrx_word' id='word_1_832' title='bbox 2386 3005 2472 3037; x_wconf 85' lang='lat' dir='ltr'>sunt</span> 
     </span>
     <span class='ocr_line' id='line_1_109' title="bbox 1422 3058 2470 3109; baseline 0.007 -16"><span class='ocrx_word' id='word_1_833' title='bbox 1422 3058 1496 3104; x_wconf 88' lang='lat' dir='ltr'>agri</span> <span class='ocrx_word' id='word_1_834' title='bbox 1516 3058 1626 3105; x_wconf 86' lang='lat' dir='ltr'>ligna,</span> <span class='ocrx_word' id='word_1_835' title='bbox 1646 3060 1739 3096; x_wconf 89' lang='lat' dir='ltr'>sicut</span> <span class='ocrx_word' id='word_1_836' title='bbox 1756 3060 1902 3098; x_wconf 80' lang='lat' dir='ltr'>insertae</span> <span class='ocrx_word' id='word_1_837' title='bbox 1920 3062 2065 3107; x_wconf 85' lang='lat' dir='ltr'>quidem</span> <span class='ocrx_word' id='word_1_838' title='bbox 2083 3061 2246 3109; x_wconf 85' lang='lat' dir='ltr'>corpori,</span> <span class='ocrx_word' id='word_1_839' title='bbox 2265 3061 2328 3098; x_wconf 86' lang='lat' dir='ltr'>sed</span> <span class='ocrx_word' id='word_1_840' title='bbox 2347 3066 2470 3100; x_wconf 83' lang='lat' dir='ltr'>tamen</span> 
     </span>
    </p>
   </div>
   <div class='ocr_carea' id='block_1_15' title="bbox 1422 3119 2532 3169">
    <p class='ocr_par' dir='ltr' id='par_1_17' title="bbox 1422 3119 2532 3169">
     <span class='ocr_line' id='line_1_110' title="bbox 1422 3119 2532 3169; baseline 0.003 -16"><span class='ocrx_word' id='word_1_841' title='bbox 1422 3128 1464 3154; x_wconf 88' lang='lat' dir='ltr'>eo</span> <span class='ocrx_word' id='word_1_842' title='bbox 1481 3119 1698 3156; x_wconf 85' lang='lat' dir='ltr'>excelsiores</span> <span class='ocrx_word' id='word_1_843' title='bbox 1715 3119 1854 3157; x_wconf 81' lang='lat' dir='ltr'>fructus</span> <span class='ocrx_word' id='word_1_844' title='bbox 1870 3122 1944 3158; x_wconf 91' lang='lat' dir='ltr'>Deo</span> <span class='ocrx_word' id='word_1_845' title='bbox 1959 3123 2134 3167; x_wconf 77' lang='lat' dir='ltr'>praebent,</span> <span class='ocrx_word' id='word_1_846' title='bbox 2154 3122 2248 3169; x_wconf 87' lang='lat' dir='ltr'>quod</span> <span class='ocrx_word' id='word_1_847' title='bbox 2269 3120 2471 3168; x_wconf 81' lang='lat' dir='ltr'>germinare</span> <span class='ocrx_word' id='word_1_848' title='bbox 2528 3147 2532 3150; x_wconf 83' lang='lat'>.</span> 
     </span>
    </p>
   </div>
   <div class='ocr_carea' id='block_1_16' title="bbox 1419 3180 2494 3713">
    <p class='ocr_par' dir='ltr' id='par_1_18' title="bbox 1419 3180 2494 3713">
     <span class='ocr_line' id='line_1_111' title="bbox 1422 3180 2467 3225; baseline 0.001 -10"><span class='ocrx_word' id='word_1_849' title='bbox 1422 3190 1488 3216; x_wconf 92' lang='lat' dir='ltr'>nos</span> <span class='ocrx_word' id='word_1_850' title='bbox 1504 3180 1541 3215; x_wconf 92' lang='lat' dir='ltr'>in</span> <span class='ocrx_word' id='word_1_851' title='bbox 1556 3181 1689 3225; x_wconf 90' lang='lat' dir='ltr'>pietate</span> <span class='ocrx_word' id='word_1_852' title='bbox 1704 3181 1792 3217; x_wconf 87' lang='lat' dir='ltr'>vult.</span> <span class='ocrx_word' id='word_1_853' title='bbox 1815 3181 1853 3217; x_wconf 90' lang='lat' dir='ltr'>Si</span> <span class='ocrx_word' id='word_1_854' title='bbox 1871 3182 2133 3219; x_wconf 81' lang='lat' dir='ltr'>ambulaveritis</span> <span class='ocrx_word' id='word_1_855' title='bbox 2151 3193 2194 3218; x_wconf 78' lang='lat' dir='ltr'>ea:</span> <span class='ocrx_word' id='word_1_856' title='bbox 2209 3182 2352 3218; x_wconf 85' lang='lat' dir='ltr'>adverso</span> <span class='ocrx_word' id='word_1_857' title='bbox 2369 3180 2467 3217; x_wconf 78' lang='lat' dir='ltr'>milti.</span> 
     </span>
     <span class='ocr_line' id='line_1_112' title="bbox 1419 3238 2470 3285; baseline 0.004 -12"><span class='ocrx_word' id='word_1_858' title='bbox 1419 3238 1542 3284; x_wconf 91' lang='lat' dir='ltr'>Neque</span> <span class='ocrx_word' id='word_1_859' title='bbox 1560 3239 1656 3274; x_wconf 89' lang='lat' dir='ltr'>enim</span> <span class='ocrx_word' id='word_1_860' title='bbox 1673 3245 1773 3276; x_wconf 89' lang='lat' dir='ltr'>recto</span> <span class='ocrx_word' id='word_1_861' title='bbox 1790 3241 1897 3276; x_wconf 90' lang='lat' dir='ltr'>corde</span> <span class='ocrx_word' id='word_1_862' title='bbox 1915 3241 1959 3276; x_wconf 89' lang='lat' dir='ltr'>ad</span> <span class='ocrx_word' id='word_1_863' title='bbox 1977 3242 2091 3277; x_wconf 85' lang='lat' dir='ltr'>Deum</span> <span class='ocrx_word' id='word_1_864' title='bbox 2107 3242 2301 3285; x_wconf 86' lang='lat' dir='ltr'>incedunt;</span> <span class='ocrx_word' id='word_1_865' title='bbox 2323 3250 2470 3278; x_wconf 84' lang='lat' dir='ltr'>conver-</span> 
     </span>
     <span class='ocr_line' id='line_1_113' title="bbox 1419 3295 2470 3346; baseline 0.006 -16"><span class='ocrx_word' id='word_1_866' title='bbox 1419 3300 1499 3330; x_wconf 90' lang='lat' dir='ltr'>tunt</span> <span class='ocrx_word' id='word_1_867' title='bbox 1517 3296 1612 3331; x_wconf 90' lang='lat' dir='ltr'>enim</span> <span class='ocrx_word' id='word_1_868' title='bbox 1629 3295 1707 3340; x_wconf 77' lang='lat' dir='ltr'>eius</span> <span class='ocrx_word' id='word_1_869' title='bbox 1723 3298 1840 3341; x_wconf 84' lang='lat' dir='ltr'>viam,</span> <span class='ocrx_word' id='word_1_870' title='bbox 1875 3298 1965 3344; x_wconf 81' lang='lat' dir='ltr'>legis</span> <span class='ocrx_word' id='word_1_871' title='bbox 1993 3304 2030 3335; x_wconf 87' lang='lat' dir='ltr'>et</span> <span class='ocrx_word' id='word_1_872' title='bbox 2057 3301 2313 3346; x_wconf 84' lang='lat' dir='ltr'>prophetarum</span> <span class='ocrx_word' id='word_1_873' title='bbox 2342 3309 2470 3337; x_wconf 85' lang='lat' dir='ltr'>sensus</span> 
     </span>
     <span class='ocr_line' id='line_1_114' title="bbox 1421 3350 2468 3405; baseline 0.005 -15"><span class='ocrx_word' id='word_1_874' title='bbox 1421 3355 1684 3399; x_wconf 86' lang='lat' dir='ltr'>subvertentes,</span> <span class='ocrx_word' id='word_1_875' title='bbox 1706 3361 1746 3391; x_wconf 91' lang='lat' dir='ltr'>ut</span> <span class='ocrx_word' id='word_1_876' title='bbox 1765 3350 1867 3392; x_wconf 84' lang='lat' dir='ltr'>suam</span> <span class='ocrx_word' id='word_1_877' title='bbox 1886 3358 2167 3394; x_wconf 86' lang='lat' dir='ltr'>inobedientiam</span> <span class='ocrx_word' id='word_1_878' title='bbox 2186 3369 2253 3404; x_wconf 89' lang='lat' dir='ltr'>per</span> <span class='ocrx_word' id='word_1_879' title='bbox 2271 3359 2341 3395; x_wconf 87' lang='lat' dir='ltr'>hoc</span> <span class='ocrx_word' id='word_1_880' title='bbox 2359 3363 2468 3405; x_wconf 82' lang='lat' dir='ltr'>atque</span> 
     </span>
     <span class='ocr_line' id='line_1_115' title="bbox 1419 3415 2467 3463; baseline 0.004 -13"><span class='ocrx_word' id='word_1_881' title='bbox 1419 3415 1751 3461; x_wconf 70' lang='lat' dir='ltr'>praevaricationem</span> <span class='ocrx_word' id='word_1_882' title='bbox 1768 3415 1940 3452; x_wconf 89' lang='lat' dir='ltr'>colerent.</span> <span class='ocrx_word' id='word_1_883' title='bbox 1960 3417 2113 3463; x_wconf 90' lang='lat' dir='ltr'>Propter</span> <span class='ocrx_word' id='word_1_884' title='bbox 2126 3418 2221 3463; x_wconf 89' lang='lat' dir='ltr'>quod</span> <span class='ocrx_word' id='word_1_885' title='bbox 2237 3417 2372 3454; x_wconf 78' lang='lat' dir='ltr'>insert:</span> <span class='ocrx_word' id='word_1_886' title='bbox 2392 3417 2467 3454; x_wconf 90' lang='lat' dir='ltr'>Nec</span> 
     </span>
     <span class='ocr_line' id='line_1_116' title="bbox 1419 3473 2468 3523; baseline 0.005 -14"><span class='ocrx_word' id='word_1_887' title='bbox 1419 3473 1592 3510; x_wconf 83' lang='lat' dir='ltr'>volueritis</span> <span class='ocrx_word' id='word_1_888' title='bbox 1626 3474 1748 3510; x_wconf 87' lang='lat' dir='ltr'>audire</span> <span class='ocrx_word' id='word_1_889' title='bbox 1779 3485 1834 3510; x_wconf 87' lang='lat' dir='ltr'>me</span> <span class='ocrx_word' id='word_1_890' title='bbox 1849 3500 1859 3518; x_wconf 84' lang='lat'>,</span> <span class='ocrx_word' id='word_1_891' title='bbox 1892 3474 2021 3510; x_wconf 87' lang='lat' dir='ltr'>addam</span> <span class='ocrx_word' id='word_1_892' title='bbox 2051 3476 2146 3512; x_wconf 80' lang='lat' dir='ltr'>vobis</span> <span class='ocrx_word' id='word_1_893' title='bbox 2179 3476 2302 3523; x_wconf 75' lang='lat' dir='ltr'>plaqas</span> <span class='ocrx_word' id='word_1_894' title='bbox 2335 3482 2468 3515; x_wconf 70' lang='lat' dir='ltr'>vestras</span> 
     </span>
     <span class='ocr_line' id='line_1_117' title="bbox 1419 3534 2468 3585; baseline 0.007 -16"><span class='ocrx_word' id='word_1_895' title='bbox 1419 3544 1526 3580; x_wconf 85' lang='lat' dir='ltr'>usque</span> <span class='ocrx_word' id='word_1_896' title='bbox 1545 3534 1591 3569; x_wconf 89' lang='lat' dir='ltr'>ad</span> <span class='ocrx_word' id='word_1_897' title='bbox 1611 3534 1803 3581; x_wconf 82' lang='lat' dir='ltr'>septuplum</span> <span class='ocrx_word' id='word_1_898' title='bbox 1827 3541 1967 3582; x_wconf 80' lang='lat' dir='ltr'>propter</span> <span class='ocrx_word' id='word_1_899' title='bbox 1983 3542 2126 3582; x_wconf 85' lang='lat' dir='ltr'>peccata</span> <span class='ocrx_word' id='word_1_900' title='bbox 2144 3544 2269 3574; x_wconf 82' lang='lat' dir='ltr'>vestra.</span> <span class='ocrx_word' id='word_1_901' title='bbox 2297 3538 2375 3575; x_wconf 86' lang='lat' dir='ltr'>Non</span> <span class='ocrx_word' id='word_1_902' title='bbox 2390 3538 2468 3585; x_wconf 72' lang='lat' dir='ltr'>iam</span> 
     </span>
     <span class='ocr_line' id='line_1_118' title="bbox 1421 3594 2467 3646; baseline 0.007 -16"><span class='ocrx_word' id='word_1_903' title='bbox 1421 3595 1687 3640; x_wconf 82' lang='lat' dir='ltr'>correptiones,</span> <span class='ocrx_word' id='word_1_904' title='bbox 1717 3595 1780 3631; x_wconf 86' lang='lat' dir='ltr'>sed</span> <span class='ocrx_word' id='word_1_905' title='bbox 1803 3594 1947 3641; x_wconf 78' lang='lat' dir='ltr'>plagas,</span> <span class='ocrx_word' id='word_1_906' title='bbox 1975 3596 2186 3635; x_wconf 84' lang='lat' dir='ltr'>validiorem</span> <span class='ocrx_word' id='word_1_907' title='bbox 2206 3608 2303 3636; x_wconf 85' lang='lat' dir='ltr'>nunc</span> <span class='ocrx_word' id='word_1_908' title='bbox 2321 3608 2467 3646; x_wconf 81' lang='lat' dir='ltr'>poenam</span> 
     </span>
     <span class='ocr_line' id='line_1_119' title="bbox 1421 3650 2494 3713; baseline 0.007 -23"><span class='ocrx_word' id='word_1_909' title='bbox 1421 3654 1637 3701; x_wconf 83' lang='lat' dir='ltr'>praecedenti</span> <span class='ocrx_word' id='word_1_910' title='bbox 1665 3658 1702 3690; x_wconf 85' lang='lat' dir='ltr'>et</span> <span class='ocrx_word' id='word_1_911' title='bbox 1729 3663 1902 3700; x_wconf 84' lang='lat' dir='ltr'>aequatem</span> <span class='ocrx_word' id='word_1_912' title='bbox 1932 3666 2058 3693; x_wconf 87' lang='lat' dir='ltr'>eorum</span> <span class='ocrx_word' id='word_1_913' title='bbox 2085 3657 2239 3705; x_wconf 85' lang='lat' dir='ltr'>iniquita</span> <span class='ocrx_word' id='word_1_914' title='bbox 2258 3659 2266 3667; x_wconf 90' lang='lat'>&#39;</span> <span class='ocrx_word' id='word_1_915' title='bbox 2306 3650 2336 3696; x_wconf 74' lang='lat' dir='ltr'>va</span> <span class='ocrx_word' id='word_1_916' title='bbox 2353 3667 2494 3713; x_wconf 52' lang='lat' dir='ltr'><em>011)qu</em></span> 
     </span>
    </p>
   </div>
  </div>
 </body>
</html>
