2540 4016
295 160 367 198 647

293 290 380 326 mini
400 287 555 334 appellat
568 283 710 332 signum
746 285 879 331 ipsum,
909 285 1006 330 quod
1035 284 1146 319 fiebat
1178 282 1215 317 in
1234 282 1343 325 nube,

294 350 370 386 sive
388 357 472 384 cum
488 350 601 383 staret
628 345 851 381 obumbrans
872 342 1148 380 tabernaculum
1169 346 1210 377 ut
1225 346 1345 377 castra

295 408 550 449 consisterent,
574 405 651 441 sive
669 414 752 440 cum
770 404 996 440 ascendisset
1033 406 1142 447 atque
1159 401 1254 437 ultra
1273 411 1347 437 mo-

294 473 451 510 veretur,
472 470 514 502 ut
534 474 616 501 eam
655 463 806 499 elevatis
841 462 972 499 castris
993 465 1242 507 sequerentur.
1269 459 1346 496 Mu-

296 528 387 564 tavit
404 526 545 563 sanein
582 524 654 561 hae
688 522 871 559 sententia
913 521 1098 559 narrantis
1129 520 1290 564 modum,
1309 525 1346 556 et

295 595 468 633 tanquam
503 584 705 631 praedicens
725 589 836 629 atque
872 581 1137 628 praenuntians,
1159 579 1270 615 verba
1291 578 1347 614 fu·

296 649 367 686 turi
384 646 556 694 temporis
590 645 725 681 hahere
759 643 884 689 coepit.
910 641 1036 687 Neque
1069 641 1168 677 enim
1195 640 1260 683 ait,
1282 649 1347 685 per

294 717 514 761 praeceptum
546 708 689 746 Domini
727 712 846 743 castra
880 705 1107 742 collocabant
1126 703 1190 739 filii
1213 701 1344 745 Israel,

297 775 361 812 sed
381 772 618 810 collocabunt.
638 769 713 806 Nec
746 769 812 812 ait,
846 777 911 814 per
947 771 1171 814 praeceptum
1203 762 1347 800 Domini

295 835 566 883 promovebant,
599 833 662 868 sed
681 830 959 877 promovebunt.
993 829 1039 864 Et
1064 829 1162 863 hunc
1200 825 1348 862 modum

298 897 407 934 etiam
426 896 461 931 in
487 892 794 940 consequentibus
812 895 948 934 servat,
969 889 1031 936 qui
1051 889 1179 924 modus
1194 887 1231 922 in
1251 885 1350 923 Scri-

297 956 414 1003 pturis
450 959 506 991 est
542 952 853 989 inusitatissimus.
892 949 984 985 Nam
1019 948 1139 984 verbis
1174 944 1351 992 praeteriti

298 1016 472 1063 temporis
491 1024 586 1061 saepe
621 1014 742 1049 futura
767 1011 939 1058 praedicta
957 1019 1037 1046 esse
1062 1008 1239 1048 novimus,
1257 1006 1349 1042 sicut

298 1083 383 1114 est:
420 1075 602 1111 Foderunt
640 1084 764 1108 manus
796 1082 891 1107 meas
927 1076 959 1106 et
984 1070 1086 1116 pedes
1109 1078 1203 1103 meos
1233 1065 1348 1114 (Psal.

299 1136 392 1184 xxt).
422 1135 521 1172 Sicut
553 1134 625 1169 ovis
663 1133 708 1168 ad
729 1130 983 1167 immolandum
1018 1129 1143 1164 ductus
1177 1133 1227 1162 est
1246 1126 1347 1173 (lsai.
1369 1124 1401 1163 B
1420 1141 1503 1167 cum
1523 1132 1610 1167 dicit
1631 1143 1638 1166 :
1679 1131 1746 1167 Die
1780 1132 1831 1167 vel
1850 1143 1966 1168 mense
1985 1133 2054 1168 diei
2075 1132 2289 1177 ambulante,
2309 1133 2399 1168 nube
2415 1132 2477 1167 ob·
2536 1132 2540 1174 ἶ

1420 1194 1602 1230 umbrante
1615 1205 1719 1240 super
1732 1193 1835 1236 illud,
1855 1194 1891 1229 in
1914 1195 2037 1230 castris
2064 1199 2166 1229 erunt
2185 1193 2252 1238 filii
2283 1192 2414 1236 Israel,
2443 1200 2475 1228 et
2537 1189 2540 1198 ⁴

299 1195 396 1244 mn),
428 1200 466 1232 et
502 1192 781 1230 innumerabilia
803 1191 902 1226 talia.
944 1189 992 1226 Ut
1026 1194 1146 1224 autem
1183 1192 1352 1222 narrator

301 1267 423 1295 rerum
447 1260 632 1303 gestarum
649 1252 770 1289 verbis
794 1257 917 1287 utatur
950 1249 1123 1296 temporis
1141 1248 1264 1291 futuri,
1286 1247 1352 1284 sic-

299 1324 339 1354 ut
355 1319 424 1354 hoc
452 1317 546 1358 loeo,
581 1313 791 1349 difficillime
815 1312 852 1347 in
877 1310 1077 1356 Scripturis
1111 1308 1265 1345 inveniri
1284 1316 1351 1354 po-

299 1383 383 1414 test.
405 1376 498 1421 Ergo
531 1378 766 1419 posteaquam
798 1371 887 1406 dixit
911 1370 955 1405 de
980 1370 1036 1405 die
1074 1373 1110 1404 et
1133 1372 1254 1410 nocte,
1280 1376 1352 1412 quo

301 1438 404 1482 signo
421 1438 651 1482 promoveret
672 1431 824 1477 populus
837 1430 894 1466 vel
912 1434 1088 1471 maneret,
1110 1438 1156 1463 ne
1175 1433 1348 1472 putaren-

299 1503 357 1532 tur
373 1506 438 1541 per
470 1499 612 1530 noctem
630 1491 829 1533 ambulare,
857 1496 893 1525 et
909 1499 974 1535 per
991 1489 1087 1524 diem
1120 1488 1237 1523 solere
1261 1497 1351 1523 con-

300 1556 425 1598 fidere,
456 1559 563 1599 atque
595 1553 665 1588 hoe
683 1552 808 1587 diebus
845 1550 1013 1585 omnibus
1049 1548 1178 1590 solere,
1203 1557 1353 1584 securus

302 1616 465 1663 adjunxit
487 1621 594 1661 atque
614 1614 664 1648 ait
687 1625 694 1647 :
719 1612 845 1647 Omnes
875 1611 947 1646 dies
972 1611 1008 1645 in
1027 1610 1150 1656 quibus
1173 1609 1354 1644 obumbrat

301 1688 405 1723 super
435 1673 704 1714 tabernaculum
734 1673 855 1715 nubes,
878 1671 1055 1706 incastris
1090 1675 1189 1705 erunt
1210 1668 1276 1713 filii
1295 1667 1354 1703 Is-

302 1736 390 1773 rael.
412 1735 465 1771 Εἰ
477 1734 616 1780 quando
640 1733 851 1780 protraxerit
878 1732 983 1766 nubes
1021 1741 1124 1776 super
1148 1730 1356 1764 tabernacu-

303 1797 375 1832 lum
396 1796 468 1831 dies
484 1794 612 1841 plures.
634 1793 768 1828 Deinde
806 1792 1003 1827 admonens
1022 1800 1094 1826 non
1114 1789 1184 1825 hoc
1209 1799 1254 1824 ex
1273 1788 1353 1824 illo-

303 1867 381 1893 rum
408 1854 625 1891 necessitate
650 1853 742 1896 fieri,
766 1853 827 1888 sed
860 1862 904 1887 cx
925 1851 989 1887 Dei
1023 1851 1221 1893 voluntate,
1246 1855 1277 1884 et
1294 1860 1355 1884 cu-

303 1918 465 1960 stodient,
489 1918 618 1963 lnquit,
641 1915 705 1961 filii
726 1914 839 1949 Israel
855 1914 1050 1949 custodiam
1069 1923 1174 1958 quam
1191 1911 1354 1957 proecepit

303 1980 412 2022 Deus,
438 1983 468 2014 et
486 1988 555 2013 non
591 1976 850 2023 promovebunt.
871 1975 915 2010 Et
949 1979 1121 2019 tanquam
1142 1973 1322 2008 diceretur
1343 1984 1350 2006 :

729 148 771 185 Β.
793 146 965 184 RABANI
990 145 1140 183 MAURI
1163 143 1378 181 ARCHIEP.
1405 142 1612 181 MOGUNT.
1637 143 1829 182 OPERUM
1852 145 1974 184 PARS
1993 145 2023 183 1.

295 244 354 279 per
370 232 578 278 proeceptum
590 225 734 263 Domini
753 225 1013 273 promovebunt.
1034 225 1259 269 Praeceptum
1274 222 1346 258 Do·
1365 226 1399 266 A
1411 219 1531 267 junxit
1550 227 1587 258 et
1601 223 1652 258 ait
1673 234 1681 257 z
1706 221 1768 258 Vel
1787 227 1898 266 nocte,
1924 227 1957 257 et
1977 221 2007 258 si
2027 219 2221 258 ascenderit
2247 222 2369 265 nubes,
2382 201 2466 268 pro·

2392 122 2464 187 eia

1413 283 1609 318 movebunt.
1645 283 1716 319 Sed
1749 283 1883 319 locutio
1919 286 1976 318 est
2010 281 2230 317 inusitatior.
2269 280 2349 318 Non
2366 281 2467 319 enim

1411 350 1552 383 tantum
1573 348 1729 393 positum
1749 351 1806 383 est
1833 346 1882 390 ei,
1903 347 1967 382 sed
2003 354 2047 381 eo
2067 354 2170 381 more
2205 343 2364 391 positum
2396 347 2464 385 est,

1411 417 1483 453 quo
1507 417 1580 444 non
1613 407 1718 443 solet.
1761 406 1864 443 Unde
1889 406 1979 442 mibi
2012 406 2154 442 videtur
2185 409 2467 451 praeposteratus

1412 467 1502 504 ordo
1516 468 1725 510 verborum,
1745 466 1840 502 sicut
1853 475 1949 512 saepe
1965 470 2002 501 et
2017 465 2055 501 in
2071 464 2210 500 Latinis
2226 463 2468 500 locutionibus
2520 495 2521 498 ,

1412 527 1492 564 fieri
1511 528 1616 571 solet,
1634 528 1731 573 quod
1751 537 1865 574 genus
1889 527 2115 573 antistrophe
2130 528 2278 564 dicitur.
2298 526 2469 570 Proinde,

1415 588 1446 624 si
1467 588 1518 623 ita
1538 587 1695 631 dicatur,
1713 586 1771 623 vel
1790 593 1822 622 et
1844 592 1942 622 nocte
1963 587 1994 622 si
2011 587 2222 625 ascenderit.
2235 588 2358 632 nubes,
2390 597 2471 634 pro-

1413 647 1611 689 movebunt=
1632 651 1696 682 aut
1714 652 1814 683 certe
1827 647 1890 691 ita,
1917 648 1946 682 si
1967 652 1999 682 et
2018 653 2116 683 nocte
2134 648 2329 684 ascenderit
2348 647 2469 691 nubes,

1414 707 1677 753 promovebunt,
1696 707 1930 752 planissimus
1957 718 2084 745 sensus
2103 714 2171 745 est.
2204 708 2332 746 Adbuc
2350 714 2471 745 autem

1416 769 1630 804 occurrebat
1651 769 1825 815 cogitanti
1845 774 1885 804 ut
1902 770 1995 805 scire
2010 770 2134 814 vellet,
2152 776 2273 807 utrum
2293 771 2472 817 quomodo
2521 803 2535 815 ,,

1417 828 1602 874 cognitum
1628 834 1682 864 est
1703 828 1819 864 solere
1854 828 1935 865 illos
1966 829 2011 865 ad
2043 831 2151 867 nubis
2174 831 2316 877 signum
2340 831 2468 867 diebus

1417 893 1453 924 et
1471 888 1637 924 noctibus
1657 889 1858 933 ambulare,
1875 889 1931 925 vel
1947 890 2072 926 diebus
2092 895 2130 926 et
2162 890 2330 926 noctibus
2352 890 2390 926 in
2409 900 2472 926 ca·
2524 878 2535 923 vj

1418 951 1504 987 stris
1522 960 1615 994 esse,
1651 951 1702 986 ita
1736 952 1846 987 etiam
1866 951 2022 987 solerent
2043 962 2109 998 per
2129 952 2205 988 dies
2239 956 2378 988 tantum
2397 961 2475 987 ma-

1418 1021 1519 1054 nere,
1557 1011 1667 1047 etiam
1704 1021 1859 1058 quorum
1896 1012 2063 1048 noctibus
2097 1012 2337 1048 ambularent.
2371 1011 2474 1055 Quod
2532 1041 2534 1043 .

1419 1071 1577 1107 arbitror
1612 1070 1838 1118 Scripturam
1867 1072 1903 1108 in
1942 1073 2247 1119 consequentibus
2287 1073 2476 1109 intimasse

1420 1265 1490 1290 non
1505 1254 1764 1300 promovebunt.
1796 1253 1887 1298 Quia
1912 1255 2008 1290 enim
2042 1255 2183 1291 dixerat
2204 1267 2211 1289 z
2242 1253 2303 1290 Vel
2323 1259 2422 1289 nocte
2442 1260 2477 1289 et

1420 1316 1450 1350 si
1481 1316 1675 1350 ascenderit
1699 1314 1819 1358 nubes,
1839 1316 2099 1361 promovebunt,
2123 1322 2295 1362 tanquam
2316 1315 2478 1351 restabat

1419 1379 1460 1409 ut
1474 1374 1614 1410 diceret
1634 1386 1642 1408 :
1663 1374 1727 1409 Die
1745 1380 1860 1410 autem
1881 1376 1911 1410 si
1927 1387 1996 1410 non
2013 1375 2222 1419 ascenderit,
2241 1386 2310 1410 non
2334 1385 2478 1421 promo-

1419 1433 1556 1476 vebunt,
1577 1433 1719 1478 quando
1740 1435 1843 1478 quasi
1866 1444 2080 1479 promovere
2100 1435 2230 1471 debere
2247 1436 2476 1471 videbantur.
2537 1476 2540 1477 ⁷

1421 1490 1494 1526 Sed
1513 1491 1687 1536 quiahoc
1718 1492 1827 1527 etiam
1849 1492 1975 1528 diebus
2008 1493 2176 1538 plurimis
2214 1494 2291 1529 fieri
2319 1499 2477 1538 poterat,

1420 1555 1462 1586 ut
1503 1550 1671 1586 noctibus
1707 1551 1948 1594 ambularent,
1980 1558 2215 1598 promovente
2253 1553 2346 1589 nube
2382 1558 2419 1589 et
2437 1563 2480 1590 ca

1421 1616 1591 1646 manente
1635 1611 1762 1664 diebus
1785 1621 1857 1646 non
1892 1611 2134 1656 ambularent,
2162 1612 2242 1648 ideo
2270 1612 2391 1659 posuit
2410 1613 2480 1648 diei

1422 1669 1471 1706 vel
1506 1681 1622 1706 mense
1646 1671 1748 1708 dieu>
1764 1671 1843 1707 Non
1865 1672 1956 1707 dixit
1977 1683 2104 1715 mense,
2134 1683 2179 1708 ne
2200 1673 2250 1709 ibi
2281 1679 2319 1709 et
2352 1679 2479 1710 noctes

1422 1730 1583 1776 ejusdem
1622 1732 1756 1768 mensis
1794 1733 2069 1779 acciperentur3
2106 1734 2169 1770 sed
2187 1745 2304 1770 mense
2342 1735 2425 1777 diei,
2444 1735 2480 1770 id

1422 1797 1493 1835 cst,
1513 1802 1638 1828 mense
1658 1803 1703 1829 ex
1723 1802 1766 1828 ea
1786 1798 1889 1838 parte
1909 1803 1980 1839 qua
1999 1793 2075 1830 dies
2106 1794 2158 1830 illi
2178 1793 2258 1837 suit,
2284 1804 2357 1830 non
2381 1805 2425 1830 ex
2438 1804 2480 1830 ea

1424 1863 1494 1898 qua
1519 1863 1603 1889 nox.
1632 1853 1698 1888 Die
1723 1863 1808 1899 ergo
1834 1853 1885 1889 vel
1916 1864 2031 1889 mense
2051 1854 2134 1898 diei,
2156 1854 2369 1898 abundante,
2391 1854 2480 1890 nube

1423 1913 1667 1956 obumbrante,
1702 1913 1739 1949 id
1759 1918 1826 1957 est,
1849 1913 2054 1949 abundante
2084 1914 2120 1949 in
2141 1913 2404 1958 obumbrando,
2424 1913 2480 1950 vel

1425 1973 1668 2009 abundantius
1691 1975 1932 2010 obumbrante
1957 1983 2064 2020 super
2096 1974 2196 2018 illud,
2220 1974 2310 2010 illud
2343 1974 2481 2011 scilicet

303 2039 454 2083 Quando
492 2047 578 2083 ergo
601 2035 891 2083 promovebunt?
917 2033 961 2068 Et
996 2035 1073 2076 erit,
1112 2033 1241 2078 inquit,
1276 2043 1354 2067 cum
1374 2024 1403 2065 C
1426 2033 1714 2077 tabernaculum,
1749 2035 1786 2069 in
1820 2035 1945 2070 castris
1975 2040 2075 2070 erunt
2095 2034 2162 2080 filii
2194 2034 2323 2078 Israel,
2344 2041 2375 2070 et
2409 2046 2479 2070 non

305 2094 434 2133 texerit·
463 2096 569 2132 nubes
607 2097 679 2130 dies
714 2106 857 2129 numero
893 2105 996 2140 super
1025 2093 1301 2136 tabernaculum,
1320 2093 1356 2129 id

303 2163 370 2201 est,
395 2162 495 2192 certo
513 2165 680 2198 numero,
703 2155 763 2199 qui
783 2164 955 2189 numerus
975 2154 1099 2200 utique
1118 2153 1191 2189 Deo
1223 2154 1352 2198 placet,

303 2228 368 2264 per
391 2227 514 2254 vocem
535 2215 677 2252 Domini
711 2216 746 2250 in
778 2215 907 2250 castris
927 2220 1046 2257 erunt,
1068 2219 1103 2249 et
1139 2224 1204 2259 per
1222 2223 1357 2259 praece-

304 2283 404 2323 ptum
441 2276 584 2312 Domini
617 2275 894 2322 promovebunt,
930 2275 1023 2310 hanc
1059 2273 1202 2309 videtur
1237 2274 1356 2309 (licere

303 2348 431 2374 vocem
452 2337 610 2380 Domini,
633 2337 776 2383 signum
795 2336 889 2381 quod
904 2336 965 2370 dat
982 2335 1025 2370 de
1037 2335 1192 2371 statione
1210 2339 1245 2369 et
1256 2340 1356 2369 motu

305 2400 410 2436 nubis
432 2410 441 2442 ;
463 2399 547 2445 quia
569 2403 605 2434 et
623 2408 694 2434 vox
726 2398 907 2443 loquentis
926 2397 1051 2442 procul
1072 2397 1179 2432 dubio
1215 2397 1355 2443 signum

304 2465 360 2496 est
378 2459 587 2495 voluntatis.
611 2458 713 2502 Quod
742 2467 829 2504 ergo
846 2458 908 2500 ait,
928 2464 958 2492 et
982 2468 1043 2503 per
1059 2463 1269 2503 praeceptum
1287 2457 1356 2491 Do-

303 2520 404 2562 mini,
427 2518 495 2555 hoe
526 2518 622 2554 idem
648 2518 791 2564 signum
812 2523 899 2562 puto
923 2516 1205 2563 intelligendum,
1227 2527 1354 2562 ,quan-

303 2589 411 2625 quam
435 2584 558 2625 posset
577 2588 649 2614 vox
666 2583 702 2613 et
723 2583 943 2623 praeceptum
962 2577 1103 2613 Domini
1126 2577 1214 2613 illud
1244 2577 1355 2612 etiam

302 2641 432 2686 accipi,
456 2641 550 2686 quod
587 2640 730 2676 locutus
763 2644 832 2683 est,
868 2644 909 2674 ut
943 2638 1034 2674 solet
1068 2638 1114 2673 ad
1138 2637 1297 2684 Moysen,
1319 2643 1356 2674 et

303 2700 476 2746 praecepit
494 2700 564 2734 hoc
580 2699 671 2734 lieri.
692 2698 814 2744 Neque
852 2698 948 2734 enim
985 2698 1123 2734 scirent
1142 2697 1191 2733 illi
1211 2707 1356 2745 promo-

303 2760 459 2796 vendum
493 2768 574 2795 esse
597 2759 692 2794 nube
728 2764 976 2804 promovente,
1015 2763 1052 2793 et
1071 2759 1238 2794 standum
1273 2769 1354 2795 esse

303 2821 399 2856 nube
416 2823 547 2861 stante,
570 2818 641 2853 nisi
658 2817 711 2853 eis
742 2819 811 2854 hoc
830 2824 912 2855 ante
947 2821 1215 2867 praeciperetur.
1243 2823 1282 2858 In
1298 2823 1354 2859 his

306 2884 428 2914 autem
456 2887 537 2923 quae
554 2877 650 2912 dicta
666 2881 749 2912 sunt
769 2878 927 2913 nondum
948 2880 1123 2924 apparuit,
1148 2886 1270 2916 utrum
1289 2892 1354 2926 per

303 2939 400 2974 diem
418 2943 559 2973 tantum
582 2937 843 2981 ambularetur,
878 2948 923 2973 an
958 2939 1067 2975 etiam
1104 2950 1168 2986 per
1196 2948 1352 2986 noctem,

304 2997 502 3035 secundum
519 2996 663 3042 signum
682 2997 779 3042 quod
795 2998 908 3033 nubes
923 3004 1023 3033 motu
1039 3008 1104 3034 suo
1122 3000 1243 3036 dabat.
1264 3001 1354 3037 For-

304 3058 412 3094 tassis
447 3056 544 3093 enim
564 3057 732 3102 quamvis
767 3056 889 3102 plures
906 3057 984 3093 dies
1011 3059 1046 3093 in
1067 3060 1198 3096 castris
1232 3071 1355 3097 mane-

303 3123 400 3160 rent,
421 3117 518 3153 nube
553 3126 624 3152 non
659 3123 908 3162 promovente,
944 3119 1060 3164 potuit
1080 3125 1200 3156 tamen
1236 3122 1355 3168 putari

303 3177 435 3212 nubem
460 3185 532 3212 non
563 3175 679 3212 solere
700 3177 895 3214 ascendere
914 3177 958 3212 de
986 3179 1129 3220 castris,
1157 3184 1193 3214 et
1214 3180 1355 3225 signum

303 3236 446 3273 itineris
462 3236 548 3273 dare
566 3236 637 3272 nisi
655 3245 719 3283 per
743 3237 852 3272 diem.
881 3236 1053 3283 Sequitur
1079 3247 1166 3285 ergo
1181 3243 1217 3274 et
1234 3239 1321 3275 dicit
1345 3251 1353 3275 ε

304 3298 351 3334 Et
376 3298 442 3334 erit
462 3308 542 3333 cum
573 3297 681 3344 suerit
707 3298 814 3334 nubes
837 3310 859 3334 a
878 3309 1018 3345 vespera
1039 3310 1149 3346 usque
1179 3311 1294 3343 mane,
1323 3306 1356 3336 et

305 3359 466 3394 ascendet
493 3358 599 3394 nubes
638 3368 755 3402 mane,
788 3363 820 3394 et
842 3359 1089 3405 promovebunt
1118 3359 1186 3395 die.
1214 3359 1280 3396 Hic
1296 3360 1356 3396 illa

307 3419 508 3463 copulativa
526 3419 752 3466 conjunctio,
786 3428 888 3455 more
925 3418 1121 3466 Scripturae
1149 3420 1266 3466 posita
1285 3426 1354 3456 est.

306 3478 412 3521 Nam,
429 3488 473 3514 ea
491 3479 668 3524 detracta,
687 3479 815 3526 plenus
835 3486 890 3516 est
918 3490 1046 3516 sensus
1070 3480 1139 3516 hoc
1156 3481 1261 3516 modo
1281 3492 1290 3516 ε
1310 3480 1357 3516 Ει

306 3538 370 3573 erit
388 3548 466 3572 cum
486 3538 590 3584 suerit
609 3539 715 3575 nubes
733 3550 755 3575 a
780 3550 918 3586 vespera
934 3550 1041 3586 usque
1057 3550 1172 3583 mane,
1192 3545 1224 3575 et
1239 3551 1359 3576 ascen-

308 3598 398 3634 derit
415 3597 520 3634 nubes
538 3609 655 3642 mane,
690 3587 939 3646 promovebunt
961 3600 1030 3636 die.
1059 3600 1196 3637 Deinde
1215 3600 1301 3647 quia
1324 3606 1362 3637 et

308 3663 412 3694 nocte
428 3659 459 3695 si
478 3658 826 3697 nubes··ascenderet
862 3662 1136 3707 promovebant,
1161 3669 1269 3709 atque
1289 3662 1357 3699 iter

310 3722 528 3754 nocturnum
548 3719 581 3755 si
597 3719 686 3757 illud
703 3721 847 3767 signum
867 3722 1074 3766 acciperent
1101 3723 1268 3770 agebant,
1295 3723 1358 3760 ad-

1424 2094 1685 2139 promovebunt.
1708 2094 1896 2130 Postremo
1930 2094 2074 2140 repetiit
2105 2093 2227 2129 divina
2263 2094 2481 2131 auctoritate

1426 2156 1576 2199 sactum,
1601 2158 1658 2193 cui
1698 2158 1819 2194 resisti
1844 2159 1968 2204 utique
2005 2168 2077 2194 non
2115 2158 2257 2203 debeat,
2283 2157 2481 2206 adjungens

1424 2218 1595 2263 quoniam
1614 2228 1680 2264 per
1710 2225 1932 2265 praeceptum
1953 2220 2096 2256 Domini
2113 2220 2388 2266 promovebunt.
2411 2219 2482 2255 Cu-

1424 2278 1577 2313 stodiam
1594 2278 1737 2313 Domini
1759 2280 2011 2323 custodierunt,
2031 2291 2092 2327 per
2111 2287 2319 2327 proeceptum
2337 2281 2481 2316 Domini

1424 2338 1460 2373 in
1477 2349 1583 2373 manu
1601 2338 1716 2385 Moysi
1731 2351 1743 2383 ;
1763 2341 1870 2375 rediit
1890 2341 1934 2376 ad
1959 2342 2107 2376 verbum
2145 2341 2319 2387 praeteriti
2343 2347 2481 2387 tempo-

1425 2399 1487 2440 ris,
1510 2404 1550 2433 ut
1572 2399 1721 2442 diceret,
1747 2401 2007 2436 custodierunt.
2043 2400 2145 2444 Quod
2164 2411 2250 2437 vero
2271 2402 2308 2437 in
2327 2402 2399 2438 fine
2416 2412 2479 2448 po-

1425 2460 1512 2502 suit,
1537 2460 1571 2494 in
1591 2470 1698 2495 manu
1724 2459 1850 2506 Moysi,
1879 2461 2123 2512 usitatissima!
2150 2462 2186 2496 in
2209 2461 2408 2508 Scripturis
2428 2462 2480 2498 10-

1423 2520 1519 2556 cutio
1538 2524 1606 2562 est,
1625 2520 1709 2565 quia
1733 2529 1798 2565 per
1818 2519 1963 2566 Moysen
1998 2521 2076 2556 haec
2096 2521 2190 2557 Deus
2221 2521 2468 2567 praecipiebat.

1425 2577 1628 2614 Secundum
1648 2578 1855 2625 allegoriam
1887 2589 1973 2615 vero
1990 2580 2116 2622 nubes,
2150 2590 2230 2626 quae
2261 2581 2476 2617 tabernacu-

1425 2638 1499 2673 lum
1530 2639 1685 2684 operuit,
1716 2644 1752 2674 et
1782 2639 1955 2685 populum
1984 2650 2051 2686 per
2082 2651 2244 2678 eremum
2275 2643 2390 2687 duxit,
2415 2653 2479 2680 sua

1423 2698 1603 2744 positione
1630 2699 1803 2735 indicium
1824 2699 1928 2744 dans,
1956 2702 2099 2747 quando
2136 2708 2232 2739 esset
2264 2703 2346 2740 filiis
2368 2704 2478 2740 lsrael

1425 2760 1697 2804 transcundum,
1724 2766 1759 2796 et
1793 2763 1936 2806 quando
1969 2768 2087 2799 castra
2107 2764 2328 2808 metandum,
2356 2765 2478 2801 incar-

1424 2820 1607 2856 nationem
1627 2821 1764 2857 Christi
1788 2823 1982 2871 significat,
2018 2823 2119 2868 cujus
2147 2824 2338 2861 clementia
2358 2826 2478 2862 taber-

1425 2880 1594 2916 naculum
1629 2880 1800 2918 Ecclesiae
1831 2884 2002 2930 protexit,
2039 2882 2141 2928 quus
2170 2884 2313 2921 bonitas
2343 2891 2476 2922 statum

1425 2937 1503 2982 ejus
1533 2939 1702 2985 disponit,
1738 2948 1774 2978 et
1798 2943 1899 2990 cujus
1934 2943 2125 2990 prudentia
2153 2944 2190 2980 in
2208 2944 2267 2980 via
2279 2947 2478 2994 praesentis

1426 3002 1546 3038 saeculi
1564 3004 1754 3040 transitum
1771 3006 1884 3052 ipsius
1899 3008 2042 3044 direxit.
2064 3008 2162 3045 Idem
2178 3014 2234 3045 est
2249 3015 2284 3046 et
2297 3010 2475 3055 columna,

1426 3062 1512 3107 quia
1535 3068 1656 3099 rectus
1678 3070 1787 3102 estet
1813 3066 1953 3111 firmus,
1988 3072 2024 3103 et
2042 3066 2194 3104 fulciens
2231 3068 2477 3106 infirmitatem
2536 3108 2540 3109 ⁷

1426 3127 1604 3167 nostram,
1629 3130 1666 3160 et
1684 3136 1750 3171 per
1769 3133 1913 3163 noctem
1952 3128 2090 3172 lucens,
2126 3138 2193 3175 per
2223 3130 2318 3166 diem
2334 3140 2407 3166 non
2425 3130 2478 3166 lu-

1427 3194 1526 3227 cens,
1543 3191 1580 3220 ut
1612 3187 1671 3231 qui
1693 3197 1763 3222 non
1802 3188 1916 3223 vident
1934 3190 2087 3234 videant,
2108 3196 2142 3226 et
2177 3191 2237 3237 qui
2263 3191 2376 3226 vident
2395 3191 2477 3227 coeci

1425 3244 1514 3287 fiant
1533 3243 1655 3291 (Joan.
1678 3246 1745 3291 lx).
1770 3246 1896 3283 Potest
1917 3254 1954 3283 et
1973 3249 2026 3284 sic
2044 3260 2116 3286 non
2131 3251 2330 3298 incongrue
2347 3252 2476 3298 accipi,

1426 3304 1523 3348 quod
1549 3302 1685 3338 Christi
1721 3311 1989 3341 sacramentum
2028 3313 2198 3353 tanquam
2218 3309 2257 3345 in
2287 3311 2346 3346 die
2363 3310 2478 3345 mani-

1425 3363 1594 3399 festatum
1620 3368 1677 3399 est
1707 3364 1745 3399 in
1765 3375 1874 3402 earne
1906 3367 2004 3403 velut
2035 3368 2072 3403 in
2114 3370 2234 3413 nube;
2266 3370 2304 3405 in
2336 3370 2473 3417 judicio
2534 3370 2540 3418 ξ

1424 3432 1512 3460 vero
1530 3428 1702 3469 tanquam
1736 3423 1774 3459 in
1793 3434 1919 3461 errore
1949 3432 2141 3471 nocturno,
2168 3429 2253 3475 quia
2287 3435 2374 3467 tunc
2406 3431 2477 3467 erit
2537 3439 2540 3441 ·

1425 3494 1556 3531 magna
1581 3484 1764 3522 tribulatio
1796 3487 1918 3523 saeculi
1943 3492 2112 3535 tanquam
2135 3490 2243 3537 ignis,
2269 3496 2304 3528 et
2341 3492 2475 3530 lucebit
2532 3479 2540 3527 ξ

1421 3543 1546 3589 justis,
1566 3549 1602 3580 et
1627 3544 1770 3580 ardebit
1790 3543 1948 3590 injustis.
1973 3546 2081 3584 Juxta
2100 3550 2336 3598 tropologiam
2352 3557 2474 3589 autem
2527 3555 2540 3576 '²

1427 3604 1462 3640 in
1478 3604 1560 3651 igne
1579 3609 1752 3646 terrores,
1778 3604 1814 3640 in
1842 3606 1940 3642 nube
1969 3613 2091 3644 autem
2111 3608 2262 3646 visionis
2275 3609 2355 3647 lene
2372 3611 2474 3648 blan·
2514 3615 2515 3618 ’

1426 3664 1624 3701 (timentum
1645 3664 1858 3700 ostenditur.
1886 3665 1970 3702 Dies
2000 3675 2086 3720 vero
2105 3668 2192 3714 justi
2223 3670 2312 3713 vita,
2345 3675 2383 3706 et
2400 3679 2473 3707 nox

1426 3724 1602 3772 accipitur
1634 3725 1707 3761 vita
1737 3726 1952 3782 peccatoris.
1979 3726 2084 3766 Unde
2119 3734 2157 3765 et
2175 3730 2358 3769 conversis
2389 3738 2474 3779 pec-
2507 3711 2519 3795 ἑ
