2540 4016
104 164 172 213 '135

565 159 923 210 &sanniones
946 167 1003 206 m*
1017 161 1195 208 neuun
1218 159 1531 210 uenationum
1558 194 1605 202 -
1627 169 1713 214 mn.
1735 171 1795 214 ui.

2193 184 2262 224 734

102 253 245 298 tempus
269 258 336 297 per
362 248 549 287 excessum
578 245 771 292 quemdam
795 243 1061 281 introduximus
1074 271 1083 288 ,
1111 249 1152 280 ut
1169 244 1205 286 A
1218 248 1354 281 terram
1380 240 1596 284 ambulantis
1625 250 1851 289 conversatio
1870 254 1908 290 in
1925 257 2026 295 coelis
2043 265 2112 297 est.
2131 260 2200 297 Aut
2230 263 2262 300 si

103 312 391 356 ostenderemus,
413 310 497 358 quia
514 304 660 345 Balaam
675 311 747 344 non
764 305 802 342 in
814 305 935 349 corde,
956 306 1021 342 sed
1038 306 1077 341 in
1091 316 1154 343 ore

104 371 352 412 tantummodo
370 371 497 408 habuit
518 366 667 406 verbum
680 364 758 404 Dei.
771 365 920 403 Interim
933 393 943 410 ‚
964 373 1044 411 quae
1070 369 1156 412 pro-

105 433 198 480 fert,
230 444 311 481 quae
338 431 513 479 loquitur,
533 439 579 467 ex
596 424 707 466 verbo
730 427 795 463 Dei
817 425 990 472 loquitur,
1015 428 1052 462 et
1073 425 1156 463 ideo

105 504 186 542 quae
208 494 318 538 dicit,
342 493 491 530 verbum
504 489 569 527 Dei
588 495 657 526 est.
683 487 744 525 Ait
761 496 871 534 ergo:
895 487 988 531 Quid
1007 485 1156 522 maledi-

106 565 196 599 cam,
212 564 312 601 qaem
327 564 396 589 non
414 550 594 588 maledixit
606 549 803 586 Dominus?
817 549 862 584 Et
890 553 1033 585 caetera.
1063 546 1156 591 Quid

105 625 192 661 ergo
208 613 384 650 dicimus?
397 611 507 649 Jacob
518 611 662 658 quidem
680 621 753 648 non
766 609 949 646 maledicit
966 608 1155 651 Dominus,

105 684 173 711 nec
190 673 324 717 lsrael,
344 674 406 710 sed
423 674 529 710 alicui
552 678 658 719 putas
685 672 746 708 alii
765 670 959 708 maledicit.
987 669 1156 717 Legimus

103 735 291 780 scriptum,
306 734 389 779 quia
403 733 489 769 dicit
502 732 675 768 Dominus
697 731 742 768 ad
762 735 966 778 serpentem
986 741 994 764 z
1011 727 1159 764 Maledi-

104 801 178 832 ctus
191 801 228 830 ιιι
241 797 277 830 in
292 794 450 829 omnibus
465 793 580 829 bestiis
595 799 698 829 terrie
708 790 808 840 (Gen.
820 790 890 837 ιιι).
909 790 955 825 E't
970 789 1101 824 iterum
1113 788 1158 824 ad

101 856 243 893 Adam:
262 856 450 892 Maledicta
473 861 565 891 terra
583 856 620 890 in
644 854 802 900 operibus
822 852 891 886 tuis
915 847 1054 897 (wid).
1085 847 1157 884 Sed

103 919 197 956 etad
215 918 303 954 Cain
320 930 328 953 ε
350 917 396 952 Et
415 928 505 953 nunc
526 915 730 952 maledictus
750 919 787 949 tu
804 925 825 948 a
842 918 935 947 terra
947 937 957 954 ,
982 921 1060 956 quae
1076 922 1156 956 ape-

104 980 173 1015 ruit
195 990 233 1015 os
253 989 376 1021 saum,
405 984 443 1014 ut
470 978 636 1022 reciperet
660 974 863 1020 sanquinem
892 971 1014 1018 fratris
1041 972 1092 1007 tui
1114 971 1156 1007 de

102 1040 262 1075 manibus
277 1039 346 1073 tuis
362 1036 463 1080 (Gen.
483 1035 549 1083 lx).
568 1035 624 1077 Et,
647 1033 856 1069 Maledictus
875 1033 1000 1076 omnis,
1023 1033 1082 1079 qui
1102 1033 1156 1078 fa-

102 1100 147 1134 cit
165 1097 323 1143 sculptile
339 1102 399 1131 aut
422 1094 525 1141 fusile
543 1094 699 1142 (Deuter.
721 1094 850 1140 xxvii).
873 1094 1009 1130 Verum
1027 1104 1072 1130 ne
1089 1105 1155 1140 pu-

1221 306 1331 342 etiam
1349 304 1396 341 ad
1413 302 1517 342 illum
1535 306 1706 353 populum
1729 308 1823 346 dicta
1845 308 1924 348 hacc
1945 311 2132 356 ‘referenda
2158 326 2266 366 suut,

1221 377 1304 404 cum
1321 367 1554 405 distinctione
1571 368 1673 413 dicit,
1692 368 1734 405 ut
1755 370 1896 407 intuear
1920 377 1956 408 et.
1985 373 2201 425 intelligam,
2224 386 2267 419 ut

1221 423 1383 466 futurum
1401 429 1546 476 tempus
1566 428 1746 476 significet
1766 429 1856 466 illud
1874 429 1952 467 siue
1975 432 2100 476 dubio,
2126 438 2269 481 Quando

1222 491 1340 527 omnis
1355 491 1463 529 lsrael
1481 493 1524 529 ad
1543 490 1651 529 fidem
1674 491 1807 529 Christi
1824 494 1972 530 veniens
1992 495 2201 543 salvabitur,
2222 503 2268 540 ab

1222 551 1280 588 his
1297 552 1375 588 sine
1390 553 1513 597 dubio,
1529 550 1591 599 qui
1607 550 1788 590 excelsam
1806 559 1843 590 et
1864 555 2046 591 coelestem
2062 557 2171 594 vitam
2185 570 2270 597 eon-

1224 616 1413 658 sur'gentes
1442 623 1524 648 cum
1549 612 1713 656 Christo,
1738 619 1977 649 exercuerunt
2009 625 2117 662 super
2142 622 2271 655 terras.

1226 671 1298 709 Sed
1314 678 1351 708 et
1365 673 1461 718 quod
1478 672 1570 708 dixit
1587 685 1594 708 :
1612 673 1664 709 De
1679 672 1789 709 Jacob
1802 674 1943 721 quidem
1956 673 2090 719 uidebo,
2107 675 2149 711 de
2163 676 2275 714 Israel

1225 739 1340 769 autem
1365 732 1577 780 intelligam,
1611 735 1721 771 etiam
1744 735 1813 771 hoc
1832 735 2020 783 aptissima
2046 735 2276 775 distinetione

1225 795 1495 841 suscipiendum
1514 801 1570 833 est
1582 823 1591 840 ,
1613 802 1654 832 ut
1673 796 1770 833 aliud
1789 796 1833 833 ad
1857 799 1960 834 actus
1978 797 2138 834 visibiles
2150 826 2159 842 ‚
2183 799 2279 835 aliud

1226 856 1269 892 ad
1289 856 1507 892 invisibilem
1531 856 1638 893 fidem
1670 861 1779 903 atque
1807 857 2068 903 intelligibilem
2092 858 2277 894 scientiam

1224 915 1448 952 conferatur.
1477 917 1548 952 Aut
1581 917 1610 953 si
1635 917 1680 952 ad
1709 916 1870 952 futurum
1901 917 2072 953 saeeulum
2095 918 2278 954 converti-

1224 987 1305 1013 mus
1318 1004 1327 1020 ,
1353 978 1388 1013 id
1403 982 1471 1020 est,
1491 978 1535 1014 ad
1550 977 1826 1014 resurrectionis
1842 983 2000 1024 tempus,
2017 977 2126 1014 Jacob
2143 978 2277 1021 videbo,

1222 1042 1343 1081 potest
1355 1039 1398 1073 de
1414 1038 1625 1082 corporibus
1640 1037 1776 1074 dictum
1794 1038 1956 1084 intelligi,
1968 1038 2081 1074 Israel
2098 1045 2211 1074 autem
2222 1039 2279 1074 in-

1225 1095 1392 1142 telliqam,
1410 1096 1558 1142 spiritus
1577 1101 1612 1132 et
1630 1096 1769 1133 animas
1787 1097 1988 1144 significare
1998 1099 2277 1144 resurgentium.

100 1161 155 1192 tes
173 1157 249 1192 hacc
268 1156 305 1191 in
323 1154 504 1191 veteribus
525 1152 776 1189 tantummodo
801 1152 933 1188 litteris
954 1154 1154 1198 contineri,
1176 1152 1208 1192 B
1274 1156 1378 1199 Ecce,
1396 1157 1526 1202 inquit,
1547 1156 1696 1203 populus
1714 1157 1807 1192 solus
1822 1157 2008 1202 habitabit,
2023 1164 2054 1193 et
2072 1158 2108 1193 in
2130 1159 2282 1194 nationi-

101 1217 210 1254 etiam
224 1216 260 1252 in
269 1214 473 1261 Evangeliis
489 1213 619 1250 similia
635 1213 795 1249 invenies
810 1213 957 1259 scripta.
975 1213 1157 1260 Scriptum

101 1284 158 1315 est
173 1278 269 1314 enim
288 1278 372 1324 quia
389 1277 551 1313 dicturus
566 1275 611 1311 sit
626 1275 799 1311 Dominus
813 1275 869 1310 his
887 1275 948 1320 qui
967 1285 987 1310 a
1002 1275 1159 1312 sinistris

101 1344 232 1377 erunt:
250 1339 423 1375 Discedite
442 1350 463 1373 α
486 1349 553 1381 me,
572 1337 763 1381 maledicti,
779 1337 816 1372 in
848 1337 963 1382 ignem
990 1343 1159 1373 [eternum

101 1400 246 1450 (Matth.
255 1400 354 1448 xxv).
367 1400 436 1437 Sed
445 1405 571 1436 etcum
581 1399 667 1435 dicit
678 1410 684 1433 :
697 1397 756 1433 Vae
764 1397 871 1441 vobis,
881 1398 1011 1435 Scriboe
1021 1406 1052 1433 et
1064 1397 1158 1433 Plia-

101 1464 194 1500 rt'scei
214 1464 402 1510 hypocritoe
417 1460 560 1508 (Mattlt.
584 1460 700 1507 xxm).
722 1458 780 1502 Et,
803 1459 863 1495 Voe
890 1460 982 1495 vobis
998 1458 1159 1494 divitibus

103 1525 203 1572 (Luc.
223 1523 289 1571 vi),
307 1529 343 1559 ct
361 1523 499 1569 singula
519 1521 738 1566 hujtismodi.
757 1521 849 1565 Quid
871 1519 978 1562 aliud,
995 1519 1065 1554 nisi
1083 1528 1160 1554 ma-

102 1585 244 1622 ledictis
262 1595 324 1620 eos
346 1583 487 1619 videtur
506 1584 658 1629 urgere?
677 1582 748 1619 Sed
769 1581 855 1628 quid
875 1580 1043 1622 diximus,
1064 1578 1159 1624 quod

102 1645 312 1682 mandatum
332 1654 396 1690 per
415 1644 626 1690 Apostolum
653 1644 758 1679 datur
784 1643 845 1678 ubi
874 1642 987 1677 dicit:
1011 1639 1160 1676 Benedi-

102 1706 167 1741 cite
192 1711 223 1741 et
253 1705 358 1741 nolite
387 1704 618 1740 maledicere?
646 1704 747 1748 Quod
778 1713 864 1749 ergo
886 1702 930 1738 ab
954 1701 1160 1737 homiuibus

105 1768 181 1804 vult
198 1768 290 1811 fieri,
312 1768 382 1804 hoc
402 1768 477 1814 ipse
494 1767 604 1810 facit,
625 1767 685 1813 qui
707 1766 910 1812 exemplum
933 1766 1018 1801 vitae
1043 1764 1159 1800 omni-

102 1831 170 1866 hus
186 1829 309 1876 ponit?
323 1828 400 1865 Non
420 1829 470 1864 ita
494 1833 561 1864 est.
578 1827 674 1864 Deus
690 1830 787 1863 enim
813 1827 943 1873 quibus
962 1825 1156 1867 maledicit,

101 1891 275 1926 meritum
296 1890 461 1937 designat
482 1888 559 1934 ejus
588 1889 645 1924 cui
677 1888 917 1929 maledicitur,
948 1890 983 1922 et
1016 1891 1160 1923 seuten-

103 1954 194 1989 tiam
222 1953 377 1999 promit,
411 1956 536 1997 utpote
567 1960 673 1995 quem
706 1959 776 1986 nou
801 1949 901 1984 sallat
928 1959 995 1984 nec
1020 1948 1160 1994 peccati

103 2014 271 2060 qualitas,
291 2023 407 2058 neque
426 2012 610 2057 peccantis
628 2010 790 2047 effectus.
808 2011 922 2047 Homo
940 2015 1059 2046 autem
1076 2009 1159 2055 quia

1228 1217 1290 1253 bus
1310 1229 1378 1252 non
1398 1218 1629 1264 reputabitur.
1646 1217 1770 1254 Potest
1786 1218 1918 1265 quippe
1942 1224 1979 1254 et
2007 1219 2202 1256 secundum
2220 1219 2281 1255 lit-

1226 1285 1343 1316 teram
1362 1285 1472 1316 stare.
1492 1278 1599 1316 Solus
1618 1280 1714 1316 enim
1736 1281 1887 1326 populus
1905 1275 2018 1317 Jacob
2038 1291 2109 1317 non
2131 1286 2187 1318 est
2201 1291 2284 1328 per-

1227 1342 1357 1377 mistus
1380 1341 1522 1376 caeteris
1541 1341 1768 1385 hominibus,
1790 1353 1856 1378 nec
1876 1342 1972 1378 inter
1994 1348 2144 1380 caeteras
2162 1350 2285 1390 gentes

1228 1408 1415 1448 reputatus
1436 1408 1503 1437 est.
1526 1401 1659 1438 Habuit
1680 1403 1776 1439 enim
1803 1407 1901 1439 certa
1928 1414 2080 1450 quaeque
2097 1405 2285 1451 privilegia

1228 1464 1265 1500 in
1287 1464 1600 1500 observationibus
1618 1464 1691 1500 suis
1709 1470 1743 1500 et
1766 1465 1802 1500 in
1820 1464 2003 1511 legitimis,
2020 1476 2065 1502 ex
2082 1466 2212 1512 quibus
2229 1476 2284 1502 se-

1228 1530 1437 1571 questratus
1452 1535 1472 1560 a
1490 1526 1631 1561 cacteris
1652 1526 1819 1572 gentibus
1838 1525 2049 1570 haberetur,
2063 1527 2157 1563 sicut
2174 1527 2283 1562 etiam

1227 1587 1344 1623 tribus
1365 1587 1450 1622 Levi
1473 1597 1546 1622 non
1570 1591 1625 1623 est
1651 1587 1829 1633 permixta
1858 1587 1952 1622 inter
1973 1593 2124 1624 caeteras
2147 1587 2282 1629 tribus,

1227 1658 1294 1684 nec
1328 1652 1588 1683 annumeratur
1620 1647 1715 1682 inter
1747 1657 1820 1682 eas.
1859 1646 1943 1683 Haec
1976 1646 2122 1692 quidem
2155 1648 2191 1683 in
2225 1646 2285 1681 illo

1226 1709 1359 1756 populo
1386 1709 1533 1745 fuerunt
1556 1708 1751 1744 secundum
1775 1706 1930 1744 sormam
1951 1706 2156 1743 futurorum
2176 1708 2286 1743 bono-

1229 1780 1322 1805 rum.
1346 1768 1462 1806 Verus
1493 1774 1615 1805 autem
1636 1767 1748 1805 Jacob
1777 1772 1814 1804 et
1843 1768 2014 1815 spiritalis
2042 1767 2176 1812 lsrael,
2200 1779 2285 1805 vere

1229 1832 1325 1867 solus
1342 1832 1518 1868 habitavit
1539 1832 1573 1867 in
1601 1831 1778 1877 gentibus.
1811 1830 1848 1866 Si
1874 1831 1972 1867 enim
1992 1831 2211 1868 accessimus
2239 1832 2286 1868 ad

1229 1890 1316 1926 Sion
1337 1897 1493 1927 montem
1508 1918 1517 1934 ‚
1537 1897 1572 1927 et
1591 1891 1774 1927 civitatem
1799 1890 1863 1927 Dei
1891 1892 2047 1928 viventis
2076 1890 2277 1929 Jerusalem

1229 1951 1436 1994 coelestem,
1457 1957 1493 1987 et
1514 1951 1678 1987 venimus
1699 1952 1742 1987 ad
1769 1952 1968 1998 spiritalem
1996 1951 2178 1996 Judaeam,
2206 1965 2285 2000 quae

1229 2018 1285 2047 est
1303 2012 1420 2056 portio
1442 2011 1528 2055 Dei,
1551 2018 1587 2048 et
1613 2012 1648 2047 in
1671 2013 1776 2048 terris
1796 2013 1904 2058 positi
1935 2014 1983 2050 ibi
2006 2014 2181 2051 habemus
2201 2025 2285 2051 con-

102 2077 180 2113 haec
198 2084 270 2111 non
284 2078 402 2121 potest
420 2072 513 2108 ferre
531 2072 586 2107 vel
605 2071 738 2113 facere,
756 2071 886 2118 (neque
907 2072 1004 2106 enim
1029 2080 1160 2116 propo·
1178 2069 1208 2111 C
1228 2072 1482 2114 versationem,
1502 2081 1587 2108 vere
1606 2083 1678 2108 nou
1698 2079 1909 2118 reputamur
1922 2074 2016 2110 inter
2031 2081 2182 2111 caeteras
2200 2087 2285 2123 gen-

104 2138 212 2174 situm
233 2143 462 2182 mentemque
481 2135 631 2171 alterius
648 2135 771 2171 videre
790 2134 883 2170 alius
897 2140 957 2170 aut
973 2135 1159 2181 ignoscere
1188 2153 1191 2157 ·

102 2197 252 2245 potest),
270 2197 406 2232 idcireo
434 2196 543 2231 etiam
568 2195 598 2231 si
624 2194 824 2240 judicantis
853 2194 909 2230 vel
941 2194 1158 2230 sententiam

103 2257 305 2302 promentis
325 2254 455 2291 intuitu
475 2253 637 2300 proferat
665 2254 914 2296 maledictum,
939 2265 1009 2290 non
1041 2258 1159 2299 potest

102 2317 291 2362 essejusta
311 2316 550 2354 maledicendi
571 2326 694 2358 causa,
714 2316 775 2351 ubi
800 2316 987 2362 ignoratur
1004 2325 1159 2361 peccan-

104 2380 151 2414 tis
183 2378 538 2414 effectuszmaxime
568 2387 649 2413 cum
683 2376 882 2412 humanum
914 2377 1040 2412 vitium
1073 2381 1159 2412 tunc

105 2439 196 2475 sciat
213 2439 404 2475 maledicta
430 2437 594 2485 proferre
611 2445 691 2474 cum
718 2437 810 2474 forte
830 2438 1005 2474 conviciis
1025 2442 1087 2472 aut
1105 2437 1159 2472 in-

100 2498 207 2545 juriis
230 2505 460 2545 provocatur.
491 2498 593 2543 Quod
623 2499 750 2534 vitium
775 2507 940 2534 resecare
967 2498 1159 2543 Apostolus

104 2561 242 2603 volens,
268 2571 313 2596 ne
331 2560 532 2596 maledictis
551 2560 765 2601 maledicta,
785 2565 820 2595 et
843 2559 1016 2594 conviciis
1041 2559 1159 2594 convi-

106 2620 162 2656 cia
181 2629 417 2665 provocemus
432 2646 441 2662 ‚
469 2619 681 2655 mandatum
712 2618 958 2654 necessarium
978 2618 1102 2663 ponit,
1121 2623 1159 2652 ut

107 2679 348 2715 benedicamus
380 2684 411 2714 et
439 2688 509 2713 non
539 2677 790 2712 maledicamus
821 2676 939 2724 (Rom.
966 2674 1032 2723 ΧΠ)
1056 2687 1063 2712 :
1088 2687 1159 2723 quo

106 2739 334 2776 conviciandi
351 2738 477 2774 vitium
498 2742 697 2781 resecetur,
716 2747 787 2773 non
805 2747 876 2783 quo
896 2737 1078 2783 judicandi
1098 2748 1160 2774 ve-

105 2801 210 2845 ritas,
231 2810 311 2847 quac
325 2800 491 2836 homines
508 2799 609 2843 latet,
631 2804 667 2835 et
682 2799 938 2845 pronuntiandi
960 2800 1159 2836 auctoritas

104 2862 316 2909 perimatur.
337 2861 381 2897 Et
401 2866 521 2897 tamen
548 2852 633 2907 quid
651 2870 767 2896 eausae
786 2860 845 2904 sit,
869 2861 964 2905 quod
985 2870 1058 2897 non
1078 2871 1158 2896 ma-

81 2928 84 2932 ‘
103 2921 238 2960 ledicat
254 2923 429 2959 Dominus
452 2921 561 2958 Jacob
584 2932 700 2967 neque
716 2920 825 2957 lsrael
839 2948 848 2965 ‚
871 2921 1009 2968 abipso
1030 2922 1159 2958 nihilo⁴

104 2984 226 3021 minus
239 2982 401 3025 Balaam,
418 2982 490 3017 imo
506 2993 526 3017 a
542 2981 652 3017 verbo
672 2981 766 3026 quod
788 2982 908 3028 posuit
924 2981 1019 3018 Deus
1040 2983 1074 3019 in
1094 2992 1157 3018 ore
1173 2963 1209 3003 D

103 3046 196 3094 ejus,
219 3045 424 3090 diligentius
449 3044 649 3079 audiamus.

154 3107 204 3141 De
218 3106 362 3141 summis
381 3105 535 3140 silicibus
555 3106 675 3142 videbo
690 3117 782 3149 eum,
804 3107 891 3142 etde
908 3106 1053 3142 collibus
1074 3117 1157 3143 con-

106 3167 266 3207 siderabo
282 3167 393 3204 illam.
411 3167 506 3212 Sive,
521 3168 624 3215 juxta
639 3167 746 3203 aliam
761 3168 967 3212 editionem,
986 3167 1159 3210 Quoniam

109 3231 150 3266 de
170 3221 365 3274 verticibus,
385 3229 514 3276 iuquit,
530 3229 700 3265 montium
715 3228 872 3264 intuebor
887 3239 978 3273 eum,
1001 3235 1034 3264 et
1050 3240 1070 3264 a
1087 3229 1156 3264 col-

108 3290 198 3327 libus
213 3289 408 3337 intelliqam
425 3300 517 3325 eum.
536 3289 639 3334 Quia,
658 3289 787 3335 inquit,
806 3289 840 3324 iu
857 3289 1010 3325 excelsis
1025 3290 1157 3326 monti-

103 3343 176 3389 bus
200 3355 237 3387 et
257 3350 338 3386 altis
362 3350 513 3387 collibus
531 3350 669 3396 positus
697 3354 754 3385 est
778 3349 907 3394 lsrael,
939 3350 1008 3386 hoc
1038 3355 1092 3386 est
1120 3350 1156 3386 in

103 3409 205 3448 ‘edita
220 3410 295 3447 vita
313 3415 350 3447 et
365 3410 477 3447 ardua
492 3438 502 3454 ,
523 3411 568 3447 ad
587 3419 694 3456 quam
714 3409 954 3447 contuendam
969 3415 1006 3446 et
1027 3409 1160 3445 intelli-

83 3468 263 3518 ”ssendam
289 3480 360 3508 uon
379 3470 487 3507 facile
516 3471 596 3517 quis
619 3471 768 3507 idoneus
797 3470 859 3506 fiat
873 3498 881 3514 ‚
900 3469 1164 3506 nisiascendat

102 3526 158 3567 ''h'd
174 3531 394 3568 'eminentem
422 3535 458 3568 et
491 3531 672 3568 excelsam
702 3530 912 3573 scientiam,
932 3529 1085 3571 idcirco,
1107 3528 1163 3564 in-

160 3590 204 3642 lt,
221 3586 292 3628 nou
314 3591 348 3627 ei
365 3591 546 3628 maledicit
564 3591 671 3628 Deus.
694 3591 760 3628 Est
778 3590 875 3626 enim
891 3589 965 3624 vita
987 3588 1063 3635 ejus
1086 3587 1156 3624 alta

83 3644 98 3661 ⁸
138 3649 364 3707 ,spraeeelsm
394 3663 465 3689 uon
485 3652 639 3689 'humilis
668 3656 704 3688 et
733 3652 884 3698 deiecta.
905 3650 1006 3694 Quod
1034 3653 1156 3685 tamen

110 3708 201 3750 hilm
213 3713 289 3749 hoii
299 3713 458 3757 videtur,
471 3714 564 3760 'quia
582 3712 626 3750 de
648 3713 709 3750 illo
733 3713 860 3756 lsrael,
881 3712 941 3759 qui
961 3711 1155 3748 secundum

84 3763 263 3811 “uum
283 3767 670 3820 maweu-‚lunum
697 3773 763 3811 sed
784 3773 828 3811 de
847 3773 909 3810 1110
931 3772 1032 3819 cnjus
1051 3781 1157 3818 super

1227 2139 1296 2176 tes,
1319 2143 1386 2169 nec
1404 2133 1626 2178 reliquarum
1643 2133 1830 2168 nationum
1849 2133 1940 2170 fines
1959 2145 2041 2170 cum
2060 2135 2195 2172 nostris
2210 2135 2283 2172 fini-

1225 2192 1293 2228 bus
1329 2193 1574 2228 admiscentur
1588 2219 1597 2235 ,
1635 2193 1777 2228 etiamsi
1814 2193 2025 2230 restituatur
2060 2193 2217 2231 Sodoma
2249 2195 2285 2232 iu

1227 2255 1426 2299 antiquum,
1446 2258 1481 2289 et
1500 2252 1679 2300 AEgyptus
1701 2253 1738 2288 in
1758 2259 1891 2289 statum
1912 2265 2017 2290 suum
2038 2249 2186 2300 redeat;
2206 2256 2285 2293 etsi

1227 2314 1313 2360 quid
1333 2315 1405 2349 tale
1423 2314 1458 2349 in
1476 2314 1661 2359 prophetis
1682 2314 1870 2360 scriptum,
1890 2320 2139 2351 verumtamen
2156 2315 2208 2351 illi
2228 2312 2286 2353 Ja-

1226 2374 1294 2411 cob
1312 2381 1348 2410 et
1366 2373 1517 2419 spiritali
1534 2367 1665 2417 Israel,
1687 2384 1768 2410 cum
1793 2374 1837 2409 ad
1864 2374 2063 2410 Ecclesiam
2088 2374 2285 2421 primitivo-

1226 2447 1307 2474 rum
1325 2436 1576 2477 ascenderint,
1599 2433 1718 2471 nullus
1735 2435 1996 2480 exinquabitun
2023 2435 2141 2471 nullus
2168 2435 2282 2472 admi-

1226 2496 1400 2539 scebitur,
1418 2495 1528 2532 etiam
1548 2496 1578 2531 si
1598 2495 1676 2531 istae
1704 2498 1829 2540 gentes
1856 2496 2054 2532 secundum
2081 2496 2178 2532 dicta
2199 2508 2283 2544 pro-

1224 2557 1368 2604 phetica
1400 2555 1536 2592 suerint
1555 2555 1746 2591 restitutae.
1770 2554 1846 2591 Nisi
1873 2556 1968 2591 enim
1992 2555 2150 2593 insertus
2175 2557 2284 2595 suerit

1226 2627 1349 2653 ramus
1369 2616 1540 2658 oleastri,
1561 2620 1598 2652 et
1629 2616 1748 2652 socius
1766 2615 1880 2651 'suerit
1904 2614 2022 2654 sactus
2049 2610 2181 2654 radicis
2204 2619 2283 2664 piu-

1227 2680 1391 2727 guedinis
1409 2679 1526 2722 olivae,
1550 2678 1730 2724 quomodo
1747 2674 1866 2724 potest
1888 2678 2019 2714 sociari
2050 2684 2086 2715 et
2115 2678 2282 2729 conjungi

1226 2742 1271 2777 ad
1291 2740 1402 2776 Jacob
1422 2739 1478 2775 vel
1497 2738 1621 2782 Israel,
1644 2747 1724 2774 cum
1744 2738 1822 2774 sine
1839 2738 1908 2774 ista
1931 2738 2052 2773 radice
2079 2748 2146 2774 nec
2170 2738 2281 2776 Jacob

1226 2801 1415 2847 quisquam
1445 2801 1560 2846 possit
1588 2800 1774 2847 appellari,
1798 2810 1863 2837 nec
1893 2801 2017 2837 lsrael.
2048 2801 2171 2849 Neque
2195 2813 2281 2850 ergo

1225 2871 1269 2898 ex
1301 2861 1411 2897 Jacob
1440 2861 1495 2897 vel
1521 2860 1633 2897 lsrael
1666 2861 1695 2897 si
1725 2861 1805 2907 quis
1826 2867 1975 2908 peccat,
1999 2860 2108 2899 Jacob
2127 2863 2195 2899 dici
2220 2864 2276 2899 vel

1224 2923 1335 2960 lsrael
1363 2927 1501 2969 potest;
1522 2933 1637 2968 neque
1666 2933 1708 2958 ex
1740 2923 1907 2969 gentibus
1933 2923 1963 2959 si
1993 2923 2074 2969 quis
2098 2924 2281 2971 ingressus

1227 2986 1338 3022 fuerit
1369 2984 1570 3022 Ecclesiam
1598 2984 1763 3030 Domini,
1795 2984 1889 3022 inter
1919 2990 2042 3031 gentes
2062 2985 2155 3021 ultra
2177 2997 2279 3033 repu-

1228 3048 1378 3084 tabitur.

1279 3106 1366 3150 Quis
1385 3106 1603 3152 iizvestiyabit
1625 3117 1741 3142 semen
1765 3105 1874 3142 Jacob
1898 3112 1929 3141 et
1947 3107 2026 3152 quis
2047 3107 2278 3142 dinumerabit

1231 3167 1342 3216 plebes
1360 3166 1499 3203 Israel?
1517 3166 1642 3203 Simile
1661 3173 1715 3202 est
1736 3164 1784 3201 illi
1805 3166 1872 3201 lioe
1891 3166 1986 3210 quod
2010 3165 2180 3209 scriptum
2199 3172 2274 3210 est,

1228 3230 1311 3276 quia
1329 3229 1452 3265 eduxit
1469 3229 1564 3264 Deus
1582 3228 1764 3264 Abraham
1788 3225 1886 3261 foras
1906 3230 1942 3260 et
1961 3225 2011 3259 ait
2033 3225 2082 3259 illi
2101 3236 2109 3259 ε
2132 3223 2275 3272 Respice

1227 3291 1273 3327 ad
1291 3290 1427 3333 coelum,
1446 3294 1478 3324 et
1495 3288 1676 3323 dinumera
1695 3284 1812 3320 stellas
1829 3284 1859 3319 si
1871 3289 1966 3329 potes
1982 3283 2216 3320 dinumerare.
2231 3285 2258 3322 Ε

1227 3351 1278 3388 ait
1296 3364 1303 3387 :
1327 3350 1385 3386 Ila
1405 3349 1468 3385 erit
1486 3357 1601 3382 semen
1620 3351 1729 3380 tuum.
1746 3343 1792 3378 Et
1823 3341 1966 3377 credidit
1995 3342 2171 3378 Abraham
2184 3343 2271 3387 Deo,

1225 3418 1258 3448 et
1291 3414 1487 3456 reputatum
1514 3413 1564 3442 est
1596 3404 1649 3440 illi
1675 3403 1721 3438 ad
1747 3403 1924 3449 justitiam
1955 3401 2057 3449 (Gen.
2085 3403 2179 3452 xm).
2203 3404 2271 3442 Sed

1225 3469 1407 3506 Abraham
1423 3466 1567 3512 quidem
1582 3462 1691 3498 etalii
1708 3461 1857 3508 quilibet
1870 3455 2070 3507 hominum,
2086 3466 2271 3501 autetiam

1224 3527 1447 3574 angelorum,
1468 3521 1633 3560 fortassis
1648 3524 1767 3557 autem
1787 3527 1823 3557 et
1842 3517 2068 3568 superiorum
2083 3522 2269 3567 virtutum,

1226 3591 1299 3623 'non
1316 3589 1461 3631 'poterat
1477 3591 1669 3618 munerare
1688 3581 1809 3618 stellas
1821 3608 1831 3626 ,
1849 3591 1916 3618 nec
1934 3592 2059 3619 semen
2072 3582 2270 3628 Abraham,

1227 3646 1270 3682 de
1290 3653 1360 3690 quo
1379 3643 1550 3688 scriptum
1570 3647 1625 3678 est
1643 3651 1653 3677 τ
1676 3639 1734 3677 Sic
1750 3641 1814 3677 erit
1827 3651 1942 3678 semen
1960 3644 2074 3678 tuum.
2095 3642 2191 3680 Deus
2207 3653 2271 3680 au-

1225 3712 1296 3744 tem
1315 3708 1358 3742 de
1374 3714 1444 3751 quo
1461 3704 1633 3750 seriptum
1651 3709 1732 3740 est:
1751 3701 1819 3747 ραι·
1835 3708 1994 3740 numerat
2011 3703 2270 3742 multitudinem

1220 3767 1420 3812 stellarum,
1438 3772 1471 3804 et
1487 3764 1645 3803 viamus
1659 3765 1708 3803 eis
1724 3765 1866 3802 nomina
1880 3759 2111 3815 vocat'ffsdl.
2129 3761 2267 3816 mvi).
