2540 4016
301 277 369 316 2⁰5

300 351 453 395 „mque
463 346 588 391 qnoeet
599 337 726 376 cidaris
738 338 774 370 et
791 332 897 368 mitra
905 326 1233 370 vocabatur-,caput
1245 326 1338 367 tege-
1354 321 1391 363 A

299 414 360 451 bat
374 415 412 447 et
426 405 575 445 ornabat
592 395 780 449 pontificis,
801 396 840 427 ut
857 390 926 426 hoc
946 386 1156 423 indumento
1169 383 1344 419 admonc-

301 479 413 515 retnr,
426 468 544 507 omnis
566 461 688 508 capitis
710 463 837 493 sensus
859 452 934 488 Deo
947 451 1179 485 consecratos
1195 443 1344 486 habere,

302 542 348 570 m
360 530 416 569 vel
428 526 520 567 osuii
540 524 617 569 ejus
640 519 801 555 viderent
814 511 1025 552 vanitatem,
1039 507 1096 544 vel
1112 514 1220 543 aures
1234 504 1346 540 liben-

302 593 372 629 tius
386 585 569 627 audiendo,
578 577 807 627 opprobrium
826 572 1032 618 acciperent
1041 568 1214 606 adversus
1224 562 1347 612 proxi-

300 659 396 687 ιιιιιιιι
427 653 549 686 suum.
576 640 631 676 vel
657 648 698 674 os
725 634 925 673 abundaret
950 630 1131 677 nequitia,
1160 634 1198 665 et
1226 627 1347 672 lingua

301 708 529 747 concinnaret
542 701 662 739 dolum
675 698 751 736 sive
759 696 872 733 etiam
890 703 953 731 eor
976 691 1123 738 crepida
1141 695 1178 726 et
1190 687 1348 746 ebrietas

302 770 503 818 gravarent,
521 763 578 799 vel
593 760 743 799 olfactus
757 760 942 802 aspersum
960 752 1126 799 myrrha,
1147 749 1226 786 aloe
1244 753 1281 783 et
1299 746 1351 782 ci-

304 837 466 867 namomo
489 827 619 862 lectum
648 818 846 857 meretricis
865 815 1157 861 amplecteretur.
1188 809 1351 853 Qualiter

305 897 422 927 autem
453 888 541 923 tiara
564 885 640 920 baec
661 880 769 916 fucrit
789 877 896 918 faeta,
925 874 1102 920 losephus
1126 871 1232 907 docet
1255 866 1349 914 (Lib.

305 963 360 994 ιιι,
374 962 447 996 cap.
467 948 522 994 ll)
537 946 657 982 dicens
673 955 680 978 :
697 941 813 987 Super
827 943 935 984 caput
951 940 1072 972 autem
1087 937 1206 980 gestat
1219 929 1352 976 pileum

307 1013 339 1046 in
364 1009 505 1045 modum
529 1004 668 1051 parvuli
691 998 862 1038 calamaci
892 1002 954 1032 aut
974 993 1126 1031 cassidis
1140 1017 1150 1034 ,
1170 988 1266 1036 quod
1292 997 1355 1023 ex-

307 1068 458 1106 tenditur
478 1076 585 1112 supra
602 1062 844 1100 summitatem
863 1056 991 1102 eapitis
1003 1080 1012 1098 ,
1031 1060 1067 1090 et
1086 1052 1224 1089 modice
1246 1048 1355 1084 verti-

306 1131 357 1165 cis
374 1127 600 1163 medietatem
619 1121 771 1162 excedit,
797 1126 833 1155 et
858 1117 927 1152 tale
954 1121 1022 1157 est,
1047 1120 1088 1149 ut
1119 1112 1285 1147 videatur
1311 1118 1355 1143 ex

309 1189 370 1224 lini
395 1191 534 1222 textura
553 1181 767 1221 confectum,
785 1178 920 1214 habens
940 1175 1048 1210 vittas
1062 1182 1141 1219 quae
1158 1169 1357 1207 convolutae

714 262 753 296 n.
780 247 952 294 uanam
976 223 1127 287 mimi
1152 230 1368 284 lacman
1392 220 1601 280 honum.
1629 222 1823 276 ommi
1845 234 1970 274 rans
1995 228 2024 271 1.

2393 210 2469 266 abt
2513 245 2522 266 2

1405 316 1677 356 similitudinem
1690 313 1796 362 pellis
1814 311 1954 350 colubri
1969 317 2079 357 quam
2091 301 2193 344 exuit
2207 302 2245 342 in
2263 306 2468 348 senatum,

1412 379 1467 416 sic
1485 379 1523 416 in
1542 376 1697 414 rotundo
1713 378 1922 412 contextum
1938 378 2009 416 est,
2028 375 2067 406 ut
2085 366 2311 413 marsupium
2326 363 2473 411 longius

1410 445 1528 487 putes.
1560 439 1713 475 Textum
1739 441 1861 473 autem
1887 432 2112 475 subtemine,
2138 428 2252 471 coeci,
2281 431 2473 473 purpure,

1411 499 1608 548 hyacinthi,
1632 504 1668 534 et
1684 496 1841 534 stamine
1858 493 2006 542 byssino
2028 493 2076 529 ob
2097 491 2265 528 decorem
2277 491 2317 524 et
2327 485 2476 523 fortitu-

1413 562 1548 604 dinem,
1567 565 1675 605 atque
1695 558 1744 594 ita
1763 555 1936 607 polymita
1953 562 2034 591 arte
2052 553 2278 593 distinctum,
2297 554 2338 585 ut
2357 548 2476 585 diver-

1414 634 1474 661 sos
1497 623 1603 672 flores
1622 627 1659 658 et
1678 630 1859 667 gemmas,
1885 628 1958 655 non
1983 617 2115 654 artifici
2135 625 2244 653 manu
2271 615 2476 654 contextas)

1415 674 1477 720 sed
1502 681 1643 718 'additas
1660 679 1861 716 arbitreris.
1883 677 2120 722 Habebatque
2132 674 2360 711 latitudinem
2374 681 2410 708 iv
2424 668 2480 708 dl·

1416 745 1588 791 gitorum,
1612 751 1685 787 quo
1704 739 1849 784 cingulo
1871 738 2018 785 proprie
2038 734 2200 783 pontifex
2225 733 2416 776 utebatur3
2443 734 2481 768 et

1418 805 1453 841 in
1489 814 1531 839 co
1565 802 1686 838 tunica
1715 799 1953 846 hyacinthina
1985 797 2092 834 simul
2119 801 2157 833 et
2186 792 2486 841 superhumerale

1419 864 1677 912 stringebatur.
1711 860 1800 896 Nam
1818 860 1856 896 in
1880 858 2114 906 sequentibus
2127 861 2252 903 aperte
2270 855 2316 892 de
2333 851 2484 899 conjun-

1420 927 1540 963 ctione
1558 921 1864 969 superhumeralis
1884 926 1920 956 et
1940 917 2127 956 rationalis
2144 921 2200 954 est
2217 916 2355 953 dictum
2371 927 2380 950 ε
2398 913 2483 950 lloec

1421 993 1457 1024 et
1471 992 1554 1022 ante
1569 991 1606 1022 et
1623 990 1720 1022 retro
1740 983 1791 1020 ita
1809 981 2075 1020 conveniebant
2089 980 2171 1023 sibi,
2189 984 2229 1014 ut
2246 977 2487 1023 superhume-

1423 1049 1499 1085 rale
1527 1052 1564 1084 et
1591 1045 1767 1083 rationale
1786 1049 1911 1080 mutuo
1930 1047 2163 1079 necterentur
2189 1039 2316 1076 stricta
2342 1029 2389 1074 ad
2412 1036 2489 1074 bal-

1425 1114 1538 1150 teum,
1559 1113 1595 1143 et
1616 1105 1759 1142 annulis
1778 1103 1908 1141 fortius
1923 1102 2102 1149 copulata,
2120 1111 2212 1147 quos
2236 1100 2379 1146 ingebat
2398 1098 2491 1135 vitta

1425 1169 1658 1216 hyacinthina
1677 1178 1722 1204 ne
1739 1167 1830 1203 laxoe
1849 1166 2023 1208 fluerent,
2049 1169 2083 1200 et
2104 1174 2126 1200 a
2143 1162 2352 1199 seinvicem
2370 1169 2493 1197 move—

310 1244 438 1290 saepius
458 1246 730 1281 connectuntur,
750 1248 793 1272 ne
811 1236 914 1271 facile
931 1234 1122 1270 dilabatur.
1149 1230 1218 1275 Qui
1234 1228 1358 1264 videli-
1378 1225 1408 1263 B
1429 1238 1565 1267 rentur,
1594 1230 1689 1266 Nulli
1716 1233 1837 1264 autem
1863 1226 2026 1268 dubium,
2050 1224 2137 1270 quin
2162 1223 2302 1260 balteus
2320 1221 2398 1257 sive
2414 1220 2494 1257 cin-

311 1311 368 1342 eet
385 1303 559 1350 losephus
581 1302 664 1338 huic
686 1299 778 1347 pileo
802 1308 908 1344 snper
934 1295 1094 1331 additum
1122 1303 1200 1329 esse
1224 1295 1359 1332 narrat,

312 1366 409 1403 aliud
422 1362 534 1408 majus
547 1362 729 1403 velamen,
750 1359 844 1406 quod
862 1363 972 1394 totam
987 1355 1118 1402 capitis
1135 1351 1363 1400 superficiem

313 1426 456 1466 celaret,
473 1429 553 1470 apte
568 1421 779 1469 perfectum,
799 1430 843 1456 ne
861 1419 1047 1454 laborante
1064 1415 1253 1452 sacerdote
1268 1413 1364 1448 circa

314 1483 488 1520 sacrificia
517 1487 672 1518 corruat.
706 1480 806 1524 Quod
838 1486 955 1515 tamen
982 1476 1083 1522 cujus
1114 1485 1194 1512 esse
1220 1473 1365 1515 coloriS‚

314 1554 383 1579 non
408 1543 575 1579 ostendit.
601 1542 645 1577 Et
662 1542 739 1577 haec
757 1539 900 1587 quidem
916 1540 959 1575 de
978 1538 1127 1574 minoris
1142 1534 1363 1576 sacerdotis3

316 1605 358 1640 de
378 1604 556 1651 pontilicis
576 1612 661 1639 vero
686 1603 791 1644 tiara,
812 1601 881 1637 hoc
904 1600 1011 1636 modo
1038 1602 1189 1634 testatur
1207 1608 1214 1630 :
1231 1595 1368 1630 Pileum

317 1670 434 1699 autem
454 1662 620 1699 similiter
635 1666 820 1706 operatum
845 1659 954 1694 habet
978 1656 1151 1702 pontifex,
1174 1656 1267 1690 sicut
1285 1654 1369 1689 reli-

319 1724 380 1768 qui
398 1722 619 1762 sacerdotes,
638 1726 674 1755 et
697 1719 806 1755 alium
829 1724 1017 1754 consutum
1034 1727 1077 1752 ex
1094 1716 1289 1763 hyacintho
1310 1726 1370 1750 va-

322 1784 424 1819 riato.
451 1782 701 1819 Circumdatur
719 1787 836 1816 autem
862 1780 894 1816 ei
914 1785 949 1815 et
969 1789 1077 1814 aurea
1105 1787 1237 1813 corona
1258 1776 1372 1812 tribus

322 1843 458 1879 vicibus
483 1844 590 1885 facta,
611 1851 718 1887 supra
747 1851 853 1888 quam
880 1841 993 1886 surgit
1022 1840 1057 1875 in
1090 1839 1206 1875 media
1243 1838 1372 1880 fronte,

322 1904 423 1949 quasi
449 1902 630 1949 calyculus
653 1902 797 1948 quidem
820 1911 964 1943 aureus,
993 1899 1120 1935 similis
1148 1899 1270 1934 herbae
1295 1907 1375 1942 quae

322 1963 414 2009 apud
434 1973 498 1999 nos
518 1962 649 1998 acharo
670 1967 913 2005 nuncupatur,
937 1969 1046 2005 quam
1069 1957 1184 1993 Graeei
1211 1957 1378 2001 hyoscia-

323 2032 407 2059 mon
426 2022 560 2057 dicunt.
596 2020 640 2056 Et
667 2019 774 2066 paulo
799 2023 882 2064 post
907 2017 1085 2063 descripta
1111 2017 1189 2062 ejus
1221 2015 1378 2051 mirabili

324 2078 511 2122 varietate,
528 2072 717 2115 subintulit
735 2073 858 2113 dicens
881 2089 888 2111 :
914 2075 1028 2111 Habet
1051 2081 1168 2110 autem
1187 2073 1309 2110 ssorem
1329 2075 1377 2110 si-

1431 1290 1566 1340 gulum,
1598 1291 1657 1328 cui
1683 1288 1980 1337 superhumerale
2009 1286 2300 1332 astringebatur,
2334 1283 2495 1320 tunicam

1431 1354 1716 1401 hyacinthinam,
1745 1361 1825 1397 quae
1847 1355 1884 1385 et
1908 1345 2213 1394 superhumeralis
2238 1344 2358 1385 tunica
2391 1352 2497 1380 voea-

1431 1416 1558 1456 batur,
1586 1414 1765 1459 cingebat.
1793 1411 1931 1448 Cuncta
1946 1409 2082 1445 etenim
2100 1417 2179 1453 quae
2199 1407 2383 1450 hucusque
2401 1403 2499 1440 dicta

1434 1482 1529 1519 sunt,
1553 1476 1597 1511 ad
1615 1473 1796 1521 pontificis
1817 1472 1980 1508 habitum
2001 1470 2193 1516 pertinent,
2219 1467 2350 1504 dehinc
2372 1473 2500 1501 conse·

1435 1543 1591 1584 qnentur
1618 1536 1771 1571 liliorum
1796 1533 1874 1581 ejus
1902 1532 2010 1569 baltei
2035 1530 2142 1567 simul
2169 1534 2206 1566 et
2239 1533 2369 1564 caetera
2397 1526 2501 1563 indu-

1436 1605 1556 1634 menta
1583 1602 1826 1643 exponuntur,
1853 1605 1935 1631 eum
1963 1593 2095 1629 dicitur
2111 1602 2121 1628 ι
2139 1590 2252 1626 Porro
2277 1588 2361 1634 saliis
2379 1586 2501 1624 Aaron

1437 1658 1573 1693 tunicas
1593 1657 1704 1692 lineus
1721 1656 1876 1703 parabis,
1900 1661 1930 1692 et
1952 1654 2083 1690 balteos
2103 1664 2143 1688 ac
2165 1652 2275 1687 tiaras
2296 1651 2333 1686 in
2352 1649 2502 1696 ylorium

1438 1724 1468 1754 et
1489 1718 1661 1753 decorem.
1691 1716 1814 1762 Neque
1841 1716 1885 1752 de
1909 1715 2039 1751 balteis
2063 1723 2203 1756 eorum,
2230 1717 2351 1748 utrum
2369 1714 2406 1746 et
2426 1709 2503 1754 ipso

1439 1789 1547 1825 opere
1564 1778 1747 1825 plumarii,
1771 1787 1816 1811 an
1837 1775 1944 1811 unius
1967 1774 2099 1811 coloris
2119 1773 2197 1809 fieri
2213 1770 2416 1812 debuerint,
2439 1769 2505 1805 ali-

1441 1841 1527 1886 quid
1547 1838 1766 1874 decernitur.
1799 1836 1996 1872 Dicendum
2016 1840 2071 1869 est
2095 1835 2203 1879 igitur
2221 1834 2340 1880 primo
2358 1832 2401 1868 de
2420 1830 2504 1867 bal·

1441 1904 1500 1934 teo
1519 1895 1712 1943 pontilicis,
1734 1895 1795 1940 qui
1813 1895 1855 1930 de
1871 1899 2026 1939 quatuor
2040 1892 2111 1928 illis
2129 1892 2311 1928 coloribus
2325 1889 2508 1928 nobilissi-

1444 1958 1512 1994 mis
1532 1966 1575 1992 ac
1593 1955 1669 1992 Deo
1687 1955 1803 2002 dignis
1827 1953 1942 1990 factus
1959 1959 2014 1990 est
2029 1979 2039 1996 ,
2058 1952 2140 1999 quia
2164 1957 2246 1998 apte
2269 1951 2377 1987 talem
2396 1950 2508 1986 habe-

1444 2027 1499 2058 ret
1518 2019 1694 2066 pontifex,
1721 2028 1827 2065 quem
1857 2016 2028 2063 singulari
2059 2016 2233 2051 virtutum
2259 2013 2390 2050 decore
2414 2021 2508 2048 sem·-

1444 2093 1509 2130 per
1537 2081 1726 2127 oportebat
1749 2079 1901 2125 accingi,
1934 2083 2015 2124 apte
2042 2075 2204 2123 pontifex
2231 2074 2396 2111 variante
2419 2071 2510 2110 flore

326 2140 446 2176 mneffl
475 2138 682 2185 913013ῧί111,
716 2142 750 2172 (³²
778 2147 841 2183 1³8¹·
873 2136 1061 2172 Circu'stffln
1081 2142 1301 2172 ¹01³(20P023
1321 2135 1377 2171 ¹¹1⁵
1396 2129 1425 2170 C
1447 2144 1608 2180 colorum
1626 2141 1853 2188 fulgentium,
1874 2140 2057 2176 accinctus
2078 2138 2265 2175 incedebat
2282 2146 2292 2172 ε
2313 2135 2398 2182 quia
2415 2135 2514 2171 sicut

327 2198 474 2236 floribus
497 2198 552 2235 est
570 2197 709 2241 eaelata,
731 2192 775 2233 ab
794 2197 960 2244 occipitio
985 2207 1097 2243 usque
1122 2198 1167 2233 ad
1188 2203 1380 2242 utrumque

330 2269 480 2308 tempus.
513 2255 550 2295 l'n
578 2257 695 2295 fronte
719 2268 805 2295 vero
831 2251 898 2294 hoc
922 2258 1064 2305 quidem
1084 2268 1152 2294 non
1172 2248 1278 2293 habet
1295 2269 1302 2291 :
1318 2256 1382 2292 sed

329 2321 460 2357 lamina
480 2328 536 2356 est
552 2329 673 2362 aurea,
694 2329 773 2365 quae
792 2317 904 2355 sacris
923 2316 1053 2354 litteris
1077 2318 1140 2353 Dei
1167 2327 1296 2353 nomen
1316 2317 1380 2352 ba-

329 2382 388 2417 bet
403 2380 625 2426 inscriptum.
658 2377 741 2415 llaec
762 2379 906 2426 quidem
920 2377 963 2415 de
979 2378 1135 2414 secundo
1154 2377 1328 2414 velamine
1348 2381 1384 2413 et

329 2441 471 2476 coronis
495 2439 705 2487 pontificum
732 2440 864 2483 aureis,
895 2439 1082 2486 Scriptura
1112 2445 1236 2475 sancta
1265 2444 1384 2475 tacere

330 2502 483 2538 videtur.
509 2502 728 2539 Coronarum
754 2499 839 2539 vero
860 2504 1018 2539 breviter
1041 2503 1126 2539 secit
1145 2504 1181 2539 in
1202 2503 1386 2549 sequenti-

330 2563 396 2598 bus
411 2561 626 2620 mentionem
641 2561 764 2599 dicens
779 2573 787 2597 :
806 2560 979 2598 Fecerunt
995 2569 1025 2598 et
1040 2564 1177 2599 tunicas
1195 2575 1296 2609 opere
1312 2570 1386 2599 tea:-

331 2622 398 2665 tili,
415 2621 533 2658 Aaron
550 2630 582 2658 et
601 2621 667 2668 filii
691 2624 781 2670 ejus,
808 2630 839 2659 et
863 2624 986 2661 mitras
1011 2635 1090 2660 cum
1114 2624 1291 2660 coronulis
1312 2627 1385 2661 suis

331 2694 374 2718 ex
392 2681 502 2728 bysso.
530 2682 601 2719 Sed
617 2681 660 2720 de
678 2695 747 2730 qua
766 2685 914 2720 materia
934 2685 1035 2722 factae
1054 2693 1176 2722 essent
1193 2698 1262 2722 non
1281 2686 1384 2722 dixit.

334 2742 423 2778 Cum
449 2741 545 2778 enim
572 2743 679 2783 dieat.
713 2750 750 2780 et
775 2746 900 2781 mitras
931 2757 1012 2782 cum
1041 2748 1222 2784 coronulis
1245 2749 1319 2784 suis
1342 2758 1387 2784 ex

336 2801 456 2847 bysso,
493 2807 632 2850 poterat
664 2801 812 2848 intelligi
849 2809 1019 2850 utrasque
1053 2815 1096 2840 ex
1131 2806 1239 2852 bysso
1276 2807 1389 2843 factas

337 2871 416 2897 esse
430 2888 440 2904 ,
465 2862 494 2897 si
519 2872 590 2898 non
606 2857 783 2909 tosepnus
802 2872 953 2899 coronas
970 2874 1050 2900 esse
1074 2875 1202 2901 aureas
1225 2867 1390 2912 designa-

338 2926 406 2964 ret,
428 2922 488 2967 qui
511 2927 628 2958 stante
655 2921 771 2959 adbuc
799 2923 944 2969 templo,
972 2932 1007 2960 et
1032 2924 1138 2971 legali
1162 2926 1390 2962 observantia

339 2980 532 3024 celebrata,
548 2992 628 3018 eum
646 2988 744 3019 essct
759 2983 803 3020 de
822 2994 952 3031 genere
971 2985 1198 3027 sacerdotali,
1220 2985 1391 3023 facillime

339 3040 455 3088 potuit
480 3041 622 3077 modum
650 3051 794 3078 omnem
823 3043 1054 3079 sacerdotalis
1082 3044 1293 3087 indumenti,
1320 3056 1392 3082 non

341 3104 480 3136 tantum
510 3098 685 3148 legendo,
717 3101 779 3138 sed
808 3102 961 3140 videndo
993 3114 1222 3150 cognoscere.
1261 3106 1394 3142 Verum

340 3161 418 3197 sive
430 3159 596 3209 byssinae,
618 3158 681 3198 s'eu
701 3158 834 3199 fuerint
850 3172 968 3199 aureae
984 3164 1179 3207 coronulae,
1205 3175 1286 3202 cum
1309 3176 1396 3202 con-

341 3226 413 3259 stet
431 3222 493 3259 eat
508 3220 623 3260 factas
635 3232 716 3261 esse
732 3234 814 3261 cum
835 3224 954 3261 mitris
966 3252 976 3269 ,
996 3226 1156 3262 dicamus
1174 3227 1330 3263 breviter
1351 3227 1396 3263 de

341 3281 470 3332 figura.
497 3281 625 3321 Mitras
648 3294 732 3322 eum
758 3286 940 3323 coronulis
964 3287 1097 3323 habent
1121 3288 1328 3324 sacerdotes
1349 3297 1395 3324 ex

342 3343 463 3391 bysso,
483 3330 545 3390 qui
561 3338 616 3381 ‘sie
631 3339 766 3390 visum,
785 3336 960 3390 auditum,
978 3352 1136 3394 gustum,
1166 3346 1336 3384 olfactum
1362 3353 1399 3384 et

345 3403 480 3440 tactum
496 3400 601 3441 sutsm
617 3399 655 3441 ίιι
667 3398 860 3443 §venustate
873 3406 1096 3444 castimoniae
1112 3407 1334 3451 custodiunt,
1359 3412 1401 3444 ut

347 3471 414 3510 pro
426 3462 551 3528 eadent
569 3454 732 3505 custodia
749 3477 790 3506 se
807 3463 982 3522 cot-‘onam
1003 3468 1087 3506 vita·
1106 3479 1216 3517 quam
1230 3469 1405 3519 repromi-

349 3512 513 3587 ιιι-Μ,
530 3579 562 3587 .-
588 3582 600 3587 ῃ
623 3515 767 3587 «patibili
792 3538 847 3585 ge.
868 3518 1039 3584 ¹accipere
1058 3535 1221 3580 sperent.
1258 3529 1305 3566 Ει
1329 3528 1405 3577 tat-

351 3587 567 3652 ‘fflsswfu
582 3583 768 3647 „,.-“”·“‚¹³¹9·
796 3586 969 3644 Βὶιριύιιε
988 3589 1156 3630 videlicet
1173 3588 1407 3638 facturaubal-

353 3645 418 3698 ²⁴2·-
435 3632 661 3706 Qus
681 3648 719 3701 a„
731 3638 996 3707 ,ge-emtam·
1016 3643 1197 3713 ῳήοωῐιι.
1215 3657 1303 3699 aa„
1317 3651 1404 3698 om

354 3700 475 3768 89139
486 3715 590 3768 ,¹⁶5⁰
605 3688 782 3766 500th
803 3692 999 3767 39„b5}⁸⁰,
1013 3719 1165 3765 remus
1187 3704 1401 3765 amni·

354 3770 710 3890 Q
770 3835 774 3838 .
827 3773 1400 3832 mmmmm·

959 3831 1403 3910 ⁴⁶¹³*wa

1447 2205 1538 2240 alius
1564 2203 1728 2250 quilibet,
1745 2212 1891 2238 necesse
1906 2207 1960 2237 est
1977 2201 2154 2236 industria
2169 2197 2401 2235 continentiae
2418 2205 2513 2243 ιιι-ω-

1449 2266 1629 2310 cingatur,
1649 2274 1694 2300 ne
1716 2273 1799 2299 caro
1816 2272 2020 2309 repugnans
2045 2261 2187 2308 spiritui
2210 2261 2389 2296 internam
2406 2268 2511 2294 men-

1450 2326 1497 2362 tis
1515 2335 1640 2372 pacem
1665 2324 1858 2370 aliquando
1883 2323 2093 2366 conturbet;
2124 2323 2174 2358 ita
2199 2320 2360 2369 pontifex
2387 2329 2431 2355 ae
2450 2318 2514 2354 do·

1450 2392 1528 2422 ctor
1572 2385 1729 2421 fidelium
1749 2412 1758 2427 ,
1795 2383 1953 2420 edomito
1991 2383 2067 2428 J'am
2104 2382 2204 2419 omni
2240 2377 2526 2426 concupiscibiss.

1452 2453 1551 2484 motu
1575 2448 1686 2483 animi
1714 2446 1790 2483 sive
1819 2446 1994 2491 corporis,
2022 2445 2100 2490 ipsa
2118 2444 2293 2480 virtutum
2310 2439 2540 2488 debetglo--1

1453 2511 1507 2546 ria
1531 2509 1746 2546 circumdari
1765 2517 1775 2543 ι
1794 2513 1832 2543 ut
1849 2506 1953 2551 Juxta
1971 2505 2175 2550 exemplum
2199 2503 2298 2540 floris
2320 2502 2429 2545 illius,
2453 2498 2527 2546 quit

1452 2579 1620 2616 egressus
1642 2574 1697 2606 est
1716 2569 1759 2604 dc
1779 2567 1901 2604 radice
1922 2566 2036 2609 lesse,
2059 2566 2095 2602 id
2116 2569 2184 2609 est,
2204 2563 2346 2601 Domini
2361 2555 2540 2601 salvato-5

1454 2631 1519 2672 ris,
1535 2631 1582 2666 sit
1596 2629 1737 2676 justitia
1755 2628 1938 2675 cingulum
1956 2627 2161 2663 lumborum
2177 2625 2270 2670 ejus,
2287 2629 2324 2661 et
2342 2623 2432 2660 fides
2444 2623 2528 2658 cin-

1454 2692 1606 2728 ctorinm
1639 2700 1766 2726 renum
1792 2688 1882 2734 ejus.
1917 2687 2063 2724 Tunicae
2085 2692 2207 2722 autem
2225 2685 2330 2721 lineae
2347 2689 2386 2720 et
2409 2679 2540 2729 baltdj

1454 2762 1497 2787 ae
1523 2751 1648 2794 tiarae,
1674 2760 1754 2795 quae
1783 2749 1866 2785 tiliis
1891 2748 2011 2784 Aaron
2039 2749 2075 2783 in
2103 2746 2257 2793 gloriam
2285 2749 2320 2780 et
2349 2734 2540 2784 decorata?

1456 2812 1534 2847 ficri
1566 2815 1748 2857 praecepta
1777 2815 1878 2851 sunt,
1903 2808 1990 2855 qnid
2014 2808 2118 2844 nobis
2150 2805 2283 2842 interni
2314 2803 2456 2840 decoris
2482 2787 2540 2840 ed

1455 2871 1578 2917 gloriae
1609 2868 1876 2909 commendent,
1903 2867 2072 2903 facillime
2097 2877 2142 2903 ex
2168 2866 2226 2902 his
2249 2873 2330 2911 quae
2354 2861 2511 2909 superb

1457 2930 1619 2976 exposita
1648 2934 1744 2972 sunt,
1770 2928 1920 2975 intelligi
1942 2929 2050 2965 valet.
2085 2928 2244 2964 Tunicas
2270 2934 2425 2971 namque
2451 2924 2489 2960 h

1459 2991 1546 3026 bent
1580 2990 1785 3026 sacerdotes
1817 2989 1950 3032 lineas,
1982 2999 2066 3025 cum
2108 2994 2225 3024 totum
2256 2995 2390 3032 eorpus
2415 2992 2510 3020 sun„

1463 3049 1619 3086 candore
1638 3050 1817 3086 eastitatis
1837 3049 2017 3086 dedicant.
2045 3048 2177 3085 Balteis
2196 3047 2338 3084 tunicas
2355 3045 2479 3092 cingit

1463 3120 1545 3146 cum
1565 3110 1727 3146 eamdem
1752 3109 2003 3146 castimoniam
2022 3108 2184 3154 vigilanti
2208 3106 2340 3144 mentis
2357 3103 2501 3142 custo&

1464 3170 1771 3215 circumspiciunt,
1804 3179 1849 3205 ne
1877 3169 2099 3206 conscientia
2130 3169 2245 3212 illius,
2268 3166 2465 3205 *desidia-.-
2492 3179 2499 3195 ·-

1465 3240 1550 3275 erga
1574 3231 1750 3266 bonorum
1770 3237 1922 3274 operum
1946 3230 2117 3266 exercitia
2144 3231 2375 3271 remaiieant3
2394 3235 2445 3264 ne
2468 3241 2472 3256 ι
2493 3252 2495 3254 -

1461 3289 1673 3336 iactantiam
1694 3289 1916 3325 castimoniae
1935 3289 2048 3336 ipsius
2069 3290 2181 3326 etiam
2198 3288 2438 3327 castimonia
2455 3302 2472 3318 ..
2493 3312 2497 3315 -

1468 3351 1578 3387 ritum
1595 3349 1771 3386 minuant.

1525 3408 1723 3456 vestiesque
1743 3408 1797 3445 hia
1817 3407 1976 3446 omnious
1987 3408 2107 3446 Aaron
2120 3409 2271 3456 »fatrem
2284 3415 2411 3446 tuum-e
2456 3418 2472 3432 ²>
2494 3432 2496 3436 s

1469 3469 1547 3517 eiua
1571 3478 1651 3506 cunt
1673 3479 1729 3514 eo,
1748 3474 1780 3506 et
1799 3474 2004 3504 cumeorum
2031 3469 2250 3506 concambia
2273 3478 2420 3514 manau
2471 3458 2509 3509 s]

1469 3529 1707 3577 ctificabt‘sque
1724 3528 1817 3573 illos,
1836 3534 1874 3565 ιιι
1890 3528 2086 3566 sacerdotio
2101 3529 2300 3577 {umam
2315 3528 2434 3567 ssiu
2451 3532 2459 3557 ³

1470 3591 1583 3630 nibus
1603 3589 1826 3644 quidemhb
1843 3589 2052 3628 vestiendus
2066 3594 2149 3628 orat
2162 3589 2287 3628 Διιωι
2301 3594 2350 3628 αα
2364 3593 2380 3618 '·
2471 3592 2475 3593 ⁷

1471 3651 1599 3701 κὰμ
1613 3649 1860 3695 &mimos
1872 3655 1914 3687 nt
1925 3649 2003 3697 ipsa
2015 3650 2161 3698 quidem
2181 3650 2241 3689 ab
2254 3639 2469 3708 Μὴ,

2521 0 2540 122 ι
