2540 4016
73 319 79 322 ,
173 270 307 311 dicitur
332 269 378 306 ad
406 267 528 305 lesum
558 278 567 301 ι

95 346 99 347 ’
141 335 188 378 de
209 333 360 381 pedibus
380 331 469 373 tuis,
490 329 591 366 loeus
607 327 704 363 euim
727 326 764 363 in
783 335 856 372 quo
878 332 955 361 stas
972 330 1072 362 terra

165 401 234 435 est.
259 407 272 430 ι
304 393 348 429 Et
366 390 545 438 quomodo
567 387 713 424 Jeriebo
733 391 831 422 terra
851 390 975 423 sancta
1003 390 1071 429 est,

43 450 61 462 '¹
104 499 107 502 ,
138 459 184 495 ab
215 455 381 495 hostibus
414 449 617 488 retinetur?
650 447 721 484 Sed
743 457 787 483 ne
815 447 913 483 forte
934 442 1003 481 hoe
1027 445 1074 482 sit

143 517 342 558 indicatur,
378 512 461 559 quia
486 519 700 557 quocunque
736 507 878 544 venerit
909 506 1075 554 princeps

90 583 98 593 '
118 583 162 619 iae
181 579 326 616 virtutis
359 576 516 616 Domini,
551 574 634 610 illuc
666 573 767 609 locus
799 571 869 607 erit
901 575 1073 614 sanctus;

50 634 61 647 ³
107 642 214 678 etiam
237 637 371 684 aliquid
397 636 550 682 amplius
569 634 680 670 audeo
702 638 739 669 et
764 632 846 667 dico
866 631 950 676 quia
968 630 1076 666 etiam

50 701 231 746 '.,Moyses
263 698 324 734 ubi
357 696 498 737 stabat,
533 705 596 741 per
630 693 862 739 semetipsum
897 700 968 726 non
1000 692 1079 726 erat.

102 750 126 796 *s
143 763 302 799 sanctuS,
327 756 388 792 sed
410 755 494 802 quia
512 754 654 790 Domini
673 763 754 788 eum
777 751 898 797 Moyse
917 758 1076 796 praesen-

70 652 94 687 0
93 624 98 626 .

93 819 384 858 sanctificaverat
414 817 544 852 locum.
582 815 623 850 Et
643 814 722 850 ideo
743 813 874 849 dicitur
902 811 945 846 ad
964 820 1047 846 eum
1067 821 1076 844 :

54 882 175 920 tSolve
203 880 397 925 corrigiam
420 877 652 915 calceamenti
690 875 764 917 tui,
798 874 899 908 loeus
926 871 1021 907 enim
1044 871 1080 906 in

77 954 99 980 o
119 948 192 980 stas
217 947 315 976 terra
336 945 459 975 sancta
479 943 547 974 est.
576 950 587 970 1>
623 935 725 972 Unde
746 939 782 969 et
809 943 874 967 nos
895 931 924 966 si
949 932 1023 966 vita
1046 937 1082 965 et

54 1004 169 1040 ·eritis
189 1002 402 1037 accedamus
420 999 465 1034 ad
491 997 696 1037 Dominum,
717 999 753 1028 et
770 992 866 1038 digni
886 990 1082 1026 efficiamur

42 1070 70 1101 tt
94 1063 237 1099 assistat
258 1061 361 1096 nobis
383 1060 491 1099 Deus,
518 1057 649 1092 dicitur
668 1055 776 1089 etiam
799 1053 842 1087 ad
863 1063 927 1087 nos
951 1057 989 1086 ut
1009 1051 1080 1086 sol-

48 1133 155 1161 umus
178 1133 198 1158 a
219 1121 372 1168 pedibus
395 1119 523 1154 anima>
543 1121 674 1152 nostrae
694 1142 702 1158 ,
725 1115 754 1150 si
778 1113 863 1160 quid
882 1112 918 1147 in
938 1112 990 1147 eis
1009 1112 1082 1146 vin-

56 1255 121 1281 uos
143 1243 229 1278 lavit
249 1241 353 1276 ,Iesus
371 1267 380 1282 ,
409 1248 498 1284 quos
528 1237 595 1272 nisi
628 1236 756 1271 laverit
783 1244 852 1269 non
873 1233 1086 1268 babebimus

81 1312 171 1343 rtem
200 1313 280 1339 cum
313 1312 368 1337 co.
399 1299 500 1343 Quod
531 1299 560 1333 si
586 1307 671 1343 ergo
700 1297 742 1332 ab
767 1296 885 1331 anima
910 1299 1031 1329 nostra
1051 1298 1087 1328 et

100 1367 199 1401 sibus
221 1373 326 1400 omne
347 1360 527 1396 vinculum
546 1369 641 1394 curae
663 1355 826 1391 mortalis
844 1354 1086 1395 absolvamus,

80 1427 202 1463 utinuo
217 1425 371 1460 libenter
389 1421 494 1456 etiam
511 1420 613 1454 nobis
631 1417 747 1452 aderit
765 1421 801 1451 et
819 1414 962 1450 assistet
979 1413 1086 1448 Deus.

58 1499 122 1532 ,uae
139 1494 258 1523 autem
279 1490 363 1520 sunt
383 1484 418 1518 in
445 1479 748 1525 consequentilnis
767 1477 966 1513 videmnus.

84 1550 183 1596 (Cir.
204 1546 268 1592 vt.)
299 1558 309 1578 t
335 1543 479 1579 Jericbo
495 1547 614 1576 autem
635 1540 756 1574 clausa
777 1541 854 1572 crat
876 1542 983 1580 atque
1011 1544 1090 1569 mua*

81 1609 156 1645 nita
175 1617 194 1641 a
216 1607 344 1641 timore
363 1603 517 1638 tiliorum
535 1600 677 1639 lsrael.⁴
691 1604 727 1633 et
745 1598 859 1633 nullus
878 1595 997 1640 egredi
1024 1605 1089 1630 au-

85 1670 191 1707 dehat
227 1673 289 1703 aut
317 1665 469 1711 ingredi.
506 1663 671 1708 Dixitque
694 1660 867 1696 Dominus
893 1658 936 1693 ad
955 1656 1089 1693 Josue:

84 1730 176 1769 Ecce
206 1728 287 1763 dedi
319 1727 353 1763 in
375 1735 480 1760 manu
512 1729 572 1758 tua
598 1721 758 1763 Jericbo,
780 1726 816 1755 et
842 1728 962 1765 regem
997 1719 1090 1765 eJus‚

85 1797 280 1833 omnesque
322 1786 433 1820 sortes
467 1784 575 1820 viros.
617 1781 774 1818 Circuitc
811 1780 936 1816 urbem
969 1780 1089 1816 cuncti

84 1850 275 1888 bellatores
293 1848 403 1884 semel
419 1858 483 1893 per
503 1846 608 1881 diem.
631 1844 691 1880 Sic
711 1844 848 1880 facietis
865 1854 926 1878 sex
946 1843 1092 1886 diebus;

85 1912 238 1960 septimo
254 1916 374 1946 autem
395 1909 453 1943 die
473 1907 679 1943 sacerdotes
710 1905 837 1941 tollant
855 1909 991 1950 septem
1010 1905 1098 1940 buc-

89 1972 203 2014 cinas,
225 1980 378 2016 quarum
398 1980 485 2004 usus
503 1974 559 2003 est
588 1967 622 2002 iu
640 1966 785 2012 jubilaeo
802 1993 811 2009 ,
838 1971 873 2000 et
893 1966 1099 2011 praecedant

40 2046 60 2066 v:
90 2041 210 2068 aream
230 2030 379 2066 soederis
396 2028 550 2065 Domini.
574 2027 786 2072 Septiesque
803 2026 999 2061 circuibitis
1015 2025 1099 2060 civi-

0 2108 1 2111 =
39 2104 58 2125 ·:
86 2096 196 2127 tatem
217 2117 227 2134 ,
255 2095 292 2125 et
325 2089 530 2124 sacerdotes
551 2087 717 2132 clangent
736 2085 911 2120 buccinis.
938 2084 1099 2130 Cumque

37 2164 60 2185 u
90 2150 290 2189 insonuerit
305 2159 373 2184 vox
393 2149 487 2183 tubae
506 2147 645 2192 longior
666 2152 772 2191 atque
788 2144 982 2186 concisior,
1004 2149 1040 2179 et
1065 2144 1100 2178 iu

0 2238 1 2241 η
40 2226 61 2246 u
91 2212 237 2250 auribus
266 2209 396 2244 vestris
426 2207 670 2254 increpuerit,
708 2206 948 2242 conclamabit
984 2205 1101 2241 omnis

41 2285 60 2308 n
90 2271 241 2319 populus
268 2268 528 2306 vociferatione
559 2267 730 2309 maxima,
758 2271 793 2302 et
827 2266 920 2302 muri
941 2264 1101 2302 smiditus

40 2344 62 2366 u
91 2336 262 2369 corruent
294 2330 450 2365 civitatis
469 2356 478 2372 ,
515 2326 833 2373 ingredienturque
872 2326 1000 2370 singuli
1037 2335 1102 2370 per

42 2405 63 2427 ιι
93 2392 209 2438 locum
228 2396 354 2427 contra
372 2400 479 2435 quem
509 2388 687 2428 steterint,
713 2400 724 2419 1>
747 2392 815 2423 etc.
839 2385 909 2434 (tatu
931 2385 1100 2433 Isidoro.)

36 2452 296 2490 Circumdatur
334 2450 480 2489 Jericbo
501 2474 512 2492 ,
552 2453 850 2494 expugnaturque
872 2474 881 2489 ,
928 2446 1102 2482 adversus

41 2523 156 2562 tunam
177 2513 317 2560 gladius
350 2522 420 2547 non
452 2510 677 2549 conducitur,
706 2508 800 2543 aries
832 2517 901 2542 non
922 2507 1101 2552 dirigitur,

37 2585 114 2613 mee
139 2575 205 2613 tela
228 2575 417 2611 vibrantur
451 2582 460 2607 :
489 2571 583 2607 tubae
609 2569 833 2605 solummodo
857 2568 1102 2605 sacerdotales

39 2638 186 2680 septem
208 2633 334 2667 diebus
351 2629 532 2666 continuiS
553 2628 783 2669 adhibentur,
805 2627 927 2671 sicque
946 2627 1102 2663 circum-

43 2698 131 2728 .aeta
165 2702 249 2731 arca
275 2691 367 2729 muri
388 2689 531 2727 Jericbo
561 2689 794 2724 subruuntur.
820 2686 963 2722 Jericbo
984 2692 1104 2723 autem

40 2763 113 2800 iper
137 2743 472 2799 interpretationem
499 2749 582 2785 luna
600 2748 750 2791 dieitu1¹;
772 2747 855 2783 luna
877 2757 961 2783 vero
981 2747 1103 2784 mundi

41 2812 157 2858 thujus
174 2812 330 2861 speciem
351 2815 460 2853 tenet,
482 2810 565 2857 quia
584 2810 675 2845 sicut
695 2809 776 2844 luna
793 2807 988 2844 menstruis
1003 2817 1103 2844 eom-

42 2873 267 2920 mletionibus
288 2872 409 2908 delicit
426 2898 435 2914 ‚
462 2871 510 2906 ita
546 2870 603 2906 bic
637 2870 793 2910 mundus
822 2869 868 2905 ad
897 2867 1106 2915 completio-

43 2946 135 2976 inem
150 2941 350 2981 temporum
368 2943 534 2976 currens,
553 2931 770 2979 quotidianis
782 2929 981 2967 defectibus
996 2929 1102 2968 cadit.

42 2995 94 3036 {ln
114 3006 196 3038 arca
218 3005 303 3031 vero
322 2994 479 3030 Ecclesia
496 2993 681 3039 liguratur,
701 2991 737 3027 in
756 2990 850 3028 tubis
869 2989 987 3027 autem
1002 2989 1106 3027 aereis

40 3058 308 3109 'praedicatores
333 3055 447 3098 fortes
479 3053 714 3099 accipiuntur.
748 3051 848 3087 Hane
877 3060 963 3097 ergo
979 3050 1106 3089 urbem

42 3116 200 3156 ”ericho
215 3117 342 3153 diebus
358 3121 496 3167 septem
508 3114 664 3150 ferentes
678 3123 799 3148 arcam
813 3112 982 3147 Israelitae
998 3110 1107 3147 aeneis

43 3178 153 3230 ttubis
183 3177 432 3225 elangentibus
462 3176 712 3218 circumeunt,
745 3179 781 3210 et
813 3173 907 3209 muri
940 3173 1017 3218 ejus
1044 3181 1108 3219 per

41 3246 150 3294 tareae
158 3238 399 3289 praesentiam,
418 3243 524 3284 atque
538 3246 712 3272 aerearum
731 3236 897 3273 tubarum
914 3234 1032 3272 sonitu
1053 3242 1110 3271 ea·-

43 3299 167 3342 tdunt;
188 3299 274 3351 quia
292 3299 328 3335 in
352 3299 422 3335 boc
443 3304 603 3344 tempore
620 3296 713 3345 quod
740 3301 876 3341 septem
892 3294 1030 3330 dierum
1059 3292 1111 3330 vi-

45 3358 269 3410 teissitudine
288 3358 457 3401 volvitur,
492 3358 577 3394 dum
600 3356 713 3392 fertur
730 3365 815 3395 arca
829 3382 838 3399 ,
862 3355 897 3391 id
923 3358 1001 3396 est,
1027 3354 1111 3392 dum

44 3417 186 3470 torbem
214 3423 392 3461 terrarum
418 3417 634 3462 circumiens
657 3418 822 3454 movetur
845 3414 1020 3453 Ecclesia.
1042 3412 1111 3452 Ve-

44 3478 164 3520 tniens
178 3487 267 3517 vero
282 3477 456 3515 Dominus
474 3483 595 3517 noster
611 3476 715 3517 Jesus
734 3475 912 3516 Christus,
932 3473 1034 3520 cujus
1053 3471 1110 3507 ille

42 3546 52 3588 Ι
86 3538 162 3579 rior
173 3535 377 3580 filiusNave
393 3537 607 3583 designabat
621 3535 832 3576 adventum,
854 3532 965 3570 mittit
991 3540 1111 3566 sacer-

45 3590 51 3632 i
71 3598 352 3651 'otesapostolos
368 3607 464 3640 suos,
475 3601 661 3642 portantes
681 3596 784 3631 tubas
804 3592 969 3634 ductiles,
984 3589 1111 3638 praedi-

48 3679 50 3681 >
64 3648 216 3695 cationis
229 3657 457 3715 magnificam
470 3656 724 3711 coelestemque
738 3653 951 3690 doctrinam.
981 3649 1111 3686 Sacer-

46 3735 50 3743 =
64 3710 178 3757 dotali
193 3715 279 3763 tuba
293 3716 434 3775 wlmus
451 3717 488 3753 in
505 3714 700 3762 Evangelio
715 3714 903 3758 Matthaeus
917 3709 1109 3760 increpuit:

44 3760 209 3849 inurens
225 3769 388 3846 quw&
395 3774 517 3846 ξηαπ
536 3779 574 3827 et
585 3774 760 3844 {QQQ
779 3773 859 3825 gqis·
874 3770 1004 3829 singuli
1019 3768 1113 3816 tubis

634 185 870 226 comitum.
894 184 941 222 ΙΝ
965 185 1140 225 unium
1163 185 1321 229 :osun-
1343 204 1391 213 —
1412 183 1503 226 ΠΒ.
1519 183 1548 223 1.

607 278 619 300 ι
650 263 756 300 Solve
788 262 1071 299 calceamentum
1086 263 1124 304 Α
1137 261 1418 300 sacerdotalibus
1457 260 1685 304 cecinerunt;
1724 257 1853 296 Petrus
1873 308 1876 314 ι
1893 261 2000 305 etiam
2041 266 2176 304 duabus

2083 192 2180 233 ms

1139 322 1380 369 Epistolarum
1398 330 1544 357 suarum
1557 322 1726 366 personat
1739 317 1856 354 tubis:
1873 314 2026 362 Iacobus
2037 334 2178 372 quoque

1139 388 1176 419 et
1211 381 1334 418 ludas.
1374 380 1521 418 Addidit
1553 376 1787 417 nihilominus
1829 376 1984 415 ‚ioannes
2023 387 2060 420 et
2086 383 2181 430 [tuba

1141 451 1274 481 canere
1298 452 1362 488 per
1395 441 1566 478 eeclesias
1599 450 1697 482 suas,
1722 444 1759 475 et
1795 438 1912 476 Lucas
1938 441 2179 487 apostolorum

1141 508 1242 550 gesta
1273 502 1491 538 describens.
1522 500 1747 539 Novissimus
1775 504 1895 535 autem
1929 499 1989 535 ille
2023 500 2181 544 veniens,

1143 563 1204 610 qui
1224 561 1314 599 dixit
1336 573 1344 596 ε
1371 573 1382 594 ‹
1405 560 1495 596 Puto
1521 565 1639 596 autem
1664 569 1730 594 nos
1751 557 1845 594 Deus
1864 557 2043 603 apostolos
2067 558 2186 595 novis-

1143 625 1253 661 simos
1268 623 1421 660 ostendit
1437 621 1471 669 (I
1492 621 1573 658 Cor.
1593 621 1658 668 lv),
1678 633 1690 654 ›
1712 626 1746 657 et
1766 621 1802 656 in
1821 620 2089 666 quatuordeeim
2109 620 2192 667 Epi-

1145 684 1318 721 stolarum
1356 693 1503 719 suarum
1538 681 1731 717 fulminans
1766 681 1874 722 tubis,
1902 689 2024 716 muros
2043 678 2186 716 Jericbo

1146 751 1181 783 et
1200 755 1325 782 omnes
1361 743 1573 780 idololatriae
1611 742 1795 778 machinas
1828 746 1864 777 et
1900 740 2192 787 philosophorum

1147 807 1312 854 dogmata
1335 815 1448 851 usque
1484 804 1529 839 ad
1569 803 1801 838 fundamenta
1826 800 1969 846 dejecit.
1997 799 2115 835 Movet
2134 809 2191 835 me

1149 877 1235 904 sane
1250 867 1358 902 etiam
1380 865 1464 900 illud
1483 865 1578 911 quod
1598 863 1746 899 historia
1771 861 1892 903 refert,
1928 861 2010 907 quia
2047 871 2118 896 non
2138 870 2196 896 so-

1147 927 1221 962 lum
1244 927 1450 962 sacerdotes
1473 925 1569 960 tubis
1603 923 1809 959 cecinerunt
1842 927 1882 957 ut
1901 921 2070 957 caderent
2104 920 2196 956 muri

1149 988 1310 1029 Jericho,
1333 986 1394 1021 sed
1414 991 1450 1020 ct
1470 985 1590 1020 audita
1611 993 1698 1019 voce
1734 982 1827 1017 tubae
1859 981 1989 1017 dicitur
2007 981 2198 1017 universus

1151 1048 1300 1095 populus
1331 1046 1489 1081 ululasse
1521 1043 1658 1079 ululatu
1695 1052 1838 1088 magno,
1875 1042 1931 1076 vel
1950 1041 2042 1076 sicut
2062 1041 2098 1076 in
2117 1040 2196 1076 aliis

1152 1106 1418 1153 exemplaribus
1451 1105 1619 1146 habetur,
1654 1101 1827 1146 jubilasse
1846 1100 1959 1145 jubilo
1987 1111 2128 1148 magno.
2155 1101 2199 1135 Et

77 1186 102 1222 li
131 1181 294 1219 mortalis
329 1188 509 1215 annexum
541 1182 607 1212 est.
634 1176 696 1212 lsti
720 1179 804 1211 sunt
834 1174 929 1209 enim
960 1173 1082 1218 pedes,
1102 1164 1134 1202 Β
1154 1167 1320 1214 quamvis
1340 1165 1407 1201 iste
1426 1173 1545 1199 sermo
1581 1162 1775 1206 improprie
1798 1160 1991 1195 translatus
2010 1159 2198 1201 videatur3

1155 1228 1345 1275 ἀλαλαγμὸ,
1387 1225 1480 1260 enim
1507 1225 1541 1259 in
1581 1222 1705 1258 Groeco
1731 1221 1916 1264 scribitur,
1955 1221 2049 1266 quod
2087 1230 2201 1266 neque

1151 1290 1320 1336 jubilum,
1343 1298 1459 1333 neque
1491 1286 1664 1321 ululatum
1683 1284 1824 1331 proprie
1866 1284 2055 1329 signifieat,
2077 1283 2139 1318 sed
2157 1282 2200 1318 il-

1154 1352 1224 1386 lam
1244 1350 1356 1395 magis
1373 1347 1530 1383 ostendit
1551 1356 1694 1387 vocem,
1729 1355 1797 1390 qua
1816 1344 1898 1378 belli
1921 1349 2081 1390 tempore
2100 1354 2204 1379 exer-

1156 1412 1248 1447 citus
1284 1410 1479 1445 clamorem
1518 1417 1714 1442 consonum
1754 1405 1901 1446 tollens,
1925 1405 2142 1441 unanimiter
2165 1414 2203 1441 se

1156 1470 1335 1506 cohortari
1356 1469 1399 1504 ad
1426 1468 1556 1504 bellum
1578 1467 1681 1509 solet,
1706 1472 1822 1502 tamen
1844 1467 1902 1501 bic
1923 1466 2086 1502 sermoin
2106 1466 2203 1502 Seri-

1156 1535 1270 1582 pturis
1293 1533 1459 1580 jubilatio
1481 1533 1596 1578 magis
1628 1543 1735 1577 quam
1756 1532 1903 1569 ululatio
1940 1532 2124 1568 consuevit
2149 1532 2205 1568 in·-

1158 1595 1280 1637 scribi,
1306 1599 1344 1629 ut
1366 1594 1414 1629 ibi
1435 1605 1442 1628 :
1484 1606 1495 1626 ‹
1536 1592 1691 1629 Jubilate
1714 1593 1787 1628 Deo
1821 1594 1937 1629 oninis
1958 1599 2052 1630 terra
2089 1592 2201 1640 (Psat.

1159 1655 1269 1702 txv);
1301 1669 1311 1689 i>
1336 1655 1380 1690 Et
1404 1656 1562 1690 iterum:
1595 1667 1605 1687 ε
1631 1654 1760 1689 Beatus
1782 1654 1932 1700 populus
1961 1654 2022 1700 qui
2052 1654 2121 1690 scit
2150 1653 2208 1698 ju-

1160 1716 1369 1752 bilationem
1407 1713 1521 1762 (Psal.
1545 1713 1735 1759 Lxxxviu).
1764 1726 1775 1747 i
1800 1713 1900 1758 Quod
1930 1713 2039 1749 etiam
2057 1723 2113 1748 me
2130 1722 2209 1758 per-

1161 1781 1279 1812 movet
1312 1775 1462 1818 dictum,
1485 1774 1569 1820 quid
1595 1774 1689 1810 istud
1717 1778 1855 1809 tantum
1888 1773 1936 1809 sit
1957 1773 2091 1819 operis,
2112 1772 2206 1817 quod

1162 1838 1306 1873 beatum
1325 1837 1494 1883 populum
1521 1836 1643 1871 saciat.
1666 1835 1743 1870 Non
1764 1835 1864 1876 dixit,
1891 1835 1974 1881 quia
2005 1835 2131 1870 beatus
2146 1843 2210 1880 po·

1163 1900 1268 1945 pulus
1286 1900 1346 1946 qui
1367 1899 1435 1935 scit
1451 1898 1640 1944 mysteria,
1658 1903 1695 1933 et
1717 1897 1778 1944 qui
1806 1897 1874 1933 scit
1891 1896 1973 1932 coeli
1992 1906 2036 1932 ac
2055 1901 2159 1932 terrm
2173 1899 2211 1933 et

1165 1962 1323 1997 siderum
1340 1960 1515 1995 rationem
1537 1970 1546 2001 ;
1571 1958 1631 1994 scd
1656 1970 1667 1990 ι
1695 1957 1836 1999 beatus,
1864 1970 1875 1992 ι
1908 1957 2036 2002 inquit,
2062 1968 2074 1990 ‹
2098 1966 2212 2002 popu-

1165 2024 1221 2058 lus
1240 2021 1301 2068 qui
1333 2020 1400 2056 scit
1430 2019 1692 2066 jubilationem.
1718 2031 1730 2051 ι
1753 2017 1790 2053 In
1821 2017 1900 2053 aliis
1921 2016 2028 2052 timor
2046 2015 2110 2052 Dei
2130 2016 2212 2051 bea-

1169 2090 1243 2118 tum
1262 2082 1372 2124 sacit3
1396 2081 1448 2116 sic
1480 2080 1574 2114 enim
1610 2078 1699 2114 dicit
1721 2087 1730 2113 ε
1756 2090 1768 2110 ‹
1787 2077 1919 2112 Beatus
1952 2076 2008 2111 vir
2025 2075 2085 2120 qui
2110 2074 2214 2110 timet

1170 2143 1360 2179 Dominum
1399 2139 1514 2186 (Psal.
1555 2137 1643 2184 cxl).
1671 2151 1682 2171 ›
1707 2136 1799 2171 Alibi
1822 2135 1931 2171 etiam
1973 2134 2095 2185 plures
2124 2132 2215 2168 fiunt

1170 2203 1279 2246 beati,
1305 2202 1397 2237 sieut
1416 2208 1592 2245 pauperes
1612 2197 1754 2243 spiritu,
1790 2195 1846 2233 vel
1864 2193 2057 2236 mansueti,
2075 2192 2131 2229 vel
2150 2201 2215 2238 pa-

1171 2265 1276 2308 citici,
1310 2263 1366 2300 vel
1399 2261 1523 2297 mundi
1557 2259 1665 2295 corde
1699 2256 1839 2303 (Manli.
1870 2254 2009 2300 v).11ic
2033 2252 2217 2290 beatitudo

1169 2325 1313 2372 profusa
1328 2327 1395 2365 est,
1416 2326 1450 2355 et
1471 2325 1567 2357 tanta
1590 2319 1648 2356 hic
1679 2317 1800 2354 nescio
1820 2326 1899 2362 quse
1929 2324 2039 2351 causa
2060 2312 2214 2350 beatitu-

1171 2386 1263 2422 dinis
1291 2383 1482 2423 indicatur‚
1510 2384 1550 2414 ut
1575 2379 1779 2414 universum
1804 2375 1970 2421 populum
2002 2372 2110 2408 saciat
2129 2372 2212 2407 bea-

1171 2451 1263 2484 tum,
1299 2442 1358 2488 qui
1397 2446 1515 2475 tamen
1555 2437 1675 2473 scierit
1701 2434 1961 2480 jubilationem.
1995 2431 2095 2467 Unde
2126 2431 2214 2468 mibi

1170 2505 1309 2542 videtur
1335 2500 1500 2547 jubilatio
1523 2499 1591 2535 ista
1615 2496 1772 2533 indicare
1808 2493 1996 2539 quemdam
2016 2490 2214 2528 concordiae

1170 2571 1206 2600 et
1225 2561 1470 2599 unanimitatis
1487 2559 1666 2594 affectum.
1703 2555 1770 2599 Qui
1789 2554 1818 2589 si
1846 2553 1979 2590 incidat
2001 2552 2037 2589 iu
2056 2552 2142 2589 duos
2159 2550 2214 2587 vel

1171 2624 1206 2660 in
1235 2628 1307 2659 tres
1323 2620 1457 2658 Christi
1479 2617 1688 2665 discipulos,
1710 2615 1829 2653 omnia
1868 2622 2086 2658 (unaecunque
2104 2612 2215 2658 petie·

1171 2686 1243 2722 rint
1262 2684 1296 2718 in
1312 2683 1454 2718 nomine
1467 2679 1664 2716 Salvatoris
1683 2681 1831 2725 praestat
1849 2676 1900 2712 eis
1916 2675 2022 2711 Pater
2039 2674 2208 2710 coelestis.

1173 2745 1211 2782 Si
1238 2754 1322 2779 vero
1347 2747 1444 2778 tanta
1465 2740 1571 2776 suerit
1587 2738 1784 2779 beatitudo,
1803 2742 1843 2772 ut
1861 2735 2049 2771 universus
2065 2734 2216 2782 populus

1173 2816 1323 2845 concors
1341 2810 1375 2841 et
1394 2803 1582 2840 unanimus
1597 2805 1754 2842 maneat,
1788 2804 1828 2833 ut
1847 2797 1970 2833 eadem
2007 2796 2127 2832 dicant
2146 2805 2217 2831 (ini-

1175 2878 1252 2911 nes‚
1275 2872 1312 2906 et
1331 2866 1367 2904 in
1385 2864 1511 2901 eodem
1531 2871 1651 2903 sensu,
1671 2864 1708 2897 et
1740 2859 1774 2895 in
1793 2857 1917 2894 eadem
1942 2855 2117 2891 sententia
2136 2864 2217 2900 per-

1174 2932 1374 2968 manentes,
1399 2925 1465 2960 isto
1486 2921 1548 2959 tali
1582 2919 1710 2966 populo
1749 2926 1873 2955 vocem
1904 2914 2119 2951 unanimiter
2144 2913 2217 2949 ele-

1177 2993 1296 3031 vante,
1320 2987 1380 3023 sset
1400 2984 1484 3021 illud
1514 2982 1608 3030 quod
1628 2980 1801 3025 scriptum
1821 2981 1877 3013 est
1908 2976 1945 3013 in
1963 2974 2110 3012 Actibus
2136 2983 2220 3020 apo-

1177 3049 1350 3086 stolorum
1369 3045 1474 3092 (Cap.
1496 3042 1560 3089 v),
1581 3040 1664 3087 quia
1690 3042 1914 3074 teri-:emotus
1937 3034 2050 3070 factus
2078 3038 2133 3069 est
2160 3032 2219 3068 ubi

1178 3116 1264 3147 tune
1296 3107 1483 3144 unanimes
1512 3104 1662 3139 orabant
1686 3097 1861 3145 apostoli,
1897 3106 1977 3133 cum
2011 3094 2219 3131 mulieribus

1178 3178 1214 3210 et
1245 3170 1355 3207 Maria
1379 3173 1494 3205 matre
1513 3165 1611 3203 Jesu.
1634 3163 1678 3199 Et
1693 3163 1897 3198 terroemotu
1920 3155 2013 3195 sacto
2034 3155 2217 3191 destruen-

1179 3238 1238 3272 tur
1279 3235 1316 3268 et
1349 3229 1478 3266 eadent
1512 3225 1631 3262 omnia
1666 3230 1743 3267 quae
1787 3223 1926 3254 terrena
1959 3218 2054 3255 sunt,
2077 3217 2113 3246 et
2131 3211 2215 3246 sub-

1178 3297 1338 3333 vertctur
1359 3289 1526 3327 mundus.
1548 3282 1638 3321 Audi
1657 3279 1807 3325 denique
1827 3274 2014 3311 Dominum
2039 3276 2074 3308 et
2090 3270 2216 3307 Salva-

1178 3357 1294 3389 torem
1317 3354 1490 3387 nostrum,
1509 3342 1624 3378 adhue
1651 3340 1765 3384 ipsum
1787 3345 1870 3373 suos
1889 3332 2018 3373 milites
2031 3331 2216 3367 cohortan-

1179 3415 1267 3455 tem„
1287 3404 1465 3454 quomodo
1489 3399 1575 3436 dicit
1593 3409 1601 3432 z
1626 3409 1638 3430 ι
1662 3395 1851 3438 Confidite.
1868 3402 1934 3441 ego
1955 3390 2022 3429 vici
2043 3388 2214 3430 muudum

1180 3470 1302 3519 (Joan.
1324 3464 1411 3510 xvi).
1438 3476 1449 3496 ›
1474 3460 1538 3499 1110
1557 3467 1643 3505 ergo
1681 3457 1770 3495 duce
1797 3454 1873 3502 jam
1892 3453 1994 3495 nobis
2025 3452 2141 3488 victus
2160 3453 2216 3488 est

1182 3526 1346 3566 mundus.
1367 3527 1403 3559 et
1420 3519 1512 3561 inuri
1528 3518 1605 3565 ejus
1621 3515 1766 3561 collapsi
1792 3519 1887 3556 sunt,
1905 3513 2034 3562 quibus
2053 3510 2216 3549 homines

1179 3585 1297 3624 saeculi
1315 3582 1534 3625 nitebantur.
1557 3577 1630 3616 Sed
1642 3581 1679 3612 et
1692 3574 1938 3621 unusquisque
1963 3577 2124 3613 nostrum
2156 3568 2216 3611 do-

1177 3648 1235 3684 het
1255 3645 1291 3680 in
1316 3641 1506 3691 semetipso
1533 3638 1603 3680 ista
1624 3635 1815 3686 complere.
1834 3633 1952 3673 Habes
1973 3633 2009 3675 in
2041 3637 2074 3668 te
2091 3628 2213 3671 «lesum

1179 3707 1303 3744 ducem
1318 3712 1382 3751 per
1402 3699 1518 3739 fidem,
1538 3696 1596 3738 fac
1613 3695 1678 3740 tibi
1693 3694 1795 3738 tubas
1811 3692 1974 3740 ductiles,
1994 3691 2025 3732 si
2041 3688 2210 3730 sacerdos

1178 3774 1243 3815 est
1280 3771 1368 3821 sens
1399 3759 1495 3807 enim
1511 3754 1643 3817 regati*
1675 3753 1800 3804 effecta
1837 3762 1893 3805 ts.
1912 3756 1950 3800 et
1966 3749 2207 3802 acaunum
