2540 4016
317 195 408 239 1091

313 337 401 378 niet,
437 335 534 380 quod
559 334 604 373 de
623 338 721 370 sorte
744 333 872 369 Ruben
891 337 962 376 est,
987 336 1026 368 et
1048 330 1127 377 ipse
1149 330 1213 376 qui
1232 330 1379 371 thorum

314 396 428 443 patris
441 395 497 431 sui
519 393 713 430 maculavit
738 393 878 429 illicite.
895 393 961 428 Est
984 397 1023 429 et
1046 392 1204 428 Ramoth
1220 392 1266 428 de
1279 397 1378 427 sorte

313 456 401 496 Gad,
425 466 505 501 quae
523 455 783 500 interpretatur
802 452 945 490 excelsa
965 461 1076 498 mors,
1094 453 1151 490 vel
1165 451 1257 489 visio
1279 460 1378 488 mor-

312 518 371 554 tis.
389 514 481 552 Vere
501 516 598 552 enim
616 515 759 551 excelsa
778 525 877 551 mors
897 513 1112 561 poenitentia
1129 523 1210 551 esse
1225 513 1376 549 dicenda

313 584 380 622 est,
415 586 496 614 cum
517 576 746 613 mortificatis
764 575 939 612 membris
965 574 1165 611 deducatur
1192 575 1300 610 homo
1331 572 1376 608 ad

313 639 455 676 excelsa
477 638 665 680 coelorum,
693 637 789 673 unde
822 635 940 672 fuerat
964 641 1047 672 ante
1076 635 1261 680 delapsus.
1291 633 1377 669 Sive

308 702 412 748 juxta
432 703 538 738 istam
552 701 727 737 humilem
755 705 924 742 mortem,
948 709 1028 746 quae
1043 698 1260 746 generaliter
1276 697 1375 733 omni

313 765 413 801 carni
432 765 610 807 imminet,
642 762 702 799 illa
725 764 771 800 ad
788 763 1097 809 comparationem
1114 762 1190 807 ejus
1219 761 1377 797 rationa-

311 825 433 862 biliter
451 824 596 861 excelsa
628 825 851 868 nominatur,
877 824 963 870 quia
988 823 1102 859 multo
1133 822 1290 859 nobilius
1320 826 1377 857 cst

311 896 376 931 per
394 886 645 932 poenitentiam
678 885 770 922 mori
806 894 915 931 quam
935 884 1119 921 communi
1156 885 1226 919 hac
1260 886 1377 919 morte

312 947 472 983 dissolvi.
503 947 540 983 Si
562 952 683 983 autem
703 947 880 984 visionem
902 946 1032 982 mortis
1051 945 1189 982 sentire
1207 945 1375 988 velimus,

311 1008 359 1044 ita
390 1014 508 1054 potest
535 1009 700 1056 intelligi,
732 1009 816 1055 qnia
837 1018 918 1044 cum
942 1018 1066 1044 sumus
1098 1008 1134 1043 in
1164 1007 1375 1053 poenitentia

312 1070 511 1112 constituti,
542 1074 578 1105 ct
597 1075 680 1105 ante
697 1068 821 1105 oculos
840 1069 944 1105 nobis
967 1070 1135 1114 ponimus
1151 1069 1282 1104 inferni
1303 1072 1376 1103 tor-

310 1135 446 1172 menta,
470 1130 634 1165 videmus
655 1130 770 1176 ipsam
793 1130 950 1175 speciem
970 1130 1113 1173 mortis,
1146 1129 1189 1164 de
1207 1140 1276 1174 qua
1295 1138 1374 1175 poe-

311 1190 474 1225 nitentiae
490 1190 666 1226 beneflcio
683 1191 892 1226 liberemur.
919 1192 1040 1227 Donec
1058 1191 1267 1226 memineris
1285 1196 1319 1226 te
1339 1191 1374 1226 in

310 1251 450 1286 ancillae
470 1251 532 1286 filii
564 1251 710 1287 civitate
731 1261 838 1298 agere
855 1253 1127 1298 poenitentiam3
1155 1253 1239 1298 quia
1257 1252 1375 1289 omnis

310 1312 515 1357 qui-peccat
534 1321 661 1347 servus
678 1317 733 1347 est
757 1313 910 1357 peccati,
938 1317 974 1348 et
993 1313 1147 1349 sormam
1166 1314 1260 1349 servi
1280 1315 1375 1350 acci-

309 1371 425 1416 piens,
446 1371 614 1407 humilies
632 1373 786 1418 teipsum
805 1383 918 1418 usque
940 1374 983 1408 ad
1009 1379 1176 1409 mortem.
1197 1374 1260 1410 Est
1278 1374 1374 1410 Gau-

309 1432 368 1467 lon
390 1433 424 1466 in
445 1432 579 1468 linibus
597 1433 775 1476 Manasse,
800 1443 879 1479 quae
900 1434 1160 1479 interpretatur
1176 1434 1371 1480 volutatio;

309 1498 349 1528 ut
369 1499 407 1528 tu
437 1494 646 1530 memineris
665 1495 729 1530 tibi
750 1495 784 1530 in
821 1495 939 1531 cilicio
961 1500 995 1531 ct
1019 1496 1140 1531 cinere
1168 1506 1249 1532 esse
1275 1496 1375 1532 volu-

312 1556 460 1590 tandum
475 1566 484 1597 ;
502 1560 539 1590 et
567 1556 635 1591 hoc
671 1556 707 1591 in
730 1556 862 1592 iinilnis
883 1555 1060 1599 Manasse,
1081 1557 1142 1602 qui
1164 1557 1374 1602 interpreta-

311 1621 369 1650 tur
385 1615 533 1659 oblivio,
562 1620 602 1651 ut
628 1616 855 1652 obliviscaris
881 1626 924 1652 ea
955 1627 1034 1663 qua>
1055 1623 1136 1654 ante
1157 1616 1315 1664 gessisti,
1339 1622 1375 1653 et

310 1676 344 1711 in
359 1677 480 1721 priora
498 1682 532 1712 te
553 1678 741 1713 extendas.
763 1678 829 1714 Hic
850 1688 936 1725 ergo
958 1679 1135 1723 inhabita,
1166 1685 1206 1715 ut
1224 1690 1290 1725 per
1311 1689 1374 1715 an—

310 1737 446 1783 gustias
482 1738 609 1774 mortis
641 1743 677 1773 et
710 1738 965 1783 volutationis,
1005 1740 1096 1775 iram
1128 1740 1374 1786 persecutoris

309 1797 455 1839 evadas,
490 1801 527 1832 ct
563 1807 663 1843 spem
686 1798 811 1834 salutis
844 1799 1019 1835 invenias.
1049 1799 1139 1835 Tum
1175 1799 1304 1836 deinde
1338 1801 1372 1836 in

309 1857 366 1893 his
385 1857 415 1892 si
434 1857 567 1903 aliquid
588 1859 726 1894 utiliter
744 1860 877 1906 egeris,
894 1861 1004 1896 etiam
1021 1861 1065 1896 ad
1085 1860 1200 1897 Gades
1220 1861 1257 1896 in
1276 1866 1373 1896 terra

310 1920 602 1966 repromissionis
630 1932 709 1967 (111ae
740 1927 795 1958 cst
823 1922 859 1958 in
890 1922 1052 1967 Galilaea,
1087 1923 1224 1968 poteris
1247 1934 1375 1969 pervc-

309 1982 410 2018 nire:
429 1993 508 2027 quae
539 1983 804 2029 interpretatur
835 1990 985 2028 sancta;
1008 1989 1048 2019 ut
1077 1989 1114 2020 tu
1139 1995 1220 2020 cum
1250 1984 1285 2019 in
1312 1985 1375 2020 tri-

307 2042 490 2079 bulatione
505 2053 595 2088 opus
616 2043 859 2089 corruptionis
877 2042 1066 2088 abjeceris,
1100 2044 1209 2079 ctiam
1225 2043 1268 2079 ad
1289 2054 1373 2079 san-

310 2108 403 2138 ctam
425 2104 488 2138 tibi
507 2104 707 2139 Ecclesiam
725 2105 905 2139 tribuatur
920 2115 1088 2141 accessus
1108 2117 1115 2139 :
1137 2110 1176 2140 ut
1201 2105 1237 2140 in
1256 2104 1373 2150 Neph-

311 2164 436 2200 thalim
468 2170 578 2206 sorte,
615 2166 678 2209 qui
705 2164 838 2200 dicitur
855 2165 938 2200 vitis
976 2166 1143 2209 remissa,
1173 2165 1216 2201 de
1250 2175 1374 2201 sacra-

308 2230 431 2261 mento
450 2225 630 2261 Dominici
649 2225 833 2270 sanguinis
853 2225 1074 2272 participare
1092 2225 1280 2262 merearis.
1303 2223 1376 2261 Sed

309 2295 376 2321 nec
395 2285 540 2321 Hebron
561 2285 624 2320 tibi
645 2285 764 2320 aditus
783 2285 974 2329 clauditur,
1005 2296 1085 2330 qua:
1117 2285 1377 2330 interpretatur

310 2345 531 2390 conjunctio,
555 2345 630 2380 sive
653 2344 875 2391 conjugium.
894 2345 1110 2381 llevertetur
1137 2346 1234 2381 enini
1255 2346 1375 2380 anima

308 2413 371 2443 tua
390 2406 434 2442 ad
449 2406 567 2442 virum
601 2416 720 2449 suum,
743 2406 778 2442 id
799 2411 867 2450 est,
902 2407 946 2442 ad
967 2406 1132 2453 spiritum
1154 2406 1233 2451 Dei,
1264 2417 1284 2442 a
1305 2417 1375 2453 quo

308 2479 374 2515 pro
407 2473 569 2514 tempore
600 2468 855 2513 peccaminum
887 2465 1007 2503 suerat
1039 2468 1200 2503 viduata.
1245 2468 1375 2514 Sicque

308 2530 419 2566 etiam
439 2536 579 2565 sextam
593 2529 778 2565 civitatem
794 2527 954 2571 Sichcm,
972 2537 1080 2574 quam
1098 2527 1230 2574 Joscpli
1251 2534 1377 2564 noster

313 2592 348 2627 in
375 2592 624 2627 haercditatem
659 2590 893 2636 consequitur
925 2589 1094 2638 (propter
1121 2590 1215 2637 quod
1246 2590 1294 2626 ibi
1321 2601 1376 2626 se-

310 2655 431 2700 pultus
451 2653 526 2700 cst)
560 2654 697 2689 valebis
724 2654 883 2689 intrare:
922 2663 1001 2698 quzc
1033 2653 1291 2699 interpretatur
1310 2651 1376 2688 hu-

312 2726 447 2757 merus,
470 2717 546 2751 sive
564 2711 687 2758 labor3
706 2719 744 2749 ut
763 2714 932 2750 ostendas
956 2720 989 2749 te
1008 2724 1072 2759 per
1088 2713 1247 2749 laborem
1260 2713 1377 2759 poeni-

313 2775 435 2811 tentiae
465 2774 508 2810 alx
542 2785 665 2810 errore
695 2780 755 2810 tuo
787 2774 919 2809 Christi
949 2774 1110 2809 humeris
1139 2778 1372 2819 reportatum,

312 2842 347 2873 ct
368 2837 577 2882 adiunctum
594 2835 791 2881 nonaginta
812 2845 941 2870 novem
960 2836 1087 2871 ovibus
1102 2833 1268 2871 effectum
1292 2844 1377 2870 cen-

314 2899 482 2934 tesimum
503 2909 510 2931 :
534 2897 618 2943 quia
643 2896 719 2941 ipsa
750 2894 895 2931 Sichcm
924 2896 967 2931 ab
996 2895 1206 2940 alienigenis
1231 2899 1376 2930 centum

315 2959 416 3004 agnis
435 2958 606 2993 scribitur
622 2963 845 3003 comparata.
867 2956 930 2992 Hac
951 2966 1037 3002 ergo
1056 2956 1221 2992 civitates
1241 2956 1376 2992 Levitis

315 3020 406 3053 datie
428 3024 523 3060 sunt,
556 3018 640 3062 quia
659 3018 869 3052 doctoribus
896 3016 1031 3052 sanctis
1050 3016 1301 3053 commendata
1321 3021 1377 3052 est

315 3079 489 3115 Ecclesia.
534 3077 578 3113 Et
609 3077 689 3114 ideo
723 3078 868 3113 senario
894 3088 1048 3113 numero
1083 3078 1372 3124 comprehensae,

316 3142 401 3188 quia
422 3141 597 3176 doctrinae
616 3145 653 3176 et
667 3151 807 3176 morum
825 3140 999 3187 perfectio
1019 3141 1108 3177 benc
1134 3142 1302 3178 convenit
1320 3143 1378 3179 his

317 3203 376 3249 qni
393 3202 592 3249 magisterii
608 3201 727 3238 locum
744 3206 879 3245 tenent,
899 3207 938 3237 ut
959 3201 1116 3237 habeant
1129 3212 1271 3249 semper
1290 3204 1376 3239 sub—

314 3264 401 3311 jecti
419 3265 455 3300 in
485 3264 760 3311 praepositorum
790 3267 938 3300 suorum
963 3264 1238 3300 conversatione
1270 3269 1379 3310 atque

320 3325 486 3362 doctrina
504 3325 598 3360 unde
621 3323 796 3371 prolicere
815 3322 982 3370 possint.‘
1001 3318 1093 3360 Hinc
1110 3323 1186 3371 ipse
1203 3322 1376 3361 Dominus

321 3387 359 3423 ιιι
382 3386 576 3434 Evangelio
604 3385 776 3433 apostolis
808 3386 859 3422 ait
880 3399 888 3422 ε
917 3382 1017 3422 «Vos
1041 3385 1130 3421 estis
1146 3384 1208 3422 lux
1238 3382 1376 3428 mundi,

322 3453 360 3485 et
379 3456 446 3485 vos
468 3448 556 3484 estis
582 3448 635 3484 531
657 3454 774 3484 terrae.
803 3446 929 3484 Estote
956 3441 1109 3494 perfecti
1130 3445 1225 3483 sicut
1250 3446 1287 3483 et
1307 3444 1378 3482 Pa-

323 3514 380 3546 ter
411 3513 532 3545 vester
567 3508 725 3545 coelestis
759 3507 942 3556 perfectus
976 3513 1045 3544 est.
1084 3500 1145 3544 Sic
1170 3502 1289 3544 luceat
1316 3503 1382 3543 lux

322 3577 442 3609 vestra
468 3582 590 3608 coram
621 3567 841 3615 hominibus,
877 3575 918 3607 ιιι
945 3565 1090 3607 videant
1119 3580 1229 3617 opera
1260 3575 1382 3608 vestra

323 3635 433 3678 bona,
451 3637 488 3671 et
500 3632 702 3681 glorificent
718 3627 863 3669 Patrem
885 3637 1046 3670 vestrum
1071 3633 1133 3679 qui
1151 3632 1189 3669 in
1207 3625 1310 3672 coelis
1327 3635 1384 3671 est

327 3691 478 3743 (Mania.
501 3695 554 3745 v).
571 3709 584 3731 ι
607 3692 688 3744 (Ex
710 3692 887 3744 Isidoro.)
914 3693 1018 3740 Quod
1034 3705 1124 3733 vero
1147 3694 1283 3736 Levitae
1310 3704 1385 3736 non

329 3757 552 3809 acceperunt
571 3744 822 3795 haereditatem
853 3760 974 3802 terrae,
1005 3755 1132 3805 utique
1161 3757 1247 3804 quia
1279 3741 1387 3818 39μό

330 3810 504 3854 Domitius
530 3814 657 3855 iiostei·
690 3816 774 3865 ipse
799 3821 856 3855 est
879 3813 1073 3856 haereditas
1107 3820 1258 3863 9οιιιιιι,
1291 3802 1385 3855 sicut

750 190 992 232 B.RABAN1
1018 192 1167 233 muni
1191 189 1407 230 Auum
1431 189 1644 230 mcum.
1671 187 1865 229 OPERUU
1886 188 2008 228 PARS
2032 189 2062 226 1.

315 273 526 314 monasterii
545 282 659 319 parva
677 271 735 308 vel
750 267 921 306 modion·
948 271 988 306 et
1006 269 1143 316 optime
1162 268 1226 304 tibi
1247 277 1378 303 eonve-
1394 266 1431 309 Α
1445 265 1619 335 seriptum
1636 273 1723 303 est:
1749 277 1763 300 ι
1785 265 1867 312 Ego
1883 263 2078 301 haereditas
2102 268 2246 308 ons-um,
2276 266 2315 300 et
2343 280 2345 282 ·
2363 280 2369 297 ι

1394 1180 1426 1220 Β
1446 1187 1485 1217 ιιι
1504 1182 1697 1228 impleatur
1717 1183 1804 1218 illud
1824 1183 1919 1228 quod
1937 1182 2130 1228 Apostolus
2143 1181 2330 1228 praecepit,
2352 1181 2477 1217 dicens
2488 1191 2503 1216 ι
2520 1190 2526 1224 ς

1446 323 1502 364 eis
1515 337 1589 363 non
1619 326 1762 363 dabitur
1785 326 1823 362 ιιι
1839 325 1951 362 lsrael
1969 323 2104 372 (Num.
2131 324 2249 373 uui).
2275 337 2290 359 ι
2317 324 2406 372 Ego

1446 396 1527 426 sum
1548 388 1734 435 possessio
1744 395 1886 424 eorum.
1905 387 2130 423 clericorum
2152 387 2253 423 enim
2265 387 2398 424 haeredi
2424 402 2427 405 ·
2502 381 2504 384 ’

1445 451 1626 498 possessio
1648 452 1697 487 ob
1715 451 1784 487 hoc
1809 461 1850 487 se
1874 451 1947 487 dici
1965 450 2080 486 voluit
2109 450 2216 494 Deus,
2238 450 2324 497 quia
2352 450 2448 487 ιιιιιι·

1445 511 1597 548 altaris*
1588 511 1703 558 ipsius
1724 509 1843 547 effecti
1871 515 1956 546 sunt
1982 516 2020 548 et
2051 521 2145 556 sors,
2175 518 2326 558 propter
2353 508 2498 558 quod

1446 573 1565 609 clerus
1602 583 1683 609 sors
1716 572 1990 619 interpretatur.
2024 574 2119 620 Ergo
2153 574 2267 610 Deum
2297 574 2430 610 haeretl

1445 633 1582 669 merito·
1610 633 1771 678 possidet
1803 634 1881 680 qui,
1916 638 1956 670 ut
1979 635 2116 680 absque
2147 634 2221 671 ullo
2251 635 2442 681 impedim

1446 694 1629 730 deservire
1646 695 1721 730 Deo
1740 694 1875 738 valeat,
1897 701 2033 742 pauper
2051 705 2131 732 esse
2147 696 2277 741 spiritu
2296 694 2469 731 eontend'

1444 759 1485 790 ut
1518 764 1676 801 congrue
1709 754 1795 790 illud
1815 755 2017 791 Psalmistae
2045 755 2168 791 dicere
2192 755 2330 801 possit:
2356 767 2367 788 ι
2387 755 2431 789 D
2463 770 2466 785 τ

1444 825 1513 851 nus
1529 825 1613 860 pars
1634 815 1855 850 haereditatis
1874 825 1965 851 meae
1980 820 2016 851 et
2041 815 2164 851 calicis
2183 815 2264 850 mei
2273 813 2389 861 (Psoi.
2406 812 2481 861 xv).

1445 875 1547 919 Quod
1567 887 1654 912 velo
1668 877 1878 912 habitacula
1896 877 2031 912 Levitis
2049 877 2096 912 ab
2111 875 2195 912 Iesu
2214 887 2280 922 per
2295 885 2423 912 omnes

1443 937 1511 973 hus
1531 937 1789 982 decernuntur,
1823 938 2049 984 significatur
2059 943 2108 973 -ut
2137 938 2175 972 hi
2193 938 2254 984 qui
2277 938 2315 973 ιιι
2346 937 2482 973 Ε9919·
2495 921 2507 963 ¹1

1444 999 1508 1035 Dei
1525 999 1685 1035 scientiae
1702 1009 1850 1045 operam
1882 1001 2030 1043 dantes,
2067 999 2242 1035 doetrinae
2271 999 2426 1046 gratiam
2444 987 2495 1034 a=⁸

1444 1062 1665 1105 ministrant,
1697 1072 1823 1098 rursus
1852 1062 1897 1097 ab
1927 1062 2096 1098 omnibus
2132 1061 2262 1108 quibus
2296 1061 2506 1107 dispensa·

1446 1122 1581 1166 divina,
1605 1128 1747 1158 terrena
1767 1122 1926 1158 subsidia
1952 1132 2032 1168 quae
2055 1132 2128 1158 non
2156 1122 2289 1157 habent
2313 1121 2526 1167 recipiunt,

2500 786 2506 804 1

2502 811 2506 827 Ι

2479 838 2506 886 3]

1450 1255 1462 1276 ι
1492 1242 1530 1278 Si
1559 1253 1624 1278 nos
1644 1244 1746 1278 vobis
1780 1243 1958 1288 spiritalia
1986 1244 2221 1286 seminamus,
2254 1249 2422 1288 magnum
2451 1253 2484 1278 9
2503 1230 2527 1265 .³'

1443 1311 1483 1341 ut
1501 1305 1659 1341 carnalia
1681 1309 1799 1340 vestra
1820 1309 1999 1340 metamus
2026 1303 2059 1352 (Ι
2079 1305 2160 1340 Cor.
2182 1303 2254 1352 lx).
2280 1315 2292 1338 ι
2315 1301 2361 1339 Ει
2377 1305 2495 1340 meri
2511 1304 2526 1352 J

1444 1366 1504 1401 isti
1529 1366 1565 1400 in
1583 1365 1723 1401 cunctis
1745 1365 1910 1400 tribubus
1928 1365 2034 1401 divisi
2054 1364 2237 1408 dicuntur,
2258 1365 2342 1411 quia
2364 1365 2479 1412 dispe

1444 1426 1583 1462 satione
1603 1430 1816 1462 cunctorum
1838 1426 1975 1461 vivunt.
2512 1415 2515 1418 ’

1849 1499 2000 1536 CAPUT
2031 1495 2106 1535 XII.

1442 1561 1495 1600 De
1513 1563 1596 1610 filiis
1615 1564 1696 1599 Leti
1710 1563 1770 1611 qui
1787 1562 2049 1610 postulaverunt
2069 1564 2111 1598 ab
2129 1557 2303 1598 Eleazaro
2324 1559 2499 1599 sacerdot
2514 1556 2521 1559 ’

1491 1618 1523 1647 et
1538 1612 1580 1646 de
1599 1611 1707 1646 Josne
1720 1611 1794 1656 filio
1820 1611 1905 1646 Nun
1929 1610 2030 1645 urbes
2049 1611 2093 1645 acl
2108 1609 2351 1653 habitandum,
2368 1617 2402 1645 et
2420 1610 2526 1646 satta

1492 1660 1628 1695 urbana
1646 1669 1767 1694 earum
1788 1658 1833 1693 ad
1853 1658 1980 1693 alenda
1990 1664 2166 1703 jumenta

1491 1735 1602 1783 (Car.
1640 1733 1733 1782 xx1.)
1756 1747 1767 1767 ‹
1797 1732 2109 1779 Accesseruntque
2139 1732 2323 1778 principes
2351 1731 2478 1768 famili
2519 1758 2527 1767 .

1448 1807 1460 1828 ι
1483 1805 1562 1830 rum
1595 1795 1680 1830 Levi
1701 1794 1744 1830 ad
1766 1794 1916 1829 Eleazar
1936 1794 2176 1836 sacerdotem,
2210 1797 2246 1828 et
2267 1792 2375 1829 Josue
2393 1793 2443 1828 lili
2478 1807 2494 1825 a.
2521 1794 2528 1826 t

1448 1868 1459 1889 ι
1482 1856 1561 1891 Nun
1582 1861 1618 1891 ct
1635 1856 1746 1892 duces
1767 1855 2022 1902 cognationum
2050 1863 2115 1901 per
2141 1853 2300 1901 singulas
2327 1854 2442 1890 tribus
2475 1856 2479 1871 ³

1448 1930 1459 1950 «ι
1486 1918 1615 1954 liorum
1652 1917 1792 1954 Israel:
1826 1917 2008 1963 locutique
2042 1921 2126 1952 sunt
2159 1916 2204 1951 ad
2240 1924 2301 1952 eos
2334 1916 2371 1951 in
2408 1914 2504 1960 Silo,

1448 1991 1459 2012 ι
1482 1985 1577 2014 terra
1592 1979 1777 2022 Clianaan‚
1805 1984 1912 2026 atque
1931 1979 2100 2015 dixerunt
2119 1989 2127 2013 :
2149 1977 2322 2013 Dominus
2336 1985 2477 2023 praecep
2503 1970 2523 1993 7

1449 2053 1460 2075 ‹
1479 2051 1544 2087 per
1577 2052 1723 2076 manum
1743 2040 1855 2088 Moysi
1875 2046 1914 2075 ut
1933 2041 2105 2076 darentur
2122 2039 2226 2074 nobis
2246 2038 2353 2074 urbes
2377 2037 2422 2072 ad
2443 2038 2490 2073 ha

1449 2115 1460 2136 ‹
1481 2101 1682 2144 bitandum,
1705 2106 1740 2137 ct
1763 2099 1969 2137 suburbana
1985 2108 2109 2136 earum
2131 2099 2176 2134 ad
2191 2099 2317 2134 alenda
2328 2097 2504 2144 jumentas
2519 2095 2529 2134 ,Γ

1449 2176 1461 2197 ‹
1487 2164 1740 2209 Dederuntque
1769 2163 1832 2198 lilii
1864 2162 1975 2198 lsrael
2011 2161 2055 2197 de
2086 2159 2378 2208 possessionibus
2415 2161 2524 2205 suis,·.

1449 2225 1581 2272 «juxta
1609 2225 1802 2270 imperium
1834 2223 2001 2266 Domini,
2039 2223 2204 2258 civitates
2236 2227 2272 2257 et
2300 2221 2495 2257 suburhan

1449 2292 1460 2317 (
1481 2292 1642 2327 93ιίιιιι,ι
1664 2290 1700 2319 et
1721 2284 1873 2330 reliqua.
1906 2283 1985 2331 (Ex
2018 2282 2252 2331 Auqnstino.)
2283 2281 2416 2319 Omnes
2441 2281 2465 2317 fi
2481 2281 2489 2290 “
2522 2296 2528 2321 ;·

1443 2346 1553 2381 lsrael
1578 2350 1796 2392 acceperunt
1832 2351 1946 2381 sortes
1978 2355 2062 2380 suas
2088 2345 2124 2380 in
2149 2349 2262 2386 terra,
2288 2343 2422 2379 Levitis
2443 2350 2529 2390 aui

1444 2414 1517 2442 tem
1544 2407 1736 2442 haereditas
1768 2405 1865 2442 solus
1885 2405 2015 2441 sufficit
2047 2405 2156 2441 Deus.
2180 2406 2313 2441 Verum
2334 2405 2504 2450 quoniam
2526 2411 2528 2414 '

1443 2467 1624 2514 accipiunt
1639 2467 1772 2502 Levitae
1790 2466 1969 2512 primitias
1985 2471 2021 2502 et
2038 2466 2197 2502 decimas
2218 2466 2262 2501 de
2279 2465 2458 2501 fructibus
2482 2474 2529 2514 aff

1443 2528 1527 2563 [iliis
1544 2528 1656 2564 lsrael
1670 2537 1734 2573 per
1753 2532 1971 2573 praeceptum
1995 2526 2071 2570 Dei,
2090 2526 2280 2572 oportebat
2305 2536 2367 2563 eos
2393 2528 2495 2563 etia·-

1444 2591 1487 2626 de
1508 2596 1617 2634 terra,
1650 2595 1688 2626 ut
1716 2590 1764 2625 ita
1792 2589 1909 2625 dicam
1926 2616 1935 2632 ‚
1964 2594 2001 2625 et
2023 2589 2065 2624 de
2090 2588 2304 2624 habitaculis
2331 2589 2428 2635 (hoc
2451 2599 2470 2625 e
2500 2600 2507 2620 ι

1444 2652 1540 2687 enim
1561 2653 1605 2687 ab
1625 2652 1792 2688 omnibus
1807 2650 1818 2698 )
1836 2651 1994 2687 decimas
2017 2649 2212 2696 accepisse.
2233 2650 2278 2685 Et
2295 2649 2377 2685 ideo
2400 2657 2487 2686 acce
2524 2653 2528 2674 ῑ

1445 2714 1569 2750 dentes
1590 2713 1754 2760 primarii
1773 2713 1841 2749 viri
1864 2713 1925 2759 qui
1943 2718 2047 2749 erant
2066 2713 2109 2749 (19
2129 2713 2213 2749 siliis
2233 2713 2320 2749 Levi
2338 2714 2382 2748 ad
2401 2704 2508 2749 Elea'
2526 2699 2527 2704 ¹

1445 2790 1508 2814 zar
1544 2778 1784 2821 sacerdotem,
1820 2783 1856 2814 et
1885 2777 1930 2813 ad
1960 2776 2082 2813 Jesum
2118 2776 2230 2812 silium
2261 2775 2373 2820 Nave,
2398 2782 2433 2812 et
2459 2787 2494 2812 a
2521 2806 2528 2809 ι

1443 2838 1626 2885 principes
1646 2837 1804 2873 tribuum
1824 2837 1979 2872 [iliorum
2000 2835 2124 2880 lsrael,
2147 2837 2183 2871 in
2201 2834 2320 2879 Seleu,
2347 2835 2385 2871 in
2404 2839 2504 2872 terra
2525 2879 2528 2881 ¹

1444 2899 1617 2935 Chanaan
1647 2899 1817 2934 dixerunt
1849 2911 1856 2934 ε
1885 2910 1897 2931 ι
1919 2897 2091 2934 Dominus
2119 2895 2289 2942 praecepit
2322 2895 2359 2930 'ln
2395 2899 2504 2931 manu

1446 2961 1559 3008 Moysi
1581 2961 1658 2996 dari
1683 2962 1787 2998 nobis
1806 2961 1969 2997 civitates
1987 2958 2031 2996 ad
2051 2956 2294 3002 habitandum,
2321 2963 2357 2993 et
2375 2958 2504 2994 subur·
2523 2950 2529 2982 Ϊ

1446 3025 1539 3061 1)3ιι3
1567 3034 1691 3060 earum
1727 3023 1943 3059 animalibus
1976 3022 2124 3059 nostris.
2150 3035 2161 3055 ι
2186 3021 2382 3067 Oportebat
2415 3015 2508 3067 ergo

1447 3084 1555 3120 etiam
1576 3084 1619 3119 de
1648 3084 1864 3120 suburbanis
1895 3087 1928 3119 et
1950 3081 1994 3117 de
2015 3081 2221 3118 civitatibus
2245 3085 2377 3116 sortem
2407 3071 2488 3115 fieri

1446 3156 1491 3180 nc
1523 3144 1616 3180 forte
1654 3145 1848 3180 indiscrete
1874 3150 1909 3180 ct
1935 3142 2083 3179 fortuito
2113 3142 2208 3178 inter
2238 3140 2381 3177 Levitas
2409 3136 2504 3178 cele-'³

1445 3209 1549 3244 brata
1567 3207 1694 3243 divisio
1714 3207 1911 3242 videretur.
1934 3205 2035 3240 Sicut
2055 3214 2141 3250 ergo
2165 3203 2370 3239 distributio
2395 3199 2494 3238 sort*

1447 3278 1527 3313 quae
1562 3267 1658 3302 sacta
1676 3271 1732 3302 est
1761 3265 1798 3300 in
1826 3264 1910 3300 liliis
1934 3261 2046 3300 lsrael
2074 3260 2202 3299 habuit
2225 3262 2402 3298 rationem
2431 3274 2491 3309 qu

1447 3325 1528 3373 quis
1545 3326 1663 3373 prima
1682 3331 1780 3362 sorte
1799 3320 1925 3371 dignus
1953 3322 2162 3367 haberetur,
2186 3333 2257 3368 qua
2274 3329 2311 3358 et
2330 3323 2423 3359 alius
2444 3334 2477 3359 5
2495 3352 2498 3353 ⁷

1447 3386 1584 3431 cunda;
1605 3385 1649 3422 de
1677 3395 1747 3432 qua
1775 3389 1816 3420 ut
1843 3382 2026 3431 potuimus
2042 3382 2118 3430 jam
2138 3389 2221 3420 ante
2244 3384 2502 3423 tractavimus

1449 3449 1512 3487 sed
1529 3453 1566 3485 et
1580 3446 1617 3484 hi
1633 3446 1693 3494 qni
1711 3456 1776 3493 per
1792 3443 1939 3493 Moysen
1953 3443 2048 3481 ultra
2067 3438 2273 3489 Jordanem,
2291 3443 2328 3483 et
2352 3444 2397 3482 ah
2417 3443 2503 3480 1²⁴³

1448 3511 1487 3547 in
1499 3516 1598 3547 terra
1612 3505 1900 3555 repromissionis
1918 3503 2115 3553 accipiunt,
2130 3506 2193 3544 ubi
2210 3506 2327 3552 prima
2344 3516 2425 3543 sors
2472 3515 2486 3525 -’

1449 3562 1537 3619 cidit
1565 3568 1600 3607 in
1626 3563 1834 3619 Beniamin,
1858 3572 1894 3603 et
1912 3567 2143 3626 poStmodum
2166 3562 2262 3606 inter
2277 3573 2444 3612 (aaaron,
2465 3557 2475 3574 ³

1450 3628 1585 3691 quibus
1608 3622 1676 3668 fuit
1699 3625 1848 3667 ultimus
1874 3623 1975 3675 Dan3
1998 3629 2051 3669 ita
2072 3637 2223 3670 necesse
2247 3633 2304 3665 est
2322 3637 2410 3680 9559

1449 3703 1559 3741 quam
1579 3680 1759 3728 rationem
1778 3685 1888 3728 etiam
1905 3683 1949 3726 in
1965 3679 2104 3726 ordine
2122 3677 2359 3726 sacerdotalis
2381 3678 2426 3726 et

1449 3753 1568 3790 viticae
1586 3751 1708 3796 sortis,
1739 3755 1780 3787 ut
1805 3749 1866 3787 alii
1890 3749 2020 3797 prima,
2048 3748 2110 3785 3111
2128 3748 2301 3793 secunda,
2333 3747 2394 3784 3111
2415 3757 2463 3784 vu

1451 3814 1557 3852 tertia
1581 3823 1661 3851 sors
1686 3812 1852 3857 ducatur,
1870 3821 1935 3859 per
1952 3820 2044 3858 quas
2069 3809 2129 3847 1113
2150 3810 2208 3847 vel
2235 3808 2299 3847 illa
2325 3807 2406 3857 loca
