2540 4016
66 162 138 201 ¹53
691 154 1024 198 cottum-Numa
1047 157 1094 194 m
1119 157 1326 195 exosum.
1352 179 1400 187 -
1425 160 1510 196 Lm.
1538 161 1594 197 nr.
2074 156 2076 158 ·
2163 165 2232 204 ist

67 240 178 287 tibus,
195 241 239 288 jn
261 242 390 279 ultima
417 238 624 279 collectione
643 237 878 282 reliquiarum
907 234 1031 277 lsrael,
1051 235 1112 280 qui
1132 238 1165 276 A
1182 235 1322 278 habuit,
1351 235 1562 282 priusquam
1594 239 1748 276 mundus
1773 247 1869 277 essct
1897 244 1988 288 apud
2003 243 2160 280 Patrem.
2187 240 2235 278 Et

65 302 226 339 universi
254 314 320 340 suo
339 303 470 348 quique
487 305 647 345 tempore
669 298 780 334 verbo
798 298 882 332 vitae
905 294 1062 332 debituri
1076 294 1112 329 in

65 363 162 399 viam
182 363 282 410 pacis
298 354 504 408 properare,
529 359 723 395 candorem
739 362 922 404 perpetuae
948 355 1039 392 lucis
1057 355 1112 390 vi-

67 423 154 458 dere
163 422 421 459 desiderarent.

114 482 160 519 In
176 483 250 530 ipso
272 485 387 516 autem
417 478 625 515 candelabro
643 483 746 514 erunt
765 483 918 524 quatuor
939 477 1059 522 scyphi
1076 476 1113 512 in

68 543 167 578 nucis
196 539 357 582 modum,
389 538 640 585 sphaerulaeque
669 549 731 584 per
758 537 914 584 sinyulos
946 543 977 572 et
1009 537 1113 572 lilia:

66 600 247 650 sphoerulae
268 601 331 636 sub
349 600 482 636 duobus
500 600 644 636 calamis
658 611 720 646 per
736 600 805 635 tria
823 599 916 642 loca,
932 599 990 646 qui
1010 597 1115 633 simul

66 672 127 698 sex
138 661 242 706 fiunt,
261 661 482 707 procedentes
501 661 542 695 de
560 659 678 695 hastili
696 671 779 695 imo.
809 660 970 695 Diximus
998 659 1116 705 ipsum

66 721 342 765 candelabrum,
371 722 406 756 id
424 726 500 762 est,
529 721 686 767 stipitem
715 721 920 756 candelabri
942 720 1115 762 medium,

65 783 111 819 de
128 792 199 828 quo
225 783 351 819 calami
376 782 640 829 procedebant,
668 781 859 817 Dominum
891 780 1116 816 Salvatorem

22 851 26 855 ·
65 841 278 890 designare,
303 844 347 879 de
372 842 473 889 cujus
501 842 613 889 gratia
638 842 725 888 justi
746 841 920 887 quidquid
944 842 1029 878 boni
1050 843 1116 878 ha-

63 902 166 947 bent,
189 910 415 950 acceperuut.
434 904 533 940 Unde
550 903 676 948 ipsein
692 902 886 948 Evangelio
906 911 987 937 cnm
1007 902 1118 938 dixis-

66 969 123 1000 set
148 964 332 1010 discipulis
353 976 361 998 :
384 963 458 1009 Eyo
494 973 571 997 sum
600 963 700 1004 vitis,
732 973 792 996 vos
818 961 1002 1007 palmites,
1033 972 1119 998 con-

65 1025 168 1061 tinuo
186 1024 370 1071 subjunxit
395 1035 404 1058 :
429 1023 528 1059 Sicut
548 1022 679 1068 palmes
703 1034 770 1057 non
790 1028 901 1069 potest
924 1022 1015 1068 ferre
1043 1022 1119 1067 sru-

66 1092 158 1121 ctum
173 1097 194 1120 a
209 1085 402 1130 semetipso,
419 1084 659 1119 nistmanserie
678 1084 714 1118 in
734 1083 812 1126 rite,
832 1084 881 1118 sic
901 1094 961 1118 nec
979 1095 1036 1118 vos
1053 1083 1119 1118 nisi

64 1147 102 1182 in
110 1145 365 1182 memanseritis
376 1143 497 1191 (Joan.
507 1143 581 1190 xv).
595 1143 631 1178 ln
642 1154 712 1189 quo
724 1144 891 1179 nimirum
903 1143 1119 1179 candelabro
1140 1135 1169 1173 B

4 1235 13 1242 .
64 1211 219 1253 quatuor
251 1205 374 1251 scyphi
406 1210 490 1240 sunt
519 1203 626 1247 faeti,
663 1205 744 1249 quia
773 1204 810 1239 in
844 1209 1000 1249 quatuor
1016 1203 1119 1239 libris

64 1265 181 1302 sancti
203 1264 383 1311 Evangelii
404 1264 464 1309 qui
483 1264 526 1300 de
543 1264 694 1299 Domino
715 1270 800 1299 sunt
819 1263 1036 1310 conscripti,
1057 1274 1121 1310 gu-

65 1332 161 1363 stum
178 1326 252 1362 vini
267 1326 363 1368 novi,
382 1325 451 1361 hoc
465 1330 519 1360 cst
538 1325 710 1360 doctrinae
727 1325 886 1361 coelestis
903 1325 1118 1367 invenimus,

65 1387 162 1434 quod
181 1397 251 1422 non
270 1392 370 1422 utres
388 1391 543 1429 veteres,
563 1386 631 1422 hoc
652 1392 709 1422 est
724 1392 863 1422 mentes
884 1386 1037 1421 terrenis
1059 1386 1122 1421 ad-

66 1448 138 1484 hue
155 1448 345 1484 desideriis
363 1448 599 1490 inhaerentes,
623 1448 685 1483 sed
706 1453 844 1483 tantum
871 1448 1038 1482 innovata
1057 1456 1122 1492 per

67 1493 231 1554 spiritum
253 1508 378 1554 gratiae
392 1509 501 1543 corda
520 1507 691 1550 fidelium,
710 1517 762 1552 ea·¹
778 1518 839 1543 erc
857 1512 1006 1552 queunt.
1030 1506 1122 1542 Sunt

66 1579 132 1615 per
151 1570 310 1616 singulos
340 1570 495 1616 scyphos
516 1570 704 1614 sphaerulae
722 1569 828 1604 simul
849 1574 886 1604 et
907 1569 979 1603 lilia
1003 1567 1122 1603 desor-

67 1635 179 1672 mata,
199 1630 282 1675 quia
297 1630 389 1665 idem
404 1630 574 1665 Dominus
591 1630 651 1675 qui
672 1630 839 1674 poculum
859 1629 964 1665 nobis
981 1630 1122 1675 sapien-

67 1689 130 1724 tiae
148 1690 344 1734 spiritualis
362 1690 568 1736 propinavit
580 1718 588 1732 ‚
620 1700 763 1726 cursum
794 1700 936 1735 quoque
956 1691 1024 1736 piae
1042 1700 1124 1735 ope-

70 1750 222 1785 rationis
243 1749 455 1786 inoffensum
472 1761 513 1786 ac
533 1756 749 1796 promptum,
773 1757 808 1786 et
829 1751 1033 1786 habendum
1059 1760 1123 1785 no-

68 1809 126 1846 bis
140 1810 312 1852 ostendit,
336 1815 373 1845 et
404 1815 442 1844 ut
471 1810 606 1845 habere
636 1810 837 1855 possimus,
859 1811 934 1856 ipse
955 1810 1119 1854 donarit;

72 1875 108 1907 et
126 1880 170 1906 ne
185 1870 220 1906 in
236 1880 387 1905 vacuum
405 1880 644 1914 curreremus,
661 1871 862 1906 claritatem
879 1871 980 1907 nobis
998 1872 1123 1917 patriae

70 1932 226 1968 coelestis
252 1931 296 1966 ad
321 1941 426 1977 quam
448 1931 738 1974 intenderemus,
755 1932 940 1978 promisit,
958 1937 994 1967 et
1014 1931 1121 1976 hujus

68 1993 172 2030 nobis
189 1994 346 2037 aditum,
376 2003 439 2029 sua
470 1995 583 2040 gratia
613 1994 794 2039 patefecit.
830 1995 894 2031 Vel
916 2000 1013 2030 certe
1037 1995 1120 2040 quia

67 2056 135 2093 sub
149 2056 287 2092 duobus
305 2056 454 2092 calamis
480 2067 543 2101 per
570 2057 638 2091 tria
660 2053 755 2100 ioca,
774 2056 911 2102 scyphi,
935 2056 1122 2102 sphaerula>

67 2123 105 2155 et
121 2117 438 2153 liliamandantur
456 2117 555 2160 lieri,
583 2128 773 2163 possumus
802 2117 878 2152 hzee
901 2117 950 2152 ita
973 2117 1123 2163 mystice

68 2179 323 2224 interpretari,
355 2178 438 2223 quia
459 2178 574 2214 tribus
593 2178 750 2214 fidelium
775 2179 959 2225 gradibus,
983 2179 1026 2213 de
1045 2178 1125 2224 qui·

68 2238 136 2274 bus
151 2239 281 2285 saepius
298 2239 465 2282 diximus,
483 2238 755 2285 conjugatorum
771 2240 920 2281 scilieet,
937 2240 1124 2275 continen-

70 2300 159 2335 tium
180 2305 215 2335 et
232 2300 427 2347 virginum,
447 2308 484 2336 et
501 2301 702 2336 doctrinam
722 2301 886 2336 veritatis
905 2303 1058 2347 aperuit,
1088 2306 1123 2336 et

71 2371 214 2396 cursum
235 2361 319 2396 boni
337 2362 454 2407 operis
469 2362 672 2407 imperavit,
693 2368 726 2398 et
745 2363 966 2398 litercditatis
982 2372 1123 2408 semper

69 2422 382 2459 immarcescibilis
424 2429 530 2470 atque
577 2425 792 2471 incorruptae
833 2425 1122 2461 benedictionem

68 2484 235 2530 promisit
251 2490 358 2530 atque
389 2486 548 2521 donavit.
586 2486 630 2522 Et
657 2492 737 2532 apte
766 2487 903 2533 scyphi,
935 2487 1124 2533 sphaerulae

69 2549 107 2580 et
119 2544 195 2580 lilia
210 2546 429 2590 candelabri,
451 2557 523 2582 non
540 2558 647 2594 super
662 2548 834 2591 calamos,
861 2548 921 2584 sed
939 2549 1006 2584 sub
1023 2548 1123 2584 cala-

70 2605 140 2641 mis
161 2615 242 2641 esse
270 2605 456 2650 jubentur,
489 2608 573 2653 quia
598 2609 707 2643 corda
734 2609 1028 2654 praedicantium,
1052 2608 1124 2644 imo

71 2664 232 2700 omnium
253 2665 464 2708 electorum,
483 2676 527 2700 ne
545 2667 587 2701 ad
610 2666 731 2701 intima
749 2667 866 2702 delabi
882 2667 1035 2712 possint,
1063 2667 1126 2702 do-

71 2726 141 2768 nis,
171 2726 351 2762 mandatis
377 2731 413 2761 et
439 2726 738 2772 promissionibus
761 2726 959 2762 Dominicis
985 2731 1126 2762 susten-

70 2791 209 2830 tantur,
227 2791 335 2832 atque
353 2787 397 2822 ad
421 2788 572 2822 amanda
588 2792 624 2822 et
643 2786 836 2833 quaerenda
855 2786 1016 2823 coelestia
1041 2788 1125 2822 sub-

71 2848 248 2884 levantur.
275 2848 366 2894 Apte
383 2848 519 2894 scyphi,
540 2848 726 2894 sphaerulae
745 2854 781 2884 et
797 2849 884 2892 lilia,
905 2849 972 2884 sub
987 2849 1125 2884 duobus

72 2907 220 2944 calamis
241 2912 339 2950 sunt,
360 2906 443 2952 quia
465 2906 502 2941 in
515 2912 668 2952 utroque
690 2906 922 2943 Testamento
944 2907 1121 2950 fidelibus,

72 2967 235 3013 quamvis
253 2967 478 3003 caeremoniis
495 2967 724 3010 distantibus,
745 2968 870 3003 eadem
895 2967 1038 3003 devotio
1057 2968 1126 3003 Do-

71 3027 170 3064 mino
182 3026 367 3063 ¹serviendi
382 3027 566 3070 mandata,
582 3027 706 3062 eadem
727 3031 782 3062 est
799 3028 911 3073 gloria
933 3028 1035 3074 regni
1053 3038 1125 3064 coe-

72 3090 173 3128 lestis
192 3096 414 3128 conservata.
440 3090 596 3134 Quartus
619 3096 739 3126 autem
756 3091 923 3136 scyphus,
946 3091 1126 3137 sphaerula

75 3157 111 3188 et
127 3152 254 3195 lilium,
274 3161 353 3198 quae
371 3161 478 3196 supra
499 3150 658 3187 calamos
677 3161 803 3186 omnes
816 3150 916 3195 juxta
935 3152 1123 3186 summita-

73 3216 147 3248 tem
164 3211 264 3248 fuere
289 3211 494 3247 candelabri
522 3211 653 3256 ipsius,
687 3211 831 3256 proprie
859 3211 904 3246 ad
930 3210 1122 3247 Dominum

74 3273 229 3320 pertinet
247 3271 485 3315 Salvatorem,
504 3272 566 3318 qui
591 3282 662 3308 non
681 3272 795 3308 solum
811 3272 938 3308 electis
957 3272 1032 3308 suis
1050 3273 1125 3307 vir-

73 3337 190 3370 tutum
206 3332 408 3376 scientiam,
418 3332 661 3378 operationem
679 3338 715 3368 et
725 3333 1047 3368 remunerationem
1063 3333 1128 3368 tri-

70 3389 291 3436 bulum-um
299 3392 407 3428 etiam
417 3392 452 3427 in
462 3391 578 3438 seipso
587 3392 680 3428 idem
690 3392 967 3428 homoChristus
977 3392 1046 3438 figu
1052 3403 1129 3428 ram

71 3445 231 3498 &tendit
242 3453 380 3501 scyphi,
403 3463 483 3490 cum
507 3453 702 3499 septenum
725 3453 859 3499 Spiritu
874 3458 998 3490 sancto
1008 3453 1129 3489 decla-

71 3508 185 3564 ffit.
205 3512 372 3550 Formam
386 3514 575 3560 praetendit
587 3514 787 3560 sphaerulae,
804 3524 886 3549 cum
901 3523 1076 3559 apparens
1089 3513 1126 3547 in

75 3607 77 3609 ,
96 3609 104 3615 ,
116 3572 133 3623 s
152 3589 155 3601 ι
174 3588 202 3622 χ·
214 3598 226 3618 ,
243 3573 379 3621 absque
391 3574 466 3610 ullo
479 3573 848 3619 circumstrepentium
863 3582 982 3608 rerum
1002 3573 1126 3608 obsta-

74 3624 90 3660 ἰ’
122 3629 170 3682 ’.μ
184 3631 378 3669 sexzuttavit
385 3639 426 3670 ut
437 3634 538 3681 gigas
552 3634 597 3670 ad
610 3634 824 3670 currendam
839 3633 946 3669 viam.
963 3631 1127 3677 Speciem

320 3691 412 3736 litii,
443 3703 527 3730 cum
553 3702 746 3740 resurgens
782 3703 804 3730 a
837 3693 990 3730 mortuis
1019 3697 1128 3739 atque

105 3750 124 3774 f
135 3750 148 3774 ἒ·
167 3771 169 3775 -
181 3742 200 3757 '²
213 3753 237 3777 ‘7⁴
259 3771 272 3778 ·-
288 3749 338 3787 hd
348 3751 475 3798 eoelos,
491 3752 708 3790 clarificatus
717 3757 775 3790 est
783 3763 827 3791 ca
837 3752 1002 3791 claritate
1017 3762 1124 3799 quam

1141 2028 1170 2069 C

1183 302 1281 333 recte
1297 298 1357 333 hie
1376 297 1546 344 scyphus,
1564 300 1741 344 sphaerula
1761 301 1942 344 etlilium,
1961 304 2110 340 calamis
2125 304 2238 341 altior

1181 357 1379 398 eminebat,
1399 358 1484 403 quia
1504 359 1672 394 nimirum
1693 360 1785 395 dona
1811 371 1891 405 quae
1909 361 2097 396 mediatori
2117 363 2180 399 Dei
2197 368 2237 400 et

1181 418 1382 462 hominum,
1400 421 1536 456 homini
1554 420 1636 457 Jcsu
1661 421 1806 458 Christo
1828 423 1922 458 Deus
1943 423 2051 458 Pater
2067 426 2234 468 contulit,

1181 489 1326 515 omnem
1350 480 1518 517 humanae
1548 482 1757 528 capacitatis
1785 483 1931 518 modum
1961 484 2233 520 transcendunt.

1184 538 1377 586 Unicuique
1396 536 1488 575 eriim
1521 548 1679 576 nostrum
1710 541 1792 576 data
1819 548 1868 576 est
1897 540 2027 586 qratia,
2045 542 2235 576 secumlum

1182 611 1382 636 mensuram
1397 600 1597 636 donationis
1614 600 1743 636 Christi
1760 600 1866 648 (Epa.
1879 601 1943 647 iv).
1965 600 2009 636 In
2027 602 2101 646 ipso
2118 607 2238 636 antem

1183 661 1343 705 Christo,
1366 663 1460 698 sicut
1475 662 1668 709 Apostolus
1686 663 1758 705 ait,
1778 662 1911 698 habitat
1931 663 2042 697 omnis
2059 661 2240 707 plenitudo

1184 722 1376 758 divinitatis
1393 723 1622 768 corporaliter
1643 721 1734 769 (Col.
1761 721 1818 770 ιι).
1846 721 2017 768 Sequitur
2039 734 2046 757 :
2067 721 2109 757 Et
2129 722 2242 768 spltoe-

1184 783 1272 819 rulae
1287 783 1394 830 igitur
1411 790 1441 818 et
1458 783 1586 818 calami
1606 794 1648 818 ex
1662 783 1737 830 ipso
1757 789 1858 818 eruut
1876 783 2069 834 :jtniversa
2093 782 2240 817 ductilia

1185 845 1227 880 de
1244 855 1332 881 auro
1350 846 1550 892 purissimo.
1570 844 1685 881 Omne
1704 845 1799 880 enim
1821 855 1910 891 opus
1932 844 2152 886 candelabri,
2172 844 2241 879 hoc

1186 911 1241 941 est
1259 910 1295 942 et
1313 906 1424 952 stipes
1449 906 1589 941 medius
1614 910 1650 940 et
1672 905 1801 941 calami
1829 916 1872 940 ex
1893 906 1970 950 ipso
1990 906 2240 950 procedentes,

1187 976 1268 1002 eum
1286 967 1384 1002 omni
1410 977 1475 1002 suo
1490 973 1633 1010 ornatu,
1660 967 1704 1002 de
1724 977 1813 1002 auro
1835 966 1946 1009 liunt3
1967 966 2048 1012 quia
2070 972 2104 1002 et
2122 966 2244 1002 Domi-

1186 1037 1255 1062 nus
1276 1026 1352 1072 ipse
1375 1027 1583 1071 specialiter
1607 1027 1777 1062 immunis
1803 1037 1822 1062 a
1842 1033 2005 1072 peccato,
2028 1032 2135 1072 atque
2158 1037 2243 1073 ope-

1187 1087 1287 1123 ribus
1299 1085 1451 1131 justitia:
1475 1097 1541 1132 per
1565 1087 1684 1122 omnia
1704 1087 1899 1133 praeclarus
1921 1087 1955 1122 in
1981 1088 2113 1122 mundo
2131 1098 2242 1133 appa-

1189 1147 1272 1188 ruit,
1294 1153 1330 1183 et
1348 1148 1511 1183 eamdem
1532 1148 1774 1183 innocentiam
1799 1146 2111 1192 atquejustitiam,
2133 1158 2246 1182 mem-

1187 1210 1251 1246 bra
1273 1209 1350 1254 ejus
1370 1209 1403 1245 in
1425 1211 1492 1246 hac
1520 1209 1663 1245 interim
1684 1210 1780 1252 vita,
1815 1194 1992 1255 quaiitum
2020 1209 2141 1244 valent
2169 1209 2246 1244 imi-

1187 1274 1325 1314 tantur,
1359 1270 1395 1305 in
1429 1269 1550 1306 futuro
1581 1275 1700 1306 autem
1730 1271 1909 1306 veraciter
1934 1270 1999 1316 ipsi
2031 1270 2245 1305 adhaerendo

1187 1331 1395 1377 proliciunt.
1423 1331 1468 1366 Et
1489 1337 1570 1376 apte
1590 1331 1682 1366 idem
1706 1341 1832 1366 aurum
1853 1331 1984 1367 ductile
2001 1330 2080 1366 suit.
2108 1331 2247 1366 Ductile

1188 1403 1343 1438 namque
1365 1393 1527 1428 feriendo
1544 1392 1771 1438 producitur,
1791 1393 1874 1438 quia
1891 1398 1928 1428 et
1946 1392 2167 1437 Redemptor
2183 1393 2244 1437 qui

1189 1463 1232 1488 ex
1257 1453 1491 1499 conceptione
1518 1459 1553 1488 et
1580 1453 1768 1488 nativitate
1798 1452 1979 1498 perfectus
2011 1459 2066 1488 est
2087 1453 2182 1488 Deus
2209 1457 2246 1487 et

1190 1512 1296 1547 homo
1315 1512 1473 1554 exstitit,
1492 1513 1700 1557 passionum
1721 1512 1862 1548 dolores
1882 1513 2050 1558 pertulit,
2070 1523 2113 1548 ac
2130 1514 2181 1547 sic
2200 1513 2245 1547 ad

1190 1572 1466 1608 resurrectionis
1484 1573 1634 1618 gloriam
1654 1573 1830 1618 pervenit.
1857 1573 1901 1607 Et
1918 1584 2034 1608 ornnes
2054 1574 2110 1619 qui
2128 1572 2248 1608 volunt

1188 1632 1242 1678 pie
1257 1633 1366 1667 vivere
1383 1634 1419 1667 in
1434 1632 1507 1675 illo,
1527 1633 1799 1679 persecutionem
1814 1633 1996 1678 patiuntur
2012 1643 2023 1666 :
2040 1634 2100 1678 qui
2121 1641 2156 1668 et
2178 1632 2247 1678 ipsi

1189 1692 1291 1737 quasi
1310 1691 1456 1728 metallo
1478 1692 1638 1727 feriendo
1663 1692 1820 1734 dilatati,
1842 1702 1906 1737 per
1922 1693 2101 1737 passionis
2121 1700 2249 1728 contu-

1189 1752 1332 1795 melias,
1351 1758 1387 1788 et
1406 1753 1688 1788 immortalitatis
1706 1753 1859 1797 gratiam
1882 1753 2088 1798 proliciunt.
2119 1753 2246 1788 Facies

1190 1819 1222 1848 et
1242 1813 1403 1848 lucernas
1434 1819 1578 1859 septem,
1610 1820 1640 1849 et
1667 1826 1773 1860 pones
1801 1826 1859 1849 eus
1875 1826 1979 1861 super
1996 1815 2246 1850 caiidelubrum

1190 1881 1227 1910 ut
1242 1875 1380 1911 luceant
1398 1887 1440 1911 ex
1454 1876 1598 1911 adverso
1619 1876 1674 1922 (II
1693 1865 1783 1911 ’sirm
1807 1876 1877 1923 ιιι).
1905 1877 2079 1913 Lucernae
2094 1884 2246 1924 septem,

1191 1940 1331 1980 septem
1349 1941 1432 1970 sunt
1449 1936 1541 1971 dona
1560 1935 1715 1981 Spiritus
1731 1937 1861 1978 sancti,
1881 1947 1961 1982 quae
1980 1942 2016 1972 et
2036 1938 2071 1972 in
2092 1937 2246 1973 Domino

1192 2004 1234 2030 ac
1253 1994 1493 2039 Redemptore
1516 1999 1640 2029 nostro
1658 2000 1787 2030 cuncta
1806 2005 1948 2040 semper
1965 2001 2189 2038 manserunt,
2210 2001 2247 2032 et

1193 2055 1228 2090 in
1244 2054 1416 2090 membris
1439 2054 1537 2100 ejus,
1567 2054 1636 2090 hoc
1660 2059 1715 2089 est
1736 2055 1903 2090 omnibus
1924 2054 2064 2097 electis,
2090 2065 2155 2100 pro
2171 2055 2250 2100 ejus

1191 2116 1376 2152 voluntate
1404 2116 1598 2151 distributa
1620 2122 1717 2152 sunt.
1755 2115 1946 2152 Ponuntur
1977 2127 2064 2163 ergo
2092 2116 2250 2153 lucernae

1191 2182 1327 2221 septem
1353 2186 1462 2221 super
1487 2176 1743 2212 candelabrum
1768 2188 1776 2211 ε
1806 2177 1889 2222 quia
1912 2188 2016 2223 super
2039 2176 2250 2223 Redempto-

1192 2248 1263 2272 rem
1286 2242 1447 2273 nostrum
1468 2238 1748 2284 primogenitum
1773 2238 1816 2274 de
1837 2239 1958 2274 radice
1976 2238 2092 2281 Jesse,
2116 2241 2251 2285 requie-

1190 2299 1236 2333 vit
1254 2298 1396 2344 spiritus
1412 2298 1593 2344 sapientise
1613 2304 1643 2333 et
1661 2297 1853 2333 intellectus
1867 2326 1876 2341 ,
1896 2299 2039 2344 spiritus
2059 2299 2195 2334 consilii
2218 2306 2251 2335 et

1191 2359 1430 2404 fortitudinis,
1463 2358 1606 2404 spiritus
1625 2359 1780 2393 scientim
1803 2365 1835 2394 ct
1858 2358 1999 2405 pietalis
2024 2365 2083 2395 :et
2099 2360 2251 2405 implevit

1191 2429 1270 2454 eum
1290 2419 1434 2464 spiritus
1451 2418 1586 2453 timoris
1609 2418 1750 2453 Domini
1769 2418 1872 2465 (lsai.
1891 2421 1958 2465 xi).
1993 2419 2037 2454 Et
2053 2419 2146 2454 sicut
2164 2420 2250 2454 item

1192 2479 1268 2524 ipse
1285 2489 1350 2524 per
1369 2479 1534 2514 eumdem
1554 2480 1714 2524 loquitur
1740 2481 1967 2524 prophetam,
1997 2480 2150 2526 Spiritus
2178 2481 2250 2515 Do-

1191 2542 1278 2575 mini
1298 2551 1401 2586 super
1416 2551 1492 2582 me,
1514 2551 1553 2575 eo
1571 2540 1663 2586 quod
1681 2541 1819 2574 unxerit
1838 2551 1891 2574 me
1912 2540 2002 2585 (lsai
2020 2539 2109 2586 in).
2148 2540 2251 2584 Quod

1194 2607 1312 2636 autem
1335 2601 1489 2643 dicitur,
1523 2607 1560 2634 ut
1577 2600 1715 2634 luceant
1743 2612 1786 2635 ea:
1808 2600 1974 2642 adverse,
1997 2601 2065 2636 hoc
2081 2602 2250 2646 estquod

1192 2662 1368 2708 propheta
1399 2662 1661 2706 subsequenter
1689 2660 1820 2706 adjecit
1845 2672 1853 2695 ε
1886 2661 1940 2695 Ad
1968 2661 2250 2696 annuntiandum

1193 2723 1384 2758 mansuetis
1414 2723 1507 2758 misit
1537 2733 1590 2757 me
1605 2749 1614 2764 ,
1650 2728 1686 2756 ut
1707 2722 1864 2756 mederer
1887 2722 2052 2756 contritos
2074 2722 2196 2764 corde,
2218 2729 2250 2758 et

1192 2783 1419 2829 proedicarem
1437 2783 1579 2828 captivis
1597 2782 1866 2828 indulqentiam,
1893 2789 1925 2817 et
1950 2782 2080 2818 clausis
2100 2785 2251 2829 apertio-

1194 2856 1295 2888 nem;
1330 2851 1367 2880 ut
1394 2844 1622 2890 proedicarem
1652 2855 1782 2879 anuum
1809 2843 2014 2889 placabilem
2034 2844 2189 2887 Domini,
2217 2851 2250 2880 et

1142 2925 1177 2964 D
1194 2905 1286 2941 diem
1306 2905 1448 2940 ultionis
1467 2905 1537 2939 Deo
1555 2910 1677 2940 nostro
1695 2903 1835 2950 (Ibid.).

1242 2965 1470 3000 Emuuctoria
1487 2976 1637 3011 quoqne,
1664 2970 1695 2999 et
1716 2965 1775 3000 ubi
1799 2976 1877 3011 quae
1907 2971 2067 3000 emuncta
2093 2971 2173 3001 sunt
2190 2977 2251 3001 ea:-

1193 3026 1430 3072 stinquamnr,
1450 3025 1536 3070 fiant
1550 3025 1592 3061 dc
1612 3035 1699 3059 auro
1713 3025 1914 3068 purissimo.
1938 3024 2029 3060 Sunt
2043 3025 2139 3061 enim
2153 3036 2250 3071 quae-

1194 3089 1275 3125 dam
1293 3088 1328 3124 in
1347 3087 1542 3133 Scripturis
1557 3086 1688 3122 divinis
1703 3086 1750 3122 ita
1766 3091 1956 3131 praecepta‚
1978 3096 2058 3131 quae
2076 3092 2249 3132 perpetuo

1188 3149 1284 3195 jure,
1309 3156 1344 3185 et
1369 3149 1404 3184 in
1431 3149 1499 3184 hac
1515 3148 1602 3190 vita,
1623 3153 1658 3183 et
1690 3147 1726 3182 in
1753 3147 1873 3182 sutura
1903 3157 2046 3192 semper
2064 3149 2248 3183 observari

1194 3211 1362 3252 debcant,
1384 3215 1423 3245 ut
1449 3214 1505 3246 cst
1532 3209 1641 3244 illud:
1663 3207 1746 3243 Non
1771 3208 1912 3243 habebis
1940 3208 2022 3243 deos
2047 3208 2178 3243 alienos
2195 3219 2251 3242 co-

1195 3279 1271 3303 ram
1292 3267 1493 3314 me‚(Eoeod.
1511 3266 1588 3313 xx),
1604 3271 1653 3308 et,
1671 3265 1802 3311 Diliqes
1816 3264 2005 3300 Dominum
2019 3264 2131 3298 Deum
2148 3270 2248 3298 tuum

1196 3337 1239 3362 ex
1255 3333 1326 3362 toto
1344 3326 1448 3361 corde
1464 3332 1539 3367 tuo,
1558 3331 1589 3360 et
1607 3336 1651 3360 ex
1664 3331 1737 3359 tota
1753 3324 1872 3358 anima
1895 3330 1969 3364 lua,
1985 3328 2016 3356 et
2034 3332 2076 3356 ex
2094 3327 2168 3356 tota
2184 3323 2250 3358 vir-

1199 3395 1272 3425 tute
1295 3395 1380 3429 tua:
1415 3394 1447 3423 et
1472 3387 1593 3432 diliyes
1624 3386 1821 3432 proximum
1851 3390 1950 3418 tuum
1981 3382 2069 3416 sicut
2099 3382 2248 3428 teipsum

1199 3449 1318 3495 (Dent.
1341 3448 1407 3495 vr).
1442 3448 1535 3484 Sunt
1553 3447 1623 3481 alia
1650 3455 1730 3490 quae
1754 3449 1828 3479 toto
1856 3442 1964 3486 hujus
1982 3441 2066 3476 vitae
2086 3446 2250 3487 tempore

1197 3510 1420 3546 observanda
1444 3509 1629 3554 jubentur,
1661 3504 1723 3539 sed
1747 3503 1784 3537 in
1804 3501 1924 3536 futura
1948 3501 2021 3537 vita
2044 3503 2248 3539 mercedem

1197 3579 1271 3604 suae
1286 3566 1552 3604 observationis
1582 3569 1754 3599 aeternam
1778 3561 2002 3607 percipiunt,
2029 3567 2068 3597 ut
2087 3566 2143 3597 est
2161 3561 2247 3598 illud

1195 3628 1378 3674 Evangelii
1395 3638 1404 3661 ε
1422 3626 1546 3660 Facite
1563 3623 1656 3658 vobis
1673 3622 1804 3657 amicos
1825 3621 1868 3657 de
1893 3632 2092 3657 mammona
2114 3621 2248 3669 im‘qtti·

1195 3689 1292 3731 tatis,
1323 3692 1361 3722 ut
1389 3691 1423 3721 et
1450 3685 1517 3731 ipsi
1547 3683 1716 3729 recipiant
1742 3692 1804 3718 vos
1823 3681 2006 3717 inoeterna
2021 3678 2247 3716 tabernacula

1194 3749 1296 3795 (Luc.
1315 3745 1404 3793 xvi).
1426 3744 1492 3782 llic
1508 3743 1606 3782 enim
1631 3742 1677 3780 ad
1700 3747 1842 3789 tempus
1856 3740 2096 3787 eleemosynae
2114 3738 2249 3776 sacien-
