2540 4016
14 137 23 147 ³
58 147 65 164 r

56 172 133 212 '929

581 162 851 202 ENARRATlo
876 163 1028 202 SUPER
1052 164 1464 204 DEUTERONOMIUM.
1489 187 1536 193 —
1560 168 1644 204 LlB.
1669 169 1727 205 Ill.

2162 178 2232 217 950

54 238 247 285 'dimittere
263 251 330 290 pet·
348 248 456 278 omne
469 243 628 285 tempus,
658 248 770 284 quam
793 239 997 275 inordinate
1017 246 1124 287 atque
1141 242 1178 282 Α
1198 253 1211 274 ‹
1242 240 1323 284 tibi,
1342 245 1379 275 et
1391 239 1506 276 noluit
1529 241 1702 279 Dominus
1722 244 1816 280 Deus
1837 252 1918 286 tuus
1935 253 2058 292 audire
2071 255 2230 305 Balaam,

61 307 187 346 illicite
202 303 364 342 violavit.
394 301 434 338 Si
452 299 550 336 enim
569 299 616 335 ob
634 297 706 334 hoc
731 297 934 342 intelligere
963 299 1120 336 volueri-

60 378 142 406 mus
161 375 243 403 eam
269 374 342 400 non
363 371 486 409 posse,
503 360 540 396 id
553 364 623 403 est,
649 368 723 394 non
740 357 873 395 debere
893 358 1025 395 dimitti
1055 370 1121 406 per

59 436 167 467 omne
185 431 350 471 tempus,
372 421 458 468 quia
483 429 576 456 uxor
594 417 723 455 effecta
742 422 798 454 est
812 445 823 462 ,
845 423 1015 454 occurret
1033 418 1122 454 illud

61 486 158 537 quod
187 484 353 533 permisit
391 481 534 528 Moyses
550 507 560 525 ‚
595 481 682 517 dare
714 479 874 516 libellum
911 480 1051 526 repudii
1085 486 1122 517 et

60 548 243 587 dimittere
259 546 378 595 (Dent.
398 542 513 590 xxiv).
535 542 575 579 ln
594 542 651 578 his
679 547 801 579 autem
818 552 898 588 quae
931 541 1055 579 illicite
1068 542 1122 579 vi-

60 610 168 653 tiant,
194 606 309 644 noluit
321 605 447 649 licere,
466 615 512 640 ne
526 604 572 640 ad
590 603 786 640 ludibrium
801 603 930 640 secisse
940 603 1118 647 videatur,

58 675 101 707 ut
117 669 237 717 potius
254 666 420 703 finxisset
446 666 543 712 quod
558 675 639 702 eam
656 675 808 702 uxorem
828 665 986 709 duxerit,
1010 675 1120 711 quam

57 739 146 767 vere
162 728 371 776 placitoque
391 727 550 763 duxisse.
570 725 646 763 Hoc
674 730 710 762 et
727 725 771 762 de
800 725 861 761 illa
873 724 1016 770 jussum
1048 730 1117 768 est,

58 791 117 828 cui
141 790 253 827 fuerit
269 789 326 825 vir
348 788 602 831 calumniatus,
638 787 682 824 de
702 786 941 833 virginalibus
961 796 1035 822 non
1064 786 1120 822 in-

57 850 188 887 ventis.
212 862 224 884 ‹
244 849 325 886 Non
343 849 496 894 accipiet
517 847 626 884 homo
643 856 795 882 uxorem
826 845 941 892 patris
962 845 1031 888 sui,
1052 855 1120 882 nec

57 909 233 947 revelabit
272 908 536 955 operimentum
579 907 671 953 ejus.
702 919 714 939 »
751 904 860 939 Pater
895 907 1020 939 noster
1052 914 1113 941 se-

57 973 214 1009 cundum
240 971 484 1008 conditionem
502 979 572 1014 qua
587 978 653 1004 nos
674 965 812 1002 creavit
847 964 1015 1001 Christus
1029 970 1087 1001 est
1103 976 1114 1010 ;

55 1044 150 1069 uxor
167 1038 223 1068 est
236 1032 314 1078 ejus
331 1030 506 1067 Ecclesia.
527 1028 606 1064 Non
626 1028 712 1063 licet
741 1025 880 1062 homini
901 1025 1112 1072 dignitatem

1193 314 1206 335 ‹
1238 302 1421 348 vertitque
1460 301 1748 338 maledictionem
1765 302 1842 348 ejus
1874 307 1911 342 in
1950 311 2235 358 benedictionem

1193 372 1207 394 ι
1237 369 1350 404 tuam,
1370 371 1413 397 eo
1436 361 1532 408 quod
1551 361 1718 409 diligeret
1735 367 1783 398 te.
1813 363 1866 400 Ne
1882 365 1992 405 facias
2004 383 2084 411 cum
2101 379 2153 416 eis
2169 391 2235 427 pa-

1192 431 1206 453 «
1235 430 1338 464 cem,
1364 431 1431 457 nec
1468 431 1610 467 quaeras
1631 421 1684 457 eis
1703 422 1810 466 bona,
1832 426 1971 462 eunctis
1999 429 2122 470 diebus
2150 438 2234 475 vitae

1193 489 1206 512 ι
1237 483 1307 515 tuae
1321 479 1356 515 in
1373 481 1646 526 sempiternum.
1669 493 1681 515 t
1698 480 1779 516 Alia
1790 482 1898 519 editio
1913 484 1966 520 sic
1979 486 2111 525 habet:
2129 504 2143 525 t
2157 494 2235 533 Non

1193 550 1206 572 ι
1234 539 1384 575 intrabit
1405 540 1630 578 Ammonites
1645 546 1683 578 et
1706 542 1880 581 Moabites
1905 545 1942 580 in
1961 548 2149 588 eeclesiam
2166 554 2236 592 Do-

1193 610 1206 632 c
1234 599 1336 643 mini,
1352 609 1466 646 usque
1496 601 1534 636 in
1553 602 1826 649 sempiternum.
1850 618 1863 639 i
1889 605 2046 650 Quaestio
2077 617 2133 648 est
2152 625 2238 660 quo-

1187 659 1295 696 modo
1315 659 1508 697 intraverit
1541 661 1653 705 Ruth,
1678 674 1759 709 quae
1785 664 1952 703 Moabitis
1979 667 2048 704 suit
2064 696 2074 713 ,
2103 672 2147 708 de
2170 685 2238 720 qua

1187 720 1299 755 etiam
1317 731 1403 757 caro
1433 721 1577 758 Domini
1603 724 1938 773 originem-accepit
1953 728 2022 774 ivel
2038 729 2151 775 duxit,
2172 734 2240 770 nisi

1186 780 1281 818 forte
1303 782 1411 819 istam
1443 784 1594 830 mystice
1610 786 1882 832 prophetaverit
1908 788 2127 827 intraturam
2158 803 2240 831 cum

1187 841 1251 886 ait,
1280 854 1293 875 ι
1327 853 1441 890 usque
1467 844 1512 880 ad
1540 845 1716 882 decimam
1736 849 2018 894 generationem.
2046 864 2058 886 ι
2084 851 2240 900 Compu-·

1186 908 1310 939 tantur
1327 905 1425 940 enim
1454 906 1708 953 generationes
1727 918 1770 945 ex
1793 909 1977 946 Abraham
2004 917 2040 947 et
2059 911 2165 957 Loth,
2183 915 2244 960 qui

1186 965 1310 1011 genuit
1325 966 1500 1004 Moabitas
1512 978 1556 1004 ex
1572 968 1715 1007 filiabus
1732 982 1740 1005 :
1763 976 1799 1007 et
1817 972 2046 1010 inveniuntur
2063 985 2143 1011 cum
2163 987 2240 1022 lpso

1186 1025 1371 1063 Abraham
1401 1029 1575 1076 compleri
1610 1030 1735 1067 decem
1766 1034 2031 1080 generationes,
2065 1047 2180 1083 usque
2197 1038 2243 1074 ad

55 1092 178 1140 sponsi
201 1091 308 1128 istius
341 1089 543 1126 transferre
574 1089 611 1123 in
631 1097 683 1130 se,
703 1096 771 1122 nec
795 1085 931 1122 violare
949 1095 1121 1131 sponsam
1189 1086 1350 1132 Salmon,
1382 1090 1444 1136 qui
1479 1091 1602 1137 genuit
1633 1091 1729 1128 Booz
1747 1119 1758 1136 ‚
1785 1094 1847 1138 qui
1878 1095 2031 1132 maritus
2065 1099 2244 1135 secundus

54 1153 146 1201 ejus.
182 1151 304 1190 violat
331 1150 450 1194 enim,
484 1149 514 1185 si
538 1158 702 1184 amorem
736 1157 844 1193 quem
879 1146 956 1193 ipse
983 1155 1117 1192 sponso
1136 1139 1168 1179 Β
1188 1146 1257 1183 suit
1272 1147 1384 1184 Ruth.
1412 1149 1504 1186 Sunt
1519 1151 1614 1187 enim
1631 1152 1709 1188 istae
1728 1165 1736 1187 :
1757 1151 1953 1197 Abraham,
1984 1155 2099 1200 Isaac,
2119 1156 2244 1203 Jacob,

54 1225 202 1254 servare
220 1213 359 1257 debuit,
386 1216 587 1248 commutat
610 1210 646 1246 in
669 1221 722 1253 se,
757 1210 903 1248 nuando
937 1219 983 1245 ex
1024 1209 1118 1245 dono

53 1281 225 1325 percepto
241 1274 388 1311 virtutis
403 1274 477 1310 sive
491 1272 762 1320 praedicationis
779 1270 1118 1318 propriamlaudem

53 1337 288 1385 quaerit,·non
308 1335 386 1372 Dei.
408 1334 484 1370 Hoc
512 1334 609 1370 enim
631 1333 777 1369 studere
795 1332 902 1367 debet
916 1331 1116 1376 unusquis-

54 1399 271 1447 quedoctor
290 1403 331 1434 ut
353 1402 468 1433 totum
488 1405 649 1432 amorem
679 1394 794 1441 plebis
821 1393 890 1429 sibi
916 1393 1118 1429 commissae

53 1464 245 1496 convertat
274 1459 310 1494 in
342 1458 470 1500 Deum,
504 1456 653 1502 ejusque
685 1454 835 1501 gloriam
875 1458 912 1489 et
941 1453 1118 1489 honorem

53 1525 213 1566 quaerat,
237 1518 340 1565 cujus
372 1519 464 1554 dono
484 1517 646 1563 percepit
676 1516 712 1551 id
745 1514 840 1560 quod
857 1513 936 1550 aliis
965 1513 1119 1560 largitur

53 1581 177 1617 dicens
190 1579 342 1615 Domino
359 1589 443 1615 cum
462 1578 637 1623 propheta
659 1589 666 1612 :
684 1589 695 1609 ‹
719 1575 798 1611 Non
817 1575 935 1619 nobis,
949 1575 1116 1618 Domine,

53 1651 126 1678 non
148 1640 268 1683 nobis,
290 1640 353 1676 sed
372 1639 510 1675 nomini
538 1627 599 1674 t'uo
618 1639 663 1673 da
690 1637 858 1684 gloriam,
881 1646 990 1682 super
1011 1635 1119 1673 mise-

53 1701 250 1739 ricordiam
268 1706 366 1737 tuam
390 1705 425 1737 et
442 1699 632 1735 veritatem
650 1704 751 1734 tuam
768 1695 882 1744 (Psal.
904 1696 1021 1744 cx111).
1052 1708 1067 1731 ι

459 1773 610 1811 CAPUT
638 1773 711 1809 Vll.

52 1853 309 1893 Deheunuchis
344 1858 446 1898 atque
481 1850 716 1893 mazeribus‚·
756 1855 788 1884 et
828 1849 871 1884 de
909 1846 1116 1883 Ammonilia

280 1905 385 1945 atque
401 1898 582 1940 Moabitis,
605 1898 779 1933 decretum
794 1895 895 1941 leqis.

105 1973 118 1995 t
149 1960 250 2008 (Car.
266 1959 389 2006 xxm.)
411 1958 490 1994 Non
511 1957 660 1993 intrabit
685 1956 874 1992 eunuchus
905 1954 1042 1989 attritis
1060 1953 1118 1989 vel

57 2035 71 2058 ι
101 2022 298 2068 amputatis
320 2020 498 2056 testiculis
529 2025 565 2055 et
587 2010 728 2055 absciso
752 2022 898 2053 veretro
924 2015 1117 2051 ecclesiam

57 2098 70 2120 ι
100 2084 258 2121 Domini.
279 2096 292 2118 ›
314 2081 414 2126 Quod
433 2086 554 2116 autem
572 2080 715 2121 dicitur,
740 2089 812 2115 non
831 2076 983 2113 intrabit
1001 2085 1116 2112 eunu-

53 2147 145 2184 chus
166 2144 300 2180 attritis
324 2149 359 2179 et
379 2141 575 2188 amputatis
594 2139 770 2176 testiculis
791 2144 827 2174 et
855 2137 998 2174 absciso
1016 2147 1118 2173 vere·

55 2211 112 2243 tro
129 2206 321 2242 ecclesiam
341 2203 498 2245 Domini,
510 2202 669 2238 ostendit
687 2201 782 2247 quod
800 2210 927 2236 omnes
947 2198 1009 2244 qui
1023 2197 1117 2234 mol-

54 2268 138 2305 liter
153 2267 294 2310 vivunt,
326 2275 394 2301 nec
425 2268 596 2300 exercent
613 2273 703 2309 opus
723 2262 841 2304 virile,
864 2271 936 2297 non
954 2263 1117 2305 ¹possunt

54 2338 267 2376 permanere
296 2328 333 2363 in
362 2326 642 2373 congregatione
675 2330 899 2366 sanctorum,
936 2322 1117 2368 necdigui

54 2389 237 2426 habentur
255 2388 292 2423 in
315 2387 462 2423 introitu
486 2386 587 2432 regni
618 2385 793 2422 coelorum
815 2397 822 2419 2
844 2384 1000 2419 maxime
1034 2391 1116 2418 cum

55 2450 131 2497 ipsa
163 2450 305 2487 Veritas
326 2449 362 2484 in
387 2447 582 2495 Evangelio
614 2447 665 2482 ait
687 2458 694 2481 :
718 2458 729 2479 ‹
755 2446 921 2491 Regnum
942 2443 1117 2480 coeloium

56 2511 128 2547 vim
146 2511 294 2558 patitur,
315 2515 352 2545 et
369 2509 515 2545 violenti
535 2508 714 2554 diripiunt
733 2507 819 2542 illud
837 2505 986 2553 (ΜαιιΙι.
1013 2502 1081 2550 xi).
1099 2514 1112 2538 ι

60 2585 73 2606 ‹
102 2571 180 2608 Non
200 2570 424 2617 ingredietur
447 2578 584 2611 mazer,
612 2568 680 2603 hoe
697 2571 767 2609 est,
795 2566 838 2600 de
859 2569 979 2601 scorto
993 2568 1115 2606 natus,

58 2631 95 2667 in
114 2630 307 2666 ecclesiam
327 2628 469 2663 Domini
498 2636 613 2672 usque
642 2626 686 2661 ad
712 2625 889 2661 decimam
909 2622 1115 2670 generatio-

58 2702 155 2728 nem.
180 2704 191 2725 ›
214 2690 300 2734 Quis
323 2688 462 2734 estqui
498 2687 542 2722 de
576 2691 697 2722 scorto
713 2685 833 2731 ,natus
849 2688 917 2726 est,
953 2682 1022 2718 nisi
1055 2681 1116 2727 qui

58 2755 217 2801 degener
243 2763 351 2789 sensu
378 2757 414 2788 et
444 2750 607 2786 moribus
639 2753 708 2790 cst,
735 2746 790 2783 vel
828 2755 935 2791 quem
969 2743 1116 2780 haercti-

58 2824 186 2852 corum
205 2814 365 2860 pravitas
393 2812 431 2848 in
466 2809 695 2855 susceptione
716 2811 1026 2843 sacramentorum
1057 2804 1118 2839 de-

60 2885 233 2924 generem
262 2874 351 2911 fecit
371 2900 382 2917 ,
418 2873 495 2910 sive
530 2871 591 2918 qui
621 2868 814 2917 gentilitati
849 2878 912 2903 seu
946 2864 1117 2912 judaismi

60 2938 135 2975 ritu
168 2935 453 2973 commaculatus
485 2934 563 2970 est?
590 2932 623 2969 Is
664 2931 762 2967 enim
781 2935 868 2966 tunc
891 2927 1117 2974 recipiendus

61 3003 118 3036 est
159 2997 255 3033 intra
284 2995 512 3038 Ecclesiam,
538 3002 622 3029 cum
660 3000 726 3038 per
755 2989 839 3026 fidei
872 2987 1118 3034 integritatem

62 3058 275 3103 decalogum
310 3055 400 3102 legis
430 3053 628 3092 secundum
660 3050 775 3088 sancti
807 3047 994 3096 Evangelii
1017 3047 1119 3083 insti-

63 3119 243 3157 tutionem
286 3116 498 3164 spiritaliter
531 3112 779 3151 observaverit
799 3138 809 3154 ,
863 3115 899 3147 et
939 3109 1120 3145 carnalem

63 3178 375 3217 conversationem
391 3177 528 3224 Spiritu
545 3180 669 3212 sancto
686 3174 754 3209 rite
769 3171 1003 3209 abdicaverit.
1023 3169 1123 3206 Unde

63 3240 231 3278 Salvator
260 3240 303 3277 de
328 3249 392 3276 sua
423 3238 540 3275 salute
560 3235 735 3283 quaerenti
762 3233 947 3281 respondit
967 3232 1090 3284 dicens
1112 3243 1119 3265 ε

68 3314 82 3336 ‹
114 3300 154 3338 Si
170 3301 226 3339 vis
247 3300 294 3337 ad
313 3301 424 3336 vitam
462 3298 604 3346 ingredi
625 3324 636 3342 ,
661 3306 766 3333 serva
791 3293 962 3330 mandata
978 3291 1122 3339 (Mutela.

69 3375 83 3398 ‹
113 3362 206 3410 xix).
231 3375 243 3398 t
267 3362 312 3399 Et
328 3361 439 3398 item:
465 3372 478 3395 t
500 3360 578 3407 Ego
604 3368 698 3402 sum,
733 3356 862 3403 inquit,
884 3354 1030 3391 ostium.
1056 3351 1126 3387 Per

66 3434 126 3461 me
142 3424 174 3462 si
194 3423 275 3470 quis
293 3422 488 3465 introierit,
523 3420 733 3462 salvabitur,
752 3423 788 3454 et
803 3426 937 3463 pascua
968 3413 1126 3450 inveniet

69 3481 192 3530 (Ioan.
220 3482 274 3532 x).
298 3496 310 3518 ι
344 3495 356 3517 α
387 3480 614 3518 Ammonites
651 3483 688 3515 et
711 3476 899 3518 Moabites,
935 3474 1044 3509 etiam
1063 3481 1125 3517 per

71 3556 86 3580 ι
116 3544 294 3583 decimam
317 3542 588 3592 generationem
623 3550 696 3578 non
733 3532 1124 3574 intrabuntecclesiam

74 3615 89 3639 t
113 3603 258 3642 Domini
268 3605 303 3641 in
316 3609 505 3647 aeternum,
524 3603 610 3649 quia
618 3597 918 3639 noluerantvobis
936 3603 1128 3631 occurrere

76 3675 90 3699 ι
119 3673 203 3700 cum
218 3675 312 3715 pane
341 3670 379 3701 et
397 3673 491 3711 aqua
511 3663 547 3699 in
564 3663 637 3706 via,
658 3660 803 3709 quando
830 3657 963 3705 egressi
980 3654 1067 3691 estis
1083 3652 1127 3689 de

77 3733 93 3758 ι
121 3720 280 3770 AEgypto
294 3751 306 3768 ‚
339 3729 377 3762 et
409 3723 494 3772 quia
513 3722 764 3760 conduxerunt
782 3725 909 3756 contra
928 3723 963 3754 te
983 3715 1127 3751 Balaam

78 3794 94 3821 ι
115 3777 230 3822 lilium
246 3783 340 3824 Reor
358 3785 403 3823 dc
418 3774 680 3831 Mesopotamia
694 3781 824 3830 syriae,
844 3786 883 3820 ut
899 3777 1131 3820 malediceret

1188 1207 1314 1253 Judas,
1343 1209 1493 1255 Phares,
1523 1212 1666 1257 Esrom,
1697 1213 1822 1258 Aram,
1850 1214 2067 1261 Aminadab,
2085 1217 2241 1264 Naasou,

1189 1269 1350 1307 Salmon.
1385 1271 1533 1309 Salmon
1566 1275 1696 1321 quippe
1730 1276 1854 1321 genuit
1874 1277 1982 1321 Booz,
2018 1280 2078 1325 qui
2099 1281 2243 1317 viduam

1187 1331 1289 1367 duxit
1310 1332 1409 1369 Ruth
1431 1345 1440 1368 ε
1462 1344 1506 1369 ae
1519 1345 1584 1380 per
1604 1337 1672 1372 hoc
1692 1337 1831 1372 videtur
1849 1344 1929 1383 post
1943 1339 2119 1377 decimam
2134 1353 2242 1389 gene-

1186 1392 1364 1429 rationem
1380 1404 1493 1441 genus
1520 1395 1649 1432 secisse
1677 1397 1712 1432 in
1729 1398 1879 1434 ecclesia
1899 1399 2053 1444 Domini,
2069 1404 2243 1448 pariendo

1186 1453 1293 1498 filios,
1321 1455 1397 1501 ipse
1429 1456 1537 1492 Booz.
1570 1455 1638 1492 Sed
1660 1468 1724 1493 cur
1748 1459 1906 1494 additum
1940 1461 1998 1504 sit,
2018 1468 2053 1498 et
2069 1473 2182 1509 usque
2206 1465 2243 1501 in

1186 1520 1374 1558 aeternum,
1397 1528 1408 1549 υ
1428 1516 1516 1552 meri
1524 1522 1557 1552 to
1569 1517 1686 1553 adhuc
1700 1519 1886 1563 quaeritur.
1903 1519 1958 1556 An
1973 1521 2056 1566 quia
2074 1524 2243 1571 deinceps

1186 1575 1283 1611 nulla
1304 1576 1424 1612 anima
1441 1576 1485 1612 de
1506 1577 1724 1614 Aminonitis
1755 1584 1791 1614 et
1825 1579 1991 1617 Moabitis
2024 1582 2173 1620 intrabit
2204 1586 2241 1622 in

1186 1635 1287 1672 illam
1316 1637 1508 1674 ecclesiam
1535 1638 1656 1685 populi
1678 1638 1936 1684 Hebraeorum,
1970 1648 2095 1688 postea
2128 1655 2238 1690 quam

1186 1696 1255 1732 ista
1272 1698 1505 1744 generatione
1540 1699 1678 1735 decima
1696 1701 1886 1747 prophetia
1906 1702 2084 1748 completa
2100 1705 2175 1740 est?
2187 1705 2243 1742 An

1184 1759 1304 1803 potius
1323 1759 1373 1795 ita
1387 1759 1522 1796 dictum
1542 1765 1611 1804 est,
1636 1773 1649 1794 r
1684 1766 1721 1797 et
1738 1771 1853 1807 usque
1873 1762 1918 1798 ad
1938 1763 2113 1800 decimam
2136 1776 2243 1812 gene-

1185 1819 1376 1864 rationem,
1402 1834 1414 1855 »
1440 1827 1479 1856 ut
1497 1822 1643 1858 omnino
1670 1832 1812 1868 semper
1834 1823 1987 1870 intelligi
2004 1825 2157 1861 voluerit
2175 1836 2242 1872 per

1186 1878 1375 1914 denarium
1395 1891 1585 1916 numerum
1607 1882 1801 1927 quamdam
1816 1883 2101 1929 universitatem,
2118 1891 2157 1922 ut
2173 1886 2247 1924 hoc

1184 1939 1393 1984 exposuerit
1425 1940 1687 1985 quodammodo
1725 1941 1889 1978 addendo
1911 1949 1948 1979 et
1974 1943 2127 1980 dicendo
2143 1971 2153 1987 ,
2173 1957 2185 1978 ι
2205 1951 2243 1982 et

1186 2009 1299 2045 usque
1319 1999 1356 2035 in
1373 2005 1548 2036 aeternum
1582 2002 1596 2036 ἱ)
1620 2014 1632 2035 »
1661 2001 1763 2045 Quod
1783 2002 1812 2038 si
1845 2002 1894 2037 ita
1914 2008 1983 2046 est,
2003 2003 2102 2039 Ruth
2118 2009 2243 2042 contra

1185 2065 1404 2106 praeceptum
1423 2061 1574 2096 vetitum
1601 2061 1744 2097 videtur
1767 2061 1952 2098 admissa?
1978 2062 2034 2098 An
2057 2064 2246 2102 Ammoni.

1185 2124 1240 2155 tas
1255 2119 1441 2165 prohibuit
1458 2120 1614 2164 admitti,
1632 2131 1703 2156 non
1718 2120 1995 2166 Ammonitidas,
2012 2123 2047 2158 id
2062 2129 2130 2166 est,
2145 2124 2244 2161 viros

1184 2179 1280 2222 inde,
1317 2190 1389 2216 non
1408 2179 1577 2224 seminas,
1610 2181 1766 2217 maxime
1792 2182 1876 2227 quia
1912 2193 1994 2218 cum
2028 2184 2244 2221 evertissent

1185 2238 1356 2275 Israelitae
1375 2239 1442 2286 ipsi
1454 2245 1591 2286 gentes,
1612 2250 1737 2276 omnes
1752 2241 1851 2277 viros
1863 2242 2028 2278 occidere
2040 2242 2132 2287 jussi
2145 2249 2242 2288 sunt,

1185 2298 1339 2334 leminas
1353 2306 1474 2335 autem
1491 2311 1562 2335 non
1577 2301 1647 2336 nisi
1662 2311 1724 2336 eas
1734 2311 1813 2346 quae
1827 2307 2001 2337 noverant
2013 2304 2242 2340 concubitum

1184 2359 1267 2402 viri,
1285 2360 1455 2404 quoniam
1473 2361 1558 2406 ipsae
1576 2361 1612 2396 in
1630 2360 1906 2397 Ioi·nicationem
1944 2362 2163 2398 seduxerant
2178 2374 2242 2409 po-

1184 2421 1331 2467 pulum;
1360 2422 1519 2468 virgines
1536 2427 1657 2457 autem
1693 2422 1811 2458 salvas
1840 2433 1919 2459 esse
1943 2423 2144 2466 voluerunt,
2170 2435 2240 2461 uon

1184 2482 1237 2518 eis
1252 2482 1470 2527 imputantes
1493 2481 1649 2527 culpam,
1679 2492 1749 2527 qua
1770 2482 1881 2518 everti
1902 2482 1961 2518 illa
1978 2493 2065 2528 gens
2082 2484 2242 2519 meruit?

1185 2552 1293 2589 quam
1320 2541 1429 2578 etiam
1456 2542 1516 2578 hic
1546 2543 1864 2585 commemoravit,
1892 2542 1988 2578 velut
2019 2549 2242 2588 quaereretur

1185 2615 1249 2640 cur
1273 2603 1447 2640 Moabitas
1461 2609 1498 2639 et
1511 2603 1735 2639 Ammonitas
1755 2603 1893 2639 admitti
1918 2603 2097 2639 noluerint
2116 2604 2151 2639 in
2171 2604 2240 2640 Ee—

1185 2664 1331 2700 clesiam
1348 2663 1511 2707 Domini,
1534 2664 1739 2710 subjunxit:
1763 2676 1774 2696 ι
1797 2663 1848 2699 Eo
1871 2663 1966 2710 quod
1985 2674 2055 2700 non
2075 2665 2241 2701 obviave-

1185 2726 1262 2762 rint
1279 2727 1380 2763 vobis
1399 2737 1481 2762 cum
1489 2726 1639 2772 panibus
1657 2730 1692 2761 et
1712 2735 1804 2771 aqua
1817 2725 1922 2761 invia
1936 2735 2018 2762 cum
2033 2725 2179 2761 exiretis
2198 2725 2242 2761 de

1185 2789 1355 2836 AEgypto,
1371 2794 1407 2825 et
1426 2788 1511 2834 quia
1535 2787 1785 2824 conduxerunt
1815 2788 2003 2823 adversum
2039 2793 2073 2823 te
2098 2786 2240 2822 Balaam

1186 2851 1298 2887 filium
1313 2850 1406 2887 Beor
1424 2851 1467 2886 dc
1478 2849 1750 2895 Mesopotamia,
1766 2853 1805 2884 ut
1821 2848 2051 2885 malediceret
2067 2853 2114 2884 te.
2136 2861 2148 2881 ι
2168 2847 2240 2882 Has

1187 2912 1310 2959 culpas
1327 2922 1373 2948 ne
1390 2916 1475 2947 tunc
1495 2911 1638 2958 quando
1655 2909 1714 2947 illa
1723 2920 1810 2957 gens
1822 2909 1998 2946 debellata
2012 2914 2079 2951 est,
2097 2907 2241 2944 seminis

1188 2971 1484 3017 imputaverunt,
1513 2981 1603 3017 quas
1636 2970 1753 3006 salvas
1785 2978 2002 3005 conservare
2034 2967 2238 3003 voluerunt.

1190 3032 1292 3076 Quod
1311 3041 1396 3067 vero
1412 3030 1637 3067 Ammonites
1660 3035 1697 3066 et
1728 3028 1902 3065 Moabites
1933 3038 2004 3064 non
2023 3026 2241 3073 permittun-

1191 3097 1250 3127 tur
1267 3090 1303 3126 in
1323 3096 1499 3127 aeternum
1526 3090 1663 3126 intrare
1681 3090 1718 3126 in
1738 3088 1955 3131 Ecclesiam,
1977 3086 2153 3134 significat
2170 3086 2241 3126 hae-

1193 3153 1325 3189 rcticos
1345 3153 1390 3189 ab
1414 3151 1574 3188 Ecclesia
1599 3161 1739 3197 semper
1764 3160 1843 3186 esse
1877 3148 2109 3194 repellendos.
2129 3158 2141 3179 ‹
2162 3145 2241 3181 Ha:-

1194 3214 1345 3250 reticum
1355 3213 1464 3257 enim,
1476 3213 1605 3259 inquit,
1617 3211 1807 3252 hominem,
1825 3214 1905 3255 post
1916 3217 2023 3243 unam
2037 3211 2073 3242 et
2087 3206 2238 3242 alteram

1192 3275 1468 3322 eorreptionem,
1491 3273 1606 3310 devita
1623 3270 1705 3318 (Tit.
1727 3269 1796 3315 ιιι).
1816 3281 1829 3303 ›

1585 3345 1736 3384 CAPUT
1752 3344 1839 3380 vul.

1273 3414 1323 3449 De
1343 3422 1411 3447 non
1427 3405 1657 3445 abominando
1676 3404 1836 3439 Idumaeo
1853 3414 1959 3449 neque
1975 3402 2157 3450 AEqyptio.

1245 3487 1257 3508 ι
1281 3470 1398 3519 (Iam.)
1415 3468 1492 3504 Non
1515 3464 1778 3502 abominaberis
1797 3462 2006 3507 idumaeum,
2027 3463 2111 3510 quia
2130 3461 2242 3498 frater

1197 3543 1211 3565 ι
1241 3535 1322 3567 tuus
1335 3533 1500 3570 est‚nec
1533 3523 1753 3570 AEgyptium,
1788 3523 1872 3569 quia
1904 3523 2042 3559 advena
2070 3521 2168 3559 fuisti
2203 3520 2241 3558 in

1197 3603 1209 3624 ‹
1241 3596 1335 3626 terra
1359 3587 1447 3634 ojus.
1470 3586 1535 3631 Qui
1566 3585 1640 3621 nati
1674 3583 1806 3620 suerint
1826 3594 1870 3620 ex
1890 3585 1956 3626 eis,
1993 3582 2098 3619 tertia
2133 3590 2243 3628 gene·

1199 3663 1211 3684 ‹
1242 3650 1380 3686 ratione
1407 3646 1590 3683 intrabunt
1610 3643 1809 3680 Ecclesiam
1839 3642 1997 3680 Domini.
2030 3655 2042 3676 ›
2073 3640 2142 3678 Per
2175 3639 2243 3677 ΔΞ-

1196 3712 1356 3759 gyptium
1385 3714 1422 3745 et
1458 3708 1651 3744 ldumaeum
1679 3705 1901 3752 significatur
1932 3713 2090 3751 praeseus
2132 3702 2208 3739 vita
2229 3728 2241 3749 ,

1196 3772 1255 3812 cui
1272 3769 1438 3819 quamvis
1457 3767 1705 3809 renuntiantes
1723 3764 1932 3814 AEgyptiam
1950 3770 2099 3811 terram,
2117 3763 2154 3803 id
2171 3766 2240 3809 cst,
