2540 4016
81 168 152 208 625

558 164 917 204 ENARRATIONES
941 162 989 201 IN
1014 162 1191 203 LIBRUM
1217 162 1529 203 NUMERORUM.
1556 186 1603 196 —-
1628 169 1716 206 LlB.
1741 169 1769 205 1.

2183 177 2252 216 626

80 246 207 284 boi-ein
231 252 338 290 quem
357 243 395 279 in
414 241 479 279 Dei
500 240 647 279 servitio
671 239 811 284 habuit,
836 239 1130 276 meditationem·
1149 243 1185 282 A
1201 228 1252 277 ait
1268 252 1276 276 :
1293 240 1404 277 Omne
1429 240 1553 276 datum
1585 243 1768 288 optimum,
1795 249 1827 279 et
1858 255 1958 282 omne
1985 249 2116 290 donum
2139 255 2255 301 perse-

81 315 151 353 que
173 309 210 342 et
225 303 515 342 observationem
534 301 663 338 divinae
692 300 782 348 legis
806 299 958 336 humani
988 301 1133 347 generis

81 365 302 412 Redemptor
338 375 375 400 in
405 367 599 409 conspectu
629 361 831 398 divinitatis
867 360 1135 397 remunerando

81 430 331 473 repraesentat,
363 434 446 461 cum
467 433 551 460 eum
582 432 648 470 per
680 422 885 470 ingressum
905 421 1001 466 vitae,
1028 425 1134 467 paeto

77 487 168 525 boni
199 487 321 533 operis
352 485 561 527 certamine,
587 482 691 520 donis
715 482 941 530 spiritalibus
965 482 1134 527 ditatum,

81 548 127 584 ad
142 547 483 593 contemplationem
497 545 562 582 Dei
581 545 698 582 Patris
720 544 896 591 perducit.

128 607 280 642 Arietem
295 618 374 642 vero
395 605 589 642 immolabit
604 606 754 642 hostiam
771 605 956 653 pacificam
969 605 1136 650 Domino,

81 668 230 714 offerens
252 666 358 702 simul
379 667 571 702 canistrum
589 677 792 713 azymorum
809 672 840 701 et
856 666 1042 702 libamenta
1059 677 1137 713 quae

82 739 125 764 ex
154 738 249 763 more
269 726 448 762 debentur.
482 727 632 771 Quando
649 737 730 763 eum
749 726 896 773 dignum
926 735 1137 762 remunera-

83 788 180 824 tione
204 792 387 833 perpetuae
411 787 543 833 quietis
567 787 737 829 ostendit,
773 797 838 832 pro
866 786 1071 833 principatu
1102 791 1139 822 et

83 849 214 885 ducatu
232 857 304 892 quo
322 848 557 893 semetipsum
586 849 678 883 bene
710 855 848 891 regere,
881 852 918 881 et
943 845 980 880 in
1009 845 1135 881 semita

83 912 181 944 recta
216 907 467 943 mandatorum
500 907 566 942 Dei
607 906 739 942 ducere
780 905 989 947 consuevit,
1025 905 1138 940 vitam

81 978 184 1005 suam
218 968 356 1004 scilicet
401 967 603 1003 ordinando
642 965 839 1001 secundum
866 964 1138 1015 Scripturarixn

82 1039 271 1065 sacrarum
300 1027 513 1069 doctrinam,
536 1031 572 1061 et
601 1025 757 1071 gratiam
786 1024 1028 1070 spiritualium
1056 1025 1140 1061 clia-

82 1089 284 1125 rismatum.

1202 309 1316 346 ctum,
1349 303 1532 340 desursum
1561 309 1626 347 est,
1654 303 1865 344 descendens
1884 317 1906 341 a
1932 306 2040 345 Patre
2069 313 2255 361 luminum,

1202 363 1297 410 apud
1323 375 1424 410 quem
1451 376 1521 400 non
1551 371 1602 400 est
1631 366 1894 410 transmutatio,
1921 378 1982 403 nec
2010 370 2257 412 vicissitudinis

1203 423 1423 460 obumbratio
1440 424 1580 472 (Jacob.
1602 425 1643 473 1).
1677 424 1874 462 Videamus
1897 436 1984 474 ergo
2015 429 2101 474 quid
2126 431 2171 467 de
2187 433 2260 469 Na-

1202 492 1321 520 zaraeo
1341 489 1420 529 pos¹
1459 484 1681 521 oblationem
1719 484 1920 531 perfectam
1940 485 2128 533 Scriptura
2145 489 2257 527 dieat.

1207 543 1291 580 Post
1317 543 1412 587 boec,
1441 544 1579 589 inquit,
1611 550 1723 591 potest
1753 544 1868 580 bibere
1899 544 2098 582 Nazaroeus
2129 548 2261 587 vinum.

1203 604 1290 642 Post
1318 605 1396 641 haec
1423 615 1523 651 ergo,
1555 605 1591 642 id
1621 610 1694 650 est,
1724 611 1808 652 post
1841 611 1979 643 rectam
2009 606 2262 653 intentionem,

1204 671 1288 714 post
1309 665 1564 702 rationabilem
1597 666 1893 712 promissionem,
1923 673 2006 714 post
2036 668 2122 705 boni
2144 671 2265 715 operis

1204 726 1478 773 perfectionem,
1507 732 1544 763 et
1563 733 1644 774 post
1662 728 1775 765 totius
1791 728 1928 766 laboris
1946 729 2073 774 finem,
2094 740 2138 767 ac
2156 731 2264 777 justae

1206 786 1384 822 mercedis
1420 787 1723 832 retributionem,
1769 793 1890 835 potest
1922 789 2047 825 bibere
2071 790 2266 828 Nazaraeus

1206 856 1346 890 vinum,
1367 849 1437 884 hoe
1454 853 1509 884 est
1526 849 1690 895 spiritale
1709 850 1858 886 haurire
1877 850 1983 896 plene
2006 852 2154 888 donum.
2175 852 2265 897 Quia

1206 914 1342 953 quanto
1368 909 1528 953 liberius,
1554 916 1656 947 tanto
1677 911 1834 955 felicius,
1861 919 1897 949 et
1919 919 2055 958 quanto
2079 916 2264 961 capacius,

1206 974 1309 1005 tanto
1339 970 1488 1007 uberius
1507 982 1639 1007 munus
1674 983 1838 1018 supernae
1859 976 1984 1021 gratice
2014 977 2179 1023 percipit,
2205 987 2265 1013 se-

1206 1028 1364 1063 cundum
1390 1029 1603 1074 Apostolum
1635 1032 1816 1068 dicentem
1846 1046 1853 1067 :
1886 1034 1990 1069 Nunc
2022 1036 2176 1071 videmus
2205 1048 2267 1081 per

1207 1086 1386 1132 speculum
1408 1088 1445 1122 in
1461 1089 1656 1134 oeniymate,
1685 1097 1765 1125 tunc
1780 1098 1898 1127 autem
1927 1093 2017 1137 facie
2049 1095 2094 1129 ad
2124 1095 2264 1139 faciem.

129 1148 224 1184 Tunc
246 1148 344 1183 radet
364 1146 560 1183 Nazaraeus
584 1152 663 1182 ante
688 1147 816 1182 ostium
838 1146 1054 1182 tabernaculi
1076 1146 1136 1192 soe·
1155 1139 1186 1178 Β
1207 1146 1312 1183 Nunc
1337 1149 1577 1194 coynoscimus
1601 1161 1643 1186 ex
1662 1158 1775 1197 parte,
1790 1158 1870 1188 tunc
1892 1160 2007 1189 autem
2023 1166 2267 1201 coqnoscemus

79 1210 172 1246 deris
199 1208 377 1244 coesariem
397 1207 668 1242 consecrationis
693 1218 788 1249 suoe‚·
808 1205 971 1253 tolletque
989 1205 1135 1253 capillos

79 1270 171 1316 ejus,
189 1274 219 1304 et
244 1274 345 1314 ponet
362 1278 465 1314 super
482 1268 610 1314 iquem,
628 1267 686 1314 qui
706 1272 754 1302 est
773 1267 1012 1312 superpositus
1026 1267 1137 1302 sacri-

79 1331 159 1376 ficio
188 1330 428 1377 pacificorum.
468 1328 560 1373 Quid
592 1334 649 1365 est
680 1328 775 1374 quod
796 1327 959 1364 Nazaraei
989 1328 1137 1375 capillos

79 1391 256 1434 nutriunt,
279 1390 349 1425 nisi
373 1390 468 1436 quod
493 1400 557 1435 per
577 1390 689 1424 vitam
722 1399 862 1435 magnac
891 1389 1135 1433 continentiae,

79 1452 398 1498 praesumptionum
418 1450 655 1496 cogitationes
675 1450 863 1485 creseunt?
886 1449 958 1485 Sed
977 1449 1063 1495 quid
1082 1454 1138 1485 est

80 1513 188 1558 quod,
209 1511 398 1548 devotione
419 1511 608 1557 completa,
631 1516 739 1556 caput
769 1510 961 1546 Nazaraeus
995 1511 1134 1552 radere,

81 1573 303 1618 capillosque
333 1572 369 1607 iu
401 1571 482 1617 igne
516 1571 684 1607 sacrificii
711 1581 845 1616 ponere
875 1571 1036 1617 jubetur,
1067 1570 1137 1606 nisi

81 1634 175 1679 quod
210 1638 294 1668 tunc
326 1634 370 1668 ad
404 1632 638 1678 perfectionis
673 1642 850 1668 summam
882 1632 1135 1678 pertingimus,

81 1706 162 1732 cuin
185 1695 236 1730 sic
253 1694 471 1730 exteriorem
493 1694 604 1729 vitam
626 1693 815 1735 vincimus,
839 1698 878 1728 ut
902 1693 1012 1728 etiam
1041 1692 1138 1738 eogi-

82 1757 237 1792 tationes
268 1753 468 1800 superfluas
494 1764 514 1789 a
532 1759 652 1789 mente
672 1763 877 1789 resecemus
894 1764 903 1787 ε
923 1763 1013 1798 quas
1031 1752 1138 1788 nimi-

82 1827 163 1854 rum
182 1816 348 1852 sacrificii
364 1816 444 1861 igne
461 1824 706 1857 concremare,
719 1820 773 1850 est
788 1813 930 1848 flamma
948 1823 1010 1849 eas
1027 1812 1138 1849 divini

83 1879 217 1915 amoris
235 1878 440 1921 incendere,
457 1884 496 1913 ut
512 1883 624 1912 totum
644 1887 707 1913 cor
724 1877 761 1912 in
774 1877 836 1913 Dei
853 1887 977 1912 amore
998 1876 1137 1919 ardeat,

82 1945 120 1975 et
139 1939 376 1985 cogitationes
396 1938 596 1984 superfluas
615 1947 868 1980 concremans,
901 1937 1003 1982 quasi
1024 1936 1139 1972 Naza-

83 1998 145 2034 raei
161 1997 321 2042 capillos,
345 1997 545 2032 devotionis
559 1997 731 2042 perfectio
747 2002 948 2032 consumat.

130 2059 175 2095 Et
201 2070 337 2095 armum
368 2065 500 2094 coctum
529 2058 659 2102 arietis,
694 2065 889 2105 tortamque
918 2058 1044 2104 absque
1071 2058 1142 2103 ser·
1159 2041 1190 2081 C

82 2127 196 2157 merito
218 2131 324 2156 uriam
346 2122 388 2155 de
417 2120 584 2163 canistro,
605 2125 635 2155 et
662 2118 827 2165 taqanum
851 2130 1013 2165 azymum
1032 2130 1139 2153 unum

86 2183 196 2217 tradet
230 2183 266 2217 in
297 2181 456 2216 manibus
476 2181 644 2216 Nazara’i
672 2189 854 2227 postquam
889 2193 1006 2216 rasum
1034 2181 1139 2227 suerit

86 2248 188 2287 caput
217 2242 313 2287 ejus,·
345 2247 568 2286 susceptaque
601 2251 738 2276 rursum
769 2242 811 2276 ab
839 2253 892 2285 ec,
926 2241 1070 2277 elevabit
1103 2242 1140 2276 in

85 2308 269 2348 conspectu
298 2301 458 2344 Domini,
491 2307 521 2336 et
552 2301 771 2346 sanctificata
804 2302 994 2337 sacerdotis
1022 2307 1138 2347 erunt,

86 2364 174 2398 sicut
208 2362 446 2408 pectusculum
476 2362 567 2408 quod
597 2363 754 2408 separari
783 2363 922 2408 jussum
953 2369 1002 2398 est
1032 2369 1063 2398 et
1089 2363 1141 2408 fe·

86 2434 177 2466 mur,
197 2429 267 2459 ete.
288 2425 438 2458 Arnium
463 2433 548 2469 ergo
566 2429 707 2459 coctum
729 2424 852 2460 arietis
873 2424 989 2460 tradet
1017 2434 1139 2460 sacer-

86 2481 150 2520 dos
168 2484 204 2519 iu
223 2494 331 2519 manu
345 2482 611 2527 Nazaraei‚cum
629 2483 878 2521 fortitudinem
897 2485 981 2520 boni
1002 2485 1138 2530 operis,

87 2545 167 2592 igne
187 2545 428 2581 tribulationis
457 2551 644 2580 excoctum
665 2552 771 2590 atque
790 2545 995 2589 probatum,
1019 2546 1141 2580 mundi

88 2605 255 2642 Salvator
305 2611 471 2641 sanetum
511 2616 614 2641 suum
647 2605 721 2640 Deo
752 2604 977 2649 placabiliter
1012 2604 1142 2641 offerre

89 2666 270 2703 tribuerit.
302 2665 435 2702 Tradet
464 2671 500 2701 et
530 2665 698 2711 laganum
727 2675 906 2711 azymum,
940 2675 1022 2700 cum
1053 2665 1142 2712 legis

87 2726 274 2763 scientiam
296 2736 361 2772 per
384 2726 516 2762 donum
538 2725 694 2772 Spiritus
711 2726 825 2762 sancti
845 2735 955 2771 opere
976 2736 1143 2763 consum-

89 2796 190 2822 mare
222 2785 422 2823 donaverit.
462 2785 658 2832 Postquam
695 2786 790 2822 enim
805 2812 814 2828 ‚
853 2786 980 2831 iuquit,
1021 2797 1142 2823 rasum

90 2846 199 2884 fuerit
213 2853 322 2895 eaput
340 2847 431 2894 ejus,
456 2853 623 2894 suscepta
647 2857 774 2884 rursus
800 2848 844 2884 ab
864 2858 906 2884 co
927 2848 1081 2885 elevabit
1106 2850 1142 2885 in

90 2915 285 2955 conspectu
300 2908 456 2945 Domini.
475 2908 573 2946 Raso
593 2909 737 2955 quidem
749 2908 867 2955 eapite
882 2908 1044 2945 Nazaraei
1065 2920 1143 2946 sus-

91 2971 178 3017 cipit
211 2971 454 3015 oblationem,
487 2976 524 3007 et
554 2970 710 3007 elevabit
743 2970 840 3006 illam
877 2971 912 3006 in
946 2976 1143 3017 conspectu

91 3030 248 3076 Domini,
279 3031 364 3078 quia
395 3041 478 3067 cum
508 3041 590 3067 eum
624 3029 834 3076 spoliaverit
864 3031 984 3067 earnis
1015 3041 1143 3068 corru-

91 3090 228 3136 ptione,
249 3096 285 3126 et
301 3100 470 3126 curarum
494 3089 723 3127 saecularium
748 3090 944 3136 gravedine
966 3090 1144 3128 liberave-

92 3150 154 3194 rit,
173 3150 375 3186 oblationes
400 3151 573 3187 virtutum
597 3161 688 3197 quas
707 3151 897 3187 continens
921 3151 997 3198 ipse
1013 3162 1145 3199 opera-

94 3216 152 3248 tus
188 3217 256 3255 est,
289 3211 511 3259 Redemptor
542 3218 668 3250 noster
705 3214 913 3260 conspectui
941 3214 1147 3252 Divinitatis

94 3277 312 3318 praesentare
338 3272 557 3320 dignabitur,
576 3283 712 3319 suoque
735 3274 828 3311 dono
856 3275 966 3311 saciet
986 3286 1070 3312 eum
1089 3287 1147 3313 re-

94 3331 276 3367 munerari
298 3338 475 3379 perpetua
490 3333 656 3370 mercede
677 3333 711 3369 in
728 3343 841 3380 regno
859 3334 1012 3372 coelesti.
1043 3333 1145 3372 Unde

95 3398 133 3429 et
156 3393 344 3431 subditur:
369 3394 415 3430 Et
445 3395 666 3442 sanctificata
698 3396 889 3433 sacerdotis
921 3403 1023 3433 erunt
1057 3398 1146 3434 sicut

96 3453 330 3500 pectusculum
347 3453 440 3502 quod
458 3455 613 3502 separari
627 3455 769 3502 jussum
783 3462 833 3491 est
847 3462 879 3491 et
899 3456 1014 3502 femur
1031 3469 1043 3495 .-
1062 3457 1146 3502 quia

98 3512 144 3549 ad
163 3511 297 3550 Christi
324 3514 476 3562 gloriam
512 3516 721 3562 pertinebit,
752 3515 926 3562 quidquid
958 3516 1144 3552 conservis

99 3572 174 3610 suis
189 3578 253 3611 aut
271 3580 370 3611 certe
391 3575 566 3622 sapiebat,
592 3581 654 3612 aut
674 3575 743 3613 rite
762 3575 1005 3618 desiderabat,
1029 3580 1090 3611 aut
1108 3575 1145 3611 in

100 3629 194 3667 bono
225 3642 334 3679 opere
357 3641 684 3681 consummaverat,
717 3636 827 3672 Paulo
853 3641 1061 3680 attestante,
1083 3636 1146 3683 qui

103 3689 155 3726 ait
170 3701 179 3726 :
194 3690 286 3729 Deus
309 3695 400 3732 enim
423 3697 484 3743 qui
508 3705 672 3744 operatur
691 3698 729 3733 in
751 3697 848 3733 nobis
871 3703 902 3733 et
916 3698 999 3733 velle
1016 3704 1048 3734 et
1066 3709 1146 3744 per-

101 3750 206 3806 ficere
217 3762 283 3800 pro
295 3752 384 3794 tona
400 3755 574 3800 voluntate
587 3757 733 3808 (Philip.
747 3756 804 3807 u).
825 3757 927 3798 Unde
946 3764 981 3797 et
995 3758 1148 3798 lacobus

1207 1208 1293 1244 sicut
1310 1214 1342 1244 et
1355 1210 1483 1256 coqniti
1498 1222 1617 1246 sumus
1637 1211 1671 1259 (1
1685 1211 1766 1248 Cor.
1789 1214 1886 1260 xlii).

1614 1286 1766 1324 CAPUT
1793 1288 1853 1323 Xl.

1208 1329 1274 1366 Ubi
1293 1331 1464 1367 Dominus
1477 1333 1577 1378 jubet
1595 1335 1768 1380 quomodo
1787 1335 2036 1372 benedicantur
2050 1338 2116 1383 filii
2136 1338 2264 1375 Israel.

1254 1390 1371 1438 (lain.)
1400 1391 1621 1439 Locutusque
1636 1400 1686 1429 est
1701 1394 1873 1430 Dominus
1891 1397 1936 1431 ad
1956 1397 2100 1443 Moysen
2118 1400 2235 1436 dicens
2253 1410 2265 1434 :

1206 1450 1362 1497 Loquere
1392 1452 1510 1487 Aaron
1546 1460 1577 1488 et
1606 1453 1690 1498 filiis
1721 1455 1796 1500 ejus
1818 1455 1908 1492 :Sic
1949 1458 2153 1496 benedicetis
2181 1461 2266 1506 filiis

1205 1510 1319 1546 Israel
1340 1518 1371 1546 et
1403 1512 1524 1548 dicetis
1546 1513 1594 1548 eis
1611 1523 1623 1547 .·
1640 1514 1830 1551 Benedicat
1855 1518 1917 1553 tibi
1946 1519 2116 1557 Dominus
2146 1529 2177 1558 et
2205 1535 2266 1559 cu-

1205 1572 1335 1608 stodiat
1353 1579 1397 1608 te.
1417 1573 1586 1609 Ostendat
1608 1574 1779 1612 Dominus
1799 1577 1926 1622 faciem
1944 1591 2044 1615 suam
2063 1582 2125 1616 tibi
2146 1589 2178 1618 et
2201 1585 2267 1619 mi-

1206 1639 1364 1669 sereatur
1386 1635 1460 1676 tui,·
1479 1642 1653 1670 convertat
1680 1635 1850 1672 Dominus
1882 1638 2013 1674 vultum
2031 1652 2132 1675 suum
2155 1643 2201 1676 ad
2234 1649 2267 1678 te

1206 1700 1238 1730 et
1263 1695 1318 1731 det
1349 1695 1410 1730 tibi
1433 1707 1566 1742 pacem.
1591 1696 1683 1741 Quid
1715 1708 1800 1744 ergo
1822 1699 1855 1734 iu
1886 1700 2007 1747 Moyse
2037 1703 2103 1738 nisi
2130 1702 2201 1747 lex,
2231 1709 2267 1740 et

1206 1758 1293 1804 quid
1310 1758 1347 1796 in
1372 1758 1493 1794 Aaron
1512 1764 1547 1795 et
1565 1760 1648 1796 filiis
1667 1761 1758 1806 ejus,
1788 1762 1855 1797 nisi
1888 1762 2129 1800 sacerdotium
2149 1765 2267 1801 ecele-

1207 1819 1393 1855 siastieum
1409 1820 1644 1864 exprimitur?
1661 1821 1808 1857 Instruit
1830 1833 1916 1869 crgo
1937 1823 2110 1860 Dominus
2128 1835 2194 1871 per
2211 1824 2267 1862 le-

1206 1890 1299 1926 gem,
1316 1885 1352 1916 ct
1369 1880 1472 1915 docet
1484 1890 1551 1925 per
1567 1882 1728 1918 ordinem
1746 1884 2002 1929 magistrorum
2022 1886 2263 1929 sacerdotum,

1208 1950 1361 1986 quorum
1383 1939 1490 1976 officii
1513 1946 1566 1977 est
1584 1947 1624 1977 ut
1642 1943 1810 1987 populum
1845 1945 1907 1980 Dei
1942 1955 2108 1982 sermone
2136 1948 2267 1993 praedi-

1210 2000 1362 2036 cationis
1403 2001 1593 2045 aedificent,
1630 2007 1737 2048 atque
1772 2004 1982 2041 assiduitate
2016 2007 2191 2044 orationis
2225 2019 2268 2045 ae

1210 2061 1472 2098 benedictionis
1508 2062 1722 2103 confirment
1741 2090 1749 2106 ,
1786 2063 1942 2108 qualiter
1980 2065 2268 2102 ecclesiasticum

1209 2128 1424 2158 conventum
1449 2122 1676 2166 benedicant,
1713 2129 1749 2159 ct
1774 2125 1948 2160 orationis
1983 2126 2127 2162 modum
2161 2138 2269 2174 super

1208 2192 1270 2218 eos
1285 2182 1442 2218 lii-ment.
1463 2181 1521 2218 Sic
1540 2183 1759 2227 benedicetis,
1776 2184 1907 2231 inquit,
1924 2186 2007 2230 liliis
2026 2186 2152 2231 Israel,
2167 2194 2199 2223 et
2219 2189 2270 2222 di-

1209 2244 1292 2279 cetis
1311 2244 1358 2279 eis
1374 2253 1386 2278 .·
1405 2243 1595 2279 Benedicat
1616 2251 1647 2281 te
1665 2244 1835 2280 Dominus
1860 2251 1891 2280 et
1909 2246 2083 2281 custodiat
2102 2254 2147 2282 te.
2168 2248 2207 2282 ln
2225 2258 2269 2283 eo

1208 2306 1304 2351 quod
1319 2305 1419 2349 dicit,
1440 2305 1618 2342 benedicat
1642 2313 1674 2342 te
1698 2306 1881 2349 Dominus,
1903 2313 2003 2352 optat
2022 2308 2264 2352 spiritualium

1209 2366 1470 2403 charismatum
1498 2366 1590 2401 dona
1622 2366 1765 2402 coelitus
1779 2376 1888 2411 super
1904 2376 1966 2402 eos
1988 2366 2134 2402 effundi.
2164 2366 2209 2401 Et
2229 2367 2265 2402 in

1210 2436 1253 2462 eo
1272 2425 1368 2471 quod
1384 2424 1581 2472 subjungit,
1598 2426 1642 2461 Et
1661 2427 1835 2462 custodiat
1851 2433 1895 2469 te,
1913 2427 2059 2462 omnino
2079 2427 2184 2462 docet
2203 2437 2267 2472 po-

1210 2485 1415 2522 stulandum
1437 2486 1481 2521 ab
1499 2494 1557 2527 eo,
1585 2485 1680 2531 quod
1698 2492 1736 2521 ut
1759 2486 2069 2523 benedictionibus
2088 2486 2165 2530 ejus
2185 2498 2267 2533 per·-

1210 2547 1376 2592 cipimus,
1397 2557 1460 2582 sua
1487 2546 1600 2592 gratia
1635 2547 1670 2582 in
1694 2547 1796 2583 nobis
1816 2554 2061 2591 conservetur,
2079 2548 2161 2593 quia
2190 2549 2265 2594 ipsa

1211 2607 1355 2643 Veritas
1373 2607 1422 2642 ait
1440 2619 1447 2642 :
1468 2607 1551 2643 Sine
1569 2618 1622 2642 me
1645 2607 1733 2642 nihil
1748 2608 1889 2654 potestis
1916 2607 2029 2651 [acere
2050 2607 2170 2654 (Joan.
2187 2609 2262 2655 xv).

1211 2669 1262 2704 De
1279 2679 1350 2713 quo
1367 2674 1403 2703 et
1420 2679 1484 2714 per
1507 2668 1736 2704 Psalmistam
1762 2668 1813 2704 ait
1834 2681 1841 2703 :
1861 2668 1942 2703 Nisi
1962 2668 2133 2704 Dominus
2152 2676 2267 2706 custo-

1212 2730 1315 2765 dierit
1334 2730 1520 2772 civitatem,
1539 2730 1576 2764 in
1593 2740 1722 2764 varium
1740 2728 1883 2774 viyilant
1898 2729 1956 2774 qui
1973 2729 2173 2765 custodiunt
2190 2741 2266 2770 eam

1213 2789 1327 2838 (Psal.
1360 2788 1498 2836 cxxvi).
1530 2789 1574 2824 Et
1598 2789 1684 2825 item
1703 2800 1711 2823 :
1729 2787 1903 2831 Custodit,
1936 2788 2067 2835 inquit,
2097 2789 2267 2830 Dominus

1214 2861 1329 2886 omnes
1358 2848 1538 2895 diligentes
1569 2859 1627 2891 se,
1666 2853 1698 2885 et
1730 2858 1847 2884 omnes
1865 2854 2061 2894 peccatores
2094 2849 2266 2895 disperdet

1160 2937 1195 2976 D
1215 2910 1330 2957 (Psal.
1360 2909 1495 2956 cxciv).
1526 2908 1700 2955 Sequitur
1726 2909 1818 2945 alius
1848 2909 1975 2945 modus
2006 2909 2268 2946 benedictionis

1212 2970 1260 3006 ita
1286 2982 1293 3006 :
1315 2969 1483 3006 Ostendat
1504 2969 1673 3006 Dominus
1693 2969 1818 3015 faciem
1835 2980 1937 3005 suam
1961 2970 2036 3013 tibi,
2055 2975 2086 3005 et
2104 2969 2267 3004 miserea-

1212 3037 1270 3066 tur
1290 3031 1355 3066 tui.
1379 3030 1417 3066 ln
1435 3030 1642 3067 ostensione
1662 3029 1783 3066 vultus
1803 3029 1864 3065 Dei
1887 3030 2096 3076 propitiatio
2115 3029 2209 3075 ejus,
2232 3034 2267 3063 et

1213 3090 1340 3127 salutis
1374 3100 1471 3126 verae
1497 3090 1686 3128 concessio
1714 3089 1950 3135 significatur.
1982 3089 2085 3125 Unde
2113 3094 2149 3124 et
2183 3097 2267 3133 pro-

1213 3153 1321 3200 pbeta
1344 3152 1536 3189 Dominum
1557 3157 1728 3200 precatur
1753 3151 1875 3187 dicens
1894 3162 1901 3184 :
1924 3149 2073 3185 Ostende
2092 3148 2188 3183 nobis
2211 3147 2266 3191 [u-

1214 3215 1300 3250 ciem
1323 3220 1433 3258 tuam,
1461 3219 1493 3250 et
1516 3212 1604 3250 salvi
1632 3213 1761 3248 erimus
1788 3209 1902 3257 (Psal.
1922 3208 2058 3255 cxxix).
2084 3207 2128 3244 Et
2151 3210 2262 3243 item:

1216 3274 1366 3311 Ostende
1395 3274 1507 3318 nobis,
1537 3273 1696 3315 Domine,
1725 3268 1999 3306 misericordiam
2019 3274 2128 3309 tuam,
2153 3273 2185 3302 et
2210 3278 2265 3302 sa-

1214 3336 1328 3372 lutare
1347 3343 1445 3372 tuum
1470 3335 1517 3370 da
1533 3334 1631 3370 nobis
1648 3331 1763 3380 (Psal.
1784 3327 1943 3374 mxxxiv).
1964 3327 2099 3363 Deinde
2117 3327 2264 3363 tertium

1214 3398 1361 3436 modum
1391 3393 1653 3431 benedictionis
1688 3391 1808 3427 taliter
1838 3388 1987 3434 protulit
2006 3387 2265 3426 dicens:Con-

1213 3463 1325 3494 vertat
1341 3456 1511 3491 Dominus
1531 3453 1660 3490 vultum
1678 3461 1780 3487 suum
1801 3449 1846 3483 ad
1866 3455 1911 3491 te,
1932 3454 1965 3483 et
1981 3448 2036 3484 det
2052 3448 2115 3484 tibi
2128 3459 2263 3493 pacem.

1214 3516 1254 3553 In
1272 3515 1505 3552 conversione
1527 3511 1647 3547 vultus
1680 3510 1757 3552 Dei,
1783 3508 2040 3546 misericordiae
2072 3508 2150 3555 eius
2180 3518 2265 3554 pro-

1215 3580 1356 3618 ventus,
1373 3575 1466 3610 sieut
1482 3573 1519 3608 in
1537 3571 1723 3608 aversione
1739 3570 1871 3613 vultus,
1891 3569 2089 3616 indignatio
2105 3569 2183 3615 eius
2201 3578 2264 3605 ex·

1216 3634 1395 3682 primitur.
1428 3632 1529 3669 Unde
1564 3636 1601 3667 et
1631 3630 1811 3676 Propheta
1850 3629 1895 3666 ad
1927 3630 2117 3665 Dominum
2149 3629 2262 3666 dicit:

1221 3694 1362 3741 Respice
1377 3694 1414 3729 in
1434 3703 1487 3728 me
1502 3698 1534 3728 et
1559 3692 1720 3727 miserere
1738 3690 1806 3726 mei
1822 3689 1936 3735 (Psal.
1953 3691 2099 3737 cxxxv).
2123 3689 2168 3724 Et
2192 3689 2262 3726 ite-

1218 3764 1325 3797 rum:
1345 3753 1475 3802 Quare,
1507 3753 1572 3800 ait,
1607 3752 1734 3791 avertis
1759 3751 1887 3803 [aciem
1910 3757 2020 3798 tuam,
2053 3750 2263 3793 oblivisceris
