2540 4016
0 0 45 30 Β,

41 167 114 216 385
179 157 208 193 ἓ

633 174 973 215 EXPOSITIONES
995 175 1044 214 IN
1067 176 1332 242 LEvl'rtcuM.
1357 196 1407 206 -—
1428 179 1517 219 Lm.
1543 181 1620 221 vn.
2141 191 2213 229 586

39 257 118 291 tum
138 232 303 289 saiictum
317 251 392 289 Deo
421 254 489 289 est.
509 249 582 288 Sed
593 261 656 288 nec
675 250 824 298 etiqetar
846 245 940 287 inter
964 250 1093 287 bonum
1111 253 1148 294 A
1163 247 1277 288 'tecam
1295 263 1309 296 ‚·
1328 256 1381 288 est
1398 253 1490 288 enim
1518 253 1608 289 mihi
1624 252 1724 290 utilis
1752 253 1792 291 in
1825 256 2018 296 ministerio
2043 261 2100 310 (11
2119 244 2210 302 Tan.

40 321 73 351 et
93 314 242 360 malam,
262 314 299 351 id
328 319 399 359 est,
419 314 515 350 inter
543 312 704 350 deterius
722 317 759 349 et
779 312 910 348 melius
927 323 936 348 ε
953 322 1026 349 ιιοιι
1041 317 1097 349 est

42 377 139 412 euim
172 387 300 414 eorum
326 376 444 413 facilis
463 375 646 419 discretio,
676 374 762 420 quia
792 374 863 410 etsi
877 373 1097 410 alterutrum

43 445 229 483 superent,
249 437 551 484 quemadmodum
591 435 695 473 stella
713 435 856 472 stellam
882 436 920 471 in
945 435 1098 481 gloriam

44 498 266 542 differentes,
299 498 362 535 sed
391 507 518 534 omnes
541 497 580 534 in
596 496 688 534 coelo
709 502 805 541 sunt,
834 502 875 533 ut
894 507 1021 533 revera
1042 507 1097 533 se-

43 564 194 603 quentes
227 558 402 603 coelestia,
425 564 462 595 et
478 569 499 594 a
514 558 591 595 solo
619 569 662 595 eo
675 558 738 604 qui
760 558 912 594 idoneus
937 563 993 594 est
1021 557 1097 594 dis-
1115 569 1128 580 ·

46 629 196 655 cernere
220 625 367 656 sanctos
391 625 684 667 cognoscuntur;
710 620 910 656 seeundum
929 619 1024 656 hanc
1042 630 1102 655 ra-

45 682 182 717 tionem
209 686 354 727 oportet
375 682 542 728 intelligi,
575 692 647 718 non
682 681 834 728 eligetur
867 691 936 718 nec
966 682 1103 718 bonum

45 751 112 777 nec
143 741 292 784 malum,
329 751 396 777 nec
419 743 534 779 altero
567 744 860 781 commutabitur.
897 742 988 779 Cum
1006 742 1103 778 enim

45 800 164 836 nullus
183 800 228 836 de
245 801 298 836 eis
317 801 364 836 sit
386 802 448 847 qui
466 803 587 848 respui
613 803 740 849 possit,
770 811 878 847 quem
915 810 987 846 quo
1005 810 1104 837 com-

46 861 216 904 mutabis,
231 866 306 896 aut
323 861 409 907 quid
428 863 541 908 magis
556 863 682 909 eligas,
703 869 838 898 nostrae
868 871 940 897 non
969 866 1025 896 est
1044 862 1098 897 di-

42 921 208 967 judicare
232 922 390 958 virtutis.
422 923 487 958 His
525 933 610 968 ergo
643 921 934 967 superaedificans
966 921 1104 957 addidit

46 991 126 1027 quae
146 987 344 1028 sequuntur
365 994 372 1017 :
397 981 439 1018 Si
456 984 535 1028 quis
550 982 748 1024 mutaverit,
764 987 797 1016 et
818 980 911 1027 quod
929 987 1103 1016 mutatum

45 1048 109 1085 est,
125 1048 156 1078 et
174 1054 237 1088 pro
255 1053 323 1088 quo
342 1047 515 1077 mutatum
526 1047 591 1084 est,
608 1040 887 1085 sanctificabitur
904 1040 1057 1077 Domino
1071 1048 1103 1077 et

47 1112 118 1138 non
140 1101 330 1136 redimetur
344 1111 357 1142 ;
394 1100 478 1145 quia
507 1100 604 1136 enim
621 1100 782 1137 omnium
802 1111 930 1137 cursus
959 1102 1102 1138 divinus

48 1166 86 1198 et
105 1161 268 1197 sublimis
280 1187 288 1203 ,
311 1166 347 1196 et
365 1170 529 1205 supernae
547 1160 812 1197 conversationi
831 1161 1019 1207 proximus
1032 1167 1099 1206 est,
1120 1156 1153 1195 B

29 1218 182 1256 ,frustra
205 1220 347 1256 conaris
366 1221 462 1255 hunc
481 1229 650 1265 respuere
674 1231 681 1253 z
705 1219 816 1256 alium
835 1226 955 1259 autem
974 1232 1039 1268 pro
1057 1232 1101 1257 eo

47 1281 292 1324 introducere,
331 1286 367 1317 et
406 1291 621 1317 consecrare
647 1281 722 1318 Deo
757 1283 860 1327 quasi
899 1283 1100 1328 meliorem,

47 1353 119 1378 non
134 1348 190 1378 est
210 1348 310 1378 tuum
328 1354 337 1386 ;
359 1353 425 1378 nee
440 1348 541 1378 tuum
560 1348 616 1378 est
638 1343 707 1379 hoc
737 1343 956 1388 discernere,
984 1356 1103 1391 neque

48 1402 145 1439 hunc
175 1403 236 1438 illo
264 1403 360 1438 inter
386 1408 530 1439 sanctos
554 1403 736 1449 appellare
755 1404 985 1449 deteriorem,
1005 1407 1102 1451 quod

47 1463 157 1499 etiam
174 1474 217 1499 ex
236 1464 397 1500 historiae
424 1464 520 1499 sacto
540 1474 717 1510 cognosce
734 1476 741 1499 :
760 1465 893 1502 Paulus
910 1467 1102 1512 aliquando

47 1528 84 1558 et
104 1522 287 1558 Barnabas
307 1524 402 1559 inter
420 1524 634 1570 semetipsos
652 1525 930 1561 contenderunt.
964 1527 1101 1563 Barna-

50 1584 117 1619 bas
138 1584 234 1619 enim
258 1584 401 1619 dicebat
434 1585 565 1621 debere
592 1587 725 1622 assumi
755 1587 936 1631 Marcum;
972 1588 1103 1626 Paulus

49 1649 170 1679 autem
190 1644 330 1680 dicebat
348 1654 442 1688 eum,
464 1646 523 1691 qai
538 1646 643 1681 semel
671 1649 806 1683 recessit
827 1659 848 1682 a
877 1647 1100 1695 Pamphylia,

48 1710 79 1738 et
109 1704 167 1749 qui
203 1715 270 1739 non
300 1706 476 1740 concurrit
505 1706 554 1741 eis
582 1708 619 1742 in
651 1718 766 1753 opere,
785 1719 854 1744 non
867 1709 987 1744 debere
1000 1722 1101 1745 assa-

47 1765 108 1799 mi.
128 1763 239 1799 Facta
255 1771 304 1799 est
315 1771 430 1800 autem
446 1766 599 1802 intereos
614 1767 694 1802 talis
704 1769 875 1803 contentio
887 1768 1100 1817 [dissensio],

48 1825 98 1859 ita
117 1831 153 1858 ut
183 1825 397 1860 discederent
416 1825 618 1861 abinvicem.
637 1827 682 1862 Et
705 1828 890 1864 Barnabas
924 1837 1101 1876 assumpto

49 1884 170 1920 Marco
195 1885 373 1930 naviqaret
388 1883 540 1931 Cyprum
548 1897 562 1928 ;
587 1884 723 1922 Paulus
753 1894 867 1922 autem
897 1888 1026 1934 cliyens
1046 1890 1104 1926 Si-

47 1943 132 1987 lam,
154 1945 305 1979 traditas
332 1951 381 1980 est
409 1947 533 1991 qratia:
566 1946 631 1982 Dei
669 1946 760 1992 (Act.
791 1948 866 1995 xv).
886 1950 994 1986 Vides
1011 1962 1102 1996 quo-

45 2005 153 2041 modo
184 2007 337 2042 mutavit
368 2007 510 2051 melius,
544 2009 637 2044 sicut
659 2011 865 2055 aestimavit,
906 2013 1100 2050 deteriore.

46 2065 165 2111 Ipsum
184 2073 318 2110 autem,
351 2069 446 2114 quod
466 2074 644 2106 mutatum
659 2078 728 2114 est,
751 2077 787 2107 et
805 2082 872 2118 pro
890 2083 961 2118 quo
982 2080 1100 2111 muta-

47 2130 123 2160 tum
141 2131 209 2169 est,
232 2125 368 2163 sactum
388 2134 443 2164 est
461 2136 645 2174 sanctum;
679 2130 790 2167 Silam
811 2133 907 2168 enim
932 2134 1024 2170 sicut
1041 2145 1102 2182 ap-

46 2185 176 2222 tiorem
194 2187 315 2224 Marco
343 2189 388 2224 ad
406 2190 646 2227 ministerium
677 2193 947 2238 praedicationis
973 2195 1097 2241 elegit,

47 2256 120 2281 non
151 2252 269 2283 tamen
303 2249 472 2294 expulsus
505 2258 561 2287 est
584 2252 746 2296 Marcus;
783 2254 969 2291 Barnabas
996 2257 1101 2302 quip-

47 2315 104 2350 pe,
130 2316 211 2342 eum
231 2318 431 2353 assumens,
452 2310 540 2346 abiit
555 2311 726 2358 Cyprum,
754 2319 790 2349 et
810 2324 891 2351 cum
911 2325 954 2351 eo
971 2316 1100 2362 praedi-

47 2366 153 2401 cabat
171 2367 256 2402 etin
278 2373 418 2404 tantum
442 2375 519 2406 erat
546 2381 710 2419 magnus,
749 2378 789 2408 ut
815 2379 852 2410 et
881 2375 1101 2422 evangelista

46 2436 141 2462 unus
165 2427 209 2462 de
226 2433 381 2472 quatuor
398 2429 515 2466 fieret.

94 2500 187 2546 Ergo
206 2500 338 2538 Paulus
359 2509 560 2542 retractans
580 2511 617 2542 et
635 2517 856 2555 cognoscens
876 2511 960 2556 quia
978 2512 1098 2548 nullus

47 2562 255 2596 sanctorum
270 2566 490 2607 respuendus
511 2573 579 2610 est,
599 2579 665 2604 nec
684 2576 804 2614 potest
824 2572 955 2616 aliquis
973 2583 1099 2608 eorum

47 2620 108 2664 qui
125 2620 285 2664 perfecte
298 2623 528 2667 profecerunt
542 2627 638 2663 hunc
654 2628 772 2664 dicere
789 2630 1018 2675 deteriorem,
1038 2642 1104 2669 nec

50 2679 149 2714 illum
179 2680 377 2724 meliorem,
399 2683 474 2728 ipse
495 2695 621 2722 rursus
654 2687 813 2723 Marcum
838 2692 1045 2736 assumpsit,
1065 2698 1101 2728 et

49 2739 95 2773 ad
111 2738 339 2777 Timotheum
364 2742 544 2781 scribebat
564 2757 573 2780 ε
591 2746 781 2783 Assumens
808 2748 970 2786 Marcum
986 2751 1099 2788 deduc

347 3827 525 3878 ΡΑι-ιοι.
547 3832 676 3891 CVII!

1163 314 1229 359 iv).
1261 311 1342 348 Non
1367 321 1456 359 ergo
1472 312 1668 348 intendatis
1689 312 1772 358 quis
1797 313 1893 350 inter
1921 317 1988 354 hos
2009 330 2124 359 nonus
2153 330 2218 360 aut

1163 374 1296 417 malus,
1317 374 1381 411 sed
1400 384 1468 410 nec
1487 380 1688 410 commutes
1705 374 1862 411 alterum
1875 375 2003 422 altero,
2019 385 2057 415 et
2070 391 2144 419 non
2159 395 2216 422 re·

1163 424 1334 470 dimetu'r.
1354 433 1420 471 Cui
1438 435 1537 470 enim
1555 434 1645 471 nihil
1665 435 1788 471 minus
1803 440 1871 477 est,
1886 446 1958 482 qua
1972 438 2219 487 redemptione
2261 447 2264 450 ’

1165 498 1248 539 eget
1265 492 1432 530 ?Praeter
1450 493 1520 529 alia
1537 504 1618 540 quae
1637 493 1674 530 iu
1694 494 1866 540 praesenti
1885 495 1982 532 dicta
1997 503 2096 542 sunt,
2107 505 2224 537 osten·
2268 510 2278 515 ·

1167 553 1253 589 dere
1278 553 1464 600 legislator
1489 555 1567 591 vult
1584 555 1668 601 quia
1702 556 1740 591 hi
1771 556 1834 602 qui
1853 566 1875 592 a
1901 558 2006 594 nobis
2032 559 2221 606 docentur,

1168 614 1312 661 quando
1337 614 1428 650 fiunt
1450 615 1618 661 perfecti,
1653 616 1745 652 nihil
1763 615 1840 661 iam
1859 623 1985 673 nost-ro
2015 621 2224 666 magisterio

1168 682 1287 723 egent,
1319 682 1356 712 et
1378 683 1572 723 propterea
1586 677 1855 715 immundorum
1873 680 2111 728 primogenita
2132 684 2227 719 redi-

1169 737 1220 772 mi
1245 737 1308 780 ait,
1333 738 1551 774 mundorum
1575 744 1698 776 autem
1730 750 1973 787 nequaquam,
2006 744 2068 779 sed
2094 754 2163 780 nee
2182 756 2225 781 ea

1170 806 1250 842 quae
1270 796 1344 832 Deo
1369 803 1582 835 consecrata
1603 805 1700 844 sunt,
1730 810 1798 836 nec
1823 802 1901 838 haec
1914 802 1959 838 de
1986 803 2117 848 quibus
2133 816 2228 840 nunc

1171 867 1290 894 sermo
1311 864 1380 903 est,
1400 859 1564 905 perfecta
1579 862 1677 897 enim
1701 862 1951 900 demonstrata
1971 870 2068 909 sunt,
2090 871 2228 913 utpote

1170 930 1250 965 quae
1293 921 1529 958 intentionem
1577 923 1735 959 divinam
1776 925 2034 972 coelestemque
2084 933 2225 973 gerunt.

1170 980 1388 1024 Quemenim
1405 983 1513 1019 linem
1530 983 1612 1020 libri
1630 985 1735 1029 huJus
1748 988 2050 1032 praeceperitesse
2065 990 2238 1035 spiritus„

1171 1041 1269 1077 hune
1286 1043 1324 1077 in
1342 1045 1578 1088 sequentibus
1598 1045 1750 1081 intuere.

1219 1114 1307 1151 Hoec
1323 1122 1404 1151 sunt
1431 1123 1605 1163 praecepta
1625 1129 1703 1164 quae
1722 1120 1901 1156 mandavit
1917 1121 2088 1159 Dominus
2115 1124 2229 1170 Moysi

1171 1177 1218 1214 ad
1248 1177 1341 1223 filios
1370 1177 1486 1213 Israel
1503 1178 1540 1212 in
1558 1185 1674 1214 monte
1696 1178 1812 1215 Sinai.
1836 1180 1881 1216 Et
1905 1181 2006 1227 cujus
2033 1184 2087 1219 rei
2114 1186 2231 1230 gratia

1170 1250 1241 1275 non
1262 1240 1350 1286 ipsis
1380 1239 1464 1276 filiis
1492 1239 1619 1284 lsrael,
1651 1240 1713 1277 sed
1746 1241 1863 1288 Moysi
1892 1243 1939 1278 ad
1971 1243 2064 1290 filios
2092 1245 2232 1282 Israel?

1170 1299 1260 1343 Quia
1291 1299 1443 1346 populus
1473 1306 1553 1336 erat
1571 1300 1760 1344 infirmior,
1789 1307 1926 1339 tantam
1950 1304 2039 1352 legis
2070 1308 2228 1343 sanctio-

1170 1371 1254 1396 nem
1276 1371 1408 1406 capere
1428 1372 1500 1397 non
1527 1361 1666 1405 valens,
1696 1363 1734 1398 in
1758 1374 1850 1409 qua,
1879 1365 1973 1401 sicut
1992 1366 2030 1401 in
2058 1368 2226 1412 speculis,

1171 1421 1288 1456 claras
1307 1420 1443 1466 formas
1473 1431 1622 1457 suorum
1652 1423 1910 1469 mysteriorum
1937 1426 2032 1462 Deus
2053 1429 2227 1464 ostendit.

1171 1480 1225 1515 Tu
1238 1490 1324 1526 ergo
1342 1481 1371 1516 si
1393 1491 1464 1518 non
1486 1482 1539 1518 vis
1556 1483 1600 1519 de
1620 1484 1727 1530 vulgo
1747 1495 1841 1529 esse,
1863 1486 1925 1522 sed
1943 1487 2060 1533 qualis
2088 1489 2230 1535 Moyses

1170 1540 1251 1582 fuit,
1269 1541 1389 1585 praebe
1410 1543 1636 1589 temetipsum
1660 1545 1902 1590 obedientem,
1922 1549 2148 1596 mundosque
2167 1551 2231 1586 ha-

1170 1600 1317 1636 bentem
1348 1612 1475 1638 omnes
1507 1604 1635 1640 animae
1667 1616 1807 1649 sensus,
1838 1613 1874 1642 et
1902 1609 1960 1644 dic
1980 1610 2231 1648 DeozRevela

1172 1660 1289 1696 oculos
1322 1673 1431 1706 meos,
1455 1669 1488 1697 et
1519 1664 1745 1701 considerabo
1779 1667 1957 1703 mirabilia
1991 1679 2033 1705 ae
2062 1671 2134 1717 leqe
2167 1679 2228 1708 tua
2262 1697 2268 1705 .

1172 1720 1292 1767 (Psal.
1313 1723 1461 1770 cxv111);
1485 1725 1649 1770 relinque
1665 1727 1854 1763 materIam
1873 1730 2006 1774 carnis,
2026 1737 2062 1767 et
2082 1733 2231 1778 spiritus

1172 1784 1316 1820 divitias
1353 1795 1523 1831 sequere;
1561 1787 1619 1823 dic
1656 1799 1738 1824 cum
1779 1790 1893 1826 David
1916 1803 1924 1827 :
1958 1792 2073 1835 Quam
2111 1795 2232 1831 dulcia

1172 1846 1333 1890 saucibus
1348 1849 1434 1883 meis
1454 1848 1593 1895 eloquia
1617 1856 1693 1894 tua,
1719 1851 1882 1896 Domine,
1907 1865 2011 1900 super
2030 1855 2098 1890 mel
2119 1863 2151 1891 et
2175 1858 2231 1903 sa-

1171 1918 1250 1942 vum
1275 1909 1326 1942 ori
1347 1920 1422 1943 meo
1455 1908 1564 1955 (Ibid.
1582 1915 1607 1955 )‚
1641 1918 1678 1947 ut
1709 1918 1745 1948 et
1773 1914 1837 1950 tibi
1861 1917 2165 1960 quemadmodum
2197 1926 2233 1954 et

1172 1966 1284 2013 Moysi
1301 1969 1446 2003 mandet
1466 1980 1642 2016 suamquc
1667 1972 1732 2008 tibi
1748 1975 1872 2010 credat
1891 1977 2106 2022 sapientiam
2124 1992 2132 2014 :
2156 1979 2234 2016 Me-

1173 2028 1240 2063 lior
1266 2035 1315 2064 est
1342 2031 1434 2065 enim
1465 2033 1653 2078 negotiatio
1671 2035 1747 2080 eJ'us
1769 2043 1912 2082 arqento
1932 2044 1964 2072 et
1985 2050 2072 2074 auro
2103 2041 2230 2086 primo,

1119 2073 1147 2114 C
1171 2088 1305 2134 fructus
1336 2090 1411 2135 ejas
1442 2092 1626 2136 pretiosior
1652 2099 1701 2128 est
1722 2096 1857 2130 cunctis
1885 2097 2021 2142 opibus,
2053 2103 2086 2133 et
2113 2101 2233 2136 omnia

1170 2160 1247 2195 qaae
1265 2149 1522 2195 desiderantur,
1544 2153 1625 2188 huic
1646 2165 1714 2188 non
1735 2155 1850 2190 valent
1868 2159 2067 2203 comparari
2087 2170 2098 2195 .·
2121 2159 2234 2206 lonqi-

1170 2210 1254 2245 tudo
1278 2210 1415 2246 dierum
1436 2213 1473 2247 in
1493 2213 1636 2250 dextera
1654 2216 1752 2261 ejas;
1772 2218 1809 2257 ῡι
1834 2218 1979 2254 sinistra
2006 2221 2084 2267 ejus
2102 2221 2234 2257 divitica

1169 2278 1201 2307 et
1216 2272 1329 2318 qtoria
1348 2275 1439 2309 :vioe
1456 2275 1549 2321 ejus,
1568 2278 1630 2312 vice
1653 2278 1823 2324 palcltroe,
1847 2292 1964 2317 omnes
1984 2283 2115 2319 semitoe
2137 2284 2233 2320 illius

1169 2334 1326 2379 pacificat²
1355 2334 1482 2381 (Prov.
1501 2337 1578 2384 ιιι).
1614 2338 1764 2385 Liquam
1794 2342 1871 2376 vitoe
1890 2349 1941 2377 est
1957 2343 2009 2378 his
2028 2345 2087 2389 qai
2110 2356 2235 2389 appre-

1171 2393 1353 2429 henderint
1381 2406 1471 2439 eam,
1493 2403 1525 2431 et
1549 2398 1608 2443 qui
1628 2402 1776 2434 tenuerit
1802 2412 1878 2435 eam
1905 2403 2024 2438 beatas
2043 2414 2054 2437 :
2074 2403 2128 2448 fili
2164 2405 2230 2446 nti,

1174 2454 1256 2488 audi
1279 2454 1476 2491 doctrinam
1493 2459 1604 2502 patris
1632 2461 1695 2502 tui,
1717 2460 1751 2495 id
1766 2467 1822 2496 est
1840 2462 1918 2505 Dei,
1936 2469 1966 2497 et
1986 2475 2054 2498 non
2071 2464 2232 2500 discedas

1172 2525 1193 2547 α
1212 2513 1283 2559 leqe
1302 2516 1424 2550 matris
1453 2523 1536 2560 tace,
1571 2519 1607 2554 id
1626 2525 1681 2555 est
1706 2521 1891 2566 sapientise
1918 2535 1925 2557 :
1956 2534 2120 2559 coronam
2140 2525 2232 2560 enim

1172 2577 1366 2621 gratiarum
1391 2578 1487 2615 dabit
1516 2581 1623 2626 capiti
1648 2588 1724 2624 tao,
1756 2583 1792 2618 id
1813 2590 1868 2619 est
1892 2584 2090 2628 Christum,
2112 2593 2144 2621 et
2162 2594 2234 2622 tor-

1174 2647 1255 2682 ques
1271 2649 1378 2673 aurea
1396 2639 1440 2674 sit
1470 2640 1563 2676 circa
1589 2642 1717 2678 collum
1746 2650 1844 2679 taum
1873 2645 2007 2692 (Prov.
2030 2646 2083 2694 1),
2105 2647 2141 2682 id
2174 2653 2230 2684 est

1174 2697 1330 2743 Spiritus
1347 2707 1507 2747 sanctus,
1524 2703 1582 2739 cui
1598 2710 1653 2740 est
1667 2704 1781 2750 gloria
1798 2705 1837 2742 in
1852 2707 1980 2743 saecula
1997 2707 2225 2746 saeculorum.

1169 2758 1296 2796 Amen.
1595 2772 1607 2777 0

1881 3841 1935 3884 19
