2540 4016
35 209 37 213 ⁴
54 206 65 227 Μ

32 219 131 277 “⁶5⁷

55 303 112 354 ssic
124 311 240 358 accipi
255 315 424 358 tanquam
435 309 615 347 diceretur
627 310 782 358 :Nempe
791 321 837 348 ex
850 311 919 348 hae
931 317 1034 358 petra
1050 320 1109 346 se-

55 375 219 414 eundum
234 380 392 411 vestram
407 373 696 410 incredulitatem
711 383 804 419 aqua
827 373 932 410 educi
951 383 1024 410 non
1044 382 1108 418 po-

57 442 143 481 test,
158 443 199 473 ut
211 438 366 484 denique
388 435 623 483 percutiendo
647 437 902 472 ostenderetur
921 435 1000 471 fieri
1016 434 1108 471 divi-

56 499 155 536 nitus
175 500 335 545 potuisse
365 498 461 544 quod
478 497 531 534 illi
549 497 761 533 infidelitate
792 508 864 533 non
901 497 1107 538 crederent,

56 558 215 595 maxime
251 558 336 603 quia
368 567 439 593 non
475 557 618 593 dixerat
649 566 659 592 z
686 557 813 592 Audite
838 568 904 600 me,
923 555 1108 592 inci-edati.

55 617 108 655 lta
127 618 272 663 quidem
289 617 440 662 intelligi
469 621 618 663 possent
651 617 728 653 haee
761 618 885 660 verba,
908 617 978 653 nisi
999 616 1110 660 Deus,

57 677 119 723 qui
138 677 258 712 cordis
275 677 459 720 inspector
475 682 544 719 est,
562 687 633 722 quo
650 677 770 712 animo
788 677 883 712 dicta
909 675 1042 711 fuerint
1061 675 1114 710 in-

58 740 206 776 dicaret.
230 738 401 784 Sequitur
417 739 513 773 enim
534 738 737 785 Scriptura,
761 745 797 774 ct
818 739 905 775 dicit
924 751 933 774 :
957 738 1003 773 Et
1023 736 1112 772 dixit

57 797 227 834 Dominus
259 797 304 831 ad
325 796 470 843 Moysen
489 803 522 833 et
544 798 664 833 Aaron
685 808 696 832 :
720 798 895 841 Quoniam
915 808 984 832 non
1000 795 1113 831 credi-

56 860 155 895 distis
175 859 260 894 mihi
280 859 502 904 sanctificare
518 870 571 894 me
595 860 631 894 in
651 865 833 904 conspectu
863 857 1018 902 filiorum
1050 855 1109 890 Is-

56 920 142 964 rael,
165 927 304 966 propter
318 922 381 955 hoc
412 932 481 956 non
501 921 672 955 inducetis
694 931 753 955 vos
776 919 999 963 Synayoyam
1020 916 1110 950 lianc

53 983 92 1018 in
109 988 236 1017 terrain
257 993 361 1028 quam
382 982 461 1017 dedi
483 982 544 1016 eis.
563 981 615 1016 Ac
645 991 709 1025 per
728 980 797 1014 hoc
816 977 1030 1022 intelligitur
1048 976 1109 1011 illa

53 1042 165 1078 verba
183 1042 231 1076 ita
248 1042 380 1077 dixisse
397 1041 556 1085 Moysen,
574 1045 746 1083 tanquam
766 1037 808 1071 ad
831 1037 1007 1071 incertum
1028 1047 1109 1081 per-

54 1101 231 1142 cusserit;
270 1104 308 1133 ut
342 1099 371 1133 si
404 1108 475 1133 uon
503 1101 716 1142 sequeretur
736 1095 897 1138 effectus,
927 1096 993 1131 hoc
1017 1107 1110 1141 prae-

53 1160 185 1195 dixisse
209 1162 410 1204 putaretur,
440 1166 522 1193 eum
564 1157 638 1192 ait:
666 1156 835 1203 Numquid
867 1167 909 1191 ea:
927 1156 991 1191 hac
1011 1164 1107 1202 petra

40 1219 232 1255 educimus
261 1217 354 1253 vobis
374 1217 528 1263 aquam?
558 1216 661 1260 Quod
676 1216 713 1251 in
735 1216 854 1251 auimo
874 1216 952 1261 ejus
981 1216 1110 1251 lateret

39 1278 197 1314 «omnino
228 1277 297 1313 nisi
325 1277 387 1313 Dei
418 1277 595 1312 sententia
628 1276 855 1322 proderetur.
874 1276 901 1311 E
922 1277 1107 1312 contrario

43 1338 171 1383 itaque
199 1337 267 1373 isto
286 1337 363 1373 loco
384 1337 555 1373 debemus
575 1336 775 1382 intelligere
794 1337 904 1371 verba
931 1336 1043 1382 Moysi
1062 1337 1106 1371 de

42 1398 239 1445 {promissis
256 1398 440 1440 carnibus,
464 1397 659 1443 quaerentis
682 1396 802 1441 potius
834 1398 1013 1441 quomodo
1042 1396 1106 1432 tie-

43 1464 120 1500 =ret,
147 1468 254 1503 quam
297 1456 489 1493 diffidentis
524 1456 634 1492 fuisse
671 1456 813 1501 quando
842 1456 1017 1491 sententia
1039 1456 1108 1491 Do-

40 1517 136 1553 imini
158 1528 227 1552 non
249 1522 371 1553 secuta
392 1522 449 1552 est
466 1526 545 1561 quae
566 1515 780 1557 vindicaret,
806 1516 869 1551 sed
888 1516 1007 1560 potius
1027 1525 1106 1561 quae

42 1577 210 1612 ¹doceret.
618 1608 621 1611 ,

457 1634 609 1671 CAPUT
635 1634 709 1670 Vll.

98 1697 150 1733 De
165 1696 386 1743 sepluuyinta
403 1696 597 1732 senioribus
617 1696 733 1732 electis
753 1697 798 1732 ad
818 1697 1058 1744 mayisterium

512 1743 644 1790 populi.

99 1819 217 1868 (1810.)
244 1818 346 1856 Venit
366 1832 445 1866 eryo
472 1820 620 1866 Moyses,
642 1826 671 1854 et
690 1820 846 1855 narravit
860 1820 987 1867 populo
1005 1821 1106 1856 verba

43 1881 207 1923 lDomini,
241 1891 452 1926 conyreyaus
483 1881 702 1926 septitayinta
724 1880 814 1915 viros
841 1879 882 1914 de
911 1879 1105 1914 senioribus

43 1941 177 1985 tlsrael,
189 1953 274 1988 quos
290 1948 382 1976 stare
400 1941 480 1985 fecit
495 1941 588 1975 circa
607 1939 883 1975 tabernaculum.
903 1939 1106 1973 Descendit-

39 2013 115 2049 ·aue
135 2001 305 2037 Dominus
331 2012 392 2046 per
412 2000 551 2042 nubem,
580 2006 611 2034 et
639 1999 774 2034 loc-utus
790 2005 838 2034 est
866 1999 911 2034 ad
928 2010 1020 2041 eum,
1040 2009 1105 2033 au—

40 2060 163 2106 tferens
178 2061 220 2095 de
239 2060 374 2106 Spiritu
403 2059 462 2105 qui
482 2064 557 2094 erat
583 2059 619 2093 in
646 2058 787 2104 Moyse,
813 2064 845 2093 et
865 2058 952 2092 dans
968 2063 1109 2103 septua-

39 2122 145 2167 ‚qima
163 2121 258 2156 viris.
284 2119 439 2166 Cumque
466 2120 684 2166 requievisset
712 2120 747 2154 in
770 2120 819 2154 eis
838 2118 1003 2165 Spiritus,
1025 2130 1105 2165 pro-

43 2182 291 2227 phetaverunt,
316 2191 376 2215 nec
396 2179 490 2214 ultra
521 2185 753 2215 cessaverunt.
776 2179 821 2214 Et
840 2179 940 2221 exiit,
976 2179 1104 2223 inquit,

42 2240 191 2288 Moyses
224 2241 267 2276 ad
306 2240 490 2286 populum,
505 2245 541 2275 et
568 2239 710 2276 locutus
748 2245 804 2275 est
838 2240 948 2275 verba
981 2240 1104 2274 Domi-

42 2302 100 2338 issi.
129 2301 250 2337 Donec
282 2301 391 2336 verba
421 2300 486 2336 Dei
519 2300 618 2336 audit
647 2300 787 2346 Moyses
813 2306 849 2335 et
877 2300 922 2335 ab
946 2300 1024 2346 ipso
1047 2300 1107 2335 do-

40 2368 163 2405 ·cetur,
188 2363 284 2398 intus
306 2367 362 2397 est
390 2367 426 2397 et
451 2362 487 2397 in
517 2362 750 2398 interioribus
784 2362 964 2406 consistit,
999 2368 1107 2408 atque

43 2421 87 2457 nin
126 2422 276 2458 secretis
315 2422 483 2457 habetur.
540 2422 609 2458 Ubi
648 2432 734 2458 vero
779 2423 896 2458 turbis
946 2423 1108 2468 loquitur

39 2475 86 2518 tet
120 2481 252 2528 populo
286 2481 483 2525 ministrat,
508 2481 541 2517 ei
580 2482 641 2527 qui
679 2482 776 2518 intus
799 2493 870 2518 non
895 2487 1014 2528 potest
1034 2489 1108 2518 sta-

42 2551 103 2585 tre,
123 2543 223 2578 exire
250 2542 382 2578 dicitur
413 2541 523 2578 foras.
547 2541 641 2586 Quid
679 2553 764 2588 ergo
802 2543 928 2579 formae
959 2548 995 2578 et
1026 2543 1108 2578 talis

39 2602 209 2638 «continet
244 2611 379 2643 sermo,
417 2601 487 2636 nisi
515 2602 609 2646 quod
646 2602 775 2640 omnis.
801 2603 926 2637 doctor
964 2607 1000 2637 et
1032 2612 1108 2637 ma-

39 2662 161 2711 ssister
178 2662 365 2706 Ecclesiae,
383 2662 414 2698 si
440 2662 484 2697 de
514 2661 810 2707 profundioribus
839 2663 1022 2709 mysteriis
1041 2663 1107 2698 ali-

39 2724 135 2771 ‹nuid
168 2725 326 2766 moveat,
347 2723 377 2759 si
413 2733 585 2758 arcanum
617 2723 703 2768 quid
731 2724 954 2760 reconditum
984 2725 1026 2761 de
1044 2725 1107 2761 Dei

40 2783 225 2830 *sapientia
242 2782 404 2828 proferat
422 2783 517 2817 inter
531 2781 724 2828 perfectos,
742 2783 856 2819 donec
869 2784 904 2819 in
918 2783 1107 2829 profundis

42 2842 216 2879 «sensibus
232 2848 412 2886 versatur,
432 2843 531 2878 intus
561 2852 641 2878 esse
658 2848 694 2878 et
711 2843 745 2879 in
765 2843 998 2880 interioribus
1022 2855 1108 2881 con-

42 2904 178 2940 usistere
195 2905 368 2941 dicendus
388 2909 456 2940 est.
475 2903 566 2940 Cum
590 2914 677 2940 vero
695 2914 781 2951 ergo
799 2905 959 2951 loquitur
973 2905 1015 2940 ad
1030 2911 1106 2942 tur-

0 3005 1 3009 *
50 2974 129 3008 nas,
146 2970 183 3001 et
200 2975 242 3001 ea
259 2964 398 3010 profert
418 2973 498 3010 quae
524 2963 706 3000 sufficiunt
724 2964 782 3000 his
803 2965 865 3011 qui
895 2965 983 3001 soris
1002 2971 1101 3009 sunt,

57 3028 88 3060 et
104 3034 182 3071 quae
208 3030 329 3071 potest
361 3025 491 3072 vulgus
507 3025 632 3060 audire
646 3052 656 3068 ,
675 3024 773 3060 foras
792 3025 938 3069 dicitur,
956 3031 992 3062 et
1009 3027 1106 3072 loqui

75 3084 284 3131 dpopulum
323 3085 431 3120 verba
460 3084 617 3120 Domini.
640 3084 717 3121 Hoc
752 3086 855 3122 video
886 3092 922 3122 et
955 3087 1106 3124 Paulum

61 3143 181 3183 'ecisse
195 3151 234 3182 et
251 3147 349 3183 intus
365 3146 511 3192 quidem
537 3146 648 3183 fuisse
668 3157 749 3183 cum
770 3148 906 3184 diceret
923 3160 931 3183 :
957 3147 1106 3195 Sapien—

67 3198 138 3242 iam
152 3212 269 3242 autem
289 3206 465 3254 loquimur
481 3206 572 3242 inter
591 3207 761 3254 perfectos
782 3217 793 3242 .·
812 3209 1023 3255 sapientiam
1044 3221 1108 3245 au-

68 3276 120 3302 em
139 3277 209 3302 non
227 3267 334 3313 ltuJus
354 3266 492 3310 mundi,
519 3277 597 3314 quoe
616 3267 825 3310 destruetur,
852 3267 912 3303 sed
932 3267 1108 3315 loquimur

86 3325 119 3361 ei
160 3326 369 3372 sapientiam
404 3326 440 3361 in
488 3326 653 3372 mysterio
702 3326 942 3363 absconditam
961 3354 970 3371 ‚
1003 3339 1109 3375 quam

133 3396 155 3423 o
187 3386 385 3433 principum
414 3386 522 3432 hujus
550 3386 674 3423 mundi
705 3386 917 3436 coynovit(1
936 3386 1017 3424 Cor.
1049 3388 1108 3435 ιι).

60 3438 63 3439 ’
87 3445 164 3483 ides
187 3447 366 3493 quomodo
385 3447 485 3484 intus
505 3452 561 3484 est
594 3452 632 3483 et
661 3447 805 3484 interna
830 3453 940 3493 atque
975 3458 1110 3485 arcana

81 3505 90 3516 ⁸
115 3507 185 3544 inae
203 3508 387 3555 sapientiae
402 3513 568 3556 penetrat
575 3508 722 3553 Paulus,
738 3519 819 3546 cum
834 3510 912 3546 haec
926 3509 1110 3556 loquitur?

175 3574 296 3607 autem
315 3570 477 3617 procedit
507 3570 553 3606 ad
571 3570 756 3617 populum,
777 3570 862 3607 audi
887 3569 973 3617 quid
994 3570 1110 3617 loqui·

98 3638 118 3663 r
143 3639 153 3665 2
175 3629 296 3667 Omnis
309 3642 421 3668 sermo
441 3630 556 3667 malus
575 3642 645 3667 non
659 3631 824 3678 procedat
843 3632 886 3667 de
903 3643 962 3668 ore
980 3639 1105 3668 vestro.

94 3691 130 3726 ui
165 3689 362 3736 furabatur,
396 3694 475 3740 jam
506 3704 576 3730 non
613 3693 750 3739 furetur
770 3693 915 3740 (Ephes.
949 3694 1014 3739 iv).
1034 3693 1105 3729 Et:

94 3762 304 3799 mtsqwsque
318 3753 373 3788 vir
383 3764 525 3789 uxorem
544 3753 683 3795 habeut,
703 3758 734 3788 et
754 3763 970 3800 unaquaeque
985 3754 1111 3789 mulier

140 3823 174 3849 m
191 3821 294 3848 suum
310 3810 434 3848 habeat
452 3812 488 3855 (Ι
505 3811 588 3848 Gor.
606 3813 687 3859 vu).
703 3811 789 3848 Haec
803 3817 840 3848 et
857 3814 885 3849 si
905 3824 976 3860 qua
988 3815 1111 3862 liujus-

527 232 886 274 ENARRATIONES
910 236 957 274 IN
982 235 1160 274 LIBRUM
1186 235 1497 276 NUMERORUM.
1524 258 1572 265 —
1596 240 1682 277 LlB.
1709 240 1752 277 11.

1128 310 1163 350 A
1178 311 1275 347 modi
1294 317 1377 349 sunt
1412 312 1560 356 Paulus,
1582 314 1779 351 secundum
1810 315 1923 364 Moysi
1958 319 2111 363 formam
2128 259 2227 370 igi:

1178 371 1316 414 exiens,
1338 373 1384 408 ad
1395 373 1566 419 populum
1585 373 1757 419 loquitur.
1782 373 1854 411 Sed
1877 377 2062 417 videamus
2075 389 2112 419 et
2130 388 2227 428 aliud

1179 431 1386 475 capitulum,
1404 433 1440 468 in
1455 443 1527 478 quo
1542 433 1699 470 refertur
1717 435 1814 480 quod
1833 439 2062 485 septuaginta
2081 443 2231 492 elegerit

1176 491 1276 528 viros
1305 491 1447 539 Moyses
1460 502 1503 529 ex
1519 494 1724 530 senioribus
1750 495 1877 539 lsrael,
1898 503 1935 533 et
1963 498 2132 538 hahuerit
2165 513 2229 542 eos

1179 556 1262 588 ante
1275 552 1546 590 tabernaculum
1561 555 1756 591 testimonii
1771 561 1807 591 et
1820 556 1864 592 de
1887 556 2023 604 Spiritu
2043 559 2157 607 Moysi
2175 573 2233 602 ac-

1178 613 1314 659 cipiens
1333 613 1443 657 Deus,
1454 613 1593 650 dederit
1613 616 1838 661 septuaginta
1854 618 2072 655 senioribus.
2087 620 2133 656 Et
2145 622 2231 660 dum

1178 672 1428 718 requievisset,
1444 673 1572 719 inquit,
1595 683 1705 720 super
1725 685 1787 711 eos
1802 675 1973 722 Spiritus,
1990 680 2231 725 prophetave-

1178 738 1263 768 runt
1296 743 1434 769 omnes.
1450 734 1553 778 Quod
1571 735 1663 771 dixit
1677 736 1760 782 quia
1789 746 1978 775 assumens
2009 740 2054 775 de
2091 739 2230 787 Spiritu

1177 791 1303 838 Moysi,
1320 793 1417 828 dedit
1430 794 1655 839 septuaginta
1674 795 1889 839 senioribus,
1907 798 2072 843 spiritum
2088 810 2160 836 non
2179 801 2229 837 ita

1179 852 1354 899 intelligas
1385 854 1487 898 quasi
1518 855 1743 891 materialem
1760 856 1919 902 aliquam
1947 867 2232 907 corporeamque

1178 913 1416 948 substantiam
1454 913 1622 950 auferens
1643 915 1738 951 Deus
1754 925 1774 950 a
1787 915 1926 963 Moyse,
1950 917 1986 952 in
2005 920 2231 966 septuaginta

1178 973 1333 1007 secuerit
1349 973 1531 1017 portiones
1545 979 1581 1008 et
1594 974 1643 1009 ita
1658 975 1851 1020 unicuique
1867 978 2049 1013 seniorum
2065 980 2231 1026 exiguam

1177 1031 1390 1076 particulam
1410 1033 1561 1068 dederit.
1584 1034 1735 1078 Impium
1760 1041 1816 1070 est
1836 1038 1887 1071 ita
1907 1038 2106 1085 intelligere
2126 1046 2230 1076 natu-

1177 1100 1254 1126 ram
1276 1091 1433 1136 Spiritus
1451 1093 1579 1127 sancti.
1611 1092 1682 1128 Sed
1698 1094 1767 1129 hoc
1788 1097 1894 1131 modo
1919 1096 2071 1143 figuram
2089 1101 2232 1145 mystici

1178 1151 1284 1197 hujus
1320 1152 1498 1188 sermonis
1529 1153 1675 1189 adverte
1696 1166 1704 1188 :
1727 1156 1831 1199 quasi
1860 1156 2002 1202 Moyses
2016 1163 2052 1193 et
2077 1159 2233 1205 Spiritus

1128 1221 1160 1259 B
1179 1211 1240 1256 qui
1258 1216 1336 1246 erat
1354 1211 1390 1246 in
1409 1211 1529 1258 Moyse
1545 1213 1737 1249 clarissimi
1755 1216 1940 1261 cujusdam
1960 1217 2108 1255 luminis
2122 1219 2234 1257 suerit

1177 1270 1337 1313 lucerna,
1360 1281 1403 1307 ex
1418 1281 1487 1316 qua
1508 1273 1733 1318 septuaginta
1752 1274 1840 1310 alias
1879 1275 2044 1312 lucernas
2061 1279 2235 1316 accende·

1175 1330 1223 1364 rit
1241 1330 1355 1372 Deus;
1378 1331 1421 1365 ad
1442 1341 1531 1375 quas
1551 1331 1597 1366 ita
1612 1332 1820 1378 principalis
1839 1334 1933 1371 illius
1950 1336 2094 1372 luminis
2112 1338 2233 1384 splen-

1174 1389 1240 1425 dor
1259 1391 1458 1433 advenerit,
1476 1397 1514 1426 ut
1533 1392 1634 1437 origo
1649 1392 1762 1438 ipsius
1777 1394 1921 1430 luminis
1942 1396 2031 1432 nihil
2046 1398 2167 1434 damni
2184 1409 2230 1437 ex

1174 1452 1391 1486 commercio
1408 1452 1640 1488 derivationis
1673 1455 1869 1500 acceperit.
1898 1456 1943 1491 Et
1958 1457 2026 1493 boc
2047 1459 2154 1495 modo
2171 1460 2230 1506 pie

1174 1510 1385 1556 intelligitur
1402 1512 1497 1556 quod
1512 1513 1686 1559 scriptum
1704 1521 1773 1559 est,
1792 1518 1875 1561 quia
1894 1519 2228 1558 abstulitDominus

1174 1570 1218 1606 de
1237 1569 1372 1616 Spiritu
1401 1572 1524 1618 Moysi,
1548 1578 1584 1609 et
1618 1574 1716 1611 dedit
1749 1579 1979 1625 septuaginta
2009 1581 2226 1619 senioribus.

1175 1631 1245 1667 Sed
1266 1633 1450 1669 videamus
1467 1634 1554 1679 quid
1578 1640 1635 1671 est
1651 1638 1746 1682 quod
1779 1638 1816 1673 in
1845 1642 2164 1686 consequentibus.
2184 1643 2229 1679 Et

1173 1693 1365 1738 requievit,
1402 1694 1531 1739 inquit,
1559 1706 1666 1741 super
1689 1707 1751 1733 eos
1781 1697 1951 1743 Spiritus,
1979 1706 2014 1736 et
2036 1703 2230 1750 prppheta-

1173 1758 1303 1788 verunt
1327 1764 1466 1790 omnes.
1486 1754 1727 1800 Requiescere
1744 1756 1920 1803 Spiritum
1939 1770 2010 1795 non
2030 1761 2065 1796 in
2080 1762 2231 1807 quibus-

1174 1823 1314 1859 cunque
1332 1814 1538 1851 hominibus
1555 1816 1724 1862 legimus,
1747 1819 1809 1854 sed
1828 1819 1864 1854 in
1884 1819 2002 1856 beatis
2022 1827 2059 1858 et
2077 1823 2225 1860 sanctis.

1174 1873 1382 1919 Requiescit
1408 1876 1502 1910 enim
1527 1875 1683 1922 Spiritus
1707 1878 1770 1914 Dei
1791 1879 1826 1915 in
1852 1880 1908 1917 his
1926 1882 2125 1927 quimundi
2143 1890 2226 1920 sunt

1174 1934 1294 1976 eorde,
1316 1940 1352 1969 et
1370 1935 1404 1969 in
1427 1935 1483 1970 liis
1516 1937 1575 1981 qui
1606 1938 1828 1975 mortificant
1854 1940 1994 1976 animas
2015 1952 2097 1978 suas
2112 1952 2132 1978 a
2148 1953 2230 1989 pec-

1175 1999 1266 2029 cato.
1291 1992 1392 2029 Sicut
1411 2004 1431 2030 e
1450 1996 1634 2032 contrario
1670 1997 1728 2033 ille
1755 1999 1815 2044 qui
1841 1999 1980 2036 habitat
2012 2002 2049 2036 in
2077 2012 2229 2048 corpore

1176 2054 1318 2089 subdito
1336 2056 1507 2100 peccatis,
1530 2057 1670 2092 etiamsi
1694 2057 1872 2095 habitabit
1894 2060 2090 2106 aliquando
2115 2062 2150 2096 in
2167 2071 2226 2103 eo,

1125 2116 1156 2158 C
1177 2126 1247 2151 non
1268 2116 1363 2152 enim
1378 2122 1496 2162 potest
1510 2117 1666 2164 Spiritus
1694 2126 1841 2157 sanctus
1857 2122 2078 2157 consortium
2096 2123 2231 2158 habere

1174 2177 1313 2222 peccati
1331 2182 1367 2212 et
1388 2178 1598 2214 societatem
1614 2180 1765 2225 spiritus
1779 2180 1877 2216 mali.
1899 2181 2046 2217 Certum
2059 2188 2114 2218 est
2131 2182 2231 2219 enim

1173 2237 1312 2282 peccati
1332 2243 1493 2284 tempore
1518 2239 1644 2275 adesse
1663 2240 1699 2275 in
1720 2241 1830 2277 corde
1856 2242 2140 2289 uniuscujusque
2157 2242 2230 2288 spi-

1175 2297 1285 2332 ritum
1311 2298 1458 2341 malum,
1480 2304 1516 2334 ct
1536 2310 1643 2345 agere
1658 2306 1781 2346 partes
1801 2311 1899 2337 suas.
1921 2301 1985 2337 Cui
2005 2302 2127 2348 utique
2146 2311 2230 2341 cum

1174 2358 1273 2394 locus
1308 2358 1426 2400 datur,
1464 2365 1499 2394 et
1533 2361 1706 2405 recipitur
1726 2371 1747 2397 a
1767 2363 1872 2398 nobis
1898 2372 1963 2408 per
1993 2363 2231 2407 cogitationes

1175 2419 1302 2461 malas,
1322 2425 1358 2454 et
1376 2429 1440 2464 per
1458 2421 1769 2466 concupiscentias
1784 2423 1962 2468 pessimas
1979 2423 2227 2465 contristatus,

1175 2487 1211 2515 et
1226 2484 1265 2514 ut
1284 2479 1334 2513 ita
1356 2479 1472 2514 dicam
1490 2485 1763 2526 coangustatus,
1789 2480 1932 2527 sugatur
1949 2483 1991 2517 de
2009 2482 2112 2518 nobis
2148 2481 2230 2527 Spi-

1175 2540 1266 2575 ritus
1284 2544 1442 2575 sanctus.
1456 2539 1607 2586 Propter
1625 2541 1720 2587 quod
1736 2547 1773 2578 ct
1791 2542 1998 2588 Apostolus,
2016 2543 2135 2579 sciens
2150 2543 2228 2579 haec

1175 2601 1224 2636 ita
1243 2601 1420 2643 accidere,
1444 2602 1614 2639 monebat
1634 2603 1756 2639 dicens
1772 2616 1779 2639 :
1795 2603 1912 2640 Nolite
1932 2606 2138 2641 contristare
2151 2605 2230 2649 Spi-

1174 2662 1280 2695 ritum
1300 2667 1471 2704 sanctum,
1489 2662 1524 2697 in
1541 2673 1608 2708 quo
1625 2663 1752 2709 siynati
1762 2665 1843 2699 estis
1861 2665 1897 2699 in
1911 2664 1967 2700 die
1984 2665 2228 2711 redemptionis

1175 2719 1318 2767 (Ephes.
1343 2720 1406 2768 iv).
1434 2721 1546 2767 igitur
1563 2728 1755 2768 peccantes
1773 2723 2030 2760 contristamus
2049 2723 2224 2770 Spiritum

1175 2786 1338 2816 sanctum
1353 2793 1362 2824 ;
1375 2781 1471 2826 Juste
1483 2792 1570 2818 vero
1583 2788 1730 2829 agentes
1743 2789 1778 2819 et
1788 2789 1923 2826 sancte,
1940 2785 2100 2830 requiem
2116 2785 2149 2822 ei
2162 2795 2228 2831 pa-

1175 2851 1298 2877 ramus
1320 2842 1355 2877 in
1379 2843 1495 2879 nobis.
1519 2843 1622 2879 Unde
1656 2850 1693 2880 et
1721 2845 1817 2890 quod
1844 2855 1939 2881 nunc
1957 2846 2006 2880 ait
2021 2846 2063 2881 de
2084 2851 2231 2892 septua-

1175 2902 1274 2948 ginta
1294 2903 1530 2950 presbyteris,
1547 2904 1631 2949 quia
1647 2905 1825 2950 requievit
1841 2906 1875 2940 iu
1893 2907 1945 2942 cis
1966 2906 2135 2952 Spiritus,
2155 2907 2231 2943 lau-

1176 2963 1258 3000 dem
1280 2964 1363 3000 vitae
1383 2975 1509 3001 eorum
1527 2972 1563 3001 et
1576 2965 1731 3003 virtutes
1749 2967 1930 3013 exposuit.

1123 3013 1159 3053 Ι)
1225 3023 1383 3068 Denique
1404 3024 1488 3069 quia
1509 3035 1575 3070 pro
1593 3025 1751 3071 puritate
1770 3026 1889 3062 cordis
1909 3036 2035 3063 eorum
2062 3033 2098 3064 et
2117 3029 2234 3064 since·

1179 3084 1286 3119 ritate
1304 3085 1447 3128 mentis,
1466 3090 1576 3131 atque
1600 3086 1846 3133 intelligentiae
1867 3088 2063 3132 capacitate
2092 3089 2232 3133 requie-

1178 3145 1230 3179 vit
1260 3143 1417 3189 Spiritus
1441 3152 1600 3189 sanctus,
1624 3147 1796 3183 continuo
1829 3152 1863 3182 et
1889 3153 2059 3192 operatur
2087 3147 2122 3182 in
2152 3147 2228 3187 cis;

1178 3215 1246 3242 nec
1264 3205 1379 3242 otium
1409 3206 1556 3252 patitur,
1576 3207 1636 3242 ubi
1663 3206 1834 3252 operandi
1854 3206 2003 3240 materia
2024 3206 2129 3251 digna
2149 3215 2230 3250 sup-

1177 3265 1329 3311 peditat.
1357 3265 1416 3301 Ait
1432 3266 1526 3302 enim
1545 3266 1729 3313 Scriptura
1749 3278 1757 3299 ;
1781 3264 1825 3299 Et
1847 3264 2008 3310 requievit
2029 3264 2066 3298 in
2084 3264 2132 3298 eis
2149 3263 2232 3309 Spi-

1181 3326 1268 3361 ritus
1291 3332 1323 3362 et
1346 3327 1647 3373 prophetaverunt.
1679 3326 1715 3360 ln
1748 3325 1913 3360 omnibus
1942 3333 2028 3370 ergo
2053 3323 2113 3370 qui
2143 3334 2225 3370 pro-

1179 3388 1421 3434 phetaverunt
1453 3387 1629 3432 requievit
1651 3386 1806 3431 Spiritus
1826 3389 1986 3425 sanctus,
2017 3393 2083 3420 nec
2106 3389 2228 3421 tamen

1181 3448 1215 3483 in
1235 3448 1356 3493 aliquo
1375 3448 1535 3493 ipsorum
1556 3447 1605 3482 ita
1624 3445 1812 3491 requievit.
1844 3444 1936 3479 sicut
1965 3444 2000 3480 in
2026 3442 2227 3482 Salvatorc.

1177 3506 1331 3553 Propter
1355 3507 1451 3552 quod
1479 3511 1516 3542 et
1549 3505 1720 3550 scriptum
1753 3508 1808 3539 est
1840 3503 1884 3539 de
1910 3513 1954 3541 eo
1975 3503 2094 3548 :Quia
2127 3506 2230 3542 exivit

1178 3569 1276 3613 virqa
1293 3567 1336 3600 de
1354 3565 1472 3600 radice
1495 3562 1606 3605 Iesse,
1630 3569 1662 3599 et
1683 3563 1747 3608 lios
1764 3563 1806 3598 de
1827 3561 1944 3598 radice
1962 3562 2038 3607 eius
2054 3563 2228 3606 ascendit,

1179 3634 1211 3664 et
1227 3626 1390 3674 requievit
1408 3634 1512 3670 super
1525 3633 1603 3658 eum
1623 3620 1774 3668 Spiritus
1792 3622 1870 3664 Dei,
1890 3621 2032 3668 spiritus
2050 3622 2229 3668 sapientia·

1179 3685 1430 3725 etintellectus,
1450 3683 1592 3728 spiritus
1612 3681 1747 3717 consilii
1771 3686 1801 3716 et
1824 3680 2054 3725 fortitudinis,
2082 3681 2227 3727 spiritus

1179 3749 1330 3786 scientia:
1346 3751 1379 3780 et
1394 3744 1546 3791 pietatis.
1564 3749 1596 3778 et
1617 3742 1752 3778 reniet-it
1765 3751 1841 3776 eum
1851 3740 1992 3787 spiritus
2006 3741 2141 3776 timoris
2160 3740 2232 3777 Do-

1179 3810 1276 3847 mini.
1289 3805 1452 3856 (Isu.x1).
1464 3804 1534 3840 Sed
1542 3803 1695 3840 sortasse
1706 3802 1833 3850 aliquis
1848 3802 1933 3839 dicit
1946 3801 2060 3838 :Nihil
2074 3800 2228 3848 amplius
