2540 4016
31 3607 42 3664 ,Ζἶ

74 3738 139 3804 ’.(1
151 3756 236 3805 Req-
254 3756 367 3804 xxrv).
400 3757 440 3795 In
455 3758 623 3795 omnibus
637 3747 827 3813 penem

110 685 224 722 titudo
237 687 329 732 flexo
345 687 471 735 poplite
490 690 633 735 biberat,
650 698 718 730 etc.
748 694 915 743 Plerique
932 699 1050 737 Latini
1069 697 1164 739 codi-

109 755 171 782 ces
190 755 263 782 non
283 740 438 791 habent?
447 759 648 796 manu-sua,
676 754 740 790 sed
763 759 1022 803 tantummodo,
1042 759 1162 807 linqua

109 817 188 851 aaa,
213 809 383 853 quoniam
410 810 462 846 sic
484 811 736 850 intellexerunt
766 818 862 862 quod
888 829 996 865 supra
1028 821 1162 858 dictum

55 871 174 910 -=.est‚
209 867 298 903 sicut
326 880 441 905 canes.
479 871 624 909 Graeeus
660 881 780 912 autem
815 884 1007 925 utrumque
1038 881 1157 927 habet,

107 937 215 962 manu
242 930 475 978 sam-linqua
499 944 578 977 sua,
608 940 648 970 ut
678 936 898 984 intelligatur
930 942 1025 985 quod
1051 953 1158 981 manu

105 996 239 1032 aquam
270 995 410 1035 raptam
440 991 476 1026 in
502 1003 543 1029 os
564 995 810 1040 proficiebant.
839 998 884 1033 Et
915 999 983 1036 1106
1010 1009 1088 1038 erat
1112 1006 1160 1040 si-

105 1047 190 1083 mile
209 1048 414 1086 bibentibus
429 1052 589 1094 canibus,
610 1055 671 1099 qui
688 1065 761 1090 non
779 1066 841 1092 ore
862 1061 1036 1105 apposito,
1066 1064 1159 1100 sicut

105 1105 228 1149 boves,
257 1117 386 1152 aquam
411 1109 546 1146 ducunt
563 1121 670 1157 quam
685 1114 824 1158 bibunt,
845 1118 907 1152 sed
922 1119 1042 1166 lingua
1062 1123 1098 1158 in
1117 1134 1158 1160 os

103 1237 213 1263 manu
233 1227 270 1263 in
289 1238 330 1264 os
347 1238 476 1274 aquam
496 1230 724 1275 projicerent,
746 1244 854 1279 quam
875 1237 996 1285 lingua
1016 1243 1156 1290 excipe-

101 1291 196 1322 rent.
231 1286 323 1323 Nam
338 1294 373 1324 et
387 1289 636 1335 interpretatio
655 1302 700 1329 ex
714 1293 862 1332 Hehraeo
875 1298 1017 1342 planius
1034 1302 1070 1338 id
1088 1305 1153 1340 ha-

101 1346 164 1382 bet
181 1347 238 1383 his
254 1349 373 1384 verbis
397 1362 405 1384 :
424 1349 510 1384 Fuit
529 1352 645 1397 itaque
662 1363 825 1390 numerus
840 1367 959 1393 eorum
972 1361 1031 1405 qui
1048 1374 1154 1399 manu

101 1407 137 1443 in
153 1419 191 1443 os
205 1410 407 1454 projiciente
421 1422 547 1457 aquam
568 1412 806 1458 lambuerant,
828 1422 967 1454 trecenti
987 1422 1066 1457 viri.
1085 1424 1154 1461 Ne-

101 1480 171 1516 que
197 1472 293 1507 enim
319 1473 435 1508 solent
463 1475 626 1512 homines
649 1478 698 1513 ita
728 1479 863 1524 hibere,
886 1488 924 1518 ut
948 1484 1024 1521 sinc
1046 1497 1153 1532 opere

101 1539 244 1573 manus,
271 1531 402 1578 lingua,
435 1534 527 1570 sicut
555 1546 674 1580 canes,
701 1549 829 1584 aquam
858 1542 1037 1580 hauriant.
1082 1547 1152 1583 Aut

99 1600 187 1626 vero
213 1591 292 1627 istis
314 1600 529 1640 praeceptum
556 1596 672 1633 fuerat
708 1605 747 1634 ut
782 1601 850 1637 hoc
879 1603 1038 1640 facerent
1060 1618 1068 1642 :
1090 1610 1152 1644 sed

100 1661 184 1686 cum
216 1653 261 1687 ad
292 1652 485 1691 bibendum
517 1658 784 1695 descendissent
813 1663 857 1698 ad
892 1674 1013 1709 aquas,
1051 1667 1151 1703 multi

100 1721 193 1757 genu
212 1711 304 1749 ssexo
320 1714 498 1760 biberunt,
525 1719 619 1762 quod
643 1719 782 1757 facilius
807 1727 843 1757 et
870 1724 1008 1761 minore
1029 1726 1150 1763 labore

98 1772 221 1814 fierct;
241 1774 344 1818 pauci
364 1785 448 1811 vero
467 1778 551 1821 quia
582 1789 651 1814 non
679 1779 769 1816 flexo
802 1793 891 1828 genu
920 1795 958 1820 se
987 1786 1150 1823 incurva-

98 1839 241 1876 verunt,
266 1839 301 1869 et
327 1841 365 1870 ut
392 1847 500 1873 canes
525 1839 703 1883 biberunt,
733 1842 794 1877 sed
820 1853 948 1890 aquam
974 1857 1079 1882 manu
1114 1848 1149 1884 in

98 1902 139 1928 os
162 1893 308 1938 jactam.
346 1895 504 1939 Quorum
531 1909 714 1943 numerus,
746 1903 828 1947 quia
856 1907 1007 1941 trecenti
1033 1914 1146 1950 erant,

97 1952 240 1997 signum
260 1955 417 1991 insinuat
438 1959 555 1994 crucis
575 1967 722 2006 propter
746 1962 899 1998 litteram
922 1965 948 1999 T
970 1965 1146 2011 Graecam,

75 2030 78 2034 *
97 2015 134 2050 in
154 2025 223 2060 qua
240 2017 308 2052 iste
330 2029 502 2054 numerus
519 2020 754 2065 significatur.
788 2023 878 2059 Hinc
898 2025 1005 2061 etiam
1025 2035 1148 2073 gentes
1563 2084 1569 2090 ⁸
1601 2085 1608 2092 ⁸
1659 2086 1678 2093 ..
1777 2089 1783 2096 .
1936 2094 1943 2100 ι

97 2077 212 2123 magis
240 2077 277 2113 in
307 2078 517 2115 crucifixum
554 2082 754 2117 credituras
784 2085 1048 2131 praefigummm
1080 2095 1148 2133 est,
1169 2074 1198 2115 C
1218 2084 1285 2110 nec
1305 2082 1463 2123 tempore
1481 2092 1547 2118 nec
1561 2095 1700 2129 injuriis
1715 2089 1920 2127 oblitterare
1935 2104 1971 2128 m
1990 2105 2032 2130 eo
2051 2096 2163 2133 fertur
2178 2100 2261 2136 ass'e-

97 2138 193 2183 quod
228 2138 347 2174 littera
383 2139 506 2176 Graeca
538 2147 604 2176 est.
642 2143 743 2179 Unde
772 2143 978 2182 Graecorum
1008 2151 1152 2186 nomine

96 2195 287 2241 Apostolus
306 2207 430 2234 omnes
445 2205 568 2244 gentes
588 2200 781 2246 signifieat,
801 2213 883 2239 cum
897 2205 982 2240 dicit
998 2219 1006 2240 ε
1025 2207 1150 2244 Judoeo

96 2257 260 2302 primum,
286 2262 318 2292 et
339 2255 472 2300 Groeco,
501 2265 532 2293 et
555 2258 692 2295 Judoeis
724 2267 756 2296 et
789 2260 921 2298 Groecis
952 2264 1066 2311 (Rom.
1101 2267 1146 2314 1);

99 2325 193 2361 saepe
216 2316 265 2351 ita
298 2327 583 2355 commemorans
606 2320 915 2358 circumcisionem
944 2330 980 2359 et
1006 2336 1148 2372 praepu-

97 2375 200 2418 tium,
219 2376 314 2421 quod
336 2377 371 2412 in
391 2377 522 2423 linguis
540 2380 698 2423 gentium
718 2380 841 2416 Graeca
858 2382 907 2417 ita
927 2385 1091 2428 excellat,
1110 2392 1149 2421 ut

96 2445 162 2482 per
188 2437 282 2473 hane
299 2448 426 2474 omnes
444 2439 612 2475 decenter
633 2441 890 2495 significentur.
926 2444 995 2480 lste
1020 2447 1149 2491 quippe

96 2506 268 2533 numerus
287 2503 324 2532 et
347 2498 382 2532 in
405 2500 607 2535 vernaculis
635 2500 788 2536 Abrahae
813 2503 1050 2540 advertendus
1079 2511 1145 2547 est,

97 2566 162 2602 per
189 2567 279 2603 quos
303 2558 452 2593 fratrem
469 2560 513 2594 ab
529 2559 689 2594 hostibus
706 2560 881 2604 liberavit,
901 2564 1041 2607 quando
1065 2575 1146 2600 eum

98 2616 357 2653 Melchisedech
375 2618 411 2653 in
427 2629 555 2664 magno
570 2621 739 2665 mysterio
747 2621 1039 2670 benedixitffien.
1054 2625 1143 2671 xiv).

97 2677 199 2720 Quod
223 2677 317 2712 enim
342 2678 541 2714 exuberant
562 2679 635 2714 illic
655 2680 778 2715 decem
798 2686 831 2716 et
849 2687 930 2718 octo
951 2683 1048 2730 (nam
1071 2690 1144 2721 tre-

97 2738 190 2772 centi
210 2738 332 2773 decem
352 2744 388 2773 et
406 2740 485 2774 oc'to
503 2738 613 2775 suissc
641 2739 871 2788 reseruntur),
890 2743 1031 2779 videtur
1057 2745 1145 2780 mihi

97 2798 336 2844 significatum
356 2808 426 2844 quo
445 2799 553 2835 etiam
576 2804 735 2847 tempore
757 2801 873 2845 fieret,
890 2802 925 2837 id
942 2809 1009 2846 est,
1027 2806 1142 2848 tertio,

97 2858 193 2903 quod
209 2857 370 2893 futurum
387 2864 465 2894 erat
482 2860 547 2895 sub
564 2860 693 2905 gratia.
719 2860 810 2896 Nam
823 2862 978 2908 primum
995 2869 1145 2901 estante

95 2917 226 2963 legem,
246 2918 442 2954 secundum
462 2919 527 2954 sub
545 2918 636 2965 lege,
659 2920 805 2956 tertium
823 2922 890 2959 sub
908 2923 1036 2968 gratia.
1069 2924 1147 2960 Sin-

97 2976 179 3022 gula
194 2986 280 3012 vero
300 2982 460 3022 tempora
486 2979 628 3014 senario
656 2990 807 3017 numero
835 2981 1035 3028 significata
1062 2992 1145 3021 sunt

95 3041 242 3082 propter
271 3036 546 3082 perfectionem3
568 3049 652 3074 nam
671 3045 725 3076 ter
743 3040 819 3076 seni
846 3042 969 3079 decem
998 3050 1035 3080 et
1064 3051 1145 3082 octo

97 3101 193 3132 sunt.
235 3095 337 3131 Unde
365 3101 403 3131 et
429 3097 488 3132 illa
520 3098 649 3134 mulier
663 3100 785 3136 decem
802 3106 839 3137 et
854 3107 935 3139 octo
953 3113 1065 3140 annos
1080 3107 1145 3141 ha-

95 3149 203 3193 fiebat
221 3156 258 3192 in
278 3156 499 3202 infirmitate,
522 3169 629 3204 quam
645 3171 792 3197 curvam
811 3162 976 3200 Salvator
994 3176 1074 3201 cum
1091 3167 1144 3202 in-

67 3262 69 3268 1
95 3218 254 3254 venisset
270 3218 398 3262 erexit,
417 3229 437 3254 a
452 3220 584 3256 diaboli
601 3221 838 3268 alligamento,
859 3230 896 3261 ut
913 3225 1144 3274 Evangelium

97 3276 245 3320 indicat,
270 3277 377 3314 solvit
402 3278 504 3326 (Luc.
522 3280 618 3328 xin).
646 3281 736 3317 Nam
756 3284 851 3329 quod
869 3285 917 3320 ita
933 3286 993 3322 isti
1005 3288 1146 3332 probati

24 3358 25 3362 ,
61 3373 69 3378 ,
98 3340 195 3379 sunt,
217 3346 283 3382 per
310 3346 400 3382 quos
423 3338 585 3382 vinceret
616 3339 771 3384 Gedeon‚
797 3347 837 3378 ut
866 3344 1001 3381 similes
1032 3346 1070 3381 in
1099 3347 1148 3382 bi·

96 3394 214 3432 hendo
243 3397 392 3432 canibus
422 3375 642 3443 &cereatum
669 3401 847 3446 significat
873 3403 967 3448 quod
987 3409 1147 3441 contem-

97 3455 238 3501 ptibilia
271 3463 308 3493 et
339 3457 510 3503 ignobilia
536 3459 638 3506 eligit
666 3460 837 3497 Dominus
867 3461 901 3508 (Ι
918 3462 998 3497 Cor.
1016 3462 1144 3509 1);pr0

61 3548 70 3555 .
98 3520 307 3562 contemptu
339 3517 436 3554 enim
467 3517 621 3555 habetur
654 3521 765 3556 canis.
798 3520 899 3557 Unde
924 3520 1039 3557 dicit:
1061 3520 1144 3556 Non

97 3575 293 3612 cathenam
315 3576 433 3612 tollere
456 3587 580 3623 panem
603 3577 758 3622 filioram
787 3585 820 3614 et
850 3580 983 3615 mittere
1001 3579 1144 3617 canibus

100 3629 245 3684 (Halm.
263 3635 338 3684 xv).
376 3637 424 3673 Et
438 3636 566 3679 David,
589 3641 630 3672 ut
647 3646 688 3674 se
697 3643 876 3686 tanquam
898 3640 1145 3686 contemptibi-

97 3688 170 3731 lem
189 3694 371 3740 abjiceret,
390 3707 517 3733 canem
549 3706 587 3732 se
612 3697 802 3743 appellavit
829 3700 977 3746 loquens
996 3699 1040 3736 ad
1060 3700 1145 3736 Saul

829 3770 909 3797 rum
931 3761 1041 3808 gestis
1065 3771 1142 3808 my-

258 3810 443 3861 PA'rno'-
470 3818 619 3862 cvm.

761 187 998 235 comem.
1021 198 1068 237 m
1093 201 1177 239 Lm.
1203 203 1414 244 1111116011.
1430 211 1574 249 -1111,
1599 214 1643 252 11.

117 273 200 317 921,-
227 275 329 313 quem
352 263 404 301 ire
427 266 654 312 prohibuero,
678 269 751 316 ipse
776 279 979 310 revertatur.
1017 275 1169 324 Cumque
1185 284 1222 325 Α
1237 282 1345 317 steria
1359 282 1589 332 designantur
1606 290 1778 337 ingentia,
1805 293 1900 331 sicut
1919 298 2024 338 otiam
2041 304 2077 341 iu
2102 307 2172 347 hoe
2188 311 2269 351 1000

46 348 51 358 ,
110 319 350 364 ‘descendisset
363 326 511 372 populus
529 327 575 363 ad
596 339 719 374 aquas,
737 331 827 367 dixit
844 331 1014 371 Dominus
1036 338 1082 372 ad
1101 337 1168 375 Ge-

48 391 67 429 1
115 386 206 423 deon
220 394 234 421 .·
254 385 324 428 Qui
342 385 464 434 linqua
481 387 692 426 lambuerint
721 403 843 438 aquas,
862 394 955 430 sicut
978 397 1086 433 solent
1112 411 1169 436 ca-

48 440 66 486 }
85 434 104 485 l*
115 457 176 484 nes
191 443 355 489 lambere,
377 447 556 493 separabis
574 459 632 484 eos
643 461 821 496 seorsam;
840 455 900 500 qui
916 462 1030 493 autem
1048 469 1169 495 carva-

53 502 64 537 »’Ϊ
78 483 93 542 ἕ.
112 507 158 544 tis
172 506 316 553 genibus
329 507 486 552 biberint,
511 509 548 545 in
570 509 681 548 attera
694 521 794 559 parte
809 525 923 553 erant.
949 518 1036 556 Fuit
1052 522 1167 569 itaque

43 550 58 582 s
95 576 278 604 vnamen-aa
303 579 437 613 eoram,
465 570 524 616 qm·
549 583 656 609 manu
684 575 731 609 ad
759 587 796 612 os
821 580 1024 625 projiciente
1056 595 1165 631 aquas

43 615 58 669 '⁷
112 615 343 672 lambuerant,
365 631 508 665 trecenti
531 632 608 667 viri.
643 632 764 670 Omnis
785 644 900 673 autem
925 640 1059 688 reliqua
1079 644 1167 679 mal-

1277 142 1306 174 ·
2240 155 2257 167 ⁰
2294 193 2298 196 .

2173 234 2266 273 1162

1238 342 1316 379 lieri
1331 345 1493 385 videmus
1509 361 1518 384 :
1537 351 1622 396 quia
1637 352 1676 388 bi
1690 353 1753 398 qui
1769 355 1986 395 descendunt
2003 365 2047 400 ad
2063 376 2204 416 aquam,
2230 375 2268 412 id

1236 406 1383 449 est,·qui
1397 407 1442 442 ad
1458 409 1627 455 baptismi
1638 412 2035 464 gmnannveniunt‚
2055 434 2125 462 non
2139 429 2268 471 dehent

1233 462 1421 506 procidere
1435 466 1473 502 in
1494 474 1643 516 terram,
1659 482 1728 509 1166
1747 473 1891 513 flectere
1910 488 2023 523 genua
2049 493 2125 529 sua,
2146 497 2182 525 et
2208 503 2267 529 oe-

1235 520 1321 557 dere
1338 525 1764 576 tentationibus,ventris,
1788 535 1850 572 sed
1866 542 1961 574 stare
1977 540 2112 580 fortiter
2135 552 2171 583 et
2188 559 2266 594 ,0⁰¹¹-

1235 588 1386 629 stanter,
1397 587 1490 623 sicut
1504 594 1540 625 et
1552 589 1744 636 Apostolus
1761 595 1900 634 dicebat
1919 612 1926 634 :
1943 600 2116 641 Remissas
2130 618 2262 656 manus,

1233 646 1265 675 et
1285 642 1455 681 dissoluta
1467 658 1580 693 qenaa
1595 652 1726 697 eripite,
1751 661 1782 689 et
1796 659 1951 701 pressum
1963 668 2091 699 rectum
2102 666 2204 712 [acite
2218 683 2269 707 se-

1230 702 1324 737 mitis
1341 706 1462 741 vestris
1483 706 1605 754 (Hebr.
1624 711 1704 758 xii).
1727 711 1862 752 Venisti
1878 718 1921 754 ad
1939 730 2068 767 aquam
2081 724 2264 775 baptismi;

1229 761 1326 799 istud
1360 771 1415 801 est
1446 770 1650 807 certaminis
1681 778 1716 808 et
1749 785 1874 822 pugnae
1908 781 2078 826 spiritalis
2112 786 2265 827 initium.

1229 820 1320 859 Hinc
1338 825 1402 862 tibi
1418 827 1607 866 adversum
1634 832 1810 871 diabolum
1839 841 1995 877 nascitur
2014 854 2139 891 pugnae
2168 851 2268 894 prin-

1228 881 1386 929 cipium3
1409 887 1439 922 si
1467 890 1650 927 remissior
1667 892 1790 939 fueris,
1811 898 1841 932 si
1861 899 1953 936 ssecti
1972 901 2075 940 facile
2096 911 2268 955 potueris,

1226 945 1403 985 quomodo
1419 949 1603 994 pugnabis,
1626 956 1802 997 quomodo
1826 959 1936 995 stabis
1954 962 2141 1001 adversum
2167 974 2267 1004 astu-

1225 1000 1293 1037 tias
1323 1003 1479 1041 diaboli?
1506 1008 1699 1056 Propterea
1723 1021 1758 1050 et
1776 1015 1966 1062 Apostolus
1990 1022 2118 1060 clamat
2140 1038 2148 1061 :
2169 1027 2267 1064 State

1224 1070 1316 1105 erqo,
1348 1071 1379 1098 et
1407 1067 1511 1102 nolite
1537 1070 1662 1106 iterum
1679 1073 1766 1119 juqo
1792 1079 1961 1115 servitutis
1986 1082 2113 1119 lta’rere
2133 1085 2264 1132 (Galat.

1225 1117 1274 1163 v).
1307 1120 1352 1155 Et
1370 1122 1500 1159 iterum
1523 1127 1610 1162 dicit
1631 1140 1640 1164 :
1665 1130 1762 1166 State
1790 1135 1827 1168 in
1850 1136 1997 1173 Domino
2030 1141 2172 1188 (Philip.
2200 1147 2262 1192 iv).

104 1167 263 1213 rapiunt,
284 1168 378 1205 sicut
399 1170 508 1206 etiam
539 1172 598 1207 isti
628 1172 757 1211 secisse
788 1176 1045 1225 intelliguntur,
1076 1193 1155 1220 cum
1176 1185 1208 1223 B
1227 1176 1271 1212 Εῑ
1291 1180 1396 1216 ῑθῖῑὶθ
1416 1183 1502 1219 dicit
1521 1196 1530 1219 ²
1553 1185 1732 1228 Q²10m0d0
1754 1197 1834 1227 tunc
1851 1195 2007 1240 vivimus.
2030 1199 2061 1233 δί
2083 1211 2141 1236 2¹⁰³
2167 1206 2264 1240 statis

1224 1238 1259 1272 in
1289 1239 1437 1278 Domino
1467 1243 1503 1291 (I
1535 1245 1562 1280 T
1563 1247 1651 1282 ltess.
1684 1251 1753 1297 111).
1785 1252 1846 1288 1116
1872 1264 1956 1301 ergo
1980 1260 2184 1306 probabilis,
2206 1265 2264 1300 ille

1223 1299 1356 1336 electus
1370 1308 1436 1345 est,
1458 1306 1518 1350 qui
1539 1314 1771 1354 posteaquam
1795 1313 1839 1348 ad
1864 1324 1973 1360 aquas
1992 1318 2157 1364 baptismi
2179 1334 2262 1359 vcn-

1221 1363 1297 1393 tum
1316 1368 1382 1403 est,
1410 1362 1503 1400 flecti
1526 1367 1570 1402 ad
1594 1370 1821 1408 necessitates
1842 1379 2000 1412 terrenas
2020 1384 2056 1413 ct
2074 1390 2261 1426 corporeas

1220 1419 1347 1462 nescit,
1369 1423 1429 1467 qui
1456 1425 1552 1461 vitiis
1573 1438 1643 1463 non
1663 1430 1833 1477 indulget,
1859 1444 1973 1480 neque
1997 1438 2041 1472 ob
2058 1443 2192 1484 peccati
2213 1445 2262 1479 si-

1220 1479 1283 1515 tim
1317 1484 1489 1520 sternitur
1515 1497 1660 1532 pronus.
1701 1491 1769 1527 Sed
1793 1500 1828 1528 et
1847 1497 1938 1539 quod
1963 1498 2047 1534 dicit
2072 1511 2131 1537 eos
2153 1514 2258 1540 manu

1218 1541 1273 1576 vel
1292 1542 1411 1589 lingua
1435 1556 1564 1592 aquam
1595 1550 1763 1595 lambere,
1795 1565 1865 1590 non
1887 1558 2018 1603 absque
2044 1565 2259 1600 sacramenti

1219 1602 1371 1644 quadam
1396 1605 1632 1651 significantia
1651 1610 1717 1646 hoc
1736 1613 1821 1648 mihi
1846 1615 2007 1652 videtur:
2031 1620 2144 1656 innuit
2166 1623 2259 1659 scili-

1218 1664 1286 1702 cet,
1308 1663 1402 1706 quod
1425 1670 1461 1700 et
1483 1677 1590 1702 manu
1615 1674 1650 1704 et
1678 1669 1796 1717 lingua
1819 1677 1959 1719 operari
1981 1678 2110 1715 debent
2129 1682 2258 1719 milites

1217 1718 1363 1763 Christi,
1389 1723 1457 1759 hoc
1479 1732 1546 1768 cst,
1569 1738 1676 1773 opere
1700 1736 1735 1765 et
1764 1733 1898 1777 verbo;
1919 1737 2000 1781 quia
2025 1739 2084 1783 qui
2103 1740 2204 1776 docet
2225 1750 2259 1778 et

1216 1776 1327 1820 facit,
1366 1780 1425 1816 hic
1462 1794 1612 1830 magnus
1650 1790 1835 1825 vocabitur
1865 1793 1899 1827 in
1934 1805 2040 1840 regno
2074 1798 2256 1835 coelorum.

1217 1835 1319 1878 Quod
1352 1846 1470 1876 autern
1504 1845 1611 1880 etiam
1642 1847 1909 1887 similitudinem
1942 1856 2041 1891 canis
2072 1857 2258 1896 lambentis

1218 1893 1403 1941 Scriptura
1419 1903 1550 1946 posuit,
1571 1906 1710 1942 videtur
1733 1910 1819 1945 mihi
1848 1912 1941 1948 istud
1969 1916 2098 1951 animal
2125 1919 2192 1956 1106
2220 1921 2255 1956 111

1215 1953 1294 1990 1060
1310 1965 1498 2003 propterea
1513 1965 1748 2011 nominatum,
1768 1971 1859 2014 quod
1875 1981 1981 2017 supra
1997 1976 2114 2011 omnia
2130 1984 2258 2015 caetera

1217 2015 1384 2053 animalia
1422 2031 1580 2058 amorem
1609 2025 1739 2062 dicitur
1775 2032 1908 2076 proprii
1937 2034 2069 2071 domini
2099 2047 2256 2083 servare,

1220 2140 1310 2169 ctus.
1349 2137 1517 2175 Trecenti
1539 2151 1623 2188 ergo
1643 2145 1720 2188 soli,
1747 2149 1807 2191 qui
1826 2154 2037 2187 sacramenti
2058 2155 2161 2201 hujus
2174 2157 2261 2194 ima-

1220 2195 1339 2240 ginem
1358 2199 1651 2247 praeformabant,
1671 2206 1728 2241 isti
1744 2207 1858 2251 electi,
1878 2211 1936 2246 isti
1959 2215 2109 2259 probati,
2135 2218 2192 2254 isti
2217 2221 2259 2255 ad

1218 2255 1404 2292 victoriam
1422 2264 1620 2298 consecrati
1639 2277 1646 2298 :
1664 2266 1723 2309 qui
1740 2272 1774 2301 et
1791 2268 1867 2312 ipso
1883 2274 2018 2308 muneri
2036 2284 2258 2315 sacramento

1218 2313 1377 2350 obtinere
1398 2317 1619 2356 adversarios
1639 2330 1796 2366 possent.
1827 2327 1989 2364 Trecenti
2011 2334 2139 2368 etenim
2160 2342 2255 2380 sunt,

1216 2373 1275 2417 qui
1295 2375 1399 2410 tertio
1414 2382 1562 2414 centena
1579 2381 1828 2428 multiplicant,
1858 2392 1892 2421 et
1916 2390 2080 2433 persectae
2103 2394 2255 2432 Trinita-

1217 2432 1261 2467 tis
1280 2444 1466 2471 numerum
1484 2436 1614 2483 serunt,
1644 2443 1708 2478 sub
1730 2453 1799 2488 quo
1826 2456 1972 2483 numero
1990 2452 2104 2488 01111115
2124 2454 2254 2492 Christi

1216 2499 1380 2529 censetur
1394 2499 1586 2542 exercitus,
1607 2500 1642 2535 in
1661 2511 1732 2547 quo
1757 2504 1968 2550 obtinemus,
1991 2515 2028 2543 ut
2055 2512 2159 2547 etiam
2190 2525 2254 2551 nos

1215 2563 1416 2590 mercamur
1442 2559 1584 2594 ascribi.
1614 2560 1701 2596 Cum
1732 2566 1897 2601 trecentis
1930 2567 2072 2605 Gedeon
2095 2573 2139 2607 ad
2162 2585 2254 2619 prae-

1214 2613 1299 2649 lium
1309 2618 1480 2662 perrexit,
1499 2629 1629 2666 eosque
1643 2633 1711 2658 non
1729 2626 1851 2669 armis,
1871 2629 1930 2663 sed
1956 2630 2061 2673 tubis,
2081 2632 2251 2679 lampadi-

1213 2675 1291 2718 bus,
1308 2677 1442 2724 lagenis
1458 2683 1621 2717 armavit.
1648 2683 1751 2727 Nam,
1774 2687 1865 2722 sicut
1887 2689 1958 2725 illic
1985 2692 2153 2737 seriptum
2182 2702 2249 2739 est,

1214 2745 1384 2773 accensas
1409 2738 1589 2785 lampades
1615 2743 1789 2781 miserunt
1827 2747 1919 2784 intra
1949 2748 2103 2796 lagenas
2131 2760 2166 2789 ct
2200 2761 2251 2790 tu-

1213 2794 1276 2830 bas
1311 2796 1346 2831 in
1378 2798 1534 2842 dextera,
1563 2799 1705 2846 lagenas
1737 2811 1855 2840 autem
1885 2808 1921 2842 in
1952 2808 2094 2845 sinistra
2125 2818 2247 2848 tenuc-

1214 2858 1313 2895 runt‚
1343 2859 1378 2890 et
1406 2857 1449 2891 ad
1476 2857 1596 2894 hostes
1627 2870 1709 2897 suos
1736 2863 1896 2900 cominus
1923 2867 2121 2911 venientes,
2159 2872 2250 2907 ceci-

1215 2918 1344 2948 nerunt
1376 2914 1482 2958 tubis,
1514 2917 1657 2964 lagenas
1686 2922 1946 2969 confregerunt,
1985 2926 2163 2972 lampades
2190 2940 2248 2976 ap-

1161 2963 1419 3017 Dim-uerunt,
1449 2981 1485 3010 et
1518 2976 1601 3013 111116
1635 2980 1796 3015 tubarum
1832 2986 1963 3027 sonitu,
1993 2986 2089 3022 illinc
2116 2988 2251 3035 lampa-

1216 3031 1299 3067 dum
1331 3036 1577 3072 coruscatione
1606 3039 1719 3074 territi
1739 3046 1822 3076 sunt
1846 3043 1985 3087 hostes,
2006 3052 2041 3080 ct
2070 3047 2104 3082 in
2130 3049 2247 3093 sugam

1216 3094 1390 3129 conversi.
1426 3094 1477 3130 De
1498 3096 1566 3132 hoc
1587 3108 1739 3144 namque
1764 3100 1855 3135 bello
1874 3112 1937 3146 per
1959 3105 2162 3148 prophetam
2195 3109 2247 3143 di-

1215 3152 1332 3188 citur:
1361 3153 1491 3200 layum
1511 3157 1601 3191 enim
1617 3159 1729 3192 oneris
1747 3159 1822 3203 ejus
1834 3184 1844 3200 ,
1866 3166 1899 3192 et
1914 3167 2081 3205 sceptrum
2099 3167 2245 3208 pastoris

1215 3215 1290 3260 ejus
1307 3217 1489 3260 superasti,
1521 3217 1608 3251 sicat
1624 3218 1659 3251 in
1683 3216 1736 3251 die
1756 3216 1912 3252 Madian.
1938 3218 2099 3264 Eripiens
2117 3224 2244 3270 qnippe

1211 3277 1445 3324 gentilitatem
1462 3277 1629 3312 Dominus
1657 3276 1834 3320 superavit
1859 3276 1982 3323 jugum
2009 3282 2126 3317 oneris
2152 3282 2241 3327 ejus,

1211 3346 1292 3372 cum
1315 3346 1392 3372 eam
1421 3335 1571 3370 adventu
1589 3343 1654 3368 suo
1671 3333 1715 3369 ab
1732 3334 1792 3369 illa
1819 3335 2020 3373 daemonicae
2049 3342 2242 3385 tyrannidis

1211 3396 1380 3432 servitute
1394 3392 1567 3428 liberavit.
1600 3392 1785 3438 Superavit
1808 3400 1845 3430 et
1861 3402 2039 3442 sceptrum
2065 3402 2241 3438 exactoris

1201 3448 1298 3502 ejus,
1317 3465 1397 3492 cum
1414 3464 1559 3501 regnum
1577 3453 1734 3500 ejusdem
1758 3455 1904 3501 diaboli,
1920 3458 1979 3504 qui
1996 3469 2061 3505 pro
2072 3462 2239 3506 pestifera

1209 3515 1471 3561 perpetratione
1500 3515 1666 3551 vitiorum
1698 3524 1928 3554 consueverat
1955 3519 2073 3557 debita
2106 3522 2238 3558 tributa

1209 3581 1393 3620 poenarm
1409 3574 1565 3620 exigere,
1584 3574 1627 3610 de
1641 3574 1796 3612 fidelium
1815 3578 1923 3613 corde
1937 3578 2119 3614 destruxit.
2148 3578 2240 3623 Quid

1210 3635 1276 3670 hoc
1289 3639 1356 3676 est,
1376 3633 1470 3679 quod
1489 3633 1558 3669 tale
1574 3633 1702 3670 bellum
1717 3645 1782 3682 per
1802 3636 2008 3682 prophetam
2024 3636 2068 3672 ad
2083 3636 2239 3673 medium

1210 3693 1396 3731 adducitur
1411 3698 1447 3729 et
1466 3692 1631 3728 adventui
1648 3692 1892 3740 Redemptoris
1914 3693 2027 3731 nostri
2053 3695 2156 3732 istius
2173 3703 2243 3743 pu—

1209 3756 1441 3805 gnaevietoria
1456 3754 1767 3804 comparatur-Mn
1782 3752 1938 3792 indicare
1954 3755 2056 3792 nobis
2068 3754 2240 3803 propheta
